4056 6328
204 433 290 493 377
1579 411 1962 471 EPISTOLAS.

3316 414 3420 475 378

203 562 307 606 nam
340 539 586 614 patriam.
635 535 754 592 Scis
805 532 1006 605 optime
1047 531 1205 603 quale
1225 529 1524 603 periculum
1545 529 1621 585 ibi
1648 529 1749 584 im—
1773 531 1822 592 Α
1852 542 1975 583 cum
1996 525 2222 598 Pippino
2245 527 2407 596 dixit;
2432 527 2783 600 apostolicum
2807 541 2933 586 suos
2953 543 3212 602 superare
3240 532 3425 589 adver-

149 693 158 712 ,
201 641 343 698 minet
368 633 486 700 tibi,
515 644 541 673 α
576 637 796 702 propter
821 627 1161 699 pestilentem
1188 625 1332 680 illius
1358 632 1514 679 terrae
1541 637 1744 680 aerem.

198 733 304 790 ideo
348 727 479 783 nihil
526 724 766 780 dimittas
796 721 1250 778 inconsideratum
1285 733 1464 774 rerum
1499 727 1744 784 tuarum;

199 821 405 880 maxime
427 831 496 873 ne
522 815 628 871 ulla
649 823 795 870 retro
817 828 978 883 super
999 820 1054 867 te
1106 811 1302 867 clamet
1325 808 1610 878 iniustitia,
1663 808 1748 865 vel

198 911 457 983 cujuslibet
485 909 653 980 culpa:
681 907 1020 979 negligentia.
1072 904 1234 960 Utere
1256 900 1516 972 sapientia
1555 909 1647 955 tua
1679 899 1747 955 ad

199 1007 396 1062 salutem
423 1003 523 1058 tibi
549 1002 953 1072 sempiternam,
977 998 1098 1068 quia
1126 997 1214 1051 illa
1237 995 1606 1050 tantummodo
1619 1009 1746 1048 vera

196 1108 264 1154 est
284 1095 520 1159 scientia,
545 1109 664 1163 quae
683 1099 994 1163 perpetuam
1011 1089 1315 1145 hominibus
1338 1095 1560 1158 praestat
1576 1086 1748 1142 beati-

194 1188 431 1244 tudinem.
465 1183 604 1254 Opto
641 1192 693 1238 te
715 1181 944 1238 feliciter
968 1181 1150 1236 vivere
1188 1180 1243 1236 in
1267 1181 1381 1235 haec
1401 1187 1641 1249 tempora
1666 1184 1748 1231 at-

191 1295 283 1352 que
302 1280 355 1334 in
385 1277 589 1343 futura,
619 1277 923 1331 venerande
945 1273 1148 1329 amice!

573 1391 604 1432 b
641 1389 975 1446 EPISTOLA
1013 1386 1338 1445 CXXXVII].

635 1522 700 1561 AD
720 1519 960 1562 SOROREI
987 1521 1058 1558 ΕΤ
1083 1518 1286 1559 ιηιυω.

777 1616 956 1690 (Anno
981 1615 1134 1687 sor.)

186 1711 445 1780 Signiﬁcat
471 1717 722 1780 quantum
745 1707 959 1762 cestimet
985 1703 1197 1780 illarum
1221 1703 1525 1780 amicitiam.
1574 1701 1748 1780 Defe-

240 1772 328 1834 lici'
366 1772 549 1834 nuntio
594 1778 761 1831 Roma
790 1786 996 1845 accepto
1048 1775 1288 1829 certiores
1326 1774 1515 1845 reddit.
1539 1772 1745 1845 _Mittit

239 1850 488 1933 quosdam
506 1857 758 1940 tractatas
788 1842 919 1940 Ylen.
935 1845 1089 1940 Deda:
1113 1844 1495 1940 describendas.
1528 1842 1606 1898 De
1623 1860 1744 1914 pro—
1773 1880 1821 1940 Β

237 1916 348 1990 pria
369 1937 470 1974 sua
486 1917 777 1974 valetudine
791 1916 910 1970 illas
936 1917 1168 1970 instruit.

219 2030 578 2087 Charissimze
604 2031 660 2085 in
682 2030 898 2087 Christo
921 2041 944 2070 α
970 2029 1144 2085 sorori
1173 2038 1226 2086 et
1253 2028 1373 2084 ﬁliae
1398 2028 1742 2100 gratissimae,

175 2121 324 2177 Pater
355 2131 628 2193 perpetuae
655 2123 1004 2178 beatitudinis
1029 2122 1280 2178 salutem.

232 2215 505 2282 Quantum
535 2217 676 2272 inter
694 2233 795 2273 nos
820 2232 1000 2271 rerum
1047 2224 1271 2272 eventus
1295 2217 1527 2286 probare
1549 2215 1740 2285 potuit,

168 2320 378 2376 semper
407 2309 475 2362 ab
521 2307 674 2361 initio
727 2305 1048 2375 cognitionis
1087 2315 1285 2360 nostrae
1312 2307 1515 2374 optime
1544 2305 1745 2360 nostris

162 2397 408 2464 partibus
445 2404 679 2450 vestram
706 2396 1005 2450 bonitatem
1031 2396 1242 2451 lidelem
1264 2397 1585 2452 invenimus.
1613 2396 1746 2450 Pro-

158 2485 280 2541 inde
333 2486 544 2555 gratias
581 2492 636 2539 et
679 2485 865 2539 laudes
903 2485 1014 2540 Deo
1051 2486 1404 2554 omnipotenti
1459 2496 1746 2556 perpetuas

157 2592 320 2647 agere
341 2592 562 2645 aequum
592 2576 868 2640 habemus,
897 2576 987 2646 qui
1014 2576 1192 2637 nobis,
1221 2576 1470 2645 quamvis
1491 2577 1741 2647 indignis,

158 2681 263 2726 tam
295 2671 467 2726 clarae
494 2671 770 2741 dignitatis
803 2678 857 2726 et
885 2679 993 2726 tam
1036 2673 1274 2741 probata:
1315 2670 1437 2727 fidei
1480 2672 1746 2727 concessit

164 2761 478 2825 amicitiam,
507 2769 579 2826 et,
635 2763 778 2830 quod
798 2777 923 2817 raro
961 2763 1102 2817 inter
1153 2764 1581 2834 consanguineas
1623 2779 1745 2832 per-

164 2865 314 2906 sonas
345 2851 582 2905 inveniri
602 2852 818 2920 poterit,
850 2851 902 2906 in
927 2853 1231 2923 peregrinis
1259 2854 1567 2909 nominibus
1591 2869 1745 2923 repe-

167 2947 265 3000 rire
297 2946 656 3014 perdonavit;
696 2947 964 3015 quamvis,
1015 2957 1278 3018 quantum
1325 2948 1393 3002 ad
1423 2947 1744 3003 Christianae

170 3033 279 3089 ﬁdei
303 3035 626 3090 societatem
662 3037 840 3092 nullus
868 3038 971 3093 dici
1000 3039 1192 3093 debeat
1213 3039 1547 3108 peregrinus,
1575 3055 1746 3108 quan-

171 3133 270 3178 tum
285 3141 417 3182 vero
447 3127 516 3181 ad
543 3128 724 3183 saeculi
752 3129 998 3183 exsilium
1033 3145 1221 3185 omnes
1236 3131 1506 3202 peregrini
1534 3146 1739 3196 sumus,

171 3214 366 3272 dicente
393 3217 681 3273 Psalmista
705 3234 720 3272 :
786 3219 899 3274 Heu
934 3221 1082 3284 mihi,
1111 3222 1236 3292 quia
1259 3222 1604 3292 peregrinatio
1623 3239 1740 3278 mea
1769 3229 1814 3291 C

168 3305 464 3378 prolongata
506 3316 580 3361 est
639 3306 810 3379 (Psal.
843 3325 988 3375 cxrx,
1024 3309 1100 3381 5).
1166 3311 1425 3367 Exsilium
1465 3321 1549 3368 est
1586 3312 1742 3367 habi-

169 3399 285 3454 tatio
310 3387 475 3470 hujus
503 3401 647 3465 vitae,
671 3404 924 3472 quoniam
952 3405 1096 3476 cogit
1131 3421 1230 3460 nos
1255 3407 1321 3461 ad
1356 3405 1594 3461 Patriam
1616 3423 1742 3477 pro-

169 3503 356 3556 perare,
384 3493 454 3547 de
482 3508 592 3562 qua
613 3493 834 3548 dicitur:
876 3494 1027 3550 Beati
1073 3498 1162 3568 qui
1203 3498 1440 3553 habitant
1487 3501 1542 3554 in
1586 3499 1741 3554 domo

168 3586 263 3645 tua,
287 3580 542 3648 Domine,
571 3584 627 3637 in
655 3583 905 3639 siccatum
938 3585 1119 3641 διεσαιὶ
1153 3586 1443 3642 laudabunt
1485 3598 1533 3643 te
1563 3587 1736 3661 (Psal.

169 3687 375 3740 Lxxxm,
402 3675 486 3745 5).
534 3675 680 3730 Felix
713 3685 797 3731 est
830 3679 920 3747 qui
950 3680 1016 3735 de
1044 3679 1226 3735 labore
1264 3683 1330 3736 ad
1359 3683 1597 3751 requiem
1620 3698 1742 3754 per-

169 3765 341 3830 veniet,
372 3767 426 3821 in
450 3782 567 3837 qua
594 3768 709 3822 sine
733 3769 879 3823 omni
904 3772 1306 3840 perturbatione
1337 3773 1599 3829 animivel
1620 3789 1744 3830 coro

169 3856 299 3921 poris
333 3859 485 3913 vivet
525 3859 577 3912 in
602 3867 886 3915 aeternum.

227 3946 438 4006 Placido
465 3951 655 4006 animo
675 3962 865 4008 vestra:
887 3955 1104 4025 pietatis
1129 3959 1462 4028 suscepimus
1479 3960 1738 4032 eulogias,

172 4037 341 4095 devoto
366 4043 730 4112 deprecantes
755 4044 934 4099 animo
975 4045 1066 4100 Dei
1098 4046 1470 4115 clementiam,
1502 4050 1741 4121 longzeva

171 4136 522 4201 prosperitate
546 4151 642 4190 vos
671 4134 896 4192 feliciter
925 4137 975 4191 in
1004 4138 1107 4192 hoc
1131 4139 1326 4194 smeulo
1350 4141 1532 4194 vivere
1550 4183 1565 4206 ,
1594 4151 1647 4196 et
1674 4142 1741 4197 ad

169 4230 404 4281 aeternam
432 4227 832 4284 beatitudinem
858 4239 978 4299 post
1003 4231 1163 4300 hujus
1203 4231 1414 4287 labores
1455 4233 1576 4287 vitae
1613 4249 1738 4303 pcr-

170 4317 355 4372 venire.
511 4329 520 4331 "

226 4408 497 4468 Candidus
548 4419 729 4466 noster
771 4410 837 4465 de
881 4410 1051 4466 Roma
1095 4426 1346 4467 reversus
1391 4421 1512 4479 est,
1559 4414 1739 4469 omnia

167 4511 404 4568 prospera
432 4500 570 4556 inde
601 4500 842 4558 referens
877 4502 944 4558 de
970 4503 1185 4558 domino
1209 4518 1328 4559 meo
1363 4504 1526 4560 David
1551 4515 1605 4560 et
1625 4522 1741 4561 om—

167 4590 306 4648 nibus
352 4595 609 4651 fidelibus
659 4595 809 4659 suis;
861 4595 1052 4650 filiolos
1095 4603 1308 4651 nostros
1353 4595 1378 4634 ἀ
1419 4599 1738 4654 remansisse
1767 4587 1818 4648 Ι)

167 4747 430 4823 maximus,
490 4745 840 4823 Pythagorea:
891 4746 1083 4817 lingua:
1132 4752 1399 4823 probatas,
1425 4761 1471 4806 et
1520 4753 1741 4823 signifer

168 4818 414 4894 egregius;
445 4815 600 4871 ortus
625 4815 688 4894 ea:
714 4815 1268 4894 ranco_rum_genere,
1295 4815 1589 4894 clariorque
1615 4815 1741 4894 aga-

167 4889 444 4961 mnonio
471 4887 707 4961 germine
737 4887 801 4961 in
818 4889 964 4961 curia
991 4887 1199 4958 Pippini
1225 4893 1358 4961 regis
1389 4887 1526 4948 altus
1553 4887 1741 4948 nobili-

167 4960 251 5033 ter,
283 4967 411 5023 etc.,
453 4966 523 5011 ut
571 4957 764 5033 legitur
791 4958 843 5033 iu
873 4957 996 5033 Vita
1014 4957 1184 5014 saucti
1214 4957 1575 5018 Austremonii
1599 4965 1740 5033 apud

168 5019 434 5101 ἓοιιῳιθῑς,
470 5019 686 5082 ιοωΝ
718 5027 915 5097 Script.
955 5028 1175 5101 Frauc.,
1222 5047 1341 5101 pag.
1382 5033 1487 5088 452
1534 5044 1588 5088 et
1612 5019 1736 5090 4'70.

167 5089 232 5172 De
253 5089 812 5172 @_etiam,_tanquom_
831 5089 1108 5172 conditore
1129 5089 1439 5158 monasterii
1460 5103 1738 5160 Carolfen-

167 5167 247 5248 ξξξ.
267 5167 606 5248 Theodulfus
633 5167 1032 5225 Aurelianensis
1057 5187 1226 5226 carm.
1262 5190 1380 5240 vm,
1420 5175 1568 5240 ibid.,
1606 5191 1730 5248 pag.

166 5231 275 5300 421,
306 5238 379 5292 ita
410 5241 591 5294 canit:
1317 5264 1329 5271 '

245 5351 473 5422 Denique
503 5354 760 5422 Rotharius
784 5369 946 5422 comes
965 5359 1155 5420 ingens,
1182 5360 1386 5422 inclytus
1410 5361 1573 5422 heros,

333 5417 561 5478 Coniuge
583 5432 692 5468 cum
718 5419 928 5468 Eufrasia
951 5417 1164 5470 condidit
1185 5417 1310 5469 istud
1326 5435 1464 5484 opus.

227 5528 255 5592 ξ
278 5517 834 5592 Propterpestilentem
849 5524 990 5578 illius
1017 5534 1170 5578 terra?
1199 5542 1390 5579 aerem.
1424 5525 1575 5580 Hunc
1598 5542 1739 5584 anno

167 5581 258 5666 ’ζθὸ
287 5581 919 5666 ex_ercit_u_sFrancorum
945 5603 1194 5665 expertus
1225 5605 1326 5659 est,
1364 5605 1423 5649 ut
1450 5597 1646 5666 legitur
1685 5581 1738 5652 in

165 5653 450 5738 Annalibus
490 5661 954 5738 Moissiacensibus
980 5653 1043 5738 all
1070 5666 1216 5720 illum
1235 5653 1462 5720 annum:
1501 5653 1738 5738 :lnipsa

164 5723 328 5782 hieme
359 5735 665 5808 transmisit
716 5752 807 5788 rex
839 5736 1062 5790 Carolus
1089 5738 1220 5791 duos
1247 5738 1382 5790 ﬁlios
1405 5753 1530 5791 suos
1561 5723 1742 5808 Pippi-

166 5808 282 5878 num
325 5810 379 5854 et
421 5802 757 5878 Ludovicum
809 5821 931 5860 cum
963 5809 1204 5878 exercitu
1256 5824 1451 5878 magno
1495 5809 1547 5862 in
1597 5802 1738 5863 terra

165 5861 561 5927 Beneventana.
601 5875 666 5930 Et
694 5875 833 5933 facta
856 5883 940 5932 est
966 5878 1037 5933 ibi
1064 5861 1232 5935 fames
1258 5861 1663 5936 validissima
1683 5861 1736 5936 .2

1851 621 2024 678 sarios
2051 619 2338 688 referebat,
2357 629 2411 678 et
2437 621 2490 676 in
2514 637 2708 694 magna
2725 637 2845 680 esse
2866 623 3038 696 gratia
3059 640 3182 682 cum
3207 625 3424 684 domino

1850 716 2195 787 imperatore.

1920 809 2204 866 Tractatus
2229 827 2365 882 quos
2385 812 2616 880 rogastis
2638 809 2954 878 direximus,
2985 812 3335 883 deprecantes
3365 823 3425 868 ut

1849 901 2166 968 quantocius
2218 900 2522 956 scribantur
2572 909 2629 958 et
2677 903 3041 970 remittantur,
3097 905 3221 974 quia
3268 903 3424 959 nobis

1848 995 2003 1050 valde
2029 995 2330 1063 ;necessarii
2370 1003 2494 1049 sunt
2524 1003 2746 1066 propter
2776 996 3067 1067 legentium
3114 997 3424 1060 utilitatem,

1848 1101 1984 1156 quos
2029 1087 2275 1141 dominus
2322 1086 2465 1140 Beda
2510 1082 2661 1158 [Ms.,
2695 1085 2894 1159 Boeda]
2935 1087 3190 1157 magister
3235 1097 3420 1142 noster

1849 1192 2096 1232 sermone
2137 1177 2363 1246 simplici
2401 1177 2500 1232 sub
2535 1191 2695 1232 sensu
2733 1178 2914 1233 subtili
2943 1179 3258 1249 composuit.
3303 1177 3426 1233 Ideo

1849 1267 1964 1338 ejus
1999 1268 2256 1339 opuscula
2297 1269 2448 1322 vobis
2493 1268 2724 1340 dirigere
2762 1271 3100 1336 curavimus,
3144 1272 3269 1341 quia
3310 1269 3426 1340 ejus

1848 1361 2082 1415 maxime
2111 1361 2251 1414 dicta
2276 1375 2372 1414 vos
2399 1360 2700 1414 desiderare
2730 1361 3087 1417 intelleximus

1920 1451 1995 1506 De
2018 1467 2135 1506 mea
2161 1466 2288 1506 vero
2318 1451 2546 1505 sanitate
2573 1451 2709 1506 scito
2739 1451 2879 1520 quod
2916 1452 3114 1520 partim
3141 1451 3308 1508 febris
3341 1468 3425 1509 re-

1849 1543 2030 1608 cessit,
2058 1542 2256 1612 partim
2291 1541 2569 1596 remansit.
2599 1540 2682 1596 Ad
2709 1543 3080 1612 castigandum
3111 1554 3423 1615 permanet;

1850 1636 1942 1689 sed
1992 1635 2170 1688 minus
2201 1634 2406 1688 meritis
2452 1633 2587 1688 meis
2613 1634 2852 1704 pepercit
2888 1635 3016 1690 mihi
3047 1637 3221 1706 pietas
3251 1638 3428 1692 divina

1848 1735 1902 1782 et
1947 1728 2360 1784 intercessiones
2417 1734 2726 1782 sanctorum
2776 1741 3014 1782 suorum.
3086 1729 3192 1784 Sed
3250 1730 3427 1786 adhuc

1849 1827 2016 1873 restat
2067 1819 2334 1872 maximus
2382 1817 2543 1872 timor
2563 1818 2628 1872 de
2661 1817 2863 1886 judicio
2906 1818 3020 1884 Dei,
3055 1835 3215 1890 quem
3250 1822 3427 1876 nullus

1847 1911 2080 1982 ellugere
2107 1911 2265 1964 valet.
2308 1908 2536 1964 Tantum
2582 1911 2810 1981 castiget
2838 1926 2934 1966 nos
2963 1911 3050 1981 pia
3080 1913 3426 1968 miseratione

1841 2003 2086 2073 perpetui
2112 2001 2288 2056 Patris
2312 2001 2524 2056 bonitas
2541 2043 2556 2067 ,
2583 2001 2649 2058 'et
2673 2017 2778 2057 non
2810 2003 2988 2057 tradat
3012 2019 3110 2058 nos
3141 2003 3194 2057 in
3235 2019 3429 2059 manus

1843 2093 2183 2148 inimicorum
2219 2098 2523 2146 nostrorum
2564 2109 2577 2145 :
2621 2091 2715 2147 Cui
2740 2092 2935 2164 saepius
2970 2092 3144 2148 dicam
3175 2109 3189 2147 :
3218 2092 3362 2148 Erue
3391 2109 3424 2147 a

1844 2184 2044 2254 framea
2067 2184 2296 2238 animam
2323 2200 2491 2237 meam
2512 2195 2561 2238 et
2589 2184 2653 2238 de
2681 2201 2840 2238 manu
2862 2185 3006 2239 canis
3026 2188 3238 2240 unicam
3260 2203 3429 2241 meam

1845 2275 2017 2346 (Psal.
2052 2291 2180 2340 χχι,
2217 2274 2329 2346 Si).
2378 2275 2510 2328 Item
2549 2289 2562 2327 :
2615 2273 2659 2329 0
2692 2275 2931 2339 Domine,
2984 2275 3148 2330 libera
3197 2279 3428 2330 animam

1843 2384 2032 2433 meam,
2048 2369 2344 2421 misericors
2360 2376 2407 2420 et
2429 2369 2707 2421 miserator
2726 2368 2983 2423 Dominus
2999 2367 3171 2440 (Psal.
3189 2385 3332 2432 cxrv,
3349 2368 3425 2440 4),

1843 2466 1904 2513 ut
1931 2458 2045 2512 ﬁeri
2073 2459 2243 2526 possit
2268 2458 2409 2527 quod
2440 2457 2664 2512 dicitur:
2689 2457 2938 2524 Benedic,
2958 2460 3135 2513 anima
3161 2476 3295 2525 mea,
3313 2458 3429 2513 Do-

1844 2551 2043 2603 minum
2089 2548 2259 2619 (Psal.
2301 2564 2392 2612 cu,
2419 2548 2492 2618 l).
2521 2548 2697 2620 Atque
2727 2550 2922 2605 iterum
2956 2568 2970 2604 :
2997 2551 3206 2617 Lauda,
3247 2553 3425 2607 anima

1844 2660 1982 2707 mea,
2006 2641 2284 2696 Dominum
2309 2641 2479 2712 (Psal.
2505 2659 2657 2708 CXLV,
2682 2644 2759 2715 2).
2787 2643 2870 2699 Sit
2894 2661 3081 2700 nomen
3105 2644 3319 2699 Domini
3340 2645 3428 2700 be-

1847 2733 2106 2787 nedictum
2151 2749 2214 2787 ea:
2258 2733 2354 2786 hoc
2400 2751 2536 2788 nunc
2569 2745 2616 2788 et
2659 2752 2821 2805 usque
2858 2736 2914 2790 in
2965 2734 3213 2790 swculum
3253 2735 3426 2807 (Psal.

1846 2841 1992 2891 Lxxi,
2024 2825 2132 2896 l7).
2182 2824 2447 2894 Perpetua
2493 2828 2869 2883 benedictione
2914 2829 3095 2884 divina
3135 2843 3230 2883 vos
3257 2829 3430 2899 gratia

1843 2931 2104 2972 coronare
2157 2915 2437 2986 dignetur,
2499 2917 2861 2975 dilectissima:
2925 2921 2979 2975 in
3050 2921 3279 2976 Domino
3339 2920 3432 2978 do-

1843 3008 2003 3062 mina:
2027 3008 2041 3060 ι

2275 3130 2298 3159 ο
2337 3118 2668 3176 EPISTOLA
2711 3120 2974 3177 CXXXIX
2985 3160 2998 3176 .

2301 3230 2369 3268 AD
2394 3230 2635 3270 SOROREI
2663 3229 2732 3270 ΕΤ
2760 3229 2964 3270 ΡιιιΑκ.

2401 3306 2577 3377 (Anno
2606 3305 2863 3379 incerto.)

1842 3414 2164 3470 Charitatem
2211 3425 2260 3471 et
2304 3416 2573 3472 lectionem
2611 3425 2808 3489 sancta:
2840 3415 3131 3489 Scriptum
3159 3435 3276 3472 cum
3306 3435 3428 3474 ora-

2373 3489 2511 3541 tione
2534 3487 2882 3543 commendat.

1911 3596 2283 3655 Dilectissimis
2341 3598 2394 3652 in
2440 3597 2658 3654 Christo
2710 3599 2958 3669 personis
2995 3601 3178 3655 sorori.
3203 3607 3260 3656 et
3301 3598 3424 3655 filiae

1839 3687 2224 3758 sempiternam
2252 3703 2498 3758 supernae
2524 3689 2873 3744 beatitudinis
2893 3689 3140 3746 salutem.

1909 3776 2048 3844 Quid
2085 3786 2168 3834 est
2202 3779 2343 3848 quod
2367 3787 2550 3834 vestra
2581 3786 2730 3834 tanto
2763 3787 3003 3850 tempore
3044 3780 3214 3835 tacuit
3237 3780 3422 3836 chari-

1839 3873 1958 3926 tas?
2011 3870 2263 3942 Nunquid
2320 3873 2484 3926 verba
2534 3870 2854 3927 defecerunt
2907 3871 3272 3938 salutationis,
3328 3888 3423 3929 seu

1839 3978 2018 4018 causa:
2047 3979 2152 4018 non
2192 3972 2620 4034 supervenerunt
2647 3979 2879 4034 quarum
2914 3967 3189 4022 notionem
3230 3967 3422 4022 charta

1840 4071 1940 4110 nec
1969 4054 2207 4110 deferret
2227 4057 2294 4110 ad
2323 4071 2483 4110 aures
2512 4057 2754 4109 nostras?
2783 4055 3032 4125 Nunquid
3061 4057 3424 4127 longinquitas

1841 4156 2111 4203 terrarum
2137 4149 2419 4203 charitatis
2439 4149 2775 4205 dulcedinem
2802 4165 3054 4221 separare
3074 4153 3250 4218 debet,
3269 4152 3424 4222 cujus

1840 4238 2111 4294 flammam
2149 4255 2248 4294 nec
2276 4239 2614 4310 profunditas
2645 4239 2926 4297 fluminum
2945 4284 2960 4310 ,
2990 4259 3090 4299 nec
3115 4245 3291 4318 pelagi
3322 4245 3424 4300 im-

1840 4329 2126 4394 mensitas,
2169 4330 2322 4400 juxta
2364 4329 2571 4385 Cantici
2623 4347 2961 4399 sermonem,
3009 4335 3162 4390 obrui
3213 4343 3424 4406 poterat

1840 4418 2014 4490 (Cant.
2057 4437 2179 4486 vm,
2217 4421 2291 4493 7),
2323 4423 2379 4476 in
2407 4438 2513 4492 qua
2549 4423 2661 4479 sola
2689 4425 2780 4494 qui
2809 4425 3110 4494 offenderit,
3148 4429 3319 4499 factas
3345 4439 3421 4485 est

1839 4513 2070 4567 omnium
2098 4529 2216 4567 reus
2243 4513 2384 4587 (Jac.
2417 4531 2477 4582 ιι,
2507 4515 2618 4586 10).
2665 4516 2792 4572 Hec
2818 4527 2902 4573 est
2929 4534 3048 4589 quae
3068 4535 3231 4592 super
3252 4521 3422 4578 bonos

1840 4617 1897 4660 et
1918 4607 2090 4662 malos
2109 4607 2485 4679 splendescere
2505 4607 2686 4674 debet,
2711 4615 2773 4662 ut
2800 4608 2872 4662 sit
2897 4609 3058 4665 homo
3091 4618 3341 4668 terrenus
3365 4613 3420 4669 in

1840 4773 2008 4830 super
2021 4758 2319 4830 exercitum
2347 4758 2435 4827 qui
2471 4759 2778 4830 advenerat,
2806 4759 2883 4813 ita
2924 4767 2985 4814 ut
3030 4760 3289 4830 aliquanti
3317 4781 3419 4822 nec

1841 4827 1954 4897 ipsa
1977 4827 2393 4899 Quadragesima
2419 4844 2478 4884 se
2495 4829 2562 4883 ab
2585 4843 2681 4883 esu
2706 4830 2950 4884 carnium
2976 4827 3248 4889 abstinere
3293 4849 3418 4904 pos-

1840 4906 1982 4953 sent.
2016 4917 2034 4949 ι

1912 4970 1941 5009 b
1981 4967 2215 5038 Froben.
2245 4969 2403 5038 epist.
2432 4967 2552 5024 l88.

1913 5050 1935 5079 ο
1980 5037 2164 5094 Sorori
2205 5048 2252 5092 et
2286 5037 2441 5108 ﬁlim.
2484 5038 2644 5095 Cislae
2675 5041 2846 5096 sorori
2890 5051 2945 5099 et
2983 5043 3254 5099 Rictrudze
3290 5044 3415 5101 ﬁliae

1838 5110 2084 5186 fortassis
2105 5110 2346 5186 ,_qui_bus
2369 5113 2812 5186 commentarium
2835 5113 2891 5186 in
2919 5115 3264 5186 Evangelium
3286 5131 3414 5170 san-

1839 5181 1912 5255 cti
1953 5177 2183 5255 1Ioannis
2213 5179 2524 5255 dicavit;get
2553 5197 2686 5255 quas
2715 5183 2768 5237 in
2801 5183 2903 5239 alia
2943 5177 3170 5255 epistola
3215 5187 3416 5241 'codicis

1839 5249 2132 5312 Harleiani,
2159 5265 2318 5318 quam
2346 5251 2495 5306 initio
2521 5249 2757 5321 ejusdem
2794 5249 3164 5310 commentarii
3191 5257 3413 5311 exhibe-

1839 5321 2047 5396 bimus,
2099 5320 2408 5396 lnaciamet
2449 5320 2762 5396 Columbam
2807 5326 3052 5396 appellat.
3082 5326 3162 5381 Ad
3201 5327 3413 5381 easdem

1840 5391 2066 5464 scriptas
2092 5389 2257 5464 fuisse
2277 5390 2409 5445 alias
2431 5393 2562 5447 duas
2583 5389 2976 5464 epistolas'éod.
2993 5395 3260 5450 Harleiani
3299 5397 3413 5450 exi-

1840 5462 2019 5536 stimo,
2064 5475 2204 5514 anno
2246 5461 2480 5536 incerto;
2533 5461 2666 5534 quas
2703 5475 2987 5536 propterea
3035 5468 3158 5522 huic
3189 5466 3412 5536 conjun-

1840 5530 2040 5600 gcndas
2066 5545 2183 5587 esse
2207 5535 2411 5587 censui.

1912 5600 1937 5675 _d
1984 5600 2309 5675 Remansjsse
2336 5621 2451 5657 cum
2483 5604 2725 5675 Pippino.
2756 5605 2813 5659 In
2841 5605 2994 5660 Italia
3020 5606 3226 5661 scilicet
3253 5620 3285 5660 a
3309 5605 3415 5662 Ca-

1840 5671 1956 5746 rolo
1985 5672 2254 5746 anno_80_l
2283 5671 2846 5746 Romagin’Fr-anciam
2874 5676 3130 5730 redeunte
3150 5717 3165 5742 ,
3195 5691 3294 5746 pro
3317 5691 3415 5732 ex-

1839 5743 2109 5811 peditione
2136 5742 2326 5797 bellica
2356 5746 2407 5798 in
2437 5744 2837 5804 Beneventanos
2859 5746 3064 5803 relicto.
3099 5742 3232 5803 Vide
3256 5754 3416 5807 nota!

1838 5813 2078 5881 epistolae
2105 5815 2349 5882 proxime
2378 5817 2762 5872 antecedentis.

1917 5893 1940 5922 θ
1979 5882 2210 5939 Froben.
2243 5886 2401 5956 epist.
2439 5884 2557 5941 189.
