4056 6328
553 375 660 438 583

1377 377 1437 434 Β.
1473 377 1536 434 F.
1576 377 1804 436 ALBlNl
1839 377 1972 436 SEU
2010 375 2288 438 ALCUlNl
2321 380 2609 442 OPERUM
2646 380 2827 438 PARS
2864 381 2906 437 l.

3717 383 3824 442 584

552 498 817 565 quantum
846 497 977 544 tunc
1002 489 1214 545 laetatus
1240 504 1359 546 sum
1379 491 1436 546 in
1476 491 1768 562 prmsentia
1787 500 1992 561 vestra,
2020 500 2140 548 tan-
2165 499 2214 559 Α
2241 495 2366 552 litas
2398 505 2578 553 vestra
2616 505 2757 554 nota:
2785 496 2895 551 sint
2935 495 3206 564 omnibus,
3236 492 3320 552 'ut
3351 496 3590 569 plurimi
3631 502 3831 558 vestris

555 593 671 642 tum
719 599 865 640 nunc
893 591 1176 654 torquetur
1221 583 1432 638 animus
1478 583 1534 638 in
1565 584 1843 651 absentia,
1892 598 2142 656 quaarens

553 674 740 732 videre
767 689 904 748 quos
929 683 1095 740 amat,
1136 681 1191 729 et
1218 673 1420 730 habere
1448 683 1743 745 praesentes
1769 690 1904 746 quos
1948 675 2137 747 diligit.

553 764 663 826 Sed
690 769 817 840 quia
861 769 964 824 hoc
990 768 1296 824 carnalibus
1325 783 1433 822 non
1479 777 1565 824 est
1592 783 1910 825 concessum
1941 768 2138 834 oculis,

555 857 652 914 fiat
673 861 899 931 spiritali
921 861 1209 932 praesentia
1238 868 1499 931 perpetua
1525 860 1774 928 dilectio;
1807 861 1935 931 quia
1961 861 2143 916 chari-

555 962 639 1008 tas
660 970 779 1024 qua:
795 954 970 1010 deseri
995 962 1192 1024 potest,
1222 969 1499 1024 nunquam
1518 969 1648 1009 vera
1672 954 1789 1008 fuit.
1803 953 2143 1025 Quapropter

447 1100 469 1106 _
557 1045 840 1100 tendamus
868 1045 936 1100 ad
965 1045 1145 1111 illam,
1201 1061 1321 1116 quae
1350 1062 1628 1118 nunquam
1681 1045 1844 1102 ﬁnem
1892 1045 2142 1102 habitura

555 1145 658 1201 est,
691 1137 744 1190 in
774 1153 878 1207 qua
897 1137 1056 1190 beata
1078 1138 1354 1192 aeternitas
1377 1147 1483 1204 est,
1515 1147 1570 1193 et
1595 1147 1800 1193 aeterna
1827 1138 2140 1194 beatitudo:

556 1233 616 1279 ut
654 1224 719 1279 ad
748 1227 891 1280 hanc
918 1227 1204 1302 pervenire
1234 1229 1575 1294 mereamini,
1629 1229 1808 1286 nullus
1854 1229 2008 1284 labor
2047 1243 2144 1285 vos

556 1325 787 1383 terreat;
811 1318 970 1373 nulla:
995 1319 1174 1374 saeculi
1200 1320 1359 1390 hujus
1384 1321 1657 1378 blanditia:
1699 1323 2002 1388 retrahant,
2049 1321 2145 1378 sed

557 1423 772 1478 semper
797 1410 938 1466 illius
969 1426 1124 1466 amor
1152 1411 1341 1468 ardeat
1387 1415 1443 1468 in
1469 1415 1720 1471 cordibus
1767 1416 1965 1471 vestris
1987 1457 2003 1482 ,
2053 1415 2144 1485 qui

558 1497 752 1552 tertius
781 1497 836 1551 in
875 1499 962 1552 via
991 1514 1174 1554 comes
1195 1502 1448 1570 apparuit
1475 1501 1680 1555 duobus
1708 1503 2020 1573 discipulis;
2053 1503 2145 1573 qui

553 1587 801 1645 sublatus
825 1591 894 1644 ab
923 1606 1111 1646 eorum
1137 1592 1307 1647 oculis
1335 1593 1642 1647 carnalibus
1674 1594 1929 1649 dixerunt
1957 1613 1969 1649 :
2001 1595 2146 1648 Num

555 1685 649 1736 cor
669 1693 902 1737 nostrum
931 1685 1123 1738 ardens
1152 1693 1286 1749 erat,
1308 1683 1433 1738 dum
1455 1683 1752 1756 loqueretur
1774 1687 1830 1740 in
1851 1688 1933 1741 via
1959 1696 2007 1741 et
2032 1703 2150 1758 ape-

554 1772 680 1825 riret
708 1773 856 1827 nobis
911 1772 1216 1845 Scripturas
1261 1774 1412 1846 (Luc.
1455 1791 1606 1841 xx1v,
1661 1775 1788 1848 52)?
1842 1776 1900 1831 In
1951 1777 2147 1833 litteris

2250 590 2408 646 bonis
2451 590 2713 661 exemplis
2752 589 3086 656 erudiantur,
3128 598 3185 645 et
3227 591 3516 662 proficiant
3549 594 3605 650 in
3663 595 3835 657 salute

2241 684 2541 740 animarum
2563 701 2803 740 suarum.
2827 683 2885 740 Si
2898 699 3026 742 vero
3047 686 3388 744 venerandus
3403 677 3567 744 Pater
3588 703 3615 730 ι
3637 690 3835 746 Boaul-

2240 771 2344 841 fus,
2377 775 2758 832 dilectissimus
2789 790 2942 832 meus
2962 777 3188 845 amicus,
3220 795 3326 835 non
3353 781 3533 836 valeat
3555 797 3656 853 pro
3679 782 3833 839 inﬁr-

2240 866 2429 924 mitate
2473 885 2571 925 sua
2617 869 2843 942 implere
2887 869 3156 942 regularis
3184 873 3309 929 vitae
3337 873 3611 953 duritiam,
3638 891 3739 933 vos
3765 875 3833 932 il—

2240 959 2352 1014 lum
2366 959 2614 1028 judicare
2641 961 2825 1029 nolite,
2849 964 2943 1019 sed
2958 979 3027 1020 ex
3037 965 3202 1021 corde
3212 966 3426 1023 obedite
3452 967 3548 1031 illi,
3573 976 3630 1023 et
3650 978 3833 1026 amate

2240 1061 2302 1107 ut
2343 1051 2582 1119 Patrem,
2633 1055 2760 1125 quia
2802 1055 2916 1126 ipse
2966 1057 3234 1112 rationem
3287 1057 3595 1115 redditurus
3625 1061 3735 1116 erit
3765 1062 3832 1118 de

2242 1145 2526 1202 animabus
2543 1147 2760 1202 vestris.
2811 1146 2904 1202 llle
2951 1164 3051 1218 pro
3073 1149 3230 1205 vobis
3265 1148 3476 1206 laborat
3507 1152 3759 1222 vagando
3782 1159 3837 1210 et

2243 1238 2528 1303 currendo,
2559 1246 2620 1293 ut
2656 1237 2838 1309 quiete
2885 1239 3068 1295 vivere
3121 1237 3394 1313 [valeatis]
3421 1247 3478 1296 et
3527 1242 3837 1314 regularem

2245 1329 2411 1384 vitam
2438 1339 2672 1385 vestram
2717 1331 3054 1396 custodiatis,
3085 1340 3141 1388 et
3169 1335 3381 1405 corpori
3427 1344 3612 1390 vestro
3640 1352 3836 1392 neces-

2247 1422 2390 1476 saria
2424 1423 2686 1478 habeatis.
2718 1424 2827 1480 Vos
2856 1441 2987 1479 vero
3011 1425 3174 1480 facite
3200 1426 3341 1482 sicut
3367 1426 3464 1482 filii
3485 1429 3834 1496 charissimi;

2248 1514 2416 1568 Deum
2447 1514 2652 1582 timete,
2693 1515 2863 1571 Deum
2892 1516 3118 1588 diligite,
3165 1527 3221 1574 et
3257 1535 3446 1576 curam
3502 1523 3838 1582 sanctissimi

2247 1608 2424 1666 Patris
2462 1613 2628 1667 vestri
2677 1613 2873 1670 habete
2900 1615 2955 1670 in
2992 1617 3330 1675 orationibus
3376 1621 3589 1687 vestris,
3643 1627 3840 1692 quate-

2246 1719 2350 1759 nus
2388 1704 2626 1776 longaava
2674 1709 3041 1779 prosperitate
3089 1711 3368 1768 vobiscum
3402 1713 3549 1768 vivat
3581 1712 3836 1781 feliciter,

2250 1803 2305 1849 et
2323 1796 2599 1850 vobiscum
2629 1813 2833 1869 vosque
2866 1816 2991 1857 cum
3031 1801 3123 1858 illo
3166 1803 3336 1860 vitam
3388 1805 3589 1862 habere
3622 1821 3840 1862 merea-

555 1873 865 1919 sanctorum
886 1866 1108 1920 Patrum
1131 1882 1438 1937 quaeramus
1458 1867 1604 1921 illum
1626 1884 1788 1938 quem
1810 1869 1885 1923 illi
1913 1871 2144 1925 necdum
2171 1864 2220 1925 Β
2246 1887 2377 1942 mini
2423 1864 2832 1959 sempiterna—n1,

554 1953 698 2008 docti
727 1955 782 2009 in
812 1955 1105 2027 Scripturis
1153 1958 1553 2016 intellexerunt.
1599 1959 1754 2015 Modo
1786 1971 1975 2032 aperta
2018 1971 2146 2019 sunt

552 2051 773 2118 omnia;
807 2052 964 2107 modo
1020 2053 1134 2124 ipse
1162 2055 1373 2125 aperuit
1399 2070 1642 2122 sensum,
1691 2057 1758 2112 de
1786 2073 1895 2127 quo
1942 2059 2143 2114 dictum

553 2149 641 2196 est
679 2160 691 2195 :
737 2140 881 2196 Tunc
920 2147 1123 2216 aperuit
1152 2145 1258 2200 illis
1287 2164 1517 2213 sensum,
1547 2158 1603 2202 ut
1633 2147 1975 2220 intelligerent
1999 2151 2148 2206 Scri-

551 2241 740 2304 pturas
761 2232 926 2306 (Ibid.
947 2235 1038 2308 l5)
1047 2275 1060 2290 .
1077 2236 1122 2290 Ν
1127 2253 1230 2292 unc
1240 2239 1548 2310 evangelica
1560 2241 1761 2296 veritas
1775 2249 1888 2298 toto
1902 2244 2147 2314 resplen-

552 2321 718 2380 detin
743 2325 906 2391 orbe;
939 2342 1084 2382 nunc
1109 2331 1497 2400 prophetarum
1537 2333 1826 2404 aenigmata
1870 2335 1985 2390 sole
2013 2335 2147 2391 luci-

552 2413 675 2470 dius
697 2415 907 2488 fulgent
930 2417 985 2473 in
1005 2419 1252 2475 ecclesiis
1278 2420 1504 2477 Christi.
1533 2424 1684 2479 Hanc
1704 2424 1879 2480 lucem
1901 2426 2148 2482 veritatis

554 2515 668 2562 tota
706 2509 887 2584 anima
915 2513 1216 2579 sectemini,
1249 2521 1305 2567 et
1331 2513 1606 2570 Christum
1639 2516 1941 2588 intelligite,
1973 2517 2027 2572 in
2057 2517 2147 2573 illa

555 2596 833 2655 Christum
887 2609 1100 2668 amate,
1149 2603 1427 2660 Christum
1479 2608 1821 2677 sequamini,
1876 2617 2148 2680 quatenus

551 2685 669 2757 ejus
709 2691 949 2763 vestigiis
996 2697 1381 2752 sacratissimis
1424 2697 1752 2755 inhaerentes
1795 2701 1965 2756 vitam
1989 2712 2148 2758 aeter-

552 2795 680 2836 nam
706 2782 760 2836 in
792 2783 909 2852 ejus
939 2788 1284 2844 sanctissima
1313 2794 1606 2860 prmsentia
1629 2794 1832 2852 habere
1857 2799 2146 2854 mereami-

554 2873 642 2939 ni;
686 2891 954 2933 memores
984 2881 1264 2949 apostolici
1305 2885 1544 2940 mandati
1586 2886 1858 2944 dicentis:
1902 2889 2142 2959 Fratres,

555 2965 766 3020 stabiles
809 2978 970 3024 estote
1009 2981 1057 3026 et
1106 2973 1394 3029 immobiles
1424 2977 1481 3030 in
1508 2993 1660 3048 opere
1685 2977 1900 3036 Domini
1923 2999 2143 3054 semper,

553 3056 770 3112 scientes
796 3060 935 3130 quod
955 3061 1107 3117 labor
1127 3073 1291 3135 vester
1316 3082 1420 3121 non
1443 3076 1518 3122 est
1541 3068 1716 3125 inanis
1749 3071 1806 3126 in
1825 3071 2052 3128 Domino
2091 3073 2144 3146 (I

553 3145 677 3216 Cor.
716 3167 816 3218 xv,
847 3152 959 3228 58).
989 3154 1222 3212 Stabiles
1250 3167 1427 3216 estote
1455 3161 1510 3216 in
1557 3161 1676 3219 loco
1725 3174 1906 3222 vestro
1931 3207 1946 3233 ,
2003 3176 2058 3223 et
2085 3145 2141 3225 in

2313 2025 2755 2084 Adolescentulos
2781 2037 2992 2086 vestros
3013 2031 3318 2098 admonete,
3343 2032 3614 2101 instruite,
3641 2036 3838 2097 docete

2249 2119 2303 2173 in
2331 2120 2477 2174 omni
2523 2121 2805 2192 disciplina
2851 2133 3036 2181 sancta
3066 2135 3122 2181 et
3176 2127 3422 2183 doctrina
3443 2130 3734 2197 catholica,
3777 2138 3834 2186 ut

2247 2210 2391 2281 digni
2422 2211 2724 2268 habeantur
2753 2214 2806 2268 in
2831 2214 2949 2271 loco
2976 2226 3158 2273 vestro
3180 2227 3344 2284 stare,
3363 2229 3418 2275 et
3437 2223 3748 2277 orationum

2244 2301 2397 2356 vobis
2421 2302 2673 2374 dirigere,
2703 2305 3011 2378 ubicunque
3037 2311 3320 2365 maneatis.
3337 2310 3638 2368 Admonete
3667 2313 3834 2370 corde

2249 2393 2357 2466 [de]
2397 2397 2648 2452 castitate
2700 2400 2961 2470 corporis,
2993 2400 3062 2456 de
3104 2401 3443 2490 confessione
3477 2415 3829 2474 peccatorum

2244 2499 2484 2551 suorum,
2531 2487 2596 2542 de
2621 2487 2866 2544 lectionis
2906 2490 3084 2546 studio
3104 2499 3158 2546 et
3202 2487 3385 2549 labore
3434 2511 3691 2551 manuum
3715 2499 3836 2553 sine

2246 2580 2692 2648 murmuratione,
2723 2590 2778 2637 et
2803 2585 2869 2638 de
2897 2584 3151 2640 omnibus
3178 2586 3339 2640 rebus
3393 2602 3511 2656 qua:
3547 2588 3639 2642 tali
3668 2597 3834 2645 mute

2247 2671 2551 2725 necessaria
2580 2671 2894 2740 videantur;
2957 2683 3011 2729 et
3038 2674 3113 2730 illi
3139 2677 3337 2731 subditi
3370 2676 3502 2732 ﬁant
3527 2681 3839 2738 senioribus

2247 2769 2302 2816 et
2328 2765 2602 2834 magistris
2629 2765 2758 2828 suis,
2791 2766 3102 2823 humilitate
3120 2769 3280 2835 bona,
3337 2769 3392 2824 in
3419 2771 3682 2844 religione
3706 2774 3841 2844 piis.

2246 2852 2403 2908 sima.
2461 2854 2530 2910 Et
2563 2871 2660 2911 vos
2698 2856 2940 2912 seniores
2965 2860 3056 2929 qui
3090 2861 3241 2926 estis,
3280 2862 3420 2917 bona
3473 2863 3552 2919 eis
3600 2865 3842 2936 praebete

2246 2945 2516 3016 exempla,
2554 2955 2752 3004 utnon
2801 2949 2972 3004 solum
3017 2952 3218 3018 verbis,
3271 2956 3366 3011 sed
3400 2955 3524 3011 vitm
3575 2956 3841 3028 religione

2246 3048 2439 3095 vestra:
2462 3041 2799 3098 erudiantur.
2824 3041 2941 3099 Non
2971 3043 3079 3099 sint
3103 3044 3387 3114 luxuriosi,
3431 3064 3538 3103 non
3581 3048 3839 3106 ebrietati

2248 3133 2567 3200 servientes,
2595 3150 2705 3190 non
2723 3138 3143 3209 contemptuosi,
3186 3155 3294 3194 non
3333 3141 3524 3197 inanes
3546 3153 3841 3212 sequentes

555 3239 840 3298 devotione
884 3225 1144 3317 propositi
1173 3251 1358 3306 vestri.
1387 3251 1562 3308 Nolite
1590 3225 1963 3327 derelinquere
2014 3275 2141 3315 san-
2169 3225 2215 3290 C
2247 3227 2418 3327 “(195’
2456 3229 2551 3327 se?
2567 3229 2779 3327 discam
2827 3231 3083 3327 omeiales
3116 3247 3237 3289 esse
3266 3234 3391 3290 boni
3421 3235 3478 3290 in
3525 3236 3686 3294 domo
3716 3237 3840 3305 Dei’

553 3333 851 3390 ctissimum
881 3336 1098 3395 Patrem
1136 3351 1412 3410 vestrum;
1459 3353 1600 3402 state
1647 3349 1792 3403 circa
1833 3351 2140 3422 sepulcrum

552 3423 691 3499 ejus,
713 3439 984 3502 quatenus
1007 3432 1096 3487 ille
1121 3450 1313 3504 preces
1340 3447 1553 3498 vestras
1574 3440 1767 3497 offerat
1788 3445 2142 3516 omnipotenti

554 3521 685 3577 Deo.
736 3522 911 3579 Nolite
946 3527 1331 3596 concupiscere
1372 3531 1662 3588 saeculares
1707 3536 1997 3601 vanitates,
2047 3537 2142 3594 sed

555 3612 803 3669 caelestes
828 3623 1006 3669 amate
1033 3615 1430 3686 beatitudines;
1460 3629 1508 3675 et
1539 3622 1729 3689 nolite,
1781 3625 1922 3680 sicut
1946 3627 2143 3683 Doctor

2243 3327 2304 3373 ut
2353 3320 2782 3378 benedictionem
2827 3333 2884 3380 et
2938 3325 3190 3396 gratiam,
3248 3341 3346 3396 per
3392 3327 3841 3386 intercessionem

2244 3411 2420 3466 sancti
2464 3411 2728 3470 Bonifacii
2765 3415 2946 3472 Patris
2983 3417 3087 3483 sui,
3129 3433 3160 3472 a
3191 3418 3302 3474 Deo
3345 3417 3562 3476 Christo
3591 3423 3841 3492 recipere

2243 3511 2574 3570 mereantur,
2630 3521 2822 3577 meque
2873 3509 3135 3578 deprecor
3155 3521 3216 3564 ut
3260 3521 3524 3581 perpetua
3571 3513 3840 3569 memoria

2243 3592 2489 3650 habeatis
2522 3596 2800 3652 vobiscum
2847 3599 2902 3654 in
2945 3601 3151 3657 sanctis
3203 3602 3543 3658 orationibus
3591 3605 3839 3671 vestris;

557 3705 795 3774 gentium
822 3707 928 3773 ait,’
943 3709 1264 3778 conformari
1282 3711 1404 3766 huic
1434 3714 1648 3782 saeculo,
1677 3717 1768 3772 sed
1784 3719 2144 3789 reformamini
2241 3693 2458 3789 fempus
2499 3689 2644 3745 enim
2674 3693 3085 3789 “PPmPiana"
3115 3696 3260 3766 quOd
3285 3695 3464 3752 "unus
3485 3696 3727 3768 ensem
3744 3714 3842 3754 va.

556 3797 612 3852 in
627 3800 850 3855 novitate
869 3819 1050 3858 sensus
1064 3806 1218 3858 vestri
1244 3805 1423 3877 (Rom.
1443 3825 1566 3876 xm,
1581 3810 1658 3883 2).
1687 3812 1863 3884 Turpe
1887 3825 1972 3872 est
1997 3818 2142 3874 enim
2183 3797 2195 3849 "ﬁ

556 3895 823 3949 monacho
843 3895 1088 3952 militiam
1109 3898 1404 3970 spiritalem
1425 3903 1697 3973 amittere,
1720 3914 1777 3962 et
1795 3907 2144 3968 saecularibus

555 3999 616 4042 se
655 3986 934 4058 implicare
966 3991 1216 4062 negotiis.

2241 3779 2352 3836 let.-
2381 3792 2652 3854 praeparet
2677 3799 2734 3840 se
2763 3786 3151 3858 unusquisque,
3204 3797 3266 3845 ut
3283 3790 3509 3845 vestitus
3535 3791 3696 3846 bonis
3723 3806 3841 3846 mo-

2243 3875 2415 3942 ribus,
2463 3894 2573 3935 non
2636 3878 2812 3938 nudus
2862 3891 3122 3954 appareat
3180 3885 3236 3940 in
3279 3894 3568 3957 conspectu
3620 3885 3839 3944 Domini

2244 3968 2342 4025 Dei
2369 3969 2474 4025 sui.

655 4001 934 4058 implicare
966 4001 1216 4062 negotiis.
2245 4001 2342 4025 w-
2369 4001 2474 4025 aus.

627 4075 744 4132 Non
768 4079 874 4133 sint
898 4084 1355 4141 murmum‘i‘mes
1381 4085 1522 4142 inter
1551 4103 1670 4156 νοδν
1729 4106 1837 4147 non
1861 4092 2005 4161 Odia.
2032 4001 2225 4157 non]
2313 4103 2498 4160 Direxi
2525 4121 2695 4162 unum
2725 4107 2754 4148 δ
2777 4107 3000 4178 pallium
3025 4118 3319 4167 storacium
3359 4113 3428 4168 ad
3474 4127 3679 4184 corpus
3704 4129 3833 4170 san-

557 4167 790 4238 lnvidiaa,
839 4189 947 4229 non
973 4175 1361 4245 detractiones;
1409 4189 1462 4235 et
1493 4183 1656 4239 nolite
1702 4181 1950 4253 judicare
1979 4188 2144 4246 alter-

557 4271 770 4332 utrum;
813 4267 907 4322 sed
935 4267 988 4322 in
1025 4269 1324 4326 humilitate
1344 4279 1397 4327 et
1434 4275 1722 4331 concordia
1746 4293 1934 4335 omnes
1950 4289 2142 4338 vestrae

558 4349 691 4406 fiant
711 4356 989 4412 actiones:
1026 4357 1335 4416 Obedientes
1379 4366 1673 4434 prtepositis
1701 4369 1900 4436 vestris,
1939 4387 2044 4426 non
2072 4372 2142 4426 ad

558 4442 767 4498 oculum
791 4456 1017 4514 tantum,
1043 4450 1133 4503 sed
1155 4467 1220 4505 ea:
1233 4452 1409 4519 corde,
1426 4457 1577 4524 quasi
1604 4473 1782 4512 coram
1796 4458 1906 4514 Deo
1923 4459 2138 4532 (Ephes.

2242 4194 2314 4250 cti
2363 4195 2623 4252 Bonifacii
2652 4196 2832 4254 Patris
2870 4200 3062 4266 nostri,
3102 4201 3171 4257 de
3223 4200 3379 4271 cujus
3427 4213 3619 4260 sancta
3649 4208 3831 4262 inter-

2242 4287 2488 4343 cessione
2507 4303 2606 4359 pro
2636 4290 2873 4359 peccatis
2894 4293 3029 4347 meis
3056 4308 3307 4366 magnam
3335 4296 3510 4353 habeo
3535 4297 3795 4355 ﬁduciam
3816 4315 3834 4365 ;

2242 4390 2509 4449 quatenus
2556 4395 2656 4451 ego
2693 4391 2947 4451 peccator
2993 4384 3079 4440 vel
3110 4387 3322 4443 veniam
3364 4388 3567 4444 habere
3614 4406 3837 4447 merear

2242 4487 2306 4527 ea
2328 4473 2435 4539 die,
2460 4487 2568 4541 qua
2589 4481 2772 4530 vestra
2799 4476 3062 4534 sanctitas
3100 4493 3360 4535 coronam
3401 4480 3629 4554 recipiet
3657 4483 3836 4539 beati-

559 4545 632 4598 vx,
663 4532 717 4598 5,
755 4534 830 4607 6).
873 4536 1188 4596 Obedientia
1213 4551 1418 4610 vestra,
1444 4545 1684 4603 charitas
1714 4556 1913 4615 vestra,
1964 4551 2142 4606 bumi-
2169 4598 2221 4660 ο
2245 4532 2448 4618 tudinis
2478 4532 2716 4619 aeternae.

557 4663 783 4746 fiiitviri
806 4709 821 4729 ,
865 4673 957 4746 qui
992 4689 1099 4729 non
1125 4673 1356 4732 Turonis
1377 4685 1606 4746 tantum,
1675 4681 1774 4736 sed
1799 4681 1857 4736 in
1893 4685 2136 4740 universa

559 4733 1184 4822 £rancia_ma:gisteriumi
1218 4751 1472 4822 eserruit,

559 4804 683 4863 libr.
707 4824 743 4890 ,ξ
776 4810 841 4864 de
859 4804 984 4890 ‘Yita
1016 4817 1188 4872 sancti
1228 4804 1501 4890 Liudgeri,
1524 4804 1754 4879 numftl.

632 4891 662 4976 ἶ
691 4878 955 4976 Egnulfus
985 4901 1099 4976 seti,
1121 4895 1198 4976 iul
1231 4888 1319 4943 alii
1365 4878 1631 4976 scribun'i,
1655 4892 1998 4976 lingulas,

561 4949 664 5005 hoc
691 4949 927 5030 tempore
948 4949 1160 5030 praefuit
1190 4963 1534 5030 monasterio
1574 4949 1847 5030 Fuldensi,
1895 4949 2128 5023 'Sturmii

561 5035 656 5077 seu
711 5019 1056 5098 Sturmionis,
1113 5028 1202 5097 qui
1233 5045 1372 5084 anno
1428 5031 1530 5086 779
1569 5033 1723 5098 obiit,
1763 5019 2136 5094 successorrls

560 5105 692 5177 vero
725 5109 866 5149 anno
891 5095 995 5151 802
1025 5095 1419 5177 c_p6testatem,
1458 5118 1622 5177 quam
1661 5095 1868 5170 habuit,
1896 5107 2131 5177 reliquit,

561 5169 1005 5242 etsuccessorem
1031 5167 1363 5242 llatgarium
1391 5167 1616 5242 accepit,
1654 5193 1690 5225 .s
1748 5185 1806 5228 ut
1841 5167 2133 5232 refert-an;

562 5233 1093 5315 nalistanFuldensis.
1125 5233 1304 5315 Causa
1323 5243 1392 5315 ob
1431 5233 1612 5312 quam.
1639 5245 1932 5315 Baugulfus
1971 5249 2136 5304 abba-

565 5303 696 5385 tiain
741 5304 960 5385 dimisit,
1013 5303 1566 5385 fortassisinﬁrniitas
1605 5315 1726 5380 fuit,
1754 5303 1874 5385 quae
1893 5303 2041 5373 illum
2066 5320 2134 5376 ad

564 5373 1353 5455 sull‘erendani__regula_ris_vitté
1375 5383 1628 5455 duritiam
1666 5373 1904 5455 ineptum
1956 5373 2134 5444 reddi:

563 5443 675 5528 dit,_
696 5447 762 5501 de
779 5462 884 5528 qua
907 5443 1054 5528 illum
1078 5450 1334 5528 Alcuinus
1362 5453 1466 5528 hic
1491 5468 1521 5506 a
1543 5455 1655 5510 suis
1707 5443 1962 5513 fratribus
1980 5443 2130 5528 judi-

705 5517 892 5599 noluit.
935 5519 1094 5599 _Hinc
1141 5520 1271 5599 mihi
1326 5524 1868 5599 ἤρεψε-,μεθιπρονο
1917 5515 2133 5599 scriptae

566 5583 724 5664 hujus
761 5589 997 5664 epistola
1024 5591 1206 5664 seu_ab
1232 5593 1345 5663 ipso
1375 5583 1651 5664 Baugu'lfo,
1699 5583 1791 5651 seu
1821 5614 1851 5651 a
1874 5600 1987 5654 suis
2019 5583 2132 5655 lno:

567 5657 755 5710 nachis
778 5662 1065 5730 cogitatum
1109 5657 1274 5716 fuisse
1309 5664 1372 5718 de
1401 5657 1734 5720 abdicatiOne
1788 5668 2045 5733 abbatizze;
2076 5682 2133 5727 et

567 5735 851 5804 propterea
875 5734 1117 5804 eamdem
1148 5734 1427 5802 epistolam
1458 5736 1614 5804 paulo
1644 5747 1767 5792 ante
1802 5754 2002 5794 annum
2025 5743 2131 5797 802

568 5807 689 5878 esse
732 5798 1092 5878 collocandum
1127 5798 1377 5878 eiiistitno
1397 5798 1473 5845 -ἱ
1485 5807 1672 5860 Exstat
1696 5809 1922 5878 epistola
1951 5810 2127 5868 Caroli

571 5863 747 5941 Magni
776 5867 1036 5942 Baugulfo
1084 5875 1276 5944 totique
1300 5874 1441 5932 illius
1461 5863 1845 5950 congregationi
1887 5863 2125 5952 Singula:

2237 4692 2370 4748 riter
2405 4692 2686 4778 inscripta,
2724 4697 2970 4778 quamvis
2997 4696 3186 4778 eadem
3209 4699 3370 4778 simul
3389 4700 3458 4778 a_d
3499 4718 3693 4778 omnes
3718 4705 3827 4778 epi-

2237 4777 2428 4832 scopos
2452 4773 2507 4818 et
2531 4768 2857 4822 monasteria
2883 4784 3025 4824 anno
3051 4768 3153 4826 787
3197 4772 3364 4827 missa
3402 4771 3584 4829 fuerit.
3614 4768 3829 4832 Exhér'

2237 4842 2380 4888 tatur
2402 4835 2478 4889 ibi
2505 4850 2600 4890 rex
2629 4835 2856 4893 Carolus
2898 4855 3090 4896 omnes
3116 4841 3185 4896 ad
3232 4843 3524 4899 excolenda
3545 4854 3601 4899 et
3622 4855 3834 4902 restau-

2237 4906 2403 4983 randa
2431 4913 2540 4983 tam
2576 4906 2631 4960 in
2657 4907 3332 4983 ecclesiis‘cathedralibus
3353 4929 3512 4983 quam
3541 4916 3596 4970 in
3639 4934 3834 4975 mona-

2237 4975 2417 5056 steriis
2449 4975 2772 5056 litterarum
2798 4980 2994 5056 studia.
3033 4981 3342 5056 Mabilionio
3369 4975 3686 5042 'verisimile
3723 4997 3830 5056 est,

2241 5064 2282 5128 ι.
2306 5044 2929 5128 falcninumipsum,_qui
2952 5061 3066 5128 tum
3087 5053 3142 5108 in
3171 5051 3346 5128 Caroli
3373 5057 3637 5128 comitatu
3665 5044 3830 5128 erat:

2235 5115 2408 5172 eidem
2436 5115 2712 5194 auctorem
2751 5115 2916 5194 fuisse
2942 5131 3002 5176 ut
3034 5123 3175 5194 hanc
3201 5124 3480 5194 epistolam
3511 5126 3580 5181 ad
3604 5115 3829 5185 univer:

2235 5201 2323 5266 sos
2365 5189 2646 5266 episcopos
2702 5199 2759 5266 et
2826 5193 3048 5248 abbates
3099 5189 3360 5266 mitteret,
3415 5211 3577 5266 quam
3639 5197 3831 5256 forsan

2233 5257 2492 5348 iniicuinus
2530 5259 2644 5330 ipse
2685 5261 3001 5348 diciaverat.
3039 5284 3057 5316 ι
3114 5263 3271 5348 Edita
3296 5257 3553 5348 prim-um;
3576 5269 3728 5348 fuita
3751 5272 3826 5348 cl:

2236 5326 2522 5398 iSirmondo
2549 5326 2645 5384 _ex
2687 5331 2806 5386 cod.
2855 5350 2958 5389 ms.
3017 5326 3331 5390 monasterii
3381 5339 3552 5394 sancti
3608 5339 3827 5398 Amulli

2235 5396 2537 5464 Mettensis;
2587 5403 2892 5474 qp;e_etiam
2936 5405 3144 5474 integra
3193 5407 3479 5463 exhibetur
3501 5413 3642 5474 apud
3669 5396 3822 5470 Bon;

2233 5478 2403 5554 quei.,
2440 5478 2569 5554 tonm.
2615 5471 2665 5554 ,γ
2700 5472 2897 5554 δεῖ-ξω.
2948 5471 3074 5554 Βςζῖ
3117 5475 3255 5554 Gali.
3313 5493 3433 5554 pag.
3472 5471 3616 5554 liii.
3646 5480 3824 5554 Negat

2232 5538 2448 5618 quidem
2473 5538 2968 5618 Caroius_Cointius
2996 5545 3141 5600 illam
3161 5538 3421 5618 Baugulfo
3437 5549 3620 5606 abbati
3645 5538 3824 5611 fuisse

2232 5608 2566 5690 inscriptam,
2603 5611 2720 5690 _l_evi
2778 5629 2999 5690 prorsus
3038 5608 3388 5690 argumento;
3439 5621 3583 5690 quod
3619 5608 3825 5682 refutat

2234 5626 2566 5732 inscriptam,
2621 5626 2720 5693 ieV'l
2778 5629 2999 5683 prorsus
3038 5630 3388 5686 argumento;
3439 5626 3583 5690 quod
3619 5639 3674 5678 re

2234 5677 2568 5760 Mabilhonius
2603 5682 2725 5737 ἰὼν.
2761 5699 2866 5760 xxv
2882 5684 3074 5760 Annal.
3100 5703 3248 5741 nun].
3289 5689 3377 5757 64,
3401 5706 3522 5760 pag.
3547 5691 3674 5748 279.

2302 5749 2328 5788 ι)
2371 5749 2602 5834 Pallium
2647 5755 2951 5834 sioracium.
2985 5756 3259 5834 pictum}
3296 5775 3326 5813 a
3361 5749 3540 5834 colore
3562 5765 3821 5834 storacis,

2230 5833 2349 5910 9’qu
2374 5823 2744 5910 gnttansimili‘s‘
2755 5894 2768 5910 ‘
2787 5832 2870 5910 est
2893 5827 3020 5881 mali
3046 5828 3290 5910 exdonis,
3315 5850 3344 5910 _s
3378 5831 3555 5906 inquit
3595 5823 3817 5910 Papias:

2231 5887 2353 5946 Vid.
2379 5887 2467 5948 Du
2504 5891 2685 5966 Gange
2706 5892 2883 5954 Gloss.
2915 5911 3049 5957 voce
3076 5887 3440 5962 Stauracium.
