4056 6328
201 317 289 379 585

1567 289 1953 351 EPISTOLIE.

3323 289 3430 346 386

211 420 225 438 -
259 430 364 491 Misi
415 442 442 471 ι
495 423 797 485 chartulam
856 421 1128 478 Missam“
1195 415 1386 482 vobis,
1435 429 1470 469 ο
1521 410 1749 466 sanctis—
1775 407 1826 469 Α
1849 417 1949 466 xu,
1976 399 2072 472 5);
2121 407 2250 455 tunc
2278 413 2407 454 vera
2451 395 2791 491 probabitur~
2814 395 3086 491 amicitia,
3137 396 3270 452 dum
3302 397 3440 456 falsa

200 525 304 586 simi
325 518 648 594 presbyteri,
707 524 766 572 ut
794 515 1040 570 habeatis
1067 510 1291 583 singulis
1317 508 1526 570 diebus,
1555 503 1750 594 quibus

197 629 364 694 preces
417 612 528 668 Deo
593 609 824 679 dirigere
887 604 1108 660 cuilibet
1157 601 1400 694 placeat;
1432 593 1646 667 quando
1692 593 1748 648 in

196 689 435 765 honorem
484 705 684 756 sancta:
744 695 1054 760 Trinitatis;
1107 691 1321 762 quando
1357 689 1424 744 de
1466 701 1652 742 amore
1672 698 1755 740 sa-

197 794 422 872 pientiae;
474 787 686 861 quando
708 789 775 844 de
821 785 1152 858 pcenitentiae
1193 782 1484 854 lacrymis;
1541 779 1755 851 quando

198 888 256 947 de
280 885 538 940 charitate
587 879 844 952 perfecta,
879 879 963 934 vel
987 877 1200 948 quando
1221 875 1290 930 ad
1312 873 1564 946 suffragia
1593 887 1758 944 ange-

198 979 285 1036 lica
309 974 646 1049 postulanda,
679 972 763 1028 vel
801 972 1042 1028 omnium
1073 977 1384 1027 sanctorum
1414 967 1638 1022 cuilibet
1662 981 1758 1038 po-

198 1071 380 1128 stulare
414 1067 623 1138 placet;
676 1063 761 1120 vel
788 1064 952 1120 etiam
991 1063 1037 1119 si
1063 1063 1186 1134 quis
1204 1076 1304 1132 pro
1341 1059 1580 1130 peccatis
1609 1058 1753 1124 suis;

195 1165 268 1221 vel
298 1179 392 1234 pro
418 1161 661 1233 quolibet
694 1160 869 1216 amico
893 1160 1136 1226 vivente;
1167 1167 1222 1215 et
1243 1157 1408 1212 etiam
1447 1172 1546 1227 pro
1569 1153 1758 1210 amicis

197 1255 454 1330 plurimis;
495 1253 580 1309 vel
608 1253 774 1308 etiam
821 1252 1080 1308 fratribus
1122 1251 1190 1307 de
1223 1251 1324 1307 hoc
1369 1247 1566 1304 saeculo
1607 1263 1759 1304 rece-

198 1347 434 1405 dentibus
461 1344 640 1400 facere
665 1343 792 1399 velit
834 1344 1138 1407 orationes;
1167 1343 1250 1397 vel
1270 1343 1486 1412 quando
1513 1339 1759 1411 speciali-

198 1447 271 1496 ter
302 1440 476 1494 beata:
533 1437 716 1492 Maria:
763 1434 1038 1508 genitricis
1072 1435 1165 1490 Dei
1217 1433 1440 1505 virginis
1487 1441 1761 1503 perpetuae

197 1527 462 1601 deprecari
484 1527 612 1582 velit
638 1526 1087 1591 intercessiones;
1137 1525 1220 1580 vel
1243 1525 1409 1580 etiam
1431 1522 1760 1580 sanctissimi

197 1620 356 1676 Patris
391 1619 560 1674 vestri
585 1616 844 1672 Bonifacii
866 1625 1084 1674 cantare
1113 1617 1234 1687 quis
1257 1616 1406 1682 velit,
1447 1624 1503 1671 et
1523 1631 1761 1689 praesen-

198 1711 313 1765 tiam
339 1710 486 1768 illius
509 1710 808 1781 piissimam
836 1708 1100 1765 advocare
1130 1709 1402 1781 precibus.
1430 1707 1557 1764 Haec
1580 1707 1762 1764 omnia

1851 493 2087 552 cessabit
2123 491 2377 547 adulatio.
2427 489 2576 545 Multi
2623 489 2942 562 promittunt
2975 488 3313 557 societatem,
3343 493 3440 548 sed

1851 585 2007 657 pauci
2048 584 2375 640 custodiunt.
2427 581 2540 638 Nec
2575 582 2814 647 mirum;
2866 579 2994 650 quia
3025 579 3180 635 multi
3206 591 3329 636 sunt
3355 599 3444 637 vo-

1852 679 1979 744 cati,
2021 678 2179 750 pauci
2215 693 2333 731 vero
2378 674 2525 730 electi
2555 673 2771 748 (Matth.
2802 688 2898 740 xx,
2926 672 3037 746 l6).
3086 672 3194 730 Sed
3221 675 3350 744 quid
3375 674 3442 730 ad

1853 770 2015 827 hac?
2079 769 2280 841 Jungat
2302 784 2361 825 se
2383 769 2546 825 homo
2584 767 2711 832 Deo,
2768 775 2825 822 et
2861 765 3083 823 habebit
3104 775 3301 823 cuncta
3327 781 3448 837 qua:

1854 861 2161 920 necessaria
2187 868 2330 916 sunt.
2359 858 2589 926 Quaerite
2613 859 2838 930 primum
2862 874 3076 930 regnum
3104 857 3202 913 Dei
3222 867 3268 912 et
3293 857 3449 926 iusti-

1856 957 1984 1010 tiam
2007 955 2142 1026 ejus,
2173 963 2221 1007 et
2253 953 2429 1006 omnia
2465 951 2785 1022 adjicientur
2805 948 2945 1005 vobis
2969 948 3185 1020 (Matth.
3214 964 3290 1014 vr,
3327 945 3443 1018 55).

1856 1046 2078 1102 Dolores
2102 1053 2158 1099 et
2200 1042 2577 1098 tribulationes
2609 1038 2772 1112 hujus
2795 1041 2920 1096 vitae
2955 1054 3056 1095 nos
3083 1039 3322 1111 quotidie
3351 1038 3447 1094 ad-

1857 1148 2078 1198 monent
2107 1140 2217 1195 Deo
2255 1138 2431 1209 jungi,
2462 1145 2678 1192 terrena
2714 1136 2920 1208 fugere,
2969 1135 3210 1192 cmlestia
3235 1150 3441 1191 amare.

1860 1231 1968 1289 Sed
1996 1232 2274 1302 heu,proh
2297 1229 2486 1286 dolor!
2519 1229 2605 1285 his
2627 1237 2878 1300 Optamus
2907 1228 3143 1284 miseriis
3169 1227 3258 1282 diu
3282 1227 3450 1281 inter-

1859 1339 2002 1390 esse,
2029 1332 2084 1378 et
2112 1323 2290 1377 minus
2326 1328 2641 1392 perpetuam
2681 1321 2974 1390 quaerimus
3027 1319 3315 1390 requiem;
3359 1333 3454 1374 no-

1861 1418 1990 1474 stris
2015 1416 2285 1472 inhiamus
2309 1413 2713 1486 cupiditatibus,
2744 1412 2922 1470 minus
2941 1412 3038 1468 Dei
3066 1412 3352 1485 praeceptis
3376 1409 3458 1466 in-

1862 1515 2153 1577 haerentes,
2185 1510 2277 1582 qui
2305 1519 2530 1582 paterna
2559 1509 2759 1579 pietate
2787 1523 2887 1563 nos
2913 1507 3164 1578 castigat,
3193 1515 3254 1561 ut
3276 1505 3457 1560 animo

1863 1606 1982 1661 haec
2009 1603 2325 1675 temporalia
2351 1601 2621 1674 fugiamus
2644 1642 2657 1667 ,
2711 1609 2767 1656 et
2799 1601 2867 1655 ad
2890 1607 3093 1654 aeterna
3118 1597 3457 1664 festinemus,

1866 1695 1958 1750 ubi
2004 1709 2133 1750 vera
2172 1701 2257 1750 est
2297 1691 2592 1748 beatitudo.
2639 1691 2712 1748 Ut
2739 1693 2806 1746 ad
2848 1691 2990 1746 hanc
3015 1689 3302 1762 pervenire
3340 1703 3458 1744 me-

196 1803 468 1860 charitatis
511 1780 710 1857 intuitu
733 1801 885 1858 vobis
909 1780 1144 1872 dirigere
1191 1801 1519 1866 curavimus,
1573 1800 1764 1871 depre-
1794 1780 1841 1840 Β
1868 1803 2012 1852 rear,
2063 1785 2175 1842 D80
2221 1786 2513 1840 ωίδετθηῑθ
2537 1824 2553 1850 9
2604 1792 2696 1839 ωδ
2726 1799 2814 1840 me
2843 1782 3106 1840 melius
3150 1781 3461 1839 οηῑίοῐιυω

195 1904 372 1951 cantes
423 1893 784 1950 humilitatem
852 1902 1108 1960 vestram,
1173 1892 1403 1964 benigne
1468 1892 1761 1964 suscipere,

195 1985 329 2056 quod
370 1985 684 2058 plenissima
712 1985 976 2040 charitate
1029 1983 1184 2040 vobis
1222 1983 1526 2056 dirigimus.
1580 1981 1767 2039 Faciat

193 2075 444 2147 quislibet
479 2077 545 2134 de
570 2077 670 2144 eis,
725 2076 1083 2148 quodcunque
1129 2076 1362 2148 placeat,
1389 2084 1445 2132 et
1473 2091 1542 2132 ne
1574 2093 1660 2132 me
1682 2091 1768 2132 re-

191 2169 485 2240 prehendat
514 2169 567 2224 in
616 2169 898 2225 charitatis
933 2167 1126 2224 ofﬁcio.
1181 2168 1564 2238 Unusquisque
1621 2168 1768 2224 enim

191 2259 241 2316 in
266 2276 366 2316 suo
415 2277 574 2317 sensu
603 2261 860 2326 abundet,
889 2268 944 2315 et
981 2275 1196 2332 semper
1225 2260 1392 2315 faciat
1421 2261 1532 2315 Deo
1550 2260 1767 2330 placita,

188 2359 238 2408 et
287 2352 547 2407 omnibus
582 2352 806 2416 sanctis,
833 2359 1098 2424 quatenus
1122 2368 1246 2407 cum
1270 2352 1375 2406 illis
1393 2360 1652 2423 perpetua
1687 2352 1770 2407 vi-

182 2443 338 2500 sione
387 2441 603 2496 Domini
645 2443 816 2498 nostri
853 2441 983 2499 Jesu
1033 2442 1234 2498 Christi
1268 2441 1394 2510 frui
1429 2442 1575 2514 digni
1627 2443 1774 2499 inve-

179 2536 433 2591 niantur.

253 2626 363 2682 Mei
390 2641 690 2683 memorem
711 2635 955 2683 sanctam
977 2628 1366 2684 beatitudinem
1397 2636 1634 2684 vestram
1671 2628 1776 2687 Do-

186 2719 368 2775 minus
421 2721 566 2775 Deus
602 2720 658 2775 in
698 2721 846 2775 omni
887 2720 1249 2792 postulatione
1279 2727 1466 2776 sancta
1498 2721 1774 2787 exaudiat,

191 2821 242 2868 et
263 2820 591 2884 praesentem
619 2811 958 2878 felicitatem,
1004 2812 1352 2884 futuramque
1383 2813 1774 2869 beatitudinem

197 2904 344 2960 vobis
393 2903 704 2960 condonare
750 2903 1022 2977 dignetur,
1057 2903 1396 2960 dilectissimi
1425 2903 1641 2961 fratres.
1683 2906 1779 2961 De-

198 3011 386 3066 precor
414 3003 476 3049 ut
503 2996 656 3052 nobis
684 3010 780 3068 per
823 2995 1032 3051 litteras
1064 2995 1412 3054 beatitudinis
1439 3006 1635 3053 vestrae
1681 3012 1779 3053 no-

203 3094 305 3142 tum
348 3087 584 3155 faciatis,
624 3088 670 3144 si
721 3089 805 3143 ha:
843 3087 912 3143 ad
938 3102 1038 3144 vos
1073 3088 1421 3159 pervenerint
1453 3087 1663 3153 litterae,
1723 3096 1778 3144 et

202 3182 319 3250 quid
347 3182 549 3238 exinde
573 3190 767 3239 vestrae
817 3182 1029 3253 placeat
1059 3182 1382 3254 prudentiae.
1413 3181 1569 3250 Quod
1597 3197 1778 3238 meum

203 3285 278 3330 est
300 3275 424 3342 feci,
451 3276 736 3333 charitatis
765 3276 995 3348 implens
1025 3274 1262 3332 ofﬁcium
1312 3277 1369 3332 in
1395 3292 1580 3333 amore
1605 3285 1661 3332 et
1686 3277 1784 3334 ho-

204 3382 324 3426 nore
340 3370 563 3428 Domini
583 3371 755 3427 nostri
778 3368 903 3426 Jesu
938 3369 1163 3426 Christi.

561 3484 721 3556 158
754 3485 783 3526 δ
821 3483 1156 3542 EPISTOLA
1201 3484 1425 3543 CXLIII.

804 3595 870 3635 AD
910 3595 1180 3635 ARNONEI.

812 3666 987 3740 (Anno
1020 3668 1170 3742 θοι.)

209 3756 376 3829 Illum,
403 3769 459 3816 ut
605 3760 666 3818 S.
717 3760 1006 3845 .Martinum
1037 3763 1227 3828 veniat,
1267 3763 1490 3845 invitat:
1531 3764 1602 3818 ad
1643 3763 1790 3818 caele-

496 3835 601 3888 stia
621 3835 842 3903 aspirat,
868 3845 915 3888 et
940 3850 1035 3905 pro
1062 3850 1118 3889 se
1153 3835 1298 3889 arari
1326 3835 1486 3906 cupit.

267 3946 476 4020 Optimo
509 3949 727 4020 praesuli
750 3949 957 4020 Aquilae
982 3950 1208 4008 Albinus
1236 3951 1484 4009 salutem.

269 4039 539 4097 Occurrat
564 4041 828 4107 chartula,
876 4042 1160 4098 charitatis
1198 4043 1408 4099 calamo
1464 4043 1786 4115 conscripta,

151 4169 165 4186 .
213 4140 390 4211 vesp-ae
421 4132 778 4198 reverentiae,
818 4130 989 4188 frater
1015 4134 1538 4200 desiderantissime,
1568 4136 1676 4191 tuis
1705 4151 1793 4192 su-

214 4239 421 4282 surrans
445 4226 700 4292 auribus,
728 4234 789 4280 ut
815 4227 1019 4292 venias,
1065 4227 1112 4282 si
1155 4227 1272 4282 ﬁeri
1298 4229 1488 4299 possit,
1516 4230 1583 4284 ad
1609 4229 1792 4284 limina

212 4312 338 4370 beati
352 4315 625 4390 [Martini]
653 4316 830 4372 Patris
853 4317 1045 4382 nostri,
1074 4319 1500 4390 protectorisque
1526 4320 1714 4386 vestri,
1735 4329 1795 4376 ut

215 4416 328 4466 tuus
378 4421 571 4469 tecum
625 4410 877 4468 familiari
931 4412 1215 4469 collatione
1273 4412 1542 4488 [Albinus]
1594 4414 1794 4470 sodalis

1866 1876 2138 1949 suffragiis
2181 1873 2412 1943 adjuvet.
2460 1874 2768 1930 Periculum
2812 1888 2996 1928 meum
3035 1872 3184 1939 novi,
3237 1879 3463 1942 peccata

1865 1983 1986 2024 mea
2017 1981 2269 2041 agnosco.
2293 1965 2418 2022 Ideo
2442 1965 2664 2038 supplex
2693 1979 2975 2022 servorum
3001 1963 3203 2020 Christi
3227 1963 3463 2036 deposco

1868 2058 2304 2122 intercessiones,
2356 2063 2414 2111 ut
2458 2057 2564 2111 mei
2626 2056 3008 2113 misereantur.
3058 2052 3196 2126 Spes
3252 2062 3308 2109 et
3337 2068 3467 2109 con-

1868 2151 2063 2208 solatio
2105 2165 2228 2206 mea
2253 2150 2498 2206 omnium
2527 2150 2857 2222 Redemptor
2883 2149 3025 2205 Deus
3067 2148 3334 2214 Christus,
3375 2147 3465 2203 cui

1868 2243 1988 2299 laus
2011 2252 2068 2299 et
2094 2243 2391 2314 gratiarum
2415 2243 2558 2323 actio
2585 2259 2684 2314 pro
2705 2241 2957 2298 omnibus
2974 2231 3160 2307 bonis,
3187 2256 3308 2311 qua:
3328 2238 3462 2296 mihi

1872 2335 2108 2409 gratuita
2144 2335 2345 2406 pietate
2373 2336 2644 2390 concessit
2667 2336 2720 2390 in
2746 2338 2849 2392 hoc
2876 2336 3091 2392 saeculo.

1924 2416 2079 2480 'Vive
2113 2423 2224 2479 Deo
2247 2423 2397 2490 felix,
2425 2426 2625 2480 mundo
2652 2426 2990 2482 nam'vivere
3018 2441 3169 2482 mors
3189 2433 3314 2495 est;

2018 2517 2162 2572 Vera
2192 2515 2410 2590 quidem
2438 2526 2524 2573 est
2549 2517 2756 2574 homini
2778 2517 2964 2574 vivere
2986 2518 3100 2574 vita
3125 2517 3258 2576 Deo.

2336 2642 2359 2670 ο
2396 2629 2732 2688 EPISTOLA
2770 2629 2998 2688 C-XLIV.

2475 2737 2544 2776 AD
2591 2735 2861 2776 ABNONBI.

2487 2811 2666 2882 (Anno
2705 2805 2859 2880 8011)

1879 2903 2143 2961 Arnonem
2177 2903 2246 2957 ad
2277 2901 2338 2958 S.
2384 2900 2675 2956 Martinam
2702 2902 2874 2956 videre
2893 2941 2906 2965 ,
2932 2910 2981 2956 et
3006 2918 3124 2954 eum
3148 2900 3241 2956 illo
3271 2902 3336 2956 de
3361 2902 3476 2958 vitae

1949 2991 2060 3029 sua:
2097 2973 2386 3044 rationibus
2439 2972 2660 3044 consilia
2700 2973 2834 3026 inire
2862 2971 3146 3038 desiderat,
3189 2982 3468 3044 antequam

1953 3061 2018 3099 ea:
2042 3044 2141 3098 hac
2171 3044 2276 3098 vita
2295 3043 2541 3122 decedere
2568 3053 2805 3114 cogatur.

1800 3144 1849 3208 ο
1951 3136 2178 3192 1)οωὶηο
2206 3135 2402 3190 merito
2432 3134 2648 3190 amabili
2676 3133 2883 3205 Aquilae
2912 3134 3002 3207 pio
3045 3135 3264 3206 praesuli
3295 3144 3350 3192 et
3379 3150 3477 3207 pa-

1884 3228 2062 3294 cifico,
2089 3227 2318 3282 Albinus
2340 3225 2588 3283 salutem.

1953 3321 2219 3391 Perpetua
2244 3319 2486 3374 charitas
2522 3318 2865 3376 occasionem
2891 3335 3106 3391 semper
3134 3321 3370 3378 inveniet
3396 3336 3482 3378 sa-

1884 3411 2164 3467 lutationis
2186 3411 2252 3466 ad
2277 3411 2532 3476 amicum,
2581 3419 2640 3465 ut
2666 3412 2899 3484 gaudeat
2939 3413 2992 3468 in
3018 3413 3250 3472 lectione
3273 3415 3480 3472 littera-

1887 3520 2006 3558 rum
2034 3504 2247 3558 animus
2276 3503 2468 3567 ﬁdelis,
2498 3504 2586 3560 cui
2611 3521 2718 3560 non
2744 3515 2826 3562 est
2850 3506 3034 3562 datum
3063 3508 3231 3564 lzetari
3262 3509 3315 3562 in
3346 3523 3484 3580 pra)-

1887 3594 2060 3650 sentia
2090 3593 2390 3650 oculorum.
2444 3593 2552 3650 Sed
2577 3595 2769 3652 melior
2793 3604 2878 3653 est
2918 3597 3091 3653 fidelis
3133 3598 3300 3654 animi
3327 3613 3484 3670 aspe-

1885 3693 2007 3741 ctus
2052 3686 2106 3740 in
2155 3685 2462 3752 charitate,
2520 3687 2665 3742 omni
2715 3687 2908 3743 intuitu
2960 3689 3302 3760 papillarum.
3360 3691 3485 3746 Ideo

1889 3777 2070 3833 animo
2098 3777 2412 3849 spiritaliter
2442 3777 2590 3833 Deus
2637 3779 3002 3849 inspiciendus
3028 3789 3139 3846 est,
3185 3797 3292 3836 non
3315 3781 3486 3837 oculis

1889 3870 2216 3936 carnalibus,
2268 3886 2404 3940 quos
2425 3886 2742 3926 communes
2771 3872 3035 3926 habemus
3055 3887 3179 3926 cum
3217 3872 3486 3928 vermicu-

1890 3962 1994 4017 lis:
2024 3959 2178 4029 cujus
2199 3962 2336 4017 visio
2363 3963 2541 4017 omnis
2559 3971 2643 4017 est
2664 3962 2962 4028 beatitudo,
2990 3978 3111 4032 quae
3135 3965 3338 4018 sanctis
3363 3980 3487 4034 pro-

1892 4054 2124 4108 mittitur
2151 4054 2204 4108 in
2238 4055 2567 4123 sempiterna
2594 4054 2786 4124 gloria,
2816 4071 2846 4108 a
2876 4070 2981 4123 qua
3006 4054 3266 4108 tolluntur
3309 4055 3483 4125 impii,

1892 4161 1960 4201 ne
1985 4146 2208 4201 videant
2245 4146 2469 4217 gloriam
2503 4145 2622 4200 Dei.
2664 4144 2748 4200 Ad
2777 4147 2916 4200 hanc
2957 4153 3230 4216 perpetua:
3255 4145 3490 4200 beatitu-

1893 4236 2034 4292 dinis
2059 4236 2324 4292 visionem
2353 4252 2450 4291 nos
2497 4237 2731 4292 invicem
2759 4237 3133 4304 exhortemur,
3166 4237 3294 4309 quia
3322 4238 3488 4309 frater

1894 4345 1926 4383 a
1973 4327 2137 4398 fratre
2180 4328 2416 4398 adjutus,
2464 4329 2648 4384 civitas
2673 4338 2748 4384 est
2770 4330 2927 4399 ﬁrma
2973 4328 3154 4401 (Prov.
3185 4345 3343 4396 xvm,
3374 4329 3484 4403 l9).

1899 4419 2126 4492 [Tamen
2177 4421 2220 4475 si
2255 4421 2369 4477 haec
2401 4437 2528 4477 vera
2554 4464 2568 4488 ,
2617 4439 2737 4493 qua:
2783 4424 2894 4478 dixi
2944 4424 3011 4480 de
3046 4423 3214 4480 animi
3259 4425 3485 4491 visione,

218 4513 363 4574 agere
403 4515 657 4562 extrema
687 4504 1022 4561 salutationis
1047 4505 1212 4562 verba
1247 4506 1458 4561 valeat:
1492 4507 1617 4576 quia
1643 4507 1794 4562 festi-
1821 4524 1869 4585 ο
1895 4513 2047 4568 valde
2073 4529 2201 4568 vera
2229 4513 2399 4569 videri
2424 4513 2675 4587 debeant]
2698 4514 2971 4585 quoddam
2989 4515 3122 4570 mihi
3147 4513 3488 4586 dispendium

216 4602 302 4648 nat
322 4597 452 4658 hora
492 4596 782 4653 divisionis
814 4596 960 4652 inter
993 4596 1210 4664 fratres,
1261 4600 1618 4669 separationis
1654 4601 1798 4656 inter

218 4688 426 4745 amicos.
466 4689 641 4744 Eunti
667 4689 865 4742 homini
909 4689 966 4742 in
1004 4689 1218 4745 domum
1246 4691 1553 4745 wternitatis
1577 4708 1708 4758 sum,
1747 4699 1796 4747 et

217 4781 654 4840 circumeuntibus
678 4782 818 4836 circa
843 4799 960 4836 eum
983 4783 1038 4838 in
1056 4783 1230 4854 platea
1247 4784 1608 4856 plangentibus
1623 4785 1794 4858 (Eccl.

280 4907 305 4936 ⁸
344 4896 468 4952 Misi
513 4897 778 4951 cartalam
809 4896 1100 4964 Missalem,
1128 4905 1234 4955 etc.
1282 4898 1526 4954 Similem
1558 4900 1705 4955 misit
1727 4901 1796 4956 ad

218 4969 500 5038 monachos
543 4967 881 5023 Vedastinos.
915 4967 1035 5023 Vid.
1077 4970 1234 5038 epist.
1265 4968 1352 5023 5|.
1374 4969 1579 5025 Auctor
1603 4971 1797 5026 Micro-

219 5033 315 5110 lpgi
337 5036 653 5110 deLEccles.
711 5040 926 5094 observ.
960 5055 1095 5110 cap.
1111 5033 1209 5106 '60,
1242 5047 1372 5094 tom.
1417 5040 1576 5095 XVII]
1607 5041 1802 5096 Biblio-

223 5103 382 5182 theca:
403 5108 507 5164 SS.
544 5108 764 5164 Patrum
790 5125 912 5182 pag.
944 5103 1070 5182 489',
1090 5103 1232 5182 Edit.
1251 5109 1524 5182 Lugdun.,
1541 5112 1648 5166 ait:
1673 5131 1692 5163 ι
1716 5113 1801 5166 Al-

223 5127 382 5188 Laeca:
404 5127 507 5164 ab.
545 5127 764 5164 ratrum
790 5127 912 5234 pag}.
944 5127 1070 5174 4w,
1090 5127 1232 5164 non.
1251 5127 1524 5182 Lugdun.,
1541 5127 1648 5166 ait:
1673 5131 1692 5163 ι
1716 5127 1801 5166 Αι-

223 5189 432 5258 cuinum
455 5189 653 5258 rogatu
676 5183 848 5258 sancti
915 5181 1132 5236 onifacii
1159 5182 1550 5258 archiepiscopi
1579 5182 1801 5258 Mogunf

224 5251 313 5324 lini
362 5251 629 5324 missales
652 5253 924 5306 orationes
972 5253 1359 5324 composuisse,
1399 5262 1456 5306 ut
1482 5251 1801 5324 rpresbvteri

223 5314 358 5393 illius
394 5323 703 5393 temporis,
729 5337 900 5392 nuper
933 5322 1001 5376 ad
1051 5314 1208 5376 ﬁdem
1245 5314 1516 5387 con-versi,
1566 5314 1801 5379 non'dum

225 5389 606 5448 ecclesiasticis
647 5389 840 5448 ollicii's
886 5393 1158 5459 instructi,
1184 5394 1419 5447 nondum
1449 5393 1614 5448 etiam
1641 5393 1803 5449 libro-

226 5471 354 5542 rum.
379 5464 540 5534 copia
586 5463 932 5546 prmditinvel
969 5463 1172 5546 aliquid
1223 5463 1503 5528 haberent,
1537 5480 1658 5519 cum
1698 5479 1805 5591 guo

227 5527 465 5606 cilicium
503 5550 659 5606 suum
705 5535 941 5606 qualibet
979 5535 1065 5590 die
1090 5543 1309 5605 possent
1353 5535 1590 5606 explere.
1624 5555 1642 5587 ι
1739 5534 1804 5591 ed

1896 4622 2016 4663 esse
2060 4606 2114 4661 in
2143 4606 2386 4662 absentia
2432 4605 2590 4663 faciei
2618 4615 2814 4664 vestra:
2841 4608 3033 4672 video,
3087 4606 3220 4678 [non
3267 4617 3492 4680 propter

1897 4699 2079 4770 nigros
2106 4699 2158 4753 in
2183 4700 2359 4770 capite
2400 4700 2640 4771 capillos,
2671 4700 2765 4755 sed
2788 4709 3010 4770 propter
3033 4701 3220 4784 oculos
3245 4701 3493 4759 dulcissi-

1898 4806 2036 4856 mos,
2086 4797 2142 4844 et
2170 4789 2460 4844 amabilem
2487 4789 2772 4845 charitatis
2821 4788 3112 4859 loquelam,
3159 4804 3321 4859 quam
3351 4791 3494 4847 inter

1899 4900 2271 4956 exercitatos:
2326 4917 2433 4956 non
2469 4908 2660 4969 rogatu
2706 4899 2879 4954 sancti
2927 4897 3211 4969 Bonifacii,
3259 4913 3491 4968 quocum

1899 4971 2158 5028 Alcuinus
2185 4971 2272 5025 vix
2298 4968 2750 5026 consuetudinem
2783 4969 3004 5031 habuit;
3046 4968 3140 5023 sed
3169 4983 3234 5024 ex
3258 4969 3493 5023 charita-

1901 5051 1955 5124 te
1972 5057 2097 5167 eil'lga
2122 5039 2317 5096 fratres
2342 5051 2530 5096 sancto
2554 5039 2832 5096 Bonifacio
2871 5039 3190 5106 servientes,
3214 5046 3272 5093 et
3297 5039 3352 5094 in
3393 5039 3494 5094 hu-

1901 5129 1986 5167 ms
2045 5128 2290 5167 onorem.

1895 5129 1986 5182 jus
2009 5128 2290 5168 nonorem.

1972 5183 2260 5238 l>Froben.
2309 5183 2431 5238 107.
2483 5183 2628 5237 Edit.
2683 5182 2884 5238 Mahill.
2936 5182 3025 5248 Μ,
3054 5182 3146 5237 ubi
3189 5179 3489 5251 inscripta:

1905 5253 2114 5325 Optimo
2137 5251 2349 5325 praesuli
2371 5253 2761 5325 evangelicoque
2791 5254 3016 5325 doctori,
3049 5252 3258 5325 omisso
3279 5251 3496 5325 nomine

1902 5320 2597 5396 proprio._Mabil|ouius'ex
2621 5320 2926 5396 conjectura
2956 5324 3024 5377 ad
3048 5320 3497 5396 Liudgerum_Mi-_-

1904 5391 2453 5466 inigardelorilensem
2506 5391 2817 5466 episcopum
2834 5394 3049 5466 Ldatam
3099 5391 3329 5466 censuit.
3383 5391 3493 5448 Sed

1905 5462 2019 5520 haec
2052 5463 2361 5534 conjectura
2409 5481 2472 5519 ex
2505 5462 2624 5522 cod.
2675 5462 2778 5520 nis.
2828 5462 3023 5520 Salisb.
3075 5463 3371 5528 evertitur,
3409 5476 3496 5534 “ex

1907 5551 2014 5606 quo
2043 5535 2132 5592 hic
2153 5531 2494 5592 emendatior
2515 5537 2713 5606 prodit.
2743 5535 2892 5590 Hanc
2911 5533 3196 5605 epistolam
3223 5549 3354 5606 cum,
3374 5531 3498 5588 aliis

229 5596 281 5652 in
308 5601 393 5679 his
412 5596 1291 5679 plurimum'allucinatur'auctor
1331 5596 1610 5679 praelatus,
1648 5613 1808 5677 prout
1901 5596 2090 5679 fungo,
2122 5607 2176 5661 in
2201 5607 2396 5679 quibus
2413 5596 2623 5673 crebra,
2649 5608 2718 5661 ob
2740 5596 3198 5676 ingravescentem
3223 5605 3494 5671 morbum,

231 5680 302 5745 ex_
323 5670 432 5729 hac
464 5675 694 5745 epistola
725 5675 1072 5732 manifestum
1099 5687 1213 5742 est;
1243 5670 1350 5732 non
1374 5677 1520 5732 enim
1547 5670 1664 5732 has-
1685 5681 1809 5732 mis-
1901 5670 2102 5732 'moFtis
2127 5670 2385 5732 memoria
2416 5688 2518 5732 est.

231 5741 366 5818 sales
385 5741 666 5818 orationes
683 5748 829 5802 misit
853 5748 920 5802 ad
935 5741 1277 5818 presbyteros
1298 5763 1468 5818 nuper
1484 5763 1774 5803 conversos
1791 5763 1806 5812 ;

2567 5747 2798 5804 Froben.
2829 5746 2952 5804 108.
2992 5745 3259 5815 lntegrior
3283 5746 3374 5836 hic
3401 5760 3498 5820 ap-

235 5812 324 5871 βαι
358 5814 428 5870 ad
456 5815 807 5905 presbyteros
835 5812 1129 5878 monachos
1166 5819 1258 5886 diu
1283 5818 1338 5897 in
1373 5812 1566 5899 ofﬁciis
1614 5818 1810 5893 divinis
1917 5826 2074 5894 paret
2091 5833 2159 5873 ex
2189 5818 2310 5874 cod.
2336 5812 2534 5894 Salisb.
