4062 6438
607 298 710 357 391

1482 299 1544 355 Β.
1580 299 1644 356 F.
1683 297 1911 354 auum
1947 297 2079 355 seu
2111 296 2388 355 ALCUINI
2421 297 2707 356 OPERUM
2743 260 2921 356 rans
2957 301 2997 356 ι.

608 421 767 482 cepta
789 409 1104 479 cbaritatis;
1129 419 1185 467 et
1220 426 1389 467 unum
1439 411 1698 484 sagellum
1740 412 1922 467 album
1971 413 2190 480 subtile,
2221 417 2270 477 Α
2293 427 2554 482 personas
2592 420 2698 467 tuae
2741 413 3088 469 beatitudinis
3116 413 3256 469 foret
3305 416 3665 472 conversatio.
3704 415 3883 476 Etiam

608 511 829 576 pr0pter
847 514 1119 575 perpetuae
1139 504 1288 574 pacis
1317 505 1680 568 concordiam,
1707 519 1828 575 quae
1849 519 2061 576 semper
2084 520 2190 559 una

609 597 798 652 eadem
835 597 1053 653 debebit
1087 613 1206 654 esse
1259 599 1400 654 inter
1455 613 1572 654 nos.
1625 599 1809 655 Direxi
1862 614 2076 669 quoque
2123 598 2192 653 ad

609 688 1097 756 transcribendum,
1122 691 1166 746 si
1195 691 1390 760 placet,
1421 690 1684 761 nobisque
1729 691 1925 746 iterum
1966 691 2192 747 redden-

610 779 737 836 dum
769 780 917 852 (quia
950 780 1094 836 aliud
1127 797 1234 836 non
1266 781 1459 847 habeo,
1485 782 1589 838 nisi
1614 782 1743 837 illud
1773 784 2000 853 tantum)
2033 782 2189 853 162

606 874 924 944 opusculum
944 874 998 929 in
1023 871 1385 930 Ecclesiasten
1414 874 1739 931 Salomonis.
1763 874 1928 944 Cujus
1947 874 2191 944 opusculi

607 981 830 1022 causam
845 974 900 1022 et
917 967 1181 1022 rationem
1197 983 1265 1023 ex
1287 967 1404 1037 ipso
1420 967 1640 1038 prologo
1655 967 1952 1038 intelligere
1965 967 2187 1038 poteris.

606 1058 714 1115 Sed
737 1059 995 1130 deprecor
1021 1067 1083 1114 ut
1109 1060 1271 1116 citius
1306 1060 1724 1124 transcribatur,
1756 1060 1800 1114 si
1830 1059 2051 1131 dignum
2093 1059 2192 1114 du-

602 1166 718 1217 cas,
747 1159 908 1221 atque
946 1167 1073 1206 mox
1102 1152 1412 1207 remittatur
1448 1151 1637 1218 nobis,
1674 1166 1742 1206 ne
1786 1160 1972 1222 pereat
2007 1151 2193 1221 pueris

600 1244 805 1300 nostris
827 1242 1031 1300 laboris
1064 1245 1237 1300 nostri
1264 1244 1498 1309 devotio,
1527 1243 1653 1314 quia
1694 1243 1862 1310 aliud,
1887 1244 2028 1298 sicut
2054 1242 2190 1309 dixi,

601 1353 710 1395 non
765 1337 963 1403 habeo,
1014 1336 1117 1392 nisi
1163 1337 1306 1392 istud
1353 1337 1747 1391 tantummodo.
1801 1333 2193 1409 [Omnipotens

601 1427 746 1484 Deus
788 1437 1047 1498 perpetua
1094 1437 1148 1483 te
1187 1429 1547 1498 prosperitate
1597 1427 1874 1484 custodire
1920 1428 2189 1498 dignetur,

599 1526 765 1589 atque
791 1518 847 1572 in
876 1519 1129 1575 omnibus
1157 1527 1468 1573 sanctarum
1488 1518 1692 1574 divitiis
1713 1519 1973 1573 virtutum
1998 1516 2193 1572 ﬂorere

600 1608 896 1676 concedat,
923 1608 1140 1664 domine
1168 1607 1331 1662 Pater
1357 1615 1412 1664 et
1442 1608 1939 1664 desiderantissime
1971 1601 2192 1678 frater.)

1064 1778 1090 1805 ι
1125 1763 1461 1820 EPISTOLA
1483 1765 1730 1821 CXLVII.

907 1874 976 1914 AD
1014 1874 1372 1914 THEODULFUI
1410 1872 1863 1914 ARCHIEPISCOPUI
1872 1896 1886 1911 .

1099 1972 1279 2045 (Circa
1312 1989 1514 2028 annum
1542 1973 1696 2046 802.)

595 2083 805 2158 Laudat
850 2083 995 2158 illius
1037 2085 1251 2158 virtutes
1277 2101 1308 2158 :7
1319 2085 1620 2157 gratulatur
1644 2087 1708 2158 de
1737 2087 1941 2140 obtenta
1968 2087 2032 2140 ab
2058 2104 2187 2158 apo-

669 2154 856 2228 stolica
900 2155 1256 2228 sedepallio;
1292 2154 1538 2228 hortatur
1583 2157 1652 2211 ad
1691 2158 1970 2212 instantem
1996 2154 2190 2228 praedi-

667 2226 943 2280 cationem.
978 2225 1260 2280 Itineranti
1291 2226 1469 2298 fausta
1495 2237 1759 2298 precatur.

664 2337 761 2400 Pio
788 2338 938 2392 Patri
956 2345 1012 2393 et
1033 2339 1285 2408 prudenti
1306 2339 1584 2410 magistro,
1612 2341 1877 2411 nobisque
1900 2356 2022 2397 cum
2041 2343 2188 2398 omni

593 2441 780 2484 amore
821 2428 1194 2498 amplectendo
1224 2429 1252 2468 ι)
1285 2428 1584 2484 Theodulfo
1634 2429 2056 2502 archiepiscopo,
2090 2431 2189 2486 hu-

591 2520 738 2577 milis
763 2519 924 2576 levita
948 2519 1209 2576 Alcuinus
1235 2520 1486 2575 salutem.

667 2612 854 2669 Solent
897 2627 962 2668 ex
995 2614 1292 2669 abundanti
1317 2614 1600 2670 cbaritatis
1629 2613 1777 2670 fonte
1822 2615 1986 2670 verba
2024 2613 2191 2670 ﬂuere

595 2706 916 2771 dulcedinis,
964 2706 1090 2778 quia
1120 2707 1392 2776 quoddam
1422 2706 1763 2780 refrigerium
1795 2716 1878 2763 est
1910 2708 2190 2763 aestuantis

595 2799 653 2859 in
681 2815 867 2855 amore
911 2801 1089 2854 cordis
1115 2799 1458 2854 sermonibus
1495 2800 1809 2866 ostendere,
1837 2798 1980 2869 quod
2008 2806 2190 2853 mente

595 2891 833 2948 maxime
856 2899 1093 2947 tenetur.
1124 2890 1280 2947 Unde
1307 2906 1406 2961 ego
1431 2892 1654 2962 privata:
1689 2892 1974 2947 cbaritatis
1997 2891 2192 2945 instin-

595 2987 686 3036 ctu
717 2978 1024 3037 condictum
1051 2980 1305 3036 amicitia:
1326 2980 1416 3049 jus
1443 2982 1661 3052 pietatis
1706 2981 1902 3036 intuitu
1928 2997 2190 3037 renovare

594 3075 836 3146 cupiens,
870 3075 955 3130 his
977 3074 1232 3129 litterulis
1271 3082 1466 3130 vestrae
1493 3075 1771 3157 sanctitati
1807 3075 1965 3131 ﬁdem
2013 3089 2189 3129 meam

2292 517 2454 571 quam
2489 503 2577 571 pia
2605 511 2659 557 et
2685 503 2934 574 religiosa
2962 504 3244 560 sedulitate
3271 507 3641 564 ecclesiastica
3677 511 3886 570 colere:

2292 594 2497 662 cilicia;
2532 595 2616 650 vel
2659 597 2892 664 qualiter
2926 597 3120 666 impias
3146 597 3566 668 disceptationes
3613 602 3743 657 odio
3784 605 3883 659 ha-

2292 689 2481 756 beres;
2511 691 2766 760 quoniam
2790 691 2972 746 omnia
2997 692 3358 747 certissimum
3387 702 3472 749 est
3490 693 3603 750 Deo
3636 695 3882 765 placere;

2291 790 2348 837 et
2376 783 2559 838 Sancti
2601 782 2836 852 Spiritus
2873 785 3104 854 gratiam
3155 793 3246 840 tuo
3291 785 3497 855 pectori
3545 787 3886 844 abundanter

2292 873 2516 930 inﬂuere
2553 875 2945 939 demonstrant,
2974 884 3029 930 et
3072 876 3219 932 illam
3266 885 3358 934 tuo
3404 879 3567 935 corde
3600 881 3886 938 ardescere

2291 968 2584 1034 ﬂammam,
2615 984 2778 1038 quam
2809 969 2923 1038 ipsa
2950 968 3167 1024 Veritas
3212 977 3444 1025 testatur
3481 985 3540 1026 se
3576 971 3799 1027 mittere
3833 973 3885 1028 in

2292 1071 2516 1128 terram,
2544 1069 2604 1116 ut
2633 1062 2850 1116 arderet
2869 1060 3022 1133 (Luc.
3053 1077 3152 1129 ιιι,
3183 1061 3297 1134 49),
3322 1063 3575 1133 quoniam
3603 1063 3768 1120 nullis
3790 1080 3887 1136 po-

2294 1153 2421 1209 terit
2450 1152 2761 1208 ﬂuminibus
2789 1152 3052 1224 extingui.

2363 1248 2614 1304 Gaudens
2648 1247 2892 1318 gaudebo
2933 1247 2998 1302 de
3046 1257 3338 1319 augmento
3373 1249 3596 1305 honoris
3633 1252 3807 1306 vestri
3834 1261 3886 1308 et

2291 1340 2317 1381 δ
2335 1342 2400 1396 de
2427 1340 2604 1412 sigillo
2624 1339 2976 1395 sacerdotalis
2992 1340 3282 1410 dignitatis,
3309 1341 3451 1410 quod
3474 1341 3774 1410 apostolica
3795 1358 3886 1397 vo-

2291 1436 2377 1504 bis
2425 1436 2793 1506 superaddidit
2837 1438 3162 1504 auctoritas;
3209 1438 3305 1493 sed
3353 1439 3528 1494 sciens
3573 1440 3713 1495 scito
3746 1440 3884 1509 quod

2293 1526 2454 1597 hujus
2495 1526 2716 1582 honoris
2747 1526 2967 1582 claritas
3009 1527 3410 1598 praedicationis
3452 1530 3632 1600 poscit
3680 1529 3884 1586 instan-

2293 1616 2443 1672 tiam.
2472 1616 2702 1671 Pallium
2735 1617 3065 1673 sacerdotale
3093 1619 3341 1674 diadema
3366 1628 3468 1675 est.
3503 1619 3659 1675 Sicut
3678 1621 3882 1690 regium

2294 1709 2538 1766 diadema
2567 1709 2743 1782 fulgor
2767 1727 3101 1783 gemmarum
3135 1720 3310 1778 ornat,
3361 1715 3436 1768 ita
3468 1713 3664 1770 ﬁducia
3693 1715 3884 1784 pradi-

2220 1813 2270 1874 Β
2295 1802 2525 1857 cationis
2567 1803 2714 1872 pallii
2760 1819 2958 1859 ornare
2997 1804 3156 1860 debet
3201 1805 3481 1860 honorem.
3528 1805 3586 1860 ln
3613 1807 3720 1861 hoc
3745 1806 3884 1861 enim

2292 1894 2554 1948 honorem
2594 1910 2752 1949 suum
2782 1895 2962 1961 habet,
3013 1896 3059 1952 si
3095 1898 3328 1966 portitor
3354 1897 3598 1953 veritatis
3627 1899 3884 1968 praedica-

2292 1994 2378 2042 tor
2405 1988 2608 2043 existit.
2655 1989 2859 2045 Memor
2904 1999 3022 2045 esto
3069 1989 3422 2046 sacerdotalis
3465 1991 3750 2062 dignitatis
3793 1991 3883 2046 lin-

2290 2092 2449 2148 guam
2483 2077 2720 2134 caelestis
2748 2095 2869 2136 esse
2908 2081 3116 2135 clavem
3154 2081 3388 2150 imperii,
3426 2089 3480 2135 et
3527 2081 3884 2136 clarissimam

2292 2176 2593 2224 castrorum
2650 2170 2850 2226 Christi
2882 2172 3102 2238 tubam;
3132 2182 3463 2243 quapropter
3487 2189 3556 2228 ne
3587 2173 3771 2236 sileas,
3824 2189 3885 2228 ne

2290 2269 2491 2328 taceas,
2535 2277 2601 2316 ne
2629 2262 2888 2320 formides
2919 2264 3088 2334 loqui,
3122 2265 3329 2320 habens
3356 2266 3557 2336 ubique
3595 2268 3784 2337 cperis
3812 2270 3882 2322 tui

2290 2353 2618 2424 itinerisque.
2639 2353 2916 2410 Christum
2945 2356 3152 2411 socium
3177 2355 3577 2428 etIadjutorem.
3601 2356 3718 2412 Nec
3745 2357 3881 2413 enim

2288 2447 2371 2502 fas
2401 2455 2629 2503 esttam
2659 2448 2790 2504 clari
2839 2449 3086 2515 luminis,
3135 2459 3246 2506 tam
3293 2451 3563 2507 alliuentis
3609 2453 3884 2524 sapientia:

2287 2540 2568 2597 lucernam
2595 2543 2695 2597 sub
2726 2543 2906 2598 modio
2940 2544 3220 2611 abscondi,
3245 2544 3340 2599 sed
3367 2545 3420 2599 in
3469 2545 3736 2601 honorem
3787 2545 3883 2601 lar-

2289 2633 2484 2705 gitoris
2524 2633 2777 2688 omnibus
2808 2633 3184 2703 splendescere
3232 2634 3437 2690 lumine
3481 2635 3757 2702 veritatis,
3800 2637 3882 2707 qui

2289 2721 2509 2777 domum
2541 2723 2636 2777 Dei
2670 2722 3076 2794 ingrediuntur;
3101 2726 3224 2796 quia
3253 2727 3436 2780 messis
3459 2727 3675 2797 quidem
3718 2728 3881 2781 multa

2289 2823 2384 2878 est,
2420 2815 2648 2886 aperarii
2693 2825 2867 2870 autem
2907 2818 3064 2887 pauci
3093 2816 3308 2889 (Matth.
3349 2834 3424 2882 1x,
3469 2816 3582 2889 57).
3631 2816 3740 2873 Sed
3784 2833 3884 2890 quo

2289 2907 2544 2972 rariores,
2571 2922 2634 2962 eo
2678 2907 3026 2964 instantiores
3057 2909 3149 2978 qui
3195 2917 3321 2964 sunt
3349 2923 3469 2964 esse
3517 2924 3744 2966 necesse
3784 2920 3882 2966 est.

2289 3001 2506 3068 Exalta,
2552 3001 2628 3055 ait
2671 3000 2960 3072 Propheta,
3009 3003 3143 3058 sicut
3181 3003 3306 3057 tuba
3349 3020 3520 3082 vocem
3558 3012 3707 3056 tuam
3729 3002 3882 3073 (Isai.

2290 3108 2442 3160 Lvm,
2485 3093 2560 3166 l).
2609 3093 2867 3164 Aliusque
2897 3113 2909 3148 :
2943 3094 3026 3150 Sit
3083 3104 3265 3166 guttur
3306 3103 3452 3148 tuum
3509 3094 3646 3148 sicut
3712 3093 3885 3164 aquila

593 3166 651 3224 in
678 3167 994 3223 memoriam
1024 3183 1280 3224 revocare
1317 3168 1484 3234 volui,
1531 3184 1601 3224 ne
1648 3169 1936 3224 thesaurus
1977 3183 2187 3224 memo-

2293 3189 2417 3243 tuba
2447 3187 2546 3260 [Ita
2575 3205 2673 3242 ms.
2712 3187 2829 3260 lege
2857 3203 2872 3242 :
2899 3187 2966 3243 In
2997 3198 3205 3259 gutture
3237 3189 3302 3242 sit
3329 3189 3452 3242 tuba
3492 3187 3644 3258 quasi
3687 3186 3884 3258 aquila,

595 3257 692 3313 riae
720 3258 879 3330 longa
915 3259 1204 3315 oblivionis
1231 3259 1480 3332 rubigine
1505 3260 1729 3316 vilescat
1759 3279 1773 3315 :
1804 3261 2038 3315 maxime
2061 3260 2188 3332 quia

594 3347 740 3405 ﬁlius
781 3356 967 3405 noster
1015 3350 1309 3420 Candidus,
1349 3362 1530 3410 vester
1575 3354 1749 3411 ﬁdelis
1788 3355 2041 3421 famulus,
2073 3356 2191 3427 plu-

593 3444 736 3502 rima
774 3429 1032 3502 bonitatis
1078 3447 1311 3517 insignia
1359 3451 1516 3506 nobis
1561 3451 1625 3506 de
1662 3460 1857 3507 vestrae
1902 3452 2190 3507 beatitudi-

591 3537 682 3595 nis
707 3539 923 3594 nomine
949 3555 1172 3594 narrare
1197 3541 1364 3607 solet;
1396 3541 1480 3594 vel
1512 3558 1675 3611 quam
1715 3542 1885 3598 libera
1922 3558 2054 3598 voce
2081 3543 2136 3597 in
2161 3553 2183 3581 ε

593 3637 865 3684 conventu
885 3628 1103 3698 publico
1124 3630 1372 3686 veritatis
1402 3632 1710 3687 testimonia
1732 3634 2073 3702 pertulisset;
2103 3632 2186 3689 vel

591 3731 757 3791 quam
806 3719 1048 3776 honestis
1097 3722 1337 3778 moribus
1381 3722 1526 3778 inter
1558 3723 1796 3793 majores
1841 3725 2189 3797 minoresque

666 3865 694 3925 _I
733 3853 966 3925 Eroben.
994 3855 1153 3925 epist.
1185 3856 1308 3912 195.

662 3923 1446 3998 b_Theodquiarchiepiscopo
1493 3927 1888 3985 Aurelianensi.
1939 3929 2040 3986 Ubi
2088 3946 2187 3986 no-

591 3995 787 4069 tandus
828 4003 912 4050 est
938 3995 1128 4052 titulus
1166 3995 1579 4067 archiepiscopi,
1607 3999 1697 4069 qui
1738 4000 1812 4054 illi
1839 4016 1946 4055 non
1978 4002 2188 4056 ratione

590 4065 735 4120 sedis
769 4080 897 4132 sum,
931 4082 1050 4140 quae
1087 4065 1370 4140 nunquam
1395 4065 1789 4140 meti-opolitica
1821 4070 1939 4137 fuit,
1971 4073 2065 4127 sed
2091 4074 2188 4127 ho-

588 4150 723 4213 nore
748 4138 1043 4213 personali,
1064 4139 1134 4193 ob
1157 4139 1408 4210 adeptum
1433 4157 1463 4194 a
1481 4138 1607 4213 sede
1628 4143 1920 4211 apostolica
1942 4143 2182 4213 pallium,

589 4214 651 4260 ut
694 4207 922 4284 inferius
953 4209 1149 4284 dicam,
1182 4207 1551 4284 cofnpetebat.
1577 4207 1806 4284 Scripsit
1842 4207 1972 4268 vero
2005 4215 2188 4269 AlClll-

588 4291 693 4354 nus
719 4277 858 4333 hanc
895 4280 1201 4354 epistolam,
1238 4277 1400 4354 prout
1425 4298 1491 4337 ex
1522 4283 1665 4337 illius
1689 4277 1945 4339 contextu
1993 4286 2182 4354 liquet,

589 4352 658 4402 εἰ
680 4351 1010 4424 monasterio
1029 4351 1330 4424 Turonensi
1354 4362 1476 4420 post
1499 4370 1698 4408 annum
1730 4355 1833 4409 796
1850 4370 1957 4424 quo
1983 4371 2042 4410 se
2053 4351 2188 4410 illuc

588 4418 821 4496 recepit;
870 4429 924 4496 et
968 4435 1034 4475 eo
1083 4418 1608 4496 quidem_tempore,
1653 4441 1760 4492 quo
1789 4418 2012 4496 jatiijam
2042 4427 2186 4480 vires

589 4489 834 4560 corporis
859 4490 929 4543 ob
960 4491 1273 4544 continuam
1299 4489 1506 4546 febrem
1534 4489 1720 4548 fracta:
1751 4489 1955 4560 essent,
1987 4506 2041 4550 et
2063 4512 2187 4551 sen-

588 4555 1031 4634 sim’delicerent,
1059 4560 1257 4634 de_qu_o
1282 4561 1336 4634 in
1358 4561 1478 4616 aliis
1517 4579 1730 4634 quoque
1757 4555 2020 4633 epistolis,
2045 4583 2186 4622 anno
2218 4558 2267 4618 D

588 4624 696 4705 800_
740 4637 793 4682 et
837 4629 1013 4684 serius
1042 4624 1281 4705 scriptis,
1300 4624 1612 4705 ingemiscit
1642 4624 1660 4687 Ξ
1689 4624 2018 4705 praesentem
2055 4653 2187 4693 vero

589 4697 847 4820 πτερίδα)
891 4715 1011 4755 esse
1044 4697 1184 4755 anno
1222 4701 1328 4756 802
1357 4697 1409 4757 in
1440 4704 1582 4759 notis
1607 4697 1960 4775 sequentibus
2001 4708 2190 4764 obser-

589 4782 657 4820 va
699 4783 858 4820 imus.

588 4782 858 4823 vantmus.

664 4848 686 4876 ο
730 4837 796 4892 In
828 4853 1078 4919 conuentu
1106 4842 1333 4912 publica.
1363 4843 1476 4919 Hoc
1515 4863 1623 4902 non
1661 4846 1728 4919 de
1756 4848 1961 4919 synodo
1987 4850 2187 4906 dioece-

589 4923 740 4972 sana,
788 4912 882 4990 sed
911 4912 976 4967 de
1007 4923 1296 4990 _conventu
1346 4918 1511 4990 totius
1550 4918 1700 4990 regni
1742 4912 1836 4973 seu
1888 4919 2100 4990 imperii
2129 4921 2184 4976 in

587 4981 874 5062 praesentia
909 4983 1053 5062 regis
1080 4999 1177 5039 seu
1204 4985 1558 5062 imperatoris
1576 4981 1851 5062 celebrato
1882 4981 2186 5062 intelligen-

588 5049 717 5143 dum
741 5066 956 5107 censeo.
976 5049 1085 5143 llic
1111 5070 1259 5143 veil),
1279 5049 1881 5143 'tneoqui‘dem‘judicio
1908 5077 2015 5143 non
2046 5049 2183 5117 alius

591 5117 710 5204 fuit,
757 5138 988 5204 quocum
1043 5125 1148 5204 iter
1191 5117 1469 5204 Theodulli
1507 5117 1932 5204 Aurelianensis,
1980 5132 2046 5187 de
2077 5149 2185 5204 quo

587 5189 752 5257 infra,
775 5189 1299 5274 combinaripossit,
1336 5214 1498 5274 quam
1528 5211 1824 5274 conventus
1851 5189 2184 5274 filleAqu'is-

589 5264 1019 5345 granensisanni
1049 5264 1155 5322 8072
1176 5267 1228 5345 in
1253 5264 1369 5338 quo'
1385 5270 1682 5345 imperator
1709 5273 1933 5328 Carolus
1961 5264 2184 5345 Magnus

595 5335 1105 5418 r'archiepiscopos,
1146 5335 1446 5411 episcopos,
1462 5335 1700 5399 'abbates
1733 5351 1794 5418 et
1820 5335 2183 5418 comitesvele-

589 5408 686 5474 git,
715 5421 850 5486 quos
878 5408 931 5461 in
955 5408 1687 5486 universutnrégnutnsuum
1705 5414 1934 5486 direxit,
1970 5435 1989 5468 ι
2022 5425 2182 5486 prout

586 5483 773 5551 narrat
787 5477 1077 5551 chronicon
1097 5477 1619 5539 Moissiacénse.Vid.
1635 5485 1719 5539 inf
1718 5501 1794 5550 ra,
1811 5477 2054 5551 col.'595',
2070 5501 2178 5542 n.a.

567 5566 570 5570 ·
604 5611 619 5625 ἱ
659 5541 804 5625 dJDe.
846 5547 1018 5617 sigillo
1065 5553 1406 5625 sacerdotalis
1454 5554 1746 5625 dignitatis,
1783 5541 1893 5612 etc.
1928 5541 2180 5613 Virorum

588 5611 1054 5697 doctissimorum,
1073 5622 1311 5697 Samnii,
1354 5611 1539 5697 Pagii:
1561 5611 1865 5697 Sirmondi,
1888 5611 2177 5685 Mabilloﬁnii

585 5691 647 5768 et
687 5683 1150 5768 aliorum___i)pinio
1202 5683 1466 5768 hactenus
1503 5683 1634 5760 luit,
1691 5683 2179 5768 Theodulphuma

591 5751 866 5834 Stephano
909 5759 975 5816 IV
1001 5751 1161 5834 papa,
1193 5766 1322 5820 dum
1361 5767 1409 5820 is
1447 5781 1590 5820 anno
1619 5751 1977 5822 Sltilihemi‘s
2000 5751 2180 5826 Ludo:

587 5828 770 5902 vicum
801 5828 1182 5906 impera—torem
1229 5844 1562 5906 coronasset,
1612 5838 1835 5912 pallium
1883 5842 2172 5914 accepisse,

2291 3279 2423 3352 etc.]
2453 3296 2609 3351 super
2633 3279 2846 3334 domum
2867 3280 2966 3334 Dei
2990 3280 3164 3352 (Osew
3189 3297 3308 3344 vm,
3345 3279 3420 3351 1).
3447 3279 3598 3335 Multi
3620 3288 3879 3349 occupant

2292 3381 2512 3438 terram,
2544 3372 2638 3428 sed
2663 3371 2927 3441 quaerenti
2971 3370 3189 3428 Christo
3219 3371 3453 3426 fructum
3495 3387 3601 3427 non
3642 3370 3908 3447 aﬂ‘erent.\

2291 3462 2406 3517 Tua
2434 3477 2586 3527 vero,
2615 3461 2699 3516 vir
2729 3460 3054 3526 venerande,
3088 3462 3349 3516 sanctitas
3384 3461 3616 3516 honoret
3645 3461 3871 3516 ministe

2290 3557 2431 3611 rium
2463 3563 2646 3622 tuum;
2677 3555 2908 3626 praedica
2931 3557 3680 3626 opportune,importune,et
3694 3564 3752 3610 ut
3775 3565 3876 3610 tra-

2288 3657 2479 3719 pazeta
2507 3649 2724 3718 sapiens
2745 3647 3044 3719 multiplica
3067 3648 3353 3719 pecuniam
3377 3649 3612 3714 Domini,
3644 3657 3708 3704 ut
3732 3649 3874 3705 dena-

2289 3739 2370 3794 ria
2399 3739 2650 3795 mercede
2678 3739 2872 3810 dignus
2897 3737 3169 3795 eﬂiciaris.

2288 3883 2344 3958 et
2375 3882 2522 3956 tunc.
2548 3874 2778 3958 demum_
2801 3875 3504 3958 archiepiscopum-dictum
3538 3877 3727 3958 fuisse.
3778 3878 3878 3934 Sed

2288 3945 2404 4000 haec
2437 3945 2620 4015 opinio
2655 3962 2720 4018 ea;
2763 3945 2865 4018 hac
2908 3945 3381 4018 epistola'penitus
3423 3949 3709 4016 evertitur,
3760 3965 3876 4005 cum

2289 4025 2496 4071 certum
2545 4018 2617 4070 sit
2654 4015 2941 4071 Alcuinum
2985 4015 3349 4073 vitam'suam
3381 4019 3449 4074 ad
3478 4019 3630 4075 illum
3679 4015 3876 4076 annum

2288 4103 2396 4142 non
2429 4087 2768 4156 produxisse.

2359 4156 2711 4232 Occasionem
2770 4157 3174 4232 errandi__viri_s
3211 4160 3614 4232 celeberrimis
3656 4163 3879 4232 praebuit

2289 4243 2510 4304 carmen
2554 4228 3052 4304 ipsiusu'l‘lteodulli
3099 4230 3168 4304 ad
3211 4230 3519 4304 Modoinum
3563 4228 3878 4304 (Sirmondi,

2287 4307 2419 4371 tom.
2468 4298 2531 4362 ll,
2560 4314 2684 4369 pag.
2718 4298 2866 4370 825),
2897 4299 3038 4370 quod
3071 4301 3137 4356 ad
3174 4317 3374 4356 annum
3404 4303 3508 4358 8-l7
3542 4298 3807 4371 referunt,
3831 4298 3881 4360 et

2290 4370 2439 4424 hisce
2470 4371 2718 4425 versibus
2745 4371 3120 4425 concluditur:

2478 4460 2642 4529 Solius
2667 4459 2784 4509 illud
2809 4473 2936 4523 Opus
2959 4459 3162 4529 Romani
3193 4463 3415 4525 prtesulis
3438 4470 3620 4529 exstat,

2542 4521 2690 4583 Cujus
2715 4535 2812 4585 ego
2835 4521 3002 4585 iccepi
3027 4523 3169 4585 pallia
3194 4521 3367 4574 'sancta
3388 4538 3551 4576 manu.

2290 4601 2445 4678 Hunc
2490 4617 2620 4678 ergo
2658 4602 2835 4678 locum
2879 4604 2946 4678 de
2988 4603 3262 4678 Stephano
3303 4606 3371 4678 IV
3399 4623 3557 4678 papa.
3590 4609 3677 4664 cui
3712 4610 3880 4666 Theo-

2288 4671 2468 4727 dulfus
2517 4671 2862 4729 a'Ludovico
2889 4673 2984 4729 Pio
3006 4671 3220 4731 obviam
3249 4671 3446 4734 missus
3471 4671 3670 4744 luerat,
3721 4683 3881 4736 inter-

2285 4744 2642 4822 pretatisunt
2665 4745 2767 4822 viri
2807 4744 3028 4822 laudati,
3065 4748 3314 4822 quamvis
3343 4740 3679 4822 'l‘heodulfhs
3707 4753 3881 4822 ponti-

2287 4813 2446 4868 licem
2491 4814 2563 4869 ibi
2609 4815 2753 4869 haud
2798 4813 3178 4871 nominaverit.
3217 4819 3505 4875 Enimvero
3551 4813 3881 4878 Theodulfus

2286 4883 2341 4937 in
2371 4900 2436 4938 eo
2465 4886 2706 4941 carmine
2743 4887 3115 4971 conqueritur,
3160 4904 3219 4944 se
3244 4889 3400 4971 culpa
3424 4908 3608 4971 neque
3636 4895 3878 4971 probata,

2286 4969 2461 5025 neque
2490 4971 2729 5025 unquam
2757 4972 2787 5010 a
2815 4972 2874 5011 se
2903 4959 3165 5021 confessa,
3192 4959 3384 5015 exsilio
3406 4959 3726 5018 damnatum
3754 4964 3880 5020 fuis-

2285 5041 2363 5106 se,
2391 5026 2666 5096 additque,
2688 5027 2829 5096 quod
2858 5029 2909 5106 i_n
2939 5045 2997 5084 se
3027 5030 3529 5106 etia_m_confessum
3550 5049 3715 5106 nemo
3736 5035 3879 5106 judi-

2286 5095 2426 5174 cium
2459 5095 2716 5174 exercere
2734 5098 3018 5174 potuisset,
3046 5101 3150 5156 nisi
3169 5101 3461 5174 ﬂomanus
3493 5095 3764 5174 pontifex:
3795 5120 3882 5165 seu

2285 5167 2441 5222 sedes
2468 5167 2791 5234 Romana,’a
2816 5185 2920 5240 qua
2952 5171 3066 5241 ipse
3097 5172 3318 5242 pallium
3342 5167 3644 5245 accepisset
3676 5193 3692 5232 :

2473 5281 2585 5349 Est_o
2607 5280 2772 5349 forem
2788 5282 2963 5349 fassus,
2985 5287 3160 5348 inquit,
3185 5287 3323 5349 cujus
3345 5300 3553 5339 censura
3578 5290 3781 5344 valeret

2533 5343 2734 5412 pedere
2755 5345 2924 5412 judicii
2949 5343 3164 5408 congrua
3190 5343 3510 5412 t‘rénajnihi‘?

2469 5405 2631 5455 Solius
2656 5405 2770 5455 illud
2793 5421 2932 5471 Opus,
2953 5405 3066 5469 etc,
3087 5419 3137 5460 ut
3155 5423 3322 5473 supra.

2354 5493 2666 5574 :l‘cnendum
2688 5497 2878 5574 _igitur
2919 5498 3302 5574 Th_eodull‘um,
3333 5503 3549 5562 vivente
3589 5508 3770 5566 adhuc
3789 5510 3877 5566 Al-

2282 5567 2461 5650 cuino,
2489 5582 2595 5650 non
2625 5583 2655 5620 a
2685 5567 2962 5650 Stephano
2988 5570 3078 5650 IY,
3107 5574 3203 5650 sed
3226 5589 3256 5628 a
3283 5567 3464 5633 Leone
3488 5577 3576 5644 ΙΙΙ,
3600 5588 3656 5650 et
3686 5582 3878 5650 proba-

2281 5635 2441 5716 bilius
2467 5638 2705 5716 quidem,
2732 5635 2893 5716 prout
2920 5635 3101 5716 statim
3129 5641 3389 5716 dicemus,
3419 5635 3719 5716 anno'802l,
3753 5635 3876 5710 dum

2281 5712 2538 5789 tanquam
2577 5709 2774 5789 missus
2802 5709 3111 5789 dominicus
3141 5709 3462 5789 legationem
3504 5720 3559 5774 in
3595 5709 3876 5789 provincia

2281 5775 2616 5865 {Va-mo"???
2642 5779 2836 5865 om?"
2873 5782 3170 5865 “honore
3193 5775 3359 5858 “pallii
3402 5797 3457 5846 et
3496 5775 3874 5865 titulo

2279 5846 2515 5934 episcopi
2546 5849 2710 5906 fuisse
2731 5851 3065 5922 decoratum,
