4064 6342
343 496 447 551 Hoc
466 507 608 559 Opus,
628 505 725 559 hoc
746 494 931 559 etenim
949 492 1108 559 forsan
1131 499 1184 547 te
1205 496 1448 547 subtrahit
1467 495 1571 559 igni

341 561 442 612 Hoc
459 557 602 624 opus,
628 557 719 608 hoc
743 558 925 609 etenim
948 557 1138 608 caelesti
1163 566 1212 609 te
1235 559 1410 609 inserit
1431 557 1571 608 aulae.

291 668 400 726 Hoc
431 674 610 738 poeta.
659 663 765 720 Sed
807 662 1102 734 apostolica
1145 662 1444 719 auctoritas
1473 663 1576 718 hoc
1602 662 1806 734 ubique

229 764 506 820 admonere
534 758 829 828 probatur;
868 755 972 811 hoc
1002 763 1058 810 et
1087 755 1202 825 ipsa
1224 754 1440 812 Veritas
1462 755 1706 826 praecipit
1727 756 1808 811 di-

228 866 380 908 cens:
413 847 514 914 Ite,
556 846 732 902 docete
769 863 946 901 omnes
986 854 1160 917 gentes
1201 843 1417 917 (Matth.
1461 861 1652 910 xxviii,
1694 845 1804 916 19).

226 942 347 998 Item
386 939 674 995 Psalmista
715 938 922 992 beatum
967 951 1087 993 esse
1118 934 1300 1002 refert,
1339 936 1429 1008 qui
1473 936 1811 992 meditabitur

223 1035 272 1089 in
297 1032 402 1105 lege
429 1032 646 1088 Domini
671 1031 757 1086 die
781 1048 844 1086 ac
879 1038 1027 1086 nocte
1051 1027 1225 1102 (Psal.
1255 1045 1298 1096 ι,
1321 1027 1400 1102 2).

285 1144 527 1199 Plurima
571 1140 712 1197 forte
770 1149 968 1198 vestrae
1014 1139 1229 1196 videtur
1283 1138 1588 1212 prudentiae
1630 1154 1809 1195 meam

222 1235 422 1308 garrire
473 1233 846 1304 imperitiam;
898 1232 993 1288 sed
1052 1231 1259 1303 majora
1311 1239 1440 1302 opto
1482 1232 1637 1296 vobis
1674 1231 1812 1286 divi-

220 1340 298 1380 na:
336 1325 563 1396 pietatis
605 1322 838 1395 gratiam
871 1321 1132 1392 spiritalis
1177 1322 1530 1378 beatitudinis
1564 1322 1812 1380 conferre

219 1432 464 1475 munera.
484 1415 652 1488 Igitur
677 1432 741 1472 ea
775 1415 973 1471 ﬁducia
1014 1415 1114 1470 has
1137 1415 1337 1471 dictavi
1363 1415 1652 1482 litterulas,
1683 1416 1811 1487 quia

216 1508 458 1565 sciebam
503 1517 743 1564 vestram
788 1507 1135 1564 sanctitatem
1175 1508 1278 1579 pia:
1329 1508 1613 1564 charitatis
1657 1508 1812 1564 donis

216 1600 442 1656 divitem
467 1615 609 1669 esse,
642 1609 700 1657 et
725 1601 958 1658 libenter
994 1601 1262 1658 sustinere
1291 1602 1583 1657 verborum
1611 1603 1812 1673 ponde-

215 1711 293 1763 ra,
330 1711 458 1766 qua:
483 1711 552 1752 ex
576 1696 690 1752 veri
730 1697 934 1752 amoris
967 1696 1118 1752 fonte
1158 1694 1325 1752 ﬂuere
1358 1705 1674 1752 noscuntur.
1705 1696 1813 1752 Sed

214 1786 316 1843 hoc
345 1788 590 1844 maxime
625 1787 853 1858 supplici
885 1788 1148 1858 deprecor
1173 1795 1411 1857 pectore,
1433 1795 1492 1843 ut
1521 1803 1609 1844 me
1639 1787 1813 1844 famu-

1652 379 2032 440 EPISTOLE.

1812 506 1866 568 Α
1887 511 2077 566 perum
2091 495 2278 550 dividit
2291 495 2476 551 solatia
2487 536 2502 561 ,
2517 494 2693 553 sciens
2707 510 3004 569 pauperum
3016 513 3210 557 manus
3223 505 3489 578 gazophy-

3373 388 3483 448 594

1902 586 2097 642 lacium
2117 602 2236 643 esse
2247 585 2470 652 Christi,
2485 588 2576 657 qui
2591 603 2649 642 se
2659 589 2948 644 testabitur
2961 589 3015 643 in
3028 591 3114 645 die
3126 597 3320 664 magno
3335 609 3493 650 acce-

1901 678 2077 750 pisse,
2102 677 2362 751 quidquid
2387 679 2627 736 minimis
2652 681 2765 736 suis
2793 681 2848 736 in
2878 683 2981 738 hac
3005 685 3319 756 erogabitur
3346 685 3490 744 luce.

2339 793 2368 834 ι)
2403 793 2739 850 EPISTOLA
2777 795 3049 854 CXLVIII.

2531 903 2598 942 AD
2636 901 2875 943 EUMDEII.

1906 963 2146 1048 Epistola
2178 974 2400 1054 penitus_
2420 975 2728 1054 allegorica,
2751 980 2808 1054 in
2834 997 2937 1050 qua
2965 992 3300 1054 comparatur
3328 981 3499 1040 Theo-

2366 1045 2548 1116 dulfus
2576 1046 2729 1102 Patri
2755 1045 3022 1107 vinearum

1977 1137 2224 1194 Pontifici
2252 1153 2449 1208 magno
2473 1146 2527 1192 et
2549 1137 2697 1194 Patri
2723 1139 3004 1198 vinearum
3025 1143 3322 1203 Tlieodulfo
3350 1145 3502 1203 Albi-

1909 1247 2012 1287 nus
2035 1231 2288 1287 salutem.

1979 1323 2232 1392 Legimus
2273 1324 2328 1378 in
2361 1323 2797 1393 Paralipominon
2832 1325 2981 1383 cellis
3011 1345 3244 1400 praeesse
3279 1331 3502 1388 vinariis

1910 1415 2166 1469 Zabdiam
2187 1422 2429 1485 tempore
2444 1415 2634 1482 David,
2654 1417 2765 1472 Deo
2783 1418 3117 1476 dilectissimi
3139 1424 3280 1493 regis
3297 1423 3350 1493 (Ι
3367 1423 3500 1478 Par.

1911 1519 2081 1569 xxvii,
2113 1503 2238 1574 27);
2273 1507 2452 1571 modo,
2485 1507 2777 1563 miserante
2806 1509 2938 1576 Deo,
2963 1511 3170 1568 meliori
3197 1515 3396 1584 populo
3420 1531 3506 1571 se-

1875 1600 1880 1604 ”
1912 1598 2119 1652 cundus
2149 1606 2344 1668 praeest
2373 1599 2556 1663 David,
2585 1607 2640 1654 et
2669 1602 2770 1657 sub
2791 1617 2856 1657 eo
2884 1603 3115 1660 nobilior
3142 1605 3372 1663 Zabdias
3398 1607 3508 1662 cel~

1911 1689 1980 1744 lis
2008 1698 2206 1759 prmest
2233 1691 2514 1746 vinearum
2531 1732 2548 1759 ,
2577 1707 2738 1762 quem
2762 1694 3014 1750 ordinata
3046 1696 3307 1754 eharitate
3332 1699 3506 1754 intro-

1913 1782 2067 1837 duxit
2104 1797 2201 1838 rex
2234 1783 2292 1838 in
2329 1783 2518 1838 cellam
2552 1784 2850 1854 vinariam,
2887 1795 2948 1842 ut
2980 1787 3248 1845 scolastici
3283 1787 3508 1863 ﬂoribus

213 1877 322 1935 lim
341 1887 544 1936 vestrae
563 1879 868 1936 sanctitatis
888 1880 943 1934 in
965 1881 1168 1937 sanctis
1183 1880 1521 1936 orationibus
1539 1895 1812 1936 commen-
1841 1872 1890 1935 Β
1913 1872 2168 1930 fulcirth
2201 1889 2340 1941 eum,
2374 1884 2430 1932 et
2455 1877 2714 1948 stiparent
2740 1879 2898 1935 malis
2922 1895 3108 1937 amore
3136 1882 3509 1954 languentium

212 1970 406 2028 datum
445 1972 671 2039 habeas,
714 1987 781 2028 eo
809 1973 982 2044 magis
1015 1988 1123 2043 quo
1147 1973 1545 2045 appropinquat
1581 1972 1698 2029 dies
1721 1988 1807 2028 re-

213 2066 550 2124 tributionis.
577 2066 714 2122 Nam
742 2081 832 2122 me
872 2067 1038 2122 tacito
1064 2066 1203 2138 pede
1247 2082 1414 2124 curva
1455 2075 1706 2123 senectus
1730 2066 1809 2123 fe-

209 2160 424 2218 stinare
445 2161 590 2235 cogit
618 2162 687 2218 ad
705 2163 1052 2233 praesentiam
1075 2163 1275 2234 judicis
1298 2162 1436 2229 mei;
1469 2164 1565 2219 sed
1588 2173 1644 2219 et
1664 2165 1809 2218 viam

207 2250 431 2311 itineris
472 2256 601 2322 mei,
646 2256 801 2326 quasi
849 2256 992 2312 latro
1027 2257 1278 2324 rabidus,
1337 2257 1594 2312 continua
1642 2257 1811 2312 febris

201 2344 451 2413 obsidet,
489 2347 727 2418 spolians
765 2363 855 2403 me
887 2354 1084 2417 optatae
1130 2347 1320 2403 salutis
1345 2347 1709 2414 vestimentis,
1750 2355 1813 2402 ut

200 2435 302 2490 vix
332 2435 558 2506 aliquod
595 2436 875 2492 servitium
919 2437 976 2491 in
1004 2437 1164 2492 domo
1192 2437 1290 2491 Dei
1324 2435 1544 2506 explere
1579 2436 1808 2492 valeam.

199 2526 379 2582 Unde
422 2542 512 2583 me
554 2526 726 2597 major
768 2528 1026 2599 compulit
1063 2529 1360 2584 necessitas
1387 2529 1456 2585 ad
1489 2528 1814 2584 famulorum

199 2614 428 2671 Christi
470 2633 691 2674 currere
720 2618 1056 2690 suffragium,
1101 2627 1163 2674 ut
1205 2635 1292 2674 me
1327 2619 1533 2674 sanctis
1565 2625 1815 2689 satagant

203 2706 482 2777 adjuvare
518 2709 1022 2778 intercessionibus,
1058 2727 1151 2767 ne-
1173 2712 1353 2767 anima
1401 2727 1522 2767 mea
1570 2713 1816 2768 tradatur

203 2798 459 2856 inimicis
486 2801 699 2858 Domini
743 2803 848 2859 mei
875 2801 1003 2860 Jesu
1041 2802 1266 2861 Christi.
1292 2804 1374 2860 Tu
1412 2821 1560 2871 vero,
1597 2805 1682 2860 vir
1706 2805 1816 2862 cla-

205 2890 462 2962 rissime,
491 2893 580 2949 cui
605 2900 691 2950 est
722 2901 855 2950 tetas
881 2892 1071 2950 ﬂorida
1093 2903 1150 2951 et
1177 2895 1370 2951 vividae
1397 2895 1574 2952 virtus
1601 2898 1816 2967 sapien-

190 2984 321 3053 tiae,
351 2992 415 3041 et
441 2986 615 3042 sancti
641 2986 866 3043 honoris
906 2986 1231 3052 sublimitas,
1271 3001 1442 3042 sacrae
1479 2987 1817 3056 praedicatio-

206 3076 294 3133 nis
340 3075 761 3134 ﬂoribusavias
789 3079 1003 3135 itineris
1033 3079 1112 3134 tui
1163 3079 1375 3150 replere
1422 3086 1716 3145 memento,
1759 3078 1814 3133 in

209 3168 363 3223 omni
403 3167 528 3225 loco
558 3169 791 3243 vestigia
835 3169 910 3225 tui
937 3171 1200 3227 adventus
1223 3170 1556 3240 relinquens,
1582 3178 1816 3241 tuusque

1908 1966 2072 2033 illius,
2103 1966 2198 2038 qui
2222 1966 2458 2023 laetificat
2479 1983 2576 2025 cor
2597 1969 2851 2026 hominis.
2874 1968 2996 2027 Jam
3023 1972 3070 2028 si
3093 1973 3232 2028 desit
3259 1972 3352 2043 qui
3374 1988 3510 2029 con-

1908 2057 2106 2126 ﬁrmet,
2137 2057 2280 2114 forte
2307 2074 2414 2115 non
2441 2061 2594 2118 deest
2620 2061 2713 2132 qui
2740 2061 2978 2119 lmtiﬁcet
3005 2064 3061 2118 in
3087 2065 3237 2121 cellis
3261 2065 3512 2121 Aurelia-

1909 2151 2014 2215 nis,
2051 2151 2179 2205 dum
2215 2166 2339 2222 spes
2373 2161 2456 2208 est
2491 2153 2546 2208 in
2581 2154 2739 2209 vinea
2771 2153 3018 2223 ﬂorente,
3046 2172 3155 2212 non
3185 2158 3241 2213 in
3280 2156 3512 2214 ficulnea

1911 2251 2214 2298 arescente.
2264 2243 2603 2315 Quapropter
2643 2246 2881 2304 Joathan
2923 2250 3260 2305 consiliarius
3307 2251 3511 2319 Dauid,

1911 2335 2065 2388 homo
2090 2334 2348 2390 litteratus
2373 2336 2565 2407 (Ibid.,
2587 2337 2700 2410 32),
2725 2340 2894 2394 mittit
2916 2341 2984 2394 ad
3006 2341 3264 2396 Zabdiam
3287 2343 3508 2399 dicens:

1911 2421 2068 2478 Mane
2096 2438 2399 2494 surgamus,
2431 2426 2739 2492 videamus,
2775 2445 2937 2498 quam
2963 2431 3099 2486 bene
3135 2432 3291 2487 vinea
3322 2431 3515 2488 ﬂoreat

1915 2501 2146 2578 Sbrech,
2189 2517 2533 2572 cantantibus
2563 2518 2804 2572 celeuma
2842 2535 3004 2590 super
3041 2537 3160 2577 eam
3195 2523 3513 2581 deriventur

1914 2601 2094 2661 fontes
2121 2605 2327 2662 cellarii
2354 2607 2524 2664 foras.
2559 2609 2632 2664 At
2657 2626 2800 2667 nunc
2832 2614 3036 2683 apertis
3062 2623 3300 2686 apoteca:
3329 2618 3514 2672 chari-

1915 2700 2043 2756 tatis
2062 2700 2304 2758 clavibus
2329 2717 2361 2756 a
2387 2712 2740 2773 procuratore
2760 2706 2931 2762 vineae
2952 2708 3258 2764 celebretur
3277 2711 3516 2767 versicu-

1915 2789 2001 2846 lus
2027 2791 2131 2847 iste
2154 2809 2253 2864 per
2280 2801 2458 2850 turres
2485 2795 2805 2852 Aurelianas
2829 2815 2844 2851 :
2870 2796 3159 2867 Comedite,
3196 2803 3355 2856 amici
3390 2805 3516 2870 mei,

1916 2884 2072 2940 bibite
2106 2895 2154 2940 et
2196 2887 2530 2942 inebriamini
2563 2888 2741 2962 (Cant.
2774 2906 2830 2957 v,
2862 2891 2917 2958 1,
2943 2891 3022 2964 2).
3068 2893 3184 2960 Ego
3225 2895 3431 2951 dormio
3459 2897 3516 2954 in

1913 2977 2215 3044 dulcedine,
2238 2987 2294 3034 et
2321 2990 2412 3035 co‘r
2437 2997 2609 3035 meum
2631 2981 2811 3053 vigilat
2834 2984 2891 3038 in
2911 2985 3172 3053 caritate;
3213 2988 3398 3055 venite,
3423 3005 3518 3043 ac-

1889 3069 2067 3140 ‘cipite
2080 3069 2270 3141 absque
2286 3069 2397 3124 ulla
2411 3074 2814 3128 commutatione
2827 3074 3004 3129 vinum
3018 3085 3065 3129 et
3083 3075 3165 3130 lac
3179 3077 3314 3149 (Isa.
3333 3095 3422 3146 ιν,
3439 3079 3516 3152 1).

1916 3158 2111 3215 Guttur
2128 3178 2300 3217 meum
2317 3163 2451 3218 sicut
2474 3165 2650 3217 vinum
2671 3166 2942 3235 optimum,
2961 3165 3177 3237 dignum
3194 3167 3381 3224 dilecto
3403 3186 3530 3224 meo.

211 3263 426 3326 tecum,
474 3239 996 3331 supplicivdeprecor
1019 3267 1166 3326 νοιο,
1193 3260 1358 3316 vada;
1382 3239 1612 3316 Albinus
1639 3261 1694 3315 in
1719 3239 1814 3316 διιθ
1839 3239 1887 3302 0
1917 3252 1986 3306 ad
2007 3254 2315 3324 potandum,
2337 3253 2591 3325 labiisque
2609 3253 2754 3310 illius
2781 3258 3152 3312 ruminandum
3199 3258 3378 3331 (Cant.
3415 3277 3517 3329 vlt,

208 3355 263 3403 et
290 3348 349 3404 in
395 3349 570 3406 corde
610 3366 934 3422 quocunque
978 3367 1070 3407 eas
1093 3392 1109 3419 ,
1153 3351 1248 3423 qui
1285 3359 1340 3408 te
1386 3353 1529 3422 apud
1569 3359 1818 3429 sanctum

209 3437 520 3496 Martinum
551 3442 635 3498 sui
655 3443 894 3514 pectoris
914 3451 1096 3515 portat
1135 3443 1191 3498 in
1224 3459 1374 3510 arca,
1401 3452 1457 3499 et
1479 3443 1818 3500 orationibus

211 3529 313 3588 iter
347 3543 520 3590 tuum
555 3536 922 3606 prosequitur,
954 3544 1148 3606 optans
1185 3536 1436 3609 angelum
1472 3535 1567 3592 Dei
1615 3537 1818 3593 bonum

214 3629 396 3680 tecum
434 3624 538 3693 ire,
577 3635 638 3681 ut
679 3642 804 3682 cum
839 3628 1200 3698 prosperitate
1238 3642 1350 3696 eas,
1387 3636 1442 3686 et
1475 3643 1599 3686 cum
1623 3629 1821 3699 gaudio

217 3711 467 3772 feliciter
495 3719 791 3774 revertaris
818 3719 888 3775 ad
915 3735 1036 3776 nos.

287 3805 473 3863 Utere
485 3815 632 3863 sorte
644 3817 737 3864 tua
747 3808 997 3879 feliciter,
1011 3818 1072 3866 ut
1086 3809 1286 3868 fruaris
1303 3813 1553 3870 mercede
1567 3821 1660 3870 tua
1669 3823 1822 3871 teter-

215 3895 445 3952 naliter.
479 3897 578 3954 Via
604 3906 688 3955 est
705 3900 823 3955 hinc
854 3900 965 3955 vita
983 3917 998 3968 ;
1014 3900 1205 3958 beatus
1227 3903 1318 3974 qui
1344 3910 1625 3974 pratorum
1645 3905 1824 3961 varie-

215 3995 326 4046 tate
345 4007 470 4047 non
492 3992 764 4048 tenebitur
783 3992 836 4048 in
860 3993 964 4059 via,
990 4010 1098 4066 quo
1119 3993 1298 4050 minus
1319 3997 1538 4053 festinet
1553 3997 1617 4052 ad
1631 3999 1823 4068 patria:

217 4081 713 4149 pulchritudinem.
726 4084 898 4154 Felix,
913 4087 1004 4157 qui
1017 4088 1285 4143 sarcinam
1299 4089 1608 4144 divitiarum
1621 4089 1674 4144 in
1695 4105 1825 4160 pau-

291 4270 321 4338 &_
356 4256 511 4338 ⁸νίας
536 4261 735 4338 itineris
760 4263 861 4338 tui.
893 4261 1046 4321 Hunc
1073 4264 1252 4336 igitur
1278 4265 1457 4322 locum
1497 4267 1826 4338 interpretor

220 4327 520 4406 deitinere
541 4347 571 4386 a
594 4333 893 4406 T_heodulfo
915 4327 1164 4406 suscepto
1185 4346 1308 4406 post
1333 4327 1657 4392 conventuin
1684 4355 1826 4396 anno

183 4397 326 4460 .802
373 4414 574 4459 mense
617 4402 858 4470 Octobri,
905 4415 966 4461 ut
1008 4397 1203 4462 narrat.
1241 4409 1536 4464 chronicon
1586 4408 1828 4466 Moissia-

218 4483 423 4553 cense,
459 4471 788 4553 Aquisgrani
815 4477 1163 4553 celebratum,
1195 4479 1249 4553 in
1280 4495 1386 4550 quo
1411 4479 1635 4553 Carolus
1661 4481 1830 4553 impe-

217 4550 373 4634 rator
403 4544 627 4634 (“elegit
660 4548 1114 4634 ex.optim‘atibus
1151 4544 1265 4634 suis
1295 4544 1755 4634 prudentissimos
1775 4559 1830 4634 et

218 4615 664 4736 sapientissimos
707 4615 875 4685 viros,
921 4627 1034 4674 tam
1072 4615 1522 4693 archiepiscopos,
1568 4638 1732 4692 quam
1777 4631 1832 4678 et

219 4697 280 4736 re
303 4701 473 4736 mnos
499 4701 846 4736 emsmnos.-.
872 4698 928 4736 et
955 4691 1152 4736 direxit
1180 4692 1232 4736 in
1261 4694 1571 4736 universum
1606 4710 1828 4736 rpannm

219 4685 473 4755 reliquos
499 4687 846 4765 episcopos...
872 4698 928 4744 et
943 4691 1152 4765 direxit
1180 4692 1234 4746 in
1256 4685 1584 4765 universum
1585 4685 1832 4765 regnum

221 4767 431 4834 suum._
471 4756 866 4834 iﬂ'Capi‘tulare
909 4759 1151 4834 ejusdem
1186 4764 1326 4834 anni
1369 4765 1510 4834 apud
1558 4756 1834 4820 Balu'zium

221 4834 360 4903 tom.
407 4827 432 4903 1
476 4826 708 4903 Capitol.
753 4846 876 4903 pag.
922 4826 1047 4886 345.
1094 4833 1230 4888 Huic
1272 4826 1567 4890 concordat
1611 4836 1834 4891 citatum

223 4897 1006 4975 chronico‘nMoissiacEnse,
1041 4905 1133 4975 ubi
1186 4905 1464 4975 sequentia
1515 4905 1768 4975 leguntur
1816 4924 1830 4961 :

228 4983 255 5045 ε
284 4967 635 5045 Recordatus
661 4973 933 5045 piissimus
968 4967 1192 5030 Carolus
1222 4967 1514 5045 imperator
1543 4967 1596 5031 iu
1627 4978 1712 5032 die
1737 4993 1836 5033 sua

223 5037 293 5118 de
320 5037 686 5118 pauperibus,
709 5043 800 5118 qui
825 5044 883 5118 in
907 5045 1162 5102 universo
1188 5037 1414 5116 imperio
1437 5045 1552 5115 ejus
1581 5057 1757 5115 erant,
1781 5056 1838 5104 et

215 5111 477 5186 justitias
498 5111 741 5182 pleniter’
755 5114 952 5186 habere
977 5131 1084 5170 non
1106 5111 1378 5186 poterant,
1402 5111 1574 5172 noluit
1601 5119 1666 5174 de
1692 5111 1836 5174 intra

217 5180 443 5261 palatio
471 5180 572 5261 suo
593 5185 958 5261 pauperiores
991 5180 1179 5261 vassos
1218 5203 1344 5243 suos
1367 5180 1740 5244 transmittere
1768 5189 1836 5244 ad

216 5251 478 5318 justitias
505 5251 804 5331 faciendas;
848 5256 943 5331 sed
976 5257 1136 5328 elegit
1167 5259 1230 5331 in,
1251 5274 1413 5329 regno
1439 5274 1536 5314 suo
1566 5261 1836 5331 archiepi-

219 5336 438 5392 scopos
463 5332 520 5397 et
546 5325 781 5396 reliquos
805 5325 1086 5397 episcopos
1110 5335 1165 5383 et
1187 5325 1428 5396 abba'tes,
1457 5345 1579 5384 cum
1610 5325 1838 5386 ducibus

218 5400 278 5446 et
324 5395 772 5467 comitibus,’qui
809 5395 922 5469 jam
964 5395 1100 5469 opus
1138 5414 1246 5452 non
1273 5401 1542 5455 habebant
1565 5416 1728 5470 super
1756 5401 1839 5454 in—

220 5474 503 5521 nocentes
529 5483 750 5522 munera
780 5470 1047 5541 accipere,
1075 5478 1130 5526 et
1156 5471 1299 5540 ipsos
1324 5471 1470 5525 misit
1502 5486 1599 5541 per
1621 5471 1838 5526 univer-

221 5548 369 5613 suni
388 5552 642 5609 regnum,
668 5546 728 5592 ut
751 5540 1024 5613 ecclesiis,
1045 5541 1223 5596 viduis
1257 5540 1594 5613 et_orphanis
1622 5550 1678 5597 et
1705 5558 1839 5613 pau-

219 5607 479 5681 peribus
496 5619 549 5664 et
576 5617 768 5664 cuncto
793 5612 989 5681 populo
1004 5607 1277 5680 justitiam
1303 5607 1564 5668 facerent.
1600 5633 1618 5665 ι

302 5674 508 5753 ﬁnitus
534 5680 721 5753 dubito
757 5674 887 5751 quin
918 5683 973 5736 in
999 5674 1101 5738 hoc
1126 5692 1393 5738 conventu
1423 5683 1640 5753 publico
1663 5684 1839 5739 Theo-

223 5745 397 5824 dulfo_
425 5748 744 5824 demandata
776 5745 944 5824 luerit
971 5753 1167 5823 legatio
1204 5753 1296 5808 illa
1336 5762 1390 5808 et
1424 5745 1753 5824 prmfectura
1783 5757 1840 5810 iu

224 5818 528 5894 provincia
567 5819 935 5894 Narbonensi,
962 5818 1129 5894 rqu'am
1170 5825 1284 5894 ipse
1315 5818 1450 5878 libr:
1477 5842 1496 5879 ι
1538 5826 1841 5880 carminum

223 5902 335 5945 seu
365 5889 436 5945 in
463 5889 730 5947 Partenesi
760 5893 828 5947 ad
847 5889 1065 5950 Iudices
1095 5889 1234 5967 apud
1258 5893 1604 5952 Sirmondum
1636 5911 1668 5952 a
1694 5910 1838 5955 vers.

656 5981 938 6045 Psrnon.
996 5981 1068 6060 C.

1921 3344 1998 3415 9).
2022 3344 2136 3415 Ego
2157 3343 2345 3398 dilecto
2367 3361 2483 3399 meo
2509 3354 2555 3400 et
2577 3345 2798 3402 dilectus
2820 3365 2964 3404 meus
2984 3350 3112 3404 mihi
3137 3349 3312 3421 (Cant.
3336 3369 3414 3420 vi,
3436 3353 3518 3425 2).

1920 3436 2039 3493 Non
2073 3445 2157 3494 est
2184 3438 2469 3494 dicendum
2499 3457 2512 3492 :
2546 3438 2854 3510 Exspatiavi
2881 3458 2963 3496 me
3000 3443 3177 3496 tunica
3202 3461 3349 3511 mea,
3386 3461 3519 3516 quo-

1921 3527 2078 3584 modo
2116 3530 2313 3584 induar
2354 3529 2488 3584 illa?
2531 3529 2659 3584 Lavi
2706 3531 2861 3602 pedes
2914 3549 3076 3601 meos,
3125 3535 3387 3606 quomodo
3436 3535 3520 3591 in-

1920 3622 2148 3694 quinabo
2173 3622 2294 3678 illos
2327 3622 2378 3696 (I
2410 3623 2539 3695 Reg.
2577 3641 2652 3691 ιχ,
2687 3624 2775 3697 7)?
2813 3625 2938 3681 Non
2974 3644 3186 3698 possum
3221 3645 3434 3700 surgere
3468 3637 3521 3684 et

1923 3714 2052 3768 dare
2075 3715 2167 3769 tibi
2197 3714 2347 3787 (Luc.
2379 3732 2457 3782 χι,
2488 3716 2562 3788 7).
2591 3716 2650 3772 Si
2673 3716 2814 3773 forte
2838 3727 2948 3775 tres
2973 3734 3142 3789 panes
3167 3737 3274 3776 non
3297 3729 3426 3778 sunt
3448 3721 3519 3778 ad

1922 3822 2143 3862 manum
2161 3847 2176 3874 ,
2204 3810 2295 3877 qui
2325 3807 2638 3864 defecerunt
2662 3811 2718 3864 in
2748 3811 3022 3867 sitarchiis
3054 3812 3513 3881 Cabaonitarum;

1924 3897 2140 3956 Christo
2174 3901 2523 3956 benedicente
2559 3911 2765 3972 septem
2801 3904 3008 3974 hydria}
3038 3904 3208 3974 plenae
3245 3914 3371 3962 sunt
3405 3905 3520 3961 vini

1924 3996 2111 4065 optimi
2129 3995 2309 4067 (Joan.
2326 3996 2412 4069 ιι),
2429 3997 2572 4066 quod
2597 3997 2916 4052 servabatur
2927 4013 3097 4067 usque
3109 4000 3286 4054 adhuc
3299 4017 3314 4065 ;
3331 4014 3395 4054 ex
3410 4015 3519 4069 quo

1926 4081 2295 4146 architriclino
2307 4089 2590 4145 Turonicae
2601 4088 2854 4154 civitatis,
2871 4091 3162 4146 mandante
3173 4090 3282 4145 filio
3293 4090 3523 4162 virginis

1930 4263 1998 4321 99
2043 4263 2330 4329 describit,
2376 4269 2669 4332 narratque
2713 4261 2945 4334 qualiter
2992 4262 3137 4334 ipse,
3185 4266 3352 4323 variis
3395 4267 3524 4325 licet

1931 4335 2354 4412 querellantium
2376 4334 2531 4412 donis
2569 4341 2826 4401 tentatus,
2861 4350 3060 4412 munus
3088 4335 3288 4407 judicis
3317 4341 3525 4412 absque

1931 4405 2277 4476 corruptione
2302 4405 2501 4478 ubique
2526 4414 2814 4478 exsecutus
2853 4405 3048 4474 fuerit,
3093 4405 3313 4478 prorsus
3361 4405 3523 4466 nimi-

1933 4494 2055 4534 rum
2093 4477 2161 4533 ad
2191 4487 2427 4533 mentem
2455 4477 2796 4547 imperatoris
2825 4477 2877 4532 in
2915 4479 3006 4534 illo
3043 4477 3314 4535 conventu
3345 4483 3524 4539 decla-
3555 4551 3558 4553 Α

1934 4560 2131 4605 ratam.

1857 4600 1911 4662 Ῐ)
1935 4600 2132 4678 "VS—cio
2156 4619 2566 4676 celeberrimum
2601 4618 2965 4675 Mabillonium
3003 4621 3126 4675 libr.
3165 4638 3291 4677 xxv:
3325 4624 3522 4680 Annal.

1935 4692 2134 4748 Bened.
2165 4707 2314 4746 num.
2348 4691 2409 4744 71
2442 4700 2498 4746 et
2541 4691 2610 4744 72
2655 4690 2796 4761 hanc
2838 4690 3160 4761 legationem
3206 4693 3410 4748 referre
3457 4696 3528 4750 ad

1935 4779 2134 4818 annum
2177 4762 2278 4817 798
2321 4762 2505 4815 statim
2551 4768 2712 4829 atque
2752 4759 3070 4831 Laidradus,
3113 4760 3395 4831 legationis
3439 4782 3529 4822 so-

1935 4835 2069 4913 cius,
2103 4833 2384 4913 ordinatus
2410 4838 2494 4913 est
2517 4831 2800 4913 episcopus
2828 4830 3222 4913 Lugdunensis.
3259 4833 3530 4913 Sed_pace

1934 4905 2037 4959 viri
2064 4904 2260 4959 summi
2291 4903 2520 4957 dixerim
2544 4900 2600 4956 id
2628 4900 2776 4956 nullo
2794 4901 2964 4972 veteri
2989 4909 3126 4957 teste
3152 4900 3524 4972 comprobari;

1935 4990 2112 5046 neque
2140 4975 2274 5046 satis
2305 4981 2556 5046 constare
2582 4986 2689 5042 quo
2730 4987 2871 5046 anno
2916 4971 3234 5046 Laidradus,
3277 4971 3528 5044 quamvis

1937 5043 2041 5100 illo'
2059 5061 2201 5100 anno
2232 5043 2476 5099 fortassis
2502 5043 2726 5106 electus,
2752 5043 2815 5109 _in
2844 5044 2970 5099 sede
2997 5059 3094 5098 sua
3124 5043 3288 5100 fuerit
3306 5043 3530 5101 Ordina-

1937 5126 2058 5184 tus;
2107 5131 2264 5185 quem
2317 5116 2480 5169 etiam
2520 5113 2852 5170 Theodulfus
2888 5114 2943 5168 in
2988 5115 3082 5170 cit.
3126 5131 3295 5170 carm.
3335 5132 3389 5171 v.
3424 5117 3527 5173 119

1937 5188 2176 5259 futurum
2204 5194 2364 5242 vocat
2394 5186 2804 5259 Lugdunensem
2832 5185 3163 5259 episcopum.

2009 5258 2105 5312 His
2135 5259 2298 5329 igitur
2321 5273 2428 5329 nou
2454 5255 2814 5322 obstantibus,
2842 5271 2908 5311 ex
2931 5257 3228 5329 praemissis
3247 5257 3380 5329 mihi
3404 5273 3532 5314 vero

1937 5327 2521 5398 videtur‘simillimum
2567 5337 2893 5382 conventum
2943 5327 3093 5382 illum
3135 5328 3425 5398 publicum,
3475 5337 3533 5384 et

1938 5399 2341 5470 iterTheodulii
2361 5407 2417 5455 et
2440 5397 2590 5470 pallii
2614 5398 2893 5470 honorem,
2917 5400 3060 5469 quod
3089 5397 3334 5455 fortassis
3355 5399 3536 5454 Theo—

1939 5469 2120 5527 dulfus
2160 5486 2260 5541 pro
2287 5469 2699 5541 majoriidecore
2740 5469 3056 5540 amplissimi
3103 5470 3184 5524 sui
3230 5470 3468 5524 muneris
3499 5485 3534 5525 a

1940 5544 2069 5623 sede
2108 5540 2403 5614 apostolica
2438 5540 2798 5623 adeptus‘est,
2845 5549 2919 5623 et.
2943 5541 3008 5623 de
3050 5541 3251 5623 quibus
3273 5548 3534 5623 tanquam

1940 5611 2398 5684 eodemtempore
2435 5611 2592 5666 factis
2617 5611 2876 5684 Alcujnus
2906 5611 2969 5684 in
2991 5611 3093 5684 hac
3121 5611 3345 5684 epistola
3373 5627 3533 5684 men-_-

1941 5686 2142 5740 tionem
2170 5679 2321 5751 facit,
2348 5698 2470 5738 cum
2498 5697 2640 5736 anno
2666 5681 2772 5736 802
2798 5682 3096 5737 combinari
3123 5679 3343 5752 debere,
3378 5690 3435 5739 et
3461 5679 3536 5740 ad

1941 5756 2191 5811 eumdem
2219 5771 2418 5810 annum
2445 5755 2589 5824 hanc
2615 5752 2896 5824 epistolam
2921 5754 3211 5824 pertinere.

2013 5827 2043 5870 ι)
2081 5826 2314 5884 Froben.
2346 5826 2502 5895 epist.
2537 5822 2641 5880 194

3058 5983 3136 6052 13
