4064 6342
1433 401 1494 461 B.
1533 402 1595 459 r.
1630 392 1859 457 ALBINI
1896 395 2027 454 seu
2065 390 2343 451 itme
2378 326 2664 451 OPERlJM
2698 362 2888 448 PARS
2911 387 2953 447 t.

3708 381 3820 447 Μ

536 528 877 588 miscendum
911 522 1036 595 quis
1063 520 1300 591 ignorat.
1334 525 1391 573 et
1423 517 1527 572 hoc
1564 512 1889 571 servandum
1926 518 2029 576 est,
2063 523 2128 562 ne
2151 513 2203 570 Α
2229 505 2412 576 culpas
2438 505 2493 560 in
2516 502 2862 561 acetisatores
2888 516 3033 567 suos,
3066 496 3169 556 cur
3188 508 3284 557 eos
3310 505 3463 559 tanto
3486 506 3823 574 prosequan-

540 625 784 682 mittetur
802 621 976 677 vinum
1004 631 1191 673 nam
1214 614 1271 668 in
1291 621 1434 667 utres
1459 618 1652 665 veteres
1666 623 1686 674 ;
1708 615 1755 661 et
1778 621 1927 660 mo
1952 602 2128 658 bibens

541 727 685 772 uetas
717 714 893 769 statim
920 709 1026 767 suit
1055 722 1242 763 mum
1260 742 1277 771 ,
1312 703 1439 759 dicit
1470 702 1641 767 enim,
1672 708 1813 754 vetas
1841 695 2028 775 melius
2052 701 2130 753 est

543 807 697 880 (Luc.
727 820 782 870 v,
821 803 911 869 '57,
945 801 1059 872 59).
1096 800 1293 855 Beatus
1321 794 1414 865 qui
1449 792 1689 864 loquitur
1723 790 1781 845 in
1814 802 2002 845 aurem
2029 801 2127 841 au—

540 900 799 958 dientem.
828 897 1016 955 Valete
1039 895 1094 950 in
1117 906 1270 963 pace,
1297 889 1617 947 charissime
1640 883 1840 941 frater!

1000 1018 1028 1048 ι
1068 1001 1402 1061 EPISTOLA
1435 996 1665 1056 CXLIX.

627 1108 656 1148 ιδ
692 1120 759 1160 an
799 1105 1045 1160 cincta:
1080 1105 1613 1153 excsLLsn'rissuwn
1651 1103 2053 1145 IMPERATOBEH.

1036 1188 1215 1262 (Anno
1244 1186 1351 1243 802
1376 1183 1460 1239 vel
1490 1180 1640 1255 805.)

542 1310 865 1377 Deprecatur
897 1320 992 1377 pro
1026 1295 1660 1377 fratribus‘Szﬂartini;
1687 1292 1936 1377 illosque,
1973 1299 2020 1344 et
2051 1306 2133 1373 se-

634 1360 784 1451 psum
820 1392 854 1431 a
893 1360 1160 1451 calumnia
1198 1367 1430 1451 defendit
1469 1377 1650 1451 contra
1691 1360 2043 1451 accusationes
2074 1360 2132 1414 in

612 1437 775 1505 causa
813 1444 948 1516 asyli
971 1443 1161 1516 clerico
1194 1437 1563 1516 Aurelianensi
1594 1437 1836 1508 prastiti,
1872 1442 1921 1489 et
1956 1446 2132 1488 verum

612 1534 828 1577 causam
857 1510 960 1572 arti
989 1512 1242 1571 tumultus
1269 1510 1474 1584 pandit.

614 1629 843 1687 Domino
864 1623 1319 1683 excellentissimo
1343 1629 1504 1692 atque
1526 1619 1676 1675 omni
1703 1618 1908 1675 honore
1932 1615 2136 1688 dignis-

543 1726 683 1783 simo
715 1721 911 1779 Carolo
946 1720 1084 1791 regi,
1121 1715 1435 1787 imperatori
1468 1723 1631 1786 atque
1663 1713 1924 1783 Augusto,
1965 1708 2123 1764 victo-

540 1814 867 1879 riosissimo,
894 1811 1153 1877 maxime,
1179 1808 1384 1879 optimo
1410 1814 1573 1879 atque
1612 1803 1960 1860 serenissimo
1987 1798 2134 1854 Albia

2231 607 2319 654 tur
2347 597 2489 653 odio'.
2530 597 2599 653 Et
2630 598 2848 663 mirum,
2880 596 3108 669 quidse
3146 596 3199 650 in
3237 594 3470 667 alienam
3497 605 3691 650 contra
3713 594 3826 652 edi-

2229 699 2377 748 ctum
2413 689 2549 761 legis
2581 704 2813 745 messem
2853 688 3071 743 mittere
3108 684 3295 751 velint,
3333 685 3438 741 hoc
3466 686 3612 741 idem
3639 685 3826 757 prohi-

2228 785 2391 841 bente
2417 785 2632 855 egregio
2656 783 2897 847 doctore,
2928 782 3021 838 ubi
3053 782 3129 837 ait
3159 799 3173 836 :
3208 774 3289 836 Tu
3313 783 3431 853 quis
3455 796 3529 847 es,
3567 781 3661 853 qui
3702 780 3826 835 alie-'-

2229 891 2356 930 num
2394 890 2597 929 servum
2628 873 2886 945 judicas.’
2924 889 3020 927 suo
3060 872 3287 927 Domino
3317 872 3474 927 stabit
3503 881 3597 927 aut
3639 871 3820 938 cadet,

2227 967 2385 1022 stabit
2407 966 2637 1037 quidem,
2662 977 2840 1039 potens
2862 974 2936 1021 est
2966 965 3219 1019 Dominus
3244 973 3473 1020 statuere
3493 980 3614 1020 eum
3644 965 3823 1039 (Rom.

2230 1074 2341 1123 xxv,
2378 1057 2456 1130 4).
2496 1056 2523 1096 d
2552 1058 2726 1114 Habet
2757 1057 2902 1112 enim
2930 1056 3199 1128 Tyronica
3230 1056 3420 1112 civitas
3454 1064 3735 1127 pastorem
3772 1061 3826 1115 in

2228 1149 2474 1205 moribus
2498 1148 2761 1214 electum,
2790 1148 2846 1202 in
2875 1147 3259 1218 prtediatione
3287 1148 3538 1203 devotum
3558 1188 3574 1215 ,
3604 1150 3703 1221 qui
3731 1151 3829 1205 tri-

2229 1241 2327 1298 tici
2350 1254 2661 1296 mensuram
2683 1238 2902 1295 familias
2928 1236 3133 1294 Christi
3161 1238 3364 1309 optime
3390 1239 3708 1296 ministram
3735 1254 3829 1296 no—

2231 1332 2329 1388 vit.
2361 1331 2559 1403 Vigilat
2584 1330 2958 1406 unusquisque
2996 1335 3181 1398 pastor
3208 1342 3373 1399 super
3397 1342 3618 1401 gregem
3646 1345 3826 1397 suum,

2231 1439 2304 1480 ne
2323 1422 2446 1494 quis
2466 1423 2522 1478 in
2541 1436 2609 1476 eo
2630 1422 2819 1493 gratiae
2842 1419 2939 1475 Dei
2962 1419 3126 1485 desit,
3148 1425 3210 1473 ut
3233 1434 3357 1475 cum
3378 1427 3565 1490 pastor
3582 1422 3829 1477 omnium

2232 1514 2506 1580 adveniat,
2536 1514 2728 1585 dignos
2767 1527 2863 1575 eos
2906 1511 3147 1567 inveniat
3189 1520 3446 1582 perpetua
3490 1513 3831 1570 remunerari

2234 1608 2505 1664 mercede.
3371 1643 3379 1647 _

2306 1701 2384 1756 De
2409 1716 2679 1757 concursu
2699 1714 2831 1756 vero
2866 1708 2921 1755 et
2959 1698 3193 1754 tumultu
3216 1700 3309 1769 qui
3332 1692 3492 1756 ortus
3526 1707 3615 1758 est
3648 1702 3710 1757 in
3746 1716 3834 1759 ee-

2235 1794 2401 1850 clesia
2434 1794 2578 1849 beati
2605 1792 2852 1858 Martini,
2882 1792 2969 1847 vel
3000 1790 3148 1847 foras
3181 1791 3237 1845 in
3264 1792 3427 1856 atrio,
3455 1792 3511 1846 in
3536 1802 3833 1864 conspectu

542 1868 653 1970 illis
680 1868 1104 1971 matricularius,
1136 1868 1821 1977 prmsentispl‘osl’e'imis
1854 1904 1911 1951 θί
1939 1894 2135 1949 “nam
2157 1868 2213 1937 Β
2238 1886 2382 1943 illius
2421 1894 2592 1941 wswr
2618 1887 2712 1954 qui
2749 1884 3085 1955 Singulorum
3121 1885 3285 1939 corda
3322 1884 3650 1950 comment,
3693 1882 3835 1954 quad

544 2001 896 2060 beatitudinis
914 2006 1171 2055 aeternam
1196 1997 1254 2051 in
1273 1994 1499 2050 Domino
1520 1991 1631 2046 Dm
1648 1989 1865 2045 Christo
1884 1982 2134 2042 salutem.

618 2095 683 2150 In
699 2080 873 2165 prima
898 2093 1091 2148 harum
1115 2088 1255 2144 facie
1279 2085 1579 2143 litterarum
1599 2082 1735 2139 mihi
1750 2097 1815 2136 ex
1840 2088 1954 2136 toto
1974 2079 2138 2134 corde

542 2186 859 2259 gratiarum
876 2184 1121 2240 actiones
1144 2180 1373 2235 Domino
1396 2177 1511 2232 Deo
1536 2183 1725 2231 nostro
1753 2172 1988 2243 agendas
2017 2182 2139 2224 esse

545 2279 726 2344 video,
769 2290 870 2348 pro
909 2273 1168 2345 sospitate
1218 2278 1275 2327 et
1323 2269 1499 2325 salute
1542 2274 1755 2332 vestra,
1807 2279 1914 2319 non
1962 2263 2137 2317 solum

545 2370 720 2434 mihi,
782 2368 876 2425 sed
926 2367 1177 2422 omnibus
1230 2362 1552 2419 Christianis
1601 2359 1757 2414 valde
1808 2354 2136 2412 necessaria.

545 2458 753 2520 Deinde
796 2475 829 2515 a
869 2459 1068 2530 pietate
1094 2464 1288 2513 vestrae
1314 2452 1572 2510 bonitatis
1611 2448 1985 2506 misericordia
2014 2460 2139 2502 cor-

542 2566 679 2625 pore
708 2557 1003 2623 prostrato,
1032 2547 1195 2620 corde
1222 2546 1477 2610 cantrito,
1502 2558 1636 2599 voce
1674 2538 2013 2612 lacrymabili
2042 2537 2140 2593 de-

544 2645 817 2720 precanda
840 2649 926 2699 est
945 2656 1047 2715 pro
1072 2639 1331 2697 fratribus
1357 2636 1531 2694 sancti
1561 2632 1795 2697 Martini,
1826 2632 1883 2685 in
1909 2644 2139 2700 quorum

547 2753 637 2795 me
672 2734 954 2792 servitium
978 2740 1162 2790 vestra
1190 2729 1408 2787 bonitas
1427 2725 1675 2798 quamvis
1712 2723 1891 2779 minus
1918 2722 2141 2793 dignum

548 2826 840 2898 delegavit.

622 2923 795 2977 Deum
824 2919 1021 2975 invoco
1046 2922 1241 2979 testem
1262 2910 1611 2979 conscientiae
1636 2924 1771 2966 mete
1787 2950 1801 2974 ,
1831 2909 1977 2979 quod
2005 2920 2145 2962 nun-

546 3029 715 3085 quam
741 3026 838 3069 eos
864 3011 1001 3067 tales
1020 3007 1296 3073 intellexi,
1322 3004 1512 3076 quales
1533 3004 1695 3058 audio
1720 3002 1842 3057 illos
1866 3016 1897 3056 a
1923 3000 2146 3070 quibus-

550 3107 675 3166 dam
718 3105 1000 3173 denetari,
1043 3104 1137 3175 qui
1178 3101 1480 3173 paratiores
1516 3106 1644 3153 sunt
1688 3109 1945 3151 accusare
1981 3106 2144 3163 quam

548 3202 780 3259 salvare.
820 3200 880 3255 In
915 3204 1177 3269 quantum
1202 3208 1334 3251 vero
1358 3190 1528 3247 videri
1556 3188 1756 3261 poterit
1780 3195 1835 3243 et
1869 3184 2141 3255 cognosci,

2237 1996 2339 2035 nec
2365 1995 2452 2035 me
2477 1981 2812 2042 exhortante,
2844 1979 2929 2034 vel
2953 1979 3293 2050 praesciente,
3320 1977 3408 2033 vel
3430 1978 3594 2033 etiam
3620 1978 3835 2033 volente

2240 2072 2416 2127 factus
2456 2078 2569 2138 est;
2615 2087 2718 2128 nec
2741 2085 2982 2142 unquam
3011 2085 3100 2125 me
3124 2069 3316 2139 majori
3354 2085 3474 2126 esse
3502 2072 3756 2141 angustia
3779 2071 3831 2126 in

2239 2162 2432 2221 alienis
2451 2162 2711 2232 peccatis,
2739 2174 2903 2232 quam
2929 2170 3060 2218 tunc
3080 2162 3338 2233 temporis
3364 2176 3453 2217 me
3482 2158 3600 2217 fore
3626 2161 3827 2228 fateor;

2240 2271 2344 2313 nec
2376 2262 2637 2325 quantum
2674 2254 2974 2326 intelligere
3010 2254 3189 2323 potui,
3227 2253 3310 2308 vel
3352 2253 3559 2320 audire,
3606 2253 3832 2309 fratrum

2241 2349 2467 2407 consilio
2492 2350 2785 2419 quidquam
2811 2348 2937 2404 inde
2974 2355 3187 2417 gestum
3213 2357 3328 2413 est;
3365 2348 3478 2403 imo
3504 2361 3612 2404 nec
3645 2348 3834 2405 volun-

2242 2446 2409 2497 tatem
2451 2455 2638 2496 eorum
2678 2453 2971 2510 agnoscere
3009 2428 3182 2508 potui,
3225 2444 3288 2492 ut
3324 2436 3509 2505 ﬁeret;
3549 2452 3658 2494 nec
3695 2439 3834 2497 nllus

2242 2532 2414 2588 Deum
2440 2532 2657 2598 timens,
2695 2531 2782 2587 vel
2806 2547 2919 2587 suae
2948 2530 3137 2586 salutis
3164 2545 3353 2586 curam
3383 2531 3610 2597 habens,
3640 2539 3706 2587 ut
3731 2547 3834 2588 non

2243 2626 2422 2685 dicam
2463 2624 2659 2689 facere,
2707 2624 2805 2681 sed
2850 2623 3014 2679 etiam
3057 2638 3161 2680 nec
3203 2622 3443 2694 cogitare
3483 2623 3693 2680 debere
3732 2638 3836 2680 non

2243 2718 2471 2776 dubium
2499 2727 2602 2773 est.

2315 2829 2567 2900 Nunquid
2591 2842 2699 2883 non
2731 2828 2927 2883 missus
2956 2809 3294 2884 auctoritatis
3320 2833 3537 2894 vestrm,
3562 2824 3652 2881 vir
3679 2840 3838 2882 vene;

2244 2922 2434 2978 rabilis
2450 2921 2768 2977 Teotbertus
2782 2920 2966 2975 decem
2989 2930 3045 2974 et
3063 2932 3257 2975 novem
3273 2918 3387 2974 dies
3405 2933 3505 2990 pro
3532 2917 3637 2974 hac
3662 2918 3839 2989 inqui-

2247 3015 2445 3071 sitione
2471 3016 2612 3069 inter
2637 3027 2737 3067 nos
2763 3010 2899 3078 fuit;
2932 3012 3094 3067 etiam
3117 3020 3171 3066 et
3194 3020 3295 3081 per
3320 3010 3469 3065 vices
3490 3018 3839 3066 accusatores

2245 3104 2419 3161 nostri
2437 3118 2558 3159 cum
2582 3103 2677 3159 eo?
2690 3118 2827 3173 quos
2840 3103 3051 3157 volebat
3074 3102 3382 3173 tlagellavit,
3402 3116 3538 3171 quos
3550 3101 3771 3157 volebat
3787 3102 3839 3156 in

2249 3208 2495 3257 catenam
2523 3197 2693 3263 misit,
2715 3212 2851 3267 quos
2871 3192 3084 3251 volebat
3101 3193 3286 3265 iurare
3308 3194 3455 3262 fecit,
3476 3200 3613 3266 quos
3634 3194 3839 3265 placuit

1119 3286 1300 3343 ofﬁcia
1336 3285 1392 3339 in
1427 3252 1684 3341 ecclesias
1716 3252 2137 3345 Christi,vsicut,

2248 3296 2317 3349 ad
2330 3301 2564 3348 vestram
2582 3252 3170 3358 vocavdtpraesentiain.
3188 3282 3413 3341 Frustra
3428 3252 3525 3357 ego
3541 3252 3696 3342 tanto
3713 3290 3841 3342 tem-

550 3383 836 3441 verissime
858 3388 1046 3448 testor,
1075 3378 1371 3451 perlbctius
1394 3392 1503 3433 non
1528 3376 1638 3431 vidi
1666 3374 1798 3429 alios
1818 3374 1872 3427 in
1902 3371 2145 3443 quolibet

550 3473 674 3533 loco
698 3474 1058 3538 celebrantes,
1097 3486 1196 3527 nec
1231 3469 1561 3541 diligentius,
1596 3465 1984 3522 consuetudine
2008 3479 2145 3533 quo-

550 3569 781 3635 tidiana,
801 3580 903 3639 pro
920 3569 1104 3623 vestra
1128 3561 1515 3625 incolumitate,
1542 3567 1598 3614 et
1618 3557 1912 3613 Christiani
1932 3555 2147 3625 imperii

554 3660 850 3718 stabilitate
880 3654 1234 3712 intercedere.
1269 3651 1489 3708 Illorum
1515 3648 1780 3720 siquidem
1807 3647 2146 3703 conversatio

556 3760 614 3810 et
638 3750 749 3807 vita
776 3766 809 3805 a
828 3749 947 3804 viro
969 3746 1230 3818 perfecto,
1263 3753 1317 3801 et
1334 3743 1516 3814 judice
1540 3742 1876 3811 incorrupto,
1906 3747 1961 3795 et
1979 3739 2148 3795 misso

558 3843 707 3902 ﬁdeli
728 3854 751 3883 ο
774 3841 1019 3899 Vuidone
1040 3837 1214 3895 audiri
1238 3843 1436 3908 potest,
1463 3834 1555 3905 qui
1578 3849 1765 3890 eorum
1792 3832 1974 3889 omnia
1996 3844 2149 3887 scru-

559 3944 685 3992 tans
709 3933 929 4006 agnovit
952 3931 1081 4001 quid
1105 3929 1345 4001 egissent
1366 3927 1454 3984 vel
1477 3926 1711 3997 qualiter
1732 3925 2012 3980 vixissent.

633 4023 743 4081 Nec
766 4039 866 4095 ego
890 4022 1075 4078 tardus
1103 4019 1183 4077 fui
1203 4035 1297 4076 eos
1322 4018 1612 4075 admonere
1632 4016 1699 4074 de
1729 4018 2009 4072 honestate
2032 4030 2149 4071 mo-

483 4112 487 4117 ”
558 4111 870 4174 nasterialis
893 4114 1043 4179 vitae,
1074 4112 1215 4169 sicut
1241 4112 1321 4168 illi
1344 4111 1446 4182 ipsi
1475 4116 1638 4166 testes
1662 4117 1805 4175 sunt,
1834 4108 1880 4164 si
1906 4109 2027 4178 quis
2056 4123 2148 4164 eo-

559 4223 680 4262 rum
704 4205 1015 4262 testimonio
1035 4202 1363 4260 credendum
1384 4209 1570 4273 putat;
1596 4215 1772 4271 neque
1795 4200 2011 4256 illorum
2034 4200 2148 4255 scio

691 4362 923 4418 Froben.
952 4359 1115 4429 epist.
1147 4357 1270 4414 195.

637 4444 665 4473 ο
690 4433 795 4487 Iste
813 4440 897 4486 est
922 4424 1109 4485 titulus
1129 4429 1301 4499 ipsius
1318 4425 1839 4499 codicisiiarleiani.
1868 4424 2146 4499 Jungenda

560 4511 649 4561 est
686 4514 932 4572 praesens
964 4496 1186 4572 epistola
1229 4499 1437 4572 duabus
1478 4496 1717 4572 aliis,_in
1761 4511 1924 4550 causa
1963 4497 2144 4551 clerici

565 4567 1101 4637 Aurelianensisﬁqui
1132 4570 1199 4623 ab
1229 4568 1481 4637 episcopo
1509 4582 1605 4621 suo
1635 4567 1688 4620 in
1718 4580 1988 4620 carcerem
2018 4581 2147 4621 con-

560 4618 1473 4718 iéEiJs'ir-Ide'eiap'sﬁsﬂest:Eta'd'
1502 4618 1675 4718 sane;
1716 4618 2146 4718 Martinibasili-
2172 4618 2222 4677 Ι)

567 4708 686 4773 ἱιθηι
738 4708 1015 4780 tanquam
1039 4710 1108 4766 ad
1147 4709 1355 4781 asylum
1402 4708 1671 4779 confugit,
1716 4709 1966 4777 scriptis,
2010 4723 2145 4777 quas

567 4783 797 4842 inferius
818 4782 920 4840 col.
948 4782 1053 4837 408
1080 4791 1136 4837 et
1160 4780 1275 4852 seq.
1302 4780 1639 4852 exhibemus.

571 4927 584 4941 .
642 4854 898 4941 Senserat
915 4852 1175 4935 Alcuinus
1203 4848 1448 4941 ei‘epist.
1484 4849 1787 4941 1’19‘(nur':‘c
1812 4848 1936 4922 l58)
1966 4849 2142 4905 Caroli

568 4925 918 4996 imperatoris
951 4924 1190 4979 animum
1220 4919 1475 4977 adversus
1503 4919 1698 4976 fratres
1724 4919 2085 4985 Turonenses,
2114 4938 2145 4976 a

570 4994 869 5077 Theodulfo
880 4996 945 5077 de
962 4995 1370 5077 inhonoratione
1386 4992 1662 5077 hominum
1676 4992 1835 5074 illius,
1851 4992 1958 5077 imo
1978 4992 2146 5077 ipsius

568 5067 807 5148 episcopi
843 5074 1005 5136 atque
1040 5064 1334 5148 imperialis
1373 5079 1483 5118 sua:
1520 5063 1799 5146 iussionis,
1842 5063 2143 5148 accusatos,

569 5134 770 5193 acriter
797 5134 1293 5199 esse—commotum,
1330 5149 1493 5203 seque
1534 5134 1708 5204 ipsum
1752 5135 2163 5203 quodammodo-

568 5208 624 5262 in
656 5207 1014 5278 suspicionem
1042 5205 1269 5278 neglecti
1297 5204 1458 5278 cilicii
1479 5205 1783 5278 adductum
1798 5204 1988 5278 fuisse.
2005 5205 2149 5278 Qua-

566 5274 788 5348 propter
815 5278 872 5334 in
897 5279 1000 5333 hac
1028 5274 1252 5345 epistola
1290 5277 1464 5348 primo
1497 5290 1619 5330 cum
1647 5276 1881 5348 maxima
1911 5276 2146 5348 submis-

569 5346 724 5404 sione
753 5348 1096 5419 imperatoris
1121 5348 1359 5419 animum
1384 5346 1600 5419 placare
1628 5354 1683 5401 et
1710 5347 1776 5401 ad
1808 5346 2147 5419 cietnentiam

571 5416 914 5476 commovere
950 5427 1205 5475 conatur:
1234 5418 1427 5473 deinde
1460 5417 1655 5472 fratres
1688 5431 1816 5473 suos
1848 5418 1916 5472 ab
1949 5416 2147 5476 iniusta

570 5490 1002 5548 adversariorum
1039 5488 1305 5545 delatione
1340 5487 1595 5552 defendit,
1640 5487 1862 5556 illosque
1885 5489 1939 5541 in
1961 5487 2148 5544 ofﬁciis

574 5561 770 5617 divinis
794 5560 1125 5618 celebrandis
1159 5559 1371 5616 sedulos
1412 5567 1465 5629 et
1502 5559 1766 5629 assiduos,
1793 5558 1988 5612 nullius
2021 5573 2148 5629 erga

573 5632 880 5703 episcOpum
903 5632 1344 5703 Aurelianensem
1375 5627 1602 5703 injuriaa,
1620 5628 1822 5703 nullius
1847 5642 1973 5703 erga
1999 5627 2151 5703 man-

574 5699 700 5774 data
727 5699 872 5774 regia
904 5702 1297 5774 inobedientiae,
1332 5701 1529 5755 nullius
1565 5699 2149 5774 ad‘_reumvdefenden-

576 5770 702 5824 dum
726 5769 1139 5842 conspirationis
1162 5788 1283 5828 reos
1315 5787 1433 5827 esse
1456 5769 1722 5842 ostendit;
1756 5771 1977 5840 insuper
1997 5786 2149 5827 veras

577 5841 837 5898 tumultus
861 5841 933 5897 ’ct
975 5852 1257 5898 commota:
1305 5843 1561 5898 adversus
1612 5841 1858 5899 homines
1889 5842 2144 5911 episcopi,

577 5925 731 5970 reum
754 5913 825 5969 ad
844 5912 1028 5985 priora
1048 5913 1260 5970 vincula
1279 5928 1467 5982 rapere
1488 5912 1743 5979 volentes,
1766 5914 1937 5985 plebis
1955 5929 2147 5970 causas

2245 3394 2377 3454 pore
2402 3380 2704 3437 serviebam
2730 3377 2961 3434 Domino
2988 3392 3109 3432 meo
3131 3374 3257 3432 Iesu
3292 3376 3527 3443 Christo,
3560 3375 3607 3432 si
3636 3378 3692 3432 in
3718 3382 3833 3432 tan-

2245 3482 2362 3530 tum
2384 3473 2527 3528 illius
2551 3486 2642 3527 me
2664 3469 3033 3528 misericordia
3061 3476 3115 3523 et
3138 3467 3474 3538 providentia
3490 3466 3755 3535 deseruit,
3778 3476 3839 3523 ut

2246 3567 2303 3622 in
2333 3573 2444 3621 tam
2462 3563 2685 3633 impium
2711 3561 2888 3619 scelus
2909 3562 2961 3615 in
2989 3560 3179 3616 diebus
3205 3560 3501 3615 senectutis
3523 3572 3659 3617 mea:
3681 3561 3841 3616 cadeé

2246 3668 2360 3712 rem
2385 3673 2401 3723 ;
2442 3655 2538 3710 sed
2561 3652 2844 3709 verissime
2865 3653 3068 3723 absque
3099 3651 3249 3708 omni
3280 3650 3617 3708 dubitatione
3639 3652 3834 3720 fateor,

2247 3761 2347 3801 nec
2399 3754 2607 3801 tantum
2657 3744 2856 3803 mereri
2896 3743 3035 3800 velle
3074 3744 3191 3799 auri
3232 3750 3495 3815 quantum
3534 3752 3644 3800 tota
3674 3745 3840 3802 habet

2247 3838 2499 3903 Francia,
2524 3846 2585 3892 ut
2612 3853 2679 3894 ex
2708 3853 2830 3893 meo
2856 3836 3081 3894 consilio
3095 3836 3175 3892 vel
3191 3839 3584 3908 prmparatione
3604 3845 3715 3894 tam
3740 3855 3838 3911 pe-

2245 3931 2512 3987 riculosus
2534 3930 2795 3985 tumultus
2818 3929 2875 3985 in
2895 3928 3136 3986 Ecclesia
3156 3929 3354 3986 Christi
3376 3939 3519 3987 esset
3546 3933 3835 3988 adunatus.

2247 4022 2360 4095 Ego
2390 4038 2518 4079 vero
2542 4037 2746 4095 pauper
2773 4032 2827 4077 et
2850 4021 3167 4092 peregrinus
3214 4021 3268 4075 in
3312 4017 3416 4077 hoc
3442 4022 3638 4078 szeculo
3666 4021 3839 4078 Deum

2246 4119 2430 4184 timeo,
2450 4125 2722 4190 perpetuae
2734 4116 2925 4173 salutis
2941 4115 3135 4171 animas
3150 4130 3284 4172 mea
3304 4114 3840 4187 quantulumcunque

2247 4228 2432 4268 curam
2452 4212 2677 4278 habens,
2708 4225 3016 4282 quanquam
3045 4211 3225 4268 minus
3243 4210 3481 4281 perfecte
3507 4210 3614 4269 hoc
3636 4211 3697 4266 in
3725 4211 3841 4267 vita

2249 4365 2451 4434 aperit;
2479 4364 2824 4434 semetipsum
2849 4363 3081 4434 denique
3104 4362 3260 4418 initio
3291 4363 3456 4419 totius
3478 4364 3554 4418 rei
3584 4363 3840 4434 ignarum

2247 4433 2441 4498 fuisse,
2488 4433 2685 4505 postea
2718 4448 2845 4488 vero
2901 4433 2968 4489 ad
3013 4434 3299 4489 tumultum
3344 4433 3639 4501 sedandum
3704 4434 3842 4491 nihil

2248 4509 2332 4561 sui
2382 4506 2545 4560 oliicii
2591 4505 2944 4560 intermisisse
2991 4506 3309 4576 gravissime
3356 4513 3729 4571 contestatur;
3786 4514 3842 4562 et

2249 4577 2303 4631 in
2341 4579 2533 4631 borum
2575 4576 2814 4647 omnium
2849 4574 3009 4647 fidem
3056 4574 3123 4647 ad
3163 4576 3527 4647 testimonium
3573 4584 3843 4647 provocat

2248 4647 2516 4717 regiorum
2544 4646 2831 4701 missurum
2875 4645 3118 4717 Widonis
3162 4656 3216 4701 et
3259 4644 3591 4702 Teotberti.‘
3613 4646 3847 4706 Maximi

2244 4716 2531 4788 prepterea
2574 4717 2688 4771 haec
2711 4716 2935 4785 epistola
2975 4718 3352 4788 habendarest,
3387 4717 3528 4788 quod
3576 4732 3676 4788 per
3716 4734 3842 4774 eam

2249 4787 2477 4844 celebris
2502 4788 2590 4841 illa
2617 4788 2984 4843 controversia
3013 4787 3248 4858 episcopi
3276 4787 3682 4843 Aurelianensis
3714 4804 3846 4845 cum

2248 4858 2653 4914 Turonensibus
2680 4858 2734 4911 in
2766 4859 2991 4929 pleniori
3024 4859 3142 4914 luce
3168 4859 3554 4924 constituatur,
3582 4868 3639 4915 et
3678 4859 3847 4917 inno-

2246 4932 2423 5057 ﬁfnt'ia
2449 4930 2678 4985 istorum
2701 4929 3038 5001 (gravissima
3059 4929 3270 4985 Alcuini
3296 4929 3703 5002 testificatione)
3731 4931 3847 4985 vin-

2306 5017 2367 5055 CB
2390 5017 2475 5055 ιη’.

2306 5012 2475 5055 CBllll'.

2322 5083 2343 5111 ο
2396 5070 2612 5126 Vidone.
2657 5071 2885 5137 Comite,
2928 5070 3016 5141 qui
3059 5070 3114 5125 in
3163 5085 3347 5125 marca
3392 5069 3687 5141 Britanniae
3724 5070 3849 5128 Cis-

2248 5142 2471 5224 marinte
2512 5144 2851 5224 praesidebat,
2895 5140 3054 5224 quem
3097 5141 3246 5224 illunm
3292 5141 3478 5224 ipsum.
3506 5140 3673 5195 fuisse
3724 5143 3848 5224 eri-

2248 5215 2427 5275 stimo,
2480 5211 2562 5268 cui
2613 5213 2870 5284 Alcuinus
2917 5214 3112 5284 librum
3162 5211 3239 5284 De
3282 5211 3554 5284 virtutibus
3603 5220 3651 5284 et
3681 5213 3850 5284 citas

2248 5284 2543 5353 inscripsit,
2571 5283 2794 5338 inferius
2831 5283 2976 5337 inter
3004 5282 3273 5353 Opuscula
3305 5281 3523 5337 Moralia
3566 5281 3849 5338 exhiben-

2248 5355 2397 5418 dum,
2424 5356 2513 5408 ubi
2539 5355 2722 5408 videas
2760 5354 3019 5424 monitum
3048 5353 3327 5424 praevium.

2317 5425 2345 5465 ἀ
2384 5424 2553 5479 Habet
2581 5426 2718 5478 enim
2764 5422 3020 5495 Tyronicu
3048 5422 3245 5478 civitas
3282 5432 3566 5495 pastorem,
3611 5430 3725 5479 etc.
3768 5425 3850 5479 De

2247 5495 2479 5566 Josepho
2515 5495 2766 5565 episcopo
2795 5494 3092 5566 Turonensi
3124 5493 3388 5566 loquitur,
3417 5493 3507 5563 qui
3546 5500 3710 5549 nocte
3749 5496 3848 5550 illa

2250 5564 2640 5636 qua'Alcuinus
2668 5564 2925 5629 decessit,
2982 5583 3000 5616 ‹
3054 5565 3481 5636 inaestimabilem
3528 5565 3850 5635 splendoris

2249 5634 2552 5692 claritatem
2598 5652 2760 5707 super
2799 5636 3084 5691 ecclesiam
3135 5635 3191 5691 S.
3223 5634 3474 5707 Martini,
3519 5634 3574 5691 et
3610 5636 3849 5692 beatam

2248 5708 2389 5779 illius
2417 5712 2650 5763 animam
2668 5706 2734 5779 iu
2763 5707 2958 5762 ctelum
3003 5715 3290 5779 penetrare
3316 5706 3850 5779 _vidit,_corpusque

2248 5722 2389 5763 unus
2417 5724 2650 5763 animum
2680 5724 2734 5762 ιη
2763 5722 2958 5762 cauum
3003 5722 3290 5830 penetrare
3330 5722 3484 5769 non,
3525 5722 3840 5779 corpusque

2248 5778 2503 5844 defuncti,
2546 5780 2662 5860 pias
2704 5777 2970 5905 lacvmas
3034 5779 3256 5841 undens,
3298 5775 3638 5831 deosculatus
3661 5786 3779 5845 est,
3818 5798 3840 5833 ι

2248 5857 2310 5905 ut
2330 5860 2517 5905 narrat
2542 5858 2774 5905 scriptor
2845 5850 2933 5904 ita:
2956 5848 3189 5905 Alcuini.
3218 5862 3365 5904 num.
3397 5848 3468 5903 50
3501 5855 3554 5903 et
3582 5860 3699 5905 sea.

2248 5857 2310 5906 ut
2330 5860 2517 5907 narrat
2542 5850 2774 5919 scriptor
2799 5848 2933 5905 Vitae
2956 5848 3189 5916 Alcuini,
3218 5862 3365 5904 num.
3397 5848 3468 5903 50
3501 5855 3554 5903 et
3582 5860 3699 5919 seq.
