4064 6342
212 374 303 464 toi

1586 382 1966 448 EPISTOLE.
2331 395 2351 459 ,ο

3323 390 3430 454 398

210 488 639 571 iurantem;
669 501 724 558 et
754 490 991 558 maxime
1015 504 1158 558 nunc
1199 503 1255 559 tn
1289 499 1478 559 diebus
1511 508 1759 558 seneetu-
1784 508 1837 567 Α
1861 498 1963 554 di‘ri
2009 503 2190 568 potest
2235 495 2364 569 quid
2405 494 2663 570 egissent,
2707 490 2801 569 qui
2844 507 2903 557 et
2940 500 3044 572 ipsi
3091 500 3428 573 iuraverunt,

211 600 271 658 tis
290 610 338 656 et
363 596 689 654 inﬁrmitatis
714 608 846 651 meae
877 595 1287 665 praecavendum
1314 595 1467 650 mihi.
1495 592 1628 650 Novi
1653 601 1765 648 tam

210 691 635 751 immanissimum
671 689 890 745 sceleris
936 687 1176 760 pondus,
1219 689 1309 758 qui
1341 685 1603 758 judicium
1640 687 1769 742 vita

207 783 476 843 metemihi
505 782 962 854 appropinquasse
1004 792 1110 835 non
1135 780 1343 850 ignoro.
1391 777 1560 848 Hujus
1578 775 1769 848 iudicii

206 879 384 934 timore
422 891 454 930 a
493 872 722 930 tumultu
760 870 919 940 hujus
953 869 1133 925 saeculi
1178 878 1372 924 vestra
1417 866 1769 924 beatitudinis

204 966 412 1025 consilio
456 980 543 1021 me
572 964 822 1031 liberavi,
866 972 927 1018 ut
969 960 1180 1033 quietus
1209 962 1319 1019 Deo
1357 962 1458 1017 soli
1483 961 1767 1027 servirem,

201 1070 289 1134 pro
318 1060 581 1130 vobisque
620 1059 675 1113 in
702 1058 1189 1113 remunerationem
1222 1055 1464 1110 omnium
1503 1056 1771 1110 bonorum

196 1164 304 1223 quae
334 1151 473 1207 mihi
498 1151 608 1205 Deo
630 1150 959 1220 propitiante
992 1147 1195 1221 egistis,
1244 1146 1575 1218 quotidianis
1602 1145 1771 1201 inter-

203 1244 439 1300 cederem
464 1241 737 1312 lacrymis.

258 1334 525 1390 Caeterum
554 1332 714 1401 hujus
749 1330 1009 1388 tumltns
1050 1331 1318 1387 rationem
1356 1328 1649 1386 secundum
1684 1338 1773 1382 ve-

196 1426 423 1489 ritatem,
449 1434 706 1496 quantum
729 1424 1026 1496 intelligere
1045 1423 1205 1487 valui,
1227 1431 1423 1478 vestra:
1442 1418 1771 1477 excellentia

194 1513 425 1584 pandere
460 1529 567 1569 non
606 1516 884 1578 erubesco,
935 1514 1135 1569 nemihi
1180 1524 1410 1583 parcens
1441 1525 1551 1582 quo
1592 1511 1771 1567 minus

193 1601 401 1657 inritati
443 1603 809 1658 testimonium
844 1602 1137 1673 proferam.
1176 1602 1402 1657 Videtur
1448 1601 1595 1658 enim
1641 1599 1774 1661 mihi

192 1695 393 1751 nullum
419 1695 542 1766 plus
562 1708 816 1767 peccasse
838 1696 893 1751 in
919 1695 1083 1767 hujus
1106 1695 1398 1765 impietatis
1419 1692 1585 1759 facto,
1608 1707 1774 1763 quam

191 1787 468 1844 custodem
500 1788 647 1844 illius
668 1789 937 1855 scelerati,
965 1804 1031 1846 ex
1058 1788 1213 1859 cujus
1254 1788 1577 1860 negligentia
1621 1796 1771 1843 tanta

1863 588 2061 645 nullius
2083 603 2143 644 se
2164 588 2269 645 hoc
2298 590 2473 660 ipsum
2509 591 2684 661 egisse
2725 591 2959 657 hortatu,
2991 593 3095 649 nisi
3123 610 3189 649 ex
3229 595 3436 666 impetu

1864 680 2105 737 stultitim
2124 695 2255 737 suae.
2281 680 2392 739 Nec
2414 681 2554 738 ullus
2580 698 2648 739 ex
2672 684 2844 739 vassis
2883 685 3054 740 sancti
3102 684 3317 741 Martini
3361 687 3437 744 ibi

1864 770 1987 839 fuit,
2007 772 2110 829 nisi
2138 788 2280 829 unus
2298 771 2637 843 Amalgarius
2663 776 2881 831 nomine
2900 777 2993 847 qui
3020 792 3230 834 mecum
3250 778 3440 853 eadem

1865 862 1968 920 fuit
1995 867 2145 932 hora,
2185 883 2346 937 quem
2385 869 2566 924 statim
2610 871 2735 925 misi
2769 886 2893 926 cum
2926 872 3049 928 aliis
3072 870 3333 929 fratribus
3370 873 3444 930 ad

1867 957 2160 1013 sedandum
2206 959 2492 1015 tumultum
2516 996 2532 1026 ,
2575 961 2927 1033 hominesque
2980 963 3274 1019 venerandi
3320 964 3439 1035 epi-

1867 1050 2015 1121 scopi
2037 1051 2251 1121 eripere
2271 1052 2338 1107 de
2361 1053 2609 1110 manibus
2629 1055 2829 1125 populi,
2862 1071 2930 1110 ne
2961 1055 3089 1124 quid
3116 1055 3243 1111 mali
3272 1056 3326 1111 iu
3348 1070 3445 1113 eos

1867 1152 2078 1214 gestum
2100 1153 2276 1212 esset;
2314 1146 2407 1216 qui
2438 1147 2624 1202 sedato
2652 1148 2880 1204 tumultu
2911 1149 3056 1206 ducti
3081 1155 3207 1206 sunt
3234 1149 3290 1205 in
3319 1164 3440 1223 mo-

1867 1233 2184 1300 nasterium,
2211 1234 2301 1290 ubi
2329 1233 2465 1290 salvi
2491 1248 2611 1290 esse
2635 1236 2971 1306 potuissent;
3009 1239 3103 1309 qui
3141 1244 3290 1293 tanto
3318 1237 3451 1294 odio

1870 1333 2188 1382 exarserunt
2216 1326 2271 1380 in
2298 1339 2404 1391 me,
2446 1334 2507 1380 ut
2549 1327 2749 1382 bonum
2792 1327 2938 1398 quod
2976 1326 3212 1397 eisjussi
3241 1327 3459 1403 facere,

1871 1416 1927 1471 in
1958 1417 2153 1472 malum
2173 1417 2436 1472 verterint
2473 1418 2734 1485 dicentes,
2762 1433 2850 1474 me
2885 1418 2942 1473 in
2968 1419 3314 1489 opprobrium
3342 1420 3447 1476 illis

1871 1509 2111 1580 eulogias
2132 1509 2410 1575 direxisse,
2439 1506 2581 1580 quod
2606 1509 2827 1567 omnino
2852 1507 3196 1566 falsissimum
3223 1517 3328 1578 est,
3350 1526 3448 1567 ne-

1873 1601 2107 1657 scientes
2136 1601 2402 1671 siquidem
2435 1616 2522 1656 me
2554 1601 2829 1657 Dominico
2856 1601 3120 1657 imbutum
3148 1616 3269 1657 esse
3308 1617 3450 1672 pra-

1871 1700 2048 1764 oepto,
2072 1693 2164 1764 qui
2193 1694 2268 1749 ait
2292 1709 2308 1748 :
2338 1693 2635 1765 Benefacite
2666 1694 2744 1749 his
2768 1693 2856 1766 qui
2881 1693 3083 1750 oderint
3112 1711 3200 1751 vos
3229 1694 3450 1768 (Matth.

1872 1798 1930 1851 v,
1959 1782 2071 1854 44).

189 1877 324 1933 mala
350 1884 542 1950 postea
562 1886 750 1934 exorta
787 1887 930 1935 sunt.
961 1879 1032 1936 Ut
1065 1895 1187 1947 cum
1222 1895 1355 1950 pace
1376 1895 1565 1936 eorum
1593 1880 1768 1937 dicam
1798 1871 1847 1932 Β
1942 1876 2068 1932 Haec
2096 1884 2280 1933 sancta
2315 1876 2488 1948 pietas
2508 1884 2704 1941 vestra,
2728 1876 2956 1931 Domine
2981 1875 3241 1947 piissime,
3273 1874 3449 1933 consis

187 1967 275 2037 qui
306 1968 415 2024 bas
444 1968 653 2026 litteras
679 1970 856 2042 legere
882 1970 1116 2036 audiant,
1155 1968 1355 2038 justius
1400 1971 1613 2032 aestimo
1647 1985 1768 2030 esse

188 2058 355 2126 illum,
390 2061 544 2133 cujus
573 2062 891 2133 negligentia
932 2061 1021 2120 ille
1049 2077 1174 2124 reus
1212 2062 1395 2138 lapsus
1425 2075 1510 2124 est
1552 2068 1622 2123 de
1653 2068 1769 2121 vin~

182 2152 343 2219 culis,
372 2154 561 2212 eadem
581 2154 691 2228 pati
717 2152 951 2225 vincula,
988 2174 1151 2229 quam
1176 2161 1424 2216 eumdem
1452 2174 1605 2215 reum
1632 2157 1771 2229 fugi—

182 2243 359 2303 tivum
389 2253 457 2307 ad
478 2252 680 2307 Christi
708 2252 804 2307 Dei
829 2252 999 2308 nostri
1025 2260 1083 2308 et
1104 2259 1413 2307 sanctorum
1454 2252 1573 2323 ejus
1592 2260 1771 2322 patro-

177 2337 350 2405 cinia,
381 2341 447 2396 de
488 2340 719 2395 ecclesia
747 2341 815 2395 ad
840 2341 1030 2395 eadem
1071 2341 1222 2396 reddi
1259 2339 1511 2405 vincula;
1541 2355 1644 2397 nec
1670 2341 1773 2396 hoc

174 2445 243 2485 ex
288 2447 422 2487 mea
464 2433 640 2488 dicam
685 2433 1062 2500 aestimatione,
1108 2435 1204 2489 sed
1241 2434 1451 2490 Domini
1490 2434 1773 2490 roboratus

167 2536 465 2589 sermone,
498 2524 591 2593 qui
618 2525 933 2595 prophetam
960 2525 1075 2597 regi
1100 2524 1418 2593 Israelitico,
1445 2526 1537 2597 qui
1571 2526 1775 2583 dimisit

172 2628 378 2684 regem
423 2612 595 2684 Syriae
641 2616 709 2671 de
750 2618 1000 2673 manibus
1044 2618 1175 2683 suis,
1199 2616 1361 2687 jussit
1395 2619 1612 2674 dicere:
1645 2616 1775 2672 Ηιεο

171 2707 306 2761 dicit
332 2705 617 2775 Dominus,
638 2711 761 2779 quia
783 2710 1029 2765 dimisisti
1050 2713 1216 2766 virum
1242 2712 1455 2782 dignum
1478 2720 1661 2767 morte.
1679 2711 1777 2766 erit

176 2800 371 2854 anima
411 2808 505 2854 tua
523 2815 618 2871 pro
644 2801 822 2856 anima
849 2802 964 2873 ejus
995 2802 1115 2875 (III
1143 2802 1272 2874 Reg.
1302 2819 1394 2868 xx,
1421 2802 1536 2874 42).

248 2888 469 2945 Deinde
489 2890 725 2946 secundo
737 2889 858 2963 loco
872 2890 1187 2948 incitatorcs
1205 2906 1325 2947 esse
1340 2890 1495 2960 hujus
1518 2890 1776 2946 tumultus

178 2978 455 3051 intelligo,
485 2982 579 3051 qui
615 2983 814 3038 armati
842 2992 1105 3040 venerunt
1131 2983 1324 3057 majori
1364 2999 1588 3039 numero
1614 2997 1776 3052 quam

179 3089 316 3143 opus
347 3083 521 3140 esset,
551 3074 618 3130 de
645 3075 868 3132 civitate
892 3076 1183 3132 Aureliana
1214 3077 1266 3131 in
1302 3076 1576 3132 civitatem
1607 3074 1776 3146 Tyro-

183 3166 388 3221 dicam.
428 3167 657 3222 Maxime
680 3168 807 3238 quia
828 3166 973 3225 fama
997 3168 1238 3225 cucurrit
1258 3183 1356 3238 per
1383 3183 1545 3224 aures
1571 3166 1772 3237 popui,

180 3257 244 3311 ad
276 3257 389 3313 hoc
421 3272 519 3314 eos
546 3260 755 3314 venisse
790 3269 849 3316 ut
878 3260 1138 3315 violenter
1168 3260 1470 3330 rapuissent
1498 3273 1644 3325 eum,
1683 3258 1777 3327 qui

183 3348 511 3421 confugerat
549 3351 619 3406 ad
650 3352 949 3422 patrocinia
986 3352 1244 3425 Ecclesiae
1292 3351 1493 3407 Christi
1539 3359 1595 3407 et
1633 3352 1778 3407 beati

184 3436 435 3496 Martini.
469 3440 599 3497 Illud
624 3443 788 3498 etiam
815 3441 1022 3515 [Forte,
1043 3441 1210 3516 enim]
1240 3457 1525 3498 commune
1551 3449 1635 3497 est
1662 3456 1779 3496 om-

182 3532 343 3590 nibus
369 3534 600 3604 ubique,
637 3536 781 3606 quod
811 3537 1035 3595 moleste
1058 3536 1256 3605 ferant,
1299 3552 1426 3593 suos
1455 3536 1780 3594 dehonorari

182 3634 431 3682 sanctos.
468 3625 740 3683 Fortassis
768 3635 821 3684 et
847 3627 935 3684 ille
962 3629 1127 3686 miser
1156 3629 1404 3685 hortatus
1427 3634 1510 3683 est
1536 3626 1604 3683 ad
1629 3642 1781 3684 man-

183 3716 399 3773 sionem
436 3733 598 3774 suam
623 3720 852 3775 rusticos
878 3720 1156 3776 venientes
1184 3720 1324 3775 inter
1364 3718 1576 3791 pocula,
1603 3727 1663 3775 ut
1690 3718 1783 3776 de-

181 3808 485 3870 fenderent
508 3813 802 3870 Ecclesium
833 3816 1006 3872 sancti
1032 3814 1271 3883 Martini,
1306 3829 1374 3871 ne
1398 3814 1665 3870 violenter
1702 3829 1783 3868 ra-

181 3914 414 3974 peretur
452 3907 525 3962 ab
547 3922 632 3963 ea.

254 3992 456 4051 Tertia
481 3993 583 4050 fuit
602 3995 760 4068 hujus
792 3997 1054 4054 tumultus
1080 3998 1374 4070 instigatio,
1411 3997 1537 4053 dum
1564 4004 1783 4054 sanctus

184 4078 346 4141 Pater
390 4095 454 4143 et
492 4086 730 4157 pontifex
772 4097 957 4146 noster
982 4089 1145 4145 nimis
1188 4091 1560 4161 inopportuno,
1590 4088 1784 4160 populo

180 4186 488 4244 pnesente,
515 4178 736 4235 intravit
761 4180 1043 4237 ecclesiam
1087 4197 1208 4237 cum
1236 4183 1542 4238 hominibus
1583 4181 1676 4252 qui
1716 4181 1785 4236 ad

183 4269 520 4337 rapiendum
557 4271 766 4328 venisse
788 4274 1343 4345 reumrputabantur;
1380 4274 1473 4330 sed
1503 4274 1643 4329 forte
1682 4274 1786 4328 hoc

183 4352 313 4412 fecit
341 4359 522 4415 corde
544 4361 794 4431 simplici,
822 4363 958 4418 nihil
989 4363 1113 4418 mali
1142 4378 1208 4418 ex
1234 4365 1336 4420 hoc
1363 4365 1605 4420 accidere
1627 4379 1785 4433 posse

182 4452 504 4509 aestimans.
528 4453 654 4510 Haec
683 4456 871 4512 videns
899 4456 1085 4527 vulgus
1134 4456 1425 4522 indoctum,
1455 4458 1543 4528 qui
1575 4473 1786 4527 semper

1870 1970 2043 2036 deret,
2080 1983 2375 2038 verumque
2418 1974 2730 2041 cognoscat,
2772 1976 2827 2025 et
2871 1969 3192 2040 propitietur
3233 1965 3451 2024 famulis

1868 2064 1982 2124 suis
2011 2063 2067 2122 in
2095 2063 2187 2120 Dei
2229 2063 2612 2133 omnipotentis
2657 2078 2860 2130 amore,
2911 2071 2967 2119 et
3010 2064 3180 2119 sancti
3233 2047 3453 2121 Martini

1869 2157 2249 2215 intercessoris
2288 2154 2451 2214 vestri
2499 2156 2724 2219 honore,
2766 2155 2857 2225 qui
2904 2170 3116 2225 semper
3158 2156 3453 2215 honoratus

1871 2249 1975 2313 fuit
1998 2251 2055 2305 in
2083 2242 2249 2322 regno
2272 2257 2329 2304 et
2357 2265 2389 2304 a
2414 2251 2634 2320 regibus
2672 2249 3025 2304 Francorum.
3069 2246 3317 2305 Solemus
3342 2245 3454 2305 Deo

1872 2338 2053 2394 dicere
2093 2338 2148 2394 in
2199 2338 2536 2396 confessione
2585 2347 2931 2411 peccatorum
2970 2349 3281 2396 nostrorum
3325 2357 3339 2393 :
3390 2326 3453 2396 Si

1866 2429 2170 2498 iniquitates
2196 2431 2561 2496 observaveris,
2599 2430 2840 2497 Domine,
2874 2430 3116 2499 Domine,
3153 2432 3269 2503 quis
3303 2431 3458 2487 susti-

1875 2521 2013 2576 nebit
2052 2520 2225 2594 (Psal.
2273 2511 2467 2589 cxxtx,
2512 2521 2602 2594 5)?
2637 2522 2889 2578 Dicamus
2927 2532 2983 2578 et
3030 2522 3148 2590 tibi,
3184 2524 3311 2593 quia
3353 2538 3454 2580 no-

1874 2614 2198 2671 bilissimum
2239 2615 2477 2687 ejusdem
2520 2615 2712 2685 capitis
2741 2623 2793 2671 te
2826 2616 3126 2671 membrum
3157 2632 3278 2672 esse
3302 2615 3456 2673 novi-

1875 2721 1998 2763 mus
2027 2723 2041 2760 :
2070 2707 2117 2761 si
2145 2707 2460 2778 iniquitates
2482 2709 2872 2775 observaveris,
2897 2709 3111 2764 domine
3140 2710 3456 2780 imperator,

1876 2798 2000 2868 quis
2027 2798 2348 2855 sustinebit?
2388 2799 2640 2867 Maxime,
2669 2801 2792 2871 quia
2823 2801 3069 2872 specialis
3095 2806 3269 2859 virtus
3304 2804 3460 2860 boni-

1877 2897 1980 2956 tas,
2003 2899 2165 2961 amne
2192 2890 2311 2946 laus
2349 2892 2734 2963 imperatorum
2779 2908 2992 2963 semper
3025 2891 3124 2949 fuit
3169 2894 3458 2956 clementia

1875 2980 1933 3036 in
1958 2980 2227 3050 subjectos
2253 2998 2399 3049 suos,
2436 2981 2491 3037 in
2517 2991 2744 3052 tantum,
2789 2992 2849 3040 ut
2895 2984 3048 3041 Titus
3095 2987 3461 3045 nobilissimus

1875 3072 2170 3143 imperator
2194 3073 2309 3131 ait:
2342 3074 2617 3131 Neminem
2660 3076 2724 3130 ab
2771 3078 3081 3148 imperatore
3129 3079 3329 3133 tristem
3370 3079 3463 3135 de-
3505 3078 3513 3087 ’

1879 3167 1995 3223 bere
2029 3156 2282 3221 recedere.
2319 3166 2556 3222 Ltetiﬁca
2586 3168 2793 3224 animos
2819 3183 3097 3224 sonorum
3127 3176 3344 3225 tuorum
3365 3165 3462 3240 per

1882 3258 2267 3314 misericordiae
2305 3267 2409 3313 tua:
2458 3273 2653 3315 munus
2695 3259 3054 3328 altissimum;
3102 3260 3465 3332 superexaltct

1878 3352 2247 3408 misericordia
2274 3352 2553 3423 judicium,
2594 3352 2685 3423 qui
2715 3353 2979 3408 maximas
3000 3354 3241 3425 perﬁdia
3273 3346 3462 3426 culpas

1880 3442 1937 3499 in
1960 3452 2194 3500 vestram
2215 3451 2575 3513 peccaverunt
2604 3441 2807 3516 [Forte,
2837 3444 3198 3517 peccantium]
3227 3440 3464 3503 auctori-

1881 3544 2048 3593 tatem
2076 3534 2330 3592 laudabili
2370 3536 2570 3607 pietate
2610 3536 2909 3606 perdonare
2940 3537 3213 3608 potuistis.
3240 3536 3465 3609 Ignosce

1881 3629 2183 3686 infelicitati
2212 3637 2411 3685 nostrae
2447 3628 2738 3684 secundum
2768 3628 3066 3699 piissimam
3111 3628 3464 3686 sanctissima:

1880 3723 2081 3779 mentis
2113 3731 2306 3778 vestra:
2347 3721 2700 3789 nobilitatem,
2729 3731 2913 3794 quam‘
2940 3737 3153 3794 semper
3186 3724 3378 3795 agnovi
3407 3725 3464 3779 in

1881 3815 2063 3871 anino
2096 3815 2373 3885 sapientia:
2412 3824 2607 3872 vestrae
2652 3815 2970 3872 mirabiliter
2988 3816 3202 3885 vigere;
3241 3824 3297 3872 et
3324 3817 3465 3873 sicut

1883 3907 2050 3964 David
2078 3908 2295 3963 Patrem
2340 3906 2544 3963 Christi
2586 3907 2861 3964 laudatum
2894 3908 3121 3979 legimus
3161 3908 3218 3965 in
3252 3909 3465 3965 miseri—

1884 3999 2083 4054 cordia:
2112 3999 2480 4068 magnitudine
2513 4008 2568 4054 et
2593 3999 2844 4070 aequitate
2867 3999 3225 4071 judiciorum;
3272 4000 3347 4055 ita
3376 4014 3469 4055 ve-

1883 4101 2051 4147 stram
2081 4091 2469 4148 beatitudinem
2489 4107 2702 4161 semper
2730 4093 2781 4147 in
2821 4090 2906 4147 his
2934 4092 3251 4148 meritorum
3297 4090 3468 4149 titulis

1884 4182 2207 4239 laudabilem
2253 4191 2415 4253 atque
2458 4182 2888 4256 praedicabilem,
2935 4182 3154 4240 Christo
3196 4186 3466 4252 donante,

1886 4292 2005 4334 esse
2040 4276 2409 4345 cognovimus.

1956 4371 2305 4441 Omnipotens
2340 4372 2478 4427 Deus
2512 4370 2673 4426 Pater
2693 4386 2790 4441 per
2817 4370 3034 4427 unicum
3062 4371 3254 4427 Filium
3285 4388 3463 4440 suum,

1886 4439 2171 4517 Dominum
2199 4470 2443 4516 nostrum
2478 4459 2663 4516 Iesum
2697 4439 2990 4527 Christum,
3022 4461 3077 4516 in
3116 4461 3321 4532 Spiritu
3362 4462 3466 4518 Pa-

183 4551 272 4597 res
302 4544 763 4603 inconvenientes
804 4548 921 4603 sine
944 4548 1169 4605 consilio
1199 4564 1359 4621 agere
1389 4550 1541 4615 solet,
1573 4552 1787 4606 concla-
1813 4583 1864 4645 D
1889 4550 2092 4621 raclyto
2120 4551 2266 4605 omni
2292 4551 2662 4607 benedictione
2691 4560 2745 4607 et
2774 4552 3035 4621 sapientia
3059 4566 3157 4608 cor
3183 4555 3470 4610 beatitudi-

182 4643 440 4702 marunt,
469 4636 541 4691 ad
568 4634 739 4693 fustes
763 4649 1140 4707 cucurrerunt,
1170 4639 1334 4710 aliqui
1364 4640 1576 4712 impigri
1597 4657 1628 4696 a
1655 4642 1786 4698 foris

182 4736 502 4794 venerunt,
556 4728 682 4784 dum
734 4731 885 4802 signa
939 4747 1133 4788 sonare
1180 4734 1509 4801 audierunt,
1557 4750 1786 4804 quorum

184 4818 360 4873 motio
400 4832 510 4888 per
554 4820 890 4877 indoctorum
935 4840 1127 4879 manus
1166 4825 1471 4881 ministrata
1505 4834 1608 4892 est,
1648 4826 1790 4883 sicut

182 4911 541 4979 exquisitum
561 4919 647 4968 est
674 4929 707 4968 a
734 4922 931 4971 vestrae
954 4917 1293 4974 auctoritatis
1330 4918 1537 4982 missis,
1588 4919 1695 4974 imo
1736 4926 1790 4973 et

181 5002 250 5056 ab
272 5002 425 5072 ipsis
454 5006 865 5062 accusatoribus
894 5010 1111 5065 nostris.
1140 5008 1274 5065 Nam
1305 5009 1409 5065 illis
1438 5000 1791 5080 praesentibus

180 5099 456 5147 sanctum
479 5091 703 5149 allatum
740 5102 821 5151 est
848 5095 1215 5167 Evangelium,
1253 5097 1397 5169 ligno
1433 5109 1634 5156 sanctae
1670 5116 1793 5156 cru-

176 5184 262 5241 cis
312 5186 715 5258 superposito;
774 5204 1123 5259 quoscunque
1171 5190 1465 5262 jusserunt
1495 5192 1682 5264 jurare
1725 5207 1794 5248 ex

179 5274 509 5346 fratribus,
566 5279 828 5337 fecerunt.
883 5281 1103 5339 Fratres
1154 5298 1283 5339 vero
1322 5285 1600 5341 audientes
1642 5286 1795 5357 signa

175 5372 581 5441 prosiluerunt
603 5372 669 5430 de
695 5374 984 5433 refectorio
1015 5374 1084 5431 ad
1121 5375 1399 5432 sciendum
1442 5393 1540 5448 pro
1575 5394 1680 5448 qua
1710 5394 1798 5435 so-

178 5464 463 5521 nuissent
499 5481 664 5523 causa
686 5481 703 5521 :
729 5465 821 5539 qui
863 5466 1140 5524 venientes
1177 5475 1441 5538 quantum
1486 5475 1794 5540 potuerunt,

170 5563 241 5610 ut
284 5556 496 5613 audivi
513 5598 529 5624 ,
578 5560 906 5616 sedaverunt
940 5559 1258 5627 tumultum;
1313 5559 1419 5616 nisi
1460 5560 1553 5632 qui
1594 5560 1797 5616 inventi

174 5654 323 5704 sunt
351 5657 431 5704 ut
465 5651 673 5707 aestimo
699 5650 958 5718 infantes,
983 5653 1075 5724 qui
1101 5660 1296 5709 vestra:
1321 5652 1467 5710 ducti
1502 5660 1628 5708 sunt
1657 5668 1799 5725 prae-

172 5741 425 5808 acutiae,
470 5737 524 5797 in
564 5741 657 5799 illo
688 5750 1050 5814 peccaverunt
1087 5760 1377 5814 concursu,
1412 5761 1445 5800 a
1473 5745 1671 5817 quibus
1711 5763 1803 5804 au-

252 5886 286 5917 ι
332 5873 507 5931 Edit.
527 5874 781 5946 Quercet.
806 5876 899 5950 55,
919 5878 1104 5939 Canis.
1127 5880 1217 5952 48,
1237 5880 1472 5941 Froben.
1500 5881 1620 5938 111.
1660 5921 1676 5937 .

1888 4643 1973 4697 nis
2002 4651 2196 4699 vestra:
2224 4642 2507 4710 illuminet,
2549 4644 2776 4713 repleat,
2820 4652 2983 4714 atque
3020 4644 3271 4711 lzetillcet,
3317 4648 3472 4703 nobi-

1888 4730 2213 4801 lissimaaque
2234 4732 2367 4800 proli
2387 4740 2581 4787 vestra:
2602 4741 2936 4802 perpetuam,
2958 4732 3012 4787 in
3038 4734 3263 4790 salutem
3287 4738 3470 4807 populi

1890 4821 2204 4887 Christiani,
2250 4822 2661 4893 prosperitatem
2712 4824 3013 4895 perdonare
3059 4826 3336 4899 dignetur,
3383 4830 3473 4887 do-

1888 4916 2037 4972 mine
2077 4914 2589 4983 desiderantissime,
2632 4916 2837 4987 optime
2882 4926 3048 4988 atque
3092 4920 3473 4992 augustissime

1890 5015 2047 5077 pater
2073 5007 2291 5077 patriae!

2061 5097 2275 5154 Floreat
2298 5104 2353 5153 et
2379 5096 2556 5170 vigeat
2585 5097 2771 5169 sophia
2796 5098 2996 5158 virtute
3020 5100 3308 5171 triumphis

2107 5190 2224 5248 Rex
2251 5190 2422 5247 David
2448 5205 2700 5260 magnum
2727 5190 2949 5264 Magnus
2972 5192 3028 5248 in
3052 5207 3150 5252 ore
3176 5192 3362 5251 decus.

2394 5316 2421 5346 α
2458 5296 2794 5360 EPISTOLA
2830 5304 2937 5361 CL.

2505 5390 2574 5430 AD
2613 5391 2857 5431 HADRUI.

2495 5467 2685 5541 (Anno
2731 5466 2891 5542 802.)

1971 5557 2110 5616 Petit
2129 5578 2162 5616 a
2178 5559 2371 5616 Mau'ro
2393 5559 2658 5633 (Rabano)
2695 5561 2927 5617 libellum
2946 5562 3046 5618 sibi
3069 5562 3404 5634 praeﬂuunt.

1968 5650 2259 5711 Benedicto
2285 5654 2456 5711 sancti
2478 5652 2752 5710 Benedicti
2787 5652 2817 5695 ιι
2845 5660 3017 5727 puero
3040 5653 3227 5711 Mauro
3249 5654 3479 5712 Albinus

1902 5747 2132 5805 salutem

1973 5870 2003 5927 ί»
2041 5882 2217 5944 Puero
2246 5885 2459 5945 Mauro.
2494 5872 2557 5945 In
2582 5888 2815 5947 editione
2842 5887 3169 5961 Quercetani
3212 5887 3329 5947 haec
3363 5884 3479 5961 epi‘
