4064 6342
597 434 706 495 399

1464 425 1525 481 B.
1564 423 1626 479 F.
1664 417 1892 478 ALBlNl
1930 417 2062 476 SEU
2101 412 2382 475 ALCUINI
2418 409 2702 472 OPERUM
2737 407 2918 468 PARS
2944 406 2990 466 Ι.

3776 398 3886 463 ιω

671 565 701 594 ι
737 546 1004 606 Libellum
1031 557 1196 617 quem
1239 557 1327 599 me
1374 547 1598 612 rogante
1657 535 1834 608 scribi
1863 534 2182 605 promisisti,
2213 537 2268 597 Α
2289 529 2436 588 foras
2464 527 2798 601 temporibus
2823 519 3140 597 opportunis
3177 517 3444 593 fulgorem
3471 525 3680 587 exerat,
3708 528 3769 576 ut
3799 519 3886 578 lu-

597 659 734 718 rogo
754 651 816 697 ut
836 650 927 695 tua
951 638 1117 694 faciat
1138 633 1426 706 promissio
1461 631 1617 685 firma
1662 636 1718 682 et
1754 642 1874 683 mea
1899 626 2191 696 impleatur

599 735 811 793 lietitia.
845 732 1025 788 Multis
1059 725 1432 784 haurientibus
1480 723 1603 778 fons
1639 736 1748 776 non
1782 719 2021 774 siccatur
2039 729 2190 772 venas

598 829 756 893 vivae,
806 827 879 881 ita
936 840 1037 878 nec
1085 814 1264 876 vestra
1311 816 1574 872 minuitur
1621 813 1925 884 sapientia,
1975 806 2192 864 tametsi

599 929 789 978 nostra
815 918 939 972 inde
967 916 1181 971 hauriat
1204 911 1519 984 indigentia.
1545 907 1664 964 Noli
1695 921 1952 978 spernere
1977 919 2065 959 me
2096 918 2188 958 ro-I

601 1022 839 1086 gantem,
873 1027 974 1066 nec
1005 1017 1056 1064 te
1083 1006 1489 1079 promittentem
1529 1003 1796 1065 abnuere;
1849 997 1944 1054 sed
1989 995 2195 1050 veritas

602 1117 695 1162 tua
727 1106 821 1160 fiat
844 1105 1068 1160 satietas
1097 1114 1239 1156 mea.
1272 1099 1443 1169 Dilige
1471 1096 1784 1167 diligentem
1813 1099 1886 1156 te,
1915 1097 1970 1145 et
1998 1089 2067 1143 da
2101 1101 2196 1158 pe-

600 1197 758 1263 tenti,
788 1196 817 1236 h
845 1203 906 1250 ut
931 1193 1133 1249 omnia.
1163 1191 1298 1259 Quia
1325 1190 1411 1246 lex
1439 1186 1657 1243 mandat
1705 1184 1916 1255 parenti
1955 1181 2192 1251 placere.

599 1288 796 1345 Valeas
832 1285 1064 1342 feliciter
1103 1300 1228 1341 cum
1258 1281 1441 1354 pueris
1471 1279 1598 1344 tuis,
1621 1284 1675 1333 et
1702 1277 1757 1330 in
1785 1286 1807 1315 ε
1843 1273 2040 1345 populo
2069 1271 2199 1327 cha-

598 1378 780 1435 ritatis
804 1387 1026 1435 orantes
1053 1391 1154 1446 pro
1178 1389 1265 1430 me
1291 1373 1488 1426 fratres
1515 1369 1710 1425 saluta.
1741 1371 1744 1374 ’

1019 1491 1176 1564 163
1212 1488 1238 1528 ά
1275 1483 1608 1542 EPISTOLA
1642 1479 1772 1536 CLI.

965 1581 1029 1620 AD
1067 1576 1316 1617 ARNONEI
1355 1567 1828 1612 ARCBIEPISCOPUI.

1223 1651 1402 1725 (Anno
1427 1646 1577 1720 802.)

604 1749 953 1823 Conqueritur
991 1761 1055 1801 ae
1079 1743 1404 1823 intermissa
1422 1756 1665 1823 responso
1707 1738 1779 1822 ad
1790 1732 2202 1823 .pluresnepisto-

675 1805 776 1878 la's.
807 1819 957 1873 Dolet
985 1819 1212 1872 amicum
1243 1805 1584 1869 swcularibus
1612 1805 1828 1882 negotiis
1866 1805 2199 1882 implicitum,

674 1874 978 1964 el'pastores
1000 1889 1300 1943 animarum
1324 1885 1463 1964 curis
1489 1874 1832 1964 saecularibus
1859 1877 2083 1960 turbari.
2107 1874 2202 1929 ln-

675 1950 889 2033 [irinum
919 1977 972 2014 se
994 1975 1212 2033 corpore
1235 1967 1283 2011 et
1322 1956 1496 2033 animo
1521 1953 1758 2026 precibus
1792 1950 2020 2006 Arnonis
2059 1962 2201 2002 com-

679 1977 889 2033 prmum
919 1977 972 2014 se
994 1977 1208 2082 coyore
1235 1977 1283 2011 et
1322 1977 1496 2009 animo
1521 1977 1580 2026 pr

679 2033 912 2097 mendat,
948 2040 994 2084 et
1022 2049 1052 2084 a
1121 2028 1304 2084 caelum
1329 2028 1580 2097 suspirat.

678 2125 1000 2183 Venerando
1043 2123 1191 2178 Patri
1232 2130 1288 2176 et
1331 2135 1474 2176 vera:
1527 2116 1810 2174 charitatis
1851 2114 1952 2170 alis
1995 2110 2202 2182 ample-

607 2219 822 2284 ctendo,
843 2216 1069 2273 colendo
1089 2223 1142 2270 et
1169 2213 1523 2270 desiderando
1545 2209 1754 2280 Aquilae
1773 2205 2206 2277 archiepiscopo,

607 2313 830 2370 humilis
857 2310 1264 2366 matricularius
1284 2306 1513 2362 Albinus
1540 2306 1593 2360 in
1619 2303 1836 2360 Christo
1862 2300 2113 2357 salutem.

680 2403 731 2479 [θ
760 2403 1143 2458 Annivcrsario
1185 2409 1428 2469 tempore
1469 2399 1731 2469 plurimas
1773 2402 1969 2450 vestra:
2004 2397 2208 2446 sancta:

607 2494 882 2552 dilectioni
913 2493 1085 2548 direxi
1121 2489 1409 2556 litterulas,
1447 2488 1740 2544 secundum
1767 2483 2049 2540 charitatis
2073 2480 2204 2536 aﬂe—

606 2596 755 2644 ctum
785 2595 1070 2652 exaratas;
1111 2585 1203 2640 sed
1237 2584 1422 2641 nescio
1451 2584 1496 2638 si
1527 2583 1596 2637 ad
1624 2589 1860 2636 vestram
1887 2575 2208 2634 veneranda:

606 2684 890 2757 dignitatis
931 2689 1295 2753 pervenerunt
1343 2679 1533 2734 faciem
1556 2719 1570 2744 ,
1603 2676 1729 2747 quia
1775 2671 2003 2730 necdum
2035 2668 2207 2725 merui

607 2775 871 2845 rescripta
901 2773 1072 2830 solita:
1115 2769 1500 2826 familiaritatis
1530 2785 1542 2821 :
1583 2767 1696 2823 sive
1730 2763 2054 2836 negligentia
2081 2774 2210 2831 por-

606 2869 833 2924 titorum
867 2866 998 2931 fuit,
1031 2866 1145 2921 sive
1172 2863 1453 2933 occupatio
1488 2869 1685 2915 vestrm
1712 2855 2015 2914 sanctitatis
2043 2853 2214 2923 impe-

607 2960 741 3018 divit
767 2969 828 3015 ut
855 2974 964 3015 non
991 2954 1306 3028 scriberes.]
1329 2954 1456 3011 Scio
1482 2954 1750 3024 integram
1776 2951 1830 3004 in
1858 2955 2074 3020 pectore
2097 2945 2212 3015 pie-

605 3054 739 3110 tatis
780 3062 978 3110 vestrae
1024 3051 1369 3107 dilectionem
1412 3064 1521 3102 non
1566 3045 1737 3101 solum
1785 3042 1925 3114 apud
1965 3055 2083 3105 me,
2117 3037 2213 3093 sed

607 3147 751 3218 apud
776 3161 964 3203 omnes
990 3144 1196 3200 amicos
1233 3141 1462 3197 ﬁrmiter
1491 3151 1825 3211 permanere,
1861 3150 1980 3205 quae
2017 3132 2215 3202 proba-

606 3237 756 3293 bitur
777 3238 833 3292 in
861 3236 1124 3301 adversis,
1159 3233 1470 3288 laudabitur
1505 3231 1559 3285 in
1592 3227 1872 3301 prosperis
1913 3242 1926 3280 :
1962 3224 2021 3279 In
2058 3221 2212 3292 cujus

606 3329 802 3400 pennis
827 3328 1052 3394 sanitas,
1084 3327 1138 3381 in
1178 3325 1331 3397 cujus
1365 3323 1639 3396 gressibus
1675 3320 1838 3386 scala,
1878 3334 2042 3389 quam
2068 3332 2213 3372 som-

607 3420 781 3476 niavit
804 3418 970 3475 Jacob
999 3418 1307 3490 patriarcha
1339 3415 1493 3489 (Gen.
1518 3430 1675 3478 xviii,
1700 3412 1769 3466 l2
1787 3411 1940 3483 seq.),
1967 3408 2214 3466 ascensio

610 3512 680 3567 ad
707 3527 852 3578 eum,
881 3510 973 3580 qui
1005 3510 1080 3564 ait
1117 3527 1131 3563 :
1173 3507 1241 3562 In
1278 3508 1374 3561 hoc
1410 3513 1713 3578 cognoscent
1746 3518 1922 3557 omnes
1952 3503 2078 3573 quia
2113 3499 2216 3553 mei

611 3605 858 3677 discipuli
907 3604 1050 3669 estis,
1094 3603 1139 3657 si
1180 3600 1508 3656 dilectionem
1556 3598 1843 3653 habueritis
1888 3594 1957 3650 ad
1996 3594 2214 3648 invicem

613 3698 799 3772 (Joan.
840 3714 959 3764 χιιι,
997 3695 1109 3767 55).
1153 3695 1293 3749 Ecce
1335 3695 1547 3765 signum
1581 3691 1933 3762 discipulatus
1970 3687 2212 3744 Christi!

613 3805 743 3846 ecce
772 3788 1007 3844 caelestis
1047 3787 1194 3858 regni
1225 3787 1418 3859 janua!
1461 3799 1586 3839 ecce
1624 3784 1749 3837 vita:
1787 3791 1987 3837 nostra:
2021 3779 2216 3835 funda-

611 3890 857 3938 mentum
892 3888 947 3936 et
976 3880 1220 3936 culmen!
1255 3879 1350 3934 sed
1378 3878 1470 3932 vix
1507 3877 1579 3932 ibi
1609 3877 1846 3932 creditur
1884 3875 2040 3929 firma
2071 3888 2211 3940 esse,

612 3974 705 4029 ubi
735 3973 938 4029 indicio
963 3973 1201 4044 quolibet
1232 3988 1337 4026 non
1372 3979 1612 4041 apparet,
1643 3971 1756 4026 sive
1783 3969 1836 4024 in
1866 3969 2060 4025 solatio
2081 3984 2218 4039 pau-

609 4081 823 4138 perum,
857 4067 971 4121 sive
997 4065 1052 4120 in
1090 4063 1467 4119 exhortatione
1508 4064 1575 4118 ad
1615 4061 1811 4117 fratres
1846 4062 1938 4132 qui
1985 4061 2217 4132 proximi

613 4167 763 4225 sunt,
792 4159 906 4214 sive
937 4159 991 4212 in
1023 4158 1308 4213 scribendo
1349 4156 1415 4210 ad
1447 4156 1771 4226 longinquos
1809 4169 2064 4226 corpore,
2092 4169 2218 4224 pro-

612 4251 794 4306 ximos
836 4251 1102 4320 siquidem
1143 4250 1355 4319 spiritu.
1400 4247 1566 4304 Doleo
1611 4257 1684 4313 te,
1725 4247 1922 4302 frater!
1963 4246 2116 4302 doleo
2149 4261 2218 4302 ex

616 4343 808 4399 intimo
840 4343 1020 4400 cordis
1064 4359 1297 4399 maerore
1337 4342 1355 4382 ί
1398 4352 1622 4412 pr0pter
1664 4341 1875 4412 negotia
1911 4339 2216 4405 saecularia,

616 4452 738 4504 qua:
757 4437 1057 4506 impediunt
1072 4437 1303 4507 quadam
1325 4436 1548 4490 nubium
1570 4435 1914 4492 concretione
1935 4433 2221 4488 charitatis

617 4526 820 4591 radios,
869 4527 959 4596 qui
997 4542 1064 4580 ex
1104 4525 1340 4595 pectoris
1383 4524 1546 4578 vestri
1588 4523 1800 4577 flamma
1843 4523 2042 4577 multos
2078 4523 2219 4577 irra-

619 4615 769 4671 diare
798 4618 1118 4686 potuissent,
1148 4618 1192 4671 si
1230 4631 1334 4671 non
1365 4614 1593 4684 caligine
1623 4622 1962 4668 terrenarum
1997 4627 2222 4682 occupa-

2239 3287 2286 3351 C

2291 634 2404 681 ceat
2433 623 2672 680 omnibus
2695 621 2785 693 qui
2803 621 2861 674 in
2881 619 3035 674 domo
3057 617 3154 672 Dei
3179 625 3298 672 sunt
3320 613 3536 688 (Matth.
3556 630 3615 682 v,
3640 613 3763 688 15);
3791 616 3887 688 qui

2290 733 2398 773 non
2425 724 2552 772 sunt
2589 713 2714 769 ca'ci
2749 711 2818 766 ad
2860 709 3138 765 videndum
3176 707 3252 763 vel
3281 707 3430 762 surdi
3459 706 3531 761 ad
3565 707 3890 763 audiendum

2294 810 2429 884 (Isa.
2479 825 2612 872 xui,
2664 805 2775 877 18).
2814 803 2953 870 Quid
2993 811 3077 858 est
3110 803 3189 857 tui
3227 801 3464 857 officium
3496 799 3754 866 nominis,
3784 800 3890 857 nisi

2293 911 2540 974 apertum
2577 900 2780 956 habere
2819 913 2883 954 os
2923 895 2990 952 ad
3032 911 3223 950 omnes
3265 894 3320 948 in
3360 891 3606 947 veritatis
3641 891 3892 947 testiﬁca-

2294 995 2460 1061 tione,
2490 1007 2589 1064 per
2611 1008 2735 1048 eum
2774 992 2864 1061 qui
2904 989 3024 1044 ait:
3063 988 3220 1060 Aperi
3260 1003 3317 1042 os
3359 997 3526 1051 tuum,
3566 994 3617 1040 et
3661 1002 3756 1057 ego
3798 986 3892 1039 im-

2293 1085 2442 1158 plebo
2485 1083 2620 1139 illud
2677 1081 2850 1155 ('Psal.
2894 1098 3060 1146 Lxxx,
3100 1080 3212 1150 11).
3262 1078 3386 1133 Νοη
3425 1077 3626 1150 neglige
3665 1079 3891 1149 gratiam

2294 1194 2412 1251 qua:
2437 1178 2564 1232 data
2587 1186 2663 1231 est
2689 1177 2781 1230 tibi
2805 1174 2858 1247 (I
2883 1175 3018 1230 Tim.
3045 1190 3120 1241 iv,
3149 1173 3273 1246 li);
3303 1173 3398 1229 sed
3424 1180 3486 1226 ut
3505 1171 3680 1244 magis
3707 1181 3763 1228 et
3785 1189 3894 1228 ma-

2296 1274 2380 1346 gis
2407 1272 2670 1344 proliciat,
2702 1272 2940 1326 intende.
2970 1269 3157 1325 Multae
3181 1278 3303 1324 sunt
3338 1268 3704 1323 tribulationes
3725 1270 3896 1340 justo-

2295 1383 2416 1422 rum
2467 1364 2640 1440 (Psal.
2683 1381 2880 1431 χχχιιι,
2929 1364 3046 1438 20);
3085 1364 3211 1436 quia
3249 1364 3395 1420 inter
3441 1363 3641 1420 multos
3676 1372 3896 1420 vocatos

2297 1460 2457 1532 pauci
2482 1458 2756 1531 eliguntur
2786 1477 2799 1513 :
2828 1465 2884 1514 et
2920 1473 3028 1528 quo
3055 1457 3296 1513 rariores
3326 1457 3700 1522 inveniuntur,
3731 1472 3802 1513 eo
3825 1457 3898 1512 iu-

2299 1555 2536 1611 stantius
2563 1555 2790 1611 verbum
2817 1554 2914 1610 Dei
2940 1553 3021 1610 eis
3042 1552 3340 1624 praedicare
3373 1566 3597 1608 necesse
3621 1559 3727 1607 est.
3761 1551 3898 1607 Peue

2299 1665 2480 1703 omnes
2491 1655 2734 1720 quierunt
2755 1662 2871 1718 qua:
2892 1663 2989 1700 sua
3013 1654 3136 1700 sunt
3152 1643 3408 1717 (Philipp.
3433 1659 3499 1710 ιι,
3515 1641 3629 1714 2i),
3648 1649 3706 1697 et
3721 1641 3894 1712 pauci,

2303 1755 2424 1811 qua:
2448 1739 2649 1796 Christi
2689 1755 2809 1796 esse
2834 1738 3105 1793 videntur.
3134 1735 3388 1791 Pastores
3417 1733 3548 1808 [Al.,
3574 1732 3896 1806 Pastorales]

2305 1847 2451 1887 curae
2473 1832 2694 1886 turbant
2722 1830 3032 1894 saeculares,
3063 1828 3156 1898 qui
3192 1827 3304 1883 Deo
3341 1841 3538 1882 vacare
3581 1826 3896 1881 debuerunt.

2231 1911 2279 1973 Β
2306 1921 2503 1992 Vagari
2529 1936 2628 1992 per
2652 1929 2847 1987 terras,
2877 1929 2930 1976 et
2965 1919 3167 1976 milites
3198 1919 3401 1975 Christi
3438 1916 3636 1974 saeculo
3675 1916 3899 1971 militare
3929 1971 3936 1980 .,

2305 2022 2593 2086 coguntur,
2630 2021 2685 2069 et
2722 2014 2958 2086 gladium
2995 2013 3146 2068 verbi
3168 2012 3284 2068 ‘Dei
3323 2012 3466 2082 inter
3499 2011 3613 2067 oris
3648 2009 3896 2077 claustra,

2305 2106 2548 2178 qualibet
2577 2114 2804 2178 cogente
2828 2105 3173 2170 necessitate,
3197 2103 3500 2159 recondunt
3525 2120 3539 2156 :
3565 2117 3754 2173 quem,
3783 2103 3897 2166 heu,

2305 2196 2444 2268 proh
2479 2195 2665 2251 dolor!
2700 2195 2956 2268 perpauci
2987 2195 3285 2265 possident,
3314 2195 3563 2266 quamvis
3596 2193 3819 2266 plurimi
3847 2208 3900 2249 se

2305 2289 2627 2359 promittant
2653 2303 2776 2344 eum
2806 2289 3009 2344 habere
3040 2307 3053 2343 :
3090 2289 3184 2344 sed
3214 2288 3270 2343 in
3302 2288 3390 2344 die
3425 2287 3748 2345 certaminis
3772 2301 3900 2342 mer-

2309 2382 2558 2437 cenarios
2583 2395 2642 2436 se
2667 2381 2979 2446 ostendunt,
3005 2395 3115 2436 non
3137 2379 3356 2434 milites.

2381 2492 2477 2548 His
2503 2491 2858 2548 consideratis
2891 2491 3220 2564 diligentius,
3264 2490 3612 2547 dilectissime
3651 2489 3830 2556 Pater,
3854 2496 3900 2545 te

2311 2584 2489 2656 ipsum
2533 2585 2840 2651 considera,
2887 2584 3239 2655 circumspice
3277 2592 3332 2639 et
3375 2583 3616 2650 intende,
3663 2584 3786 2655 quis
3816 2584 3900 2648 sis,

2310 2676 2389 2733 vel
2413 2695 2516 2750 quo
2543 2677 2704 2732 vadas
2743 2676 2896 2749 (Gen.
2921 2693 3088 2743 χχχιι,
3115 2675 3227 2747 1³7),
3254 2676 3340 2732 vel
3365 2674 3495 2746 quid
3521 2676 3673 2732 dicas
3699 2673 3902 2743 iniudi-

2311 2773 2417 2839 cio,
2436 2774 2490 2828 in
2516 2772 2804 2844 praesentia
2827 2772 2970 2828 illius
2997 2771 3090 2842 qui
3113 2779 3169 2826 te
3192 2769 3584 2841 speculatorem
3611 2769 3796 2839 posuit
3819 2780 3903 2836 po-

2311 2865 2423 2936 puli
2453 2866 2556 2920 sui.
2587 2865 2669 2920 Me
2692 2880 2823 2920 vero
2849 2865 2987 2920 scito
3025 2861 3375 2918 saacularibus
3400 2859 3796 2932 propemodum
3823 2871 3904 2912 ex.

2313 2956 2484 3012 terius
2525 2957 2754 3028 negotiis
2792 2956 3081 3012 liberatum
3103 2997 3118 3021 ,
3156 2954 3250 3010 sed
3293 2951 3435 3008 male
3469 2951 3705 3007 interius
3741 2947 3905 3005 multis

2314 3047 2594 3118 fatigatum
2620 3047 3065 3118 occupationibus
3086 3053 3248 3116 atque
3273 3043 3605 3100 inanissimis
3635 3041 3906 3114 cogitatio-

2315 3158 2444 3198 num
2473 3142 2665 3209 turbis,
2695 3158 2816 3212 quu:
2843 3157 2929 3197 me
2954 3141 3245 3212 prohibent
3273 3155 3411 3210 puro
3437 3139 3600 3195 corde
3625 3137 3864 3193 clamare
3889 3147 3904 3188 :

2316 3233 2464 3300 Jesu,
2489 3233 2569 3304 ﬁli
2590 3233 2780 3300 David,
2810 3233 3056 3288 miserere
3080 3233 3185 3287 mei
3210 3231 3405 3304 (Marc.
3434 3248 3492 3298 χ,
3520 3229 3641 3303 47)ῑ
3670 3244 3794 3300 quae
3816 3227 3907 3283 tuis

2319 3327 2679 3386 sanctissimis
2715 3327 3071 3393 orationibus,
3115 3326 3282 3381 frater
3319 3324 3693 3388 dilectissime,
3723 3330 3784 3378 ut
3809 3319 3910 3377 abi-

2319 3430 2516 3493 gantur
2545 3420 2961 3492 aliquantulum,
2991 3419 3219 3490 supplici
3238 3418 3498 3489 deprecor
3520 3414 3908 3473 obsecratione-

2318 3515 2524 3586 Adjuva
2548 3515 2906 3580 laborantem,
2931 3513 3079 3583 erige
3105 3511 3401 3581 jacentem,
3441 3509 3663 3580 porrige
3707 3514 3911 3563 manum

2317 3611 2534 3683 pietatis
2575 3609 2733 3667 fratri
2784 3623 2922 3680 pene
2969 3607 3022 3662 in
3065 3605 3179 3662 salo
3218 3602 3534 3676 procellosus
3576 3594 3910 3671 cogitationis

2319 3705 2620 3760 submerso.
2649 3701 2761 3758 Nec
2785 3701 3021 3757 :estimer
3041 3699 3157 3755 lizec
3178 3698 3378 3754 frustra
3401 3697 3634 3768 precari,
3670 3695 3770 3752 sed
3791 3701 3912 3749 teste

2319 3795 2432 3852 Deo
2459 3796 2634 3852 dicam
2667 3795 2848 3866 :quod
2885 3793 3018 3848 satis
3053 3793 3265 3864 indigeo
3306 3792 3373 3847 de
3411 3788 3571 3860 hujus
3609 3785 3912 3845 tentationis

2319 3889 2567 3947 molestia
2598 3899 2704 3943 tua:
2749 3887 3054 3944 sanctitatis
3091 3885 3344 3957 precibus
3380 3881 3677 3940 sublevari.
3720 3880 3912 3950 Corpus

2320 3988 2598 4036 coarctare
2630 3987 2905 4049 utcunque
2944 3977 3124 4042 valeo,
3156 3976 3250 4032 sed
3287 3991 3395 4031 non
3425 3974 3609 4030 cordis
3651 3972 3918 4044 uagabun-

2321 4072 2419 4128 dos
2449 4087 2666 4144 gressus
2691 4070 3084 4141 constringere,
3113 4068 3240 4139 quia
3272 4066 3513 4124 cmlestia
3543 4074 3757 4120 tantum
3787 4061 3912 4120 desi-

2322 4163 2516 4218 derare
2569 4162 2896 4218 debuissem.
2953 4159 3177 4215 Terreni
3221 4157 3461 4228 pulveris
3508 4156 3746 4228 caligine
3788 4165 3913 4225 pene

2323 4255 2510 4311 oculos
2536 4255 2715 4310 cordis
2743 4261 3044 4309 excmcatos
3072 4252 3265 4319 habeo,
3295 4251 3400 4307 nisi
3428 4250 3518 4306 ille
3545 4251 3789 4322 gratuito
3813 4247 3914 4318 pie-

2322 4347 2456 4402 tatis
2481 4362 2592 4402 sua:
2616 4361 2838 4402 munere
2860 4345 2988 4400 illud
3013 4343 3279 4398 illuminet
3303 4342 3370 4398 ad
3391 4358 3552 4413 quem
3573 4342 3710 4397 mihi
3737 4339 3916 4410 saepius

2326 4456 2449 4496 cum
2473 4438 2742 4508 Propheta
2765 4437 3105 4493 clamandum
3129 4444 3211 4491 est
3237 4453 3250 4490 :
3278 4434 3538 4501 Quoniam
3572 4444 3628 4487 tu
3655 4432 3914 4487 illuminas

2327 4531 2596 4587 lucernam
2624 4547 2817 4595 meam,
2849 4529 3114 4584 Domine:
3146 4528 3286 4582 Deus
3313 4543 3477 4594 meus,
3509 4524 3759 4579 illumina
3785 4533 3916 4577 tene-

2333 4623 2452 4677 bras
2490 4640 2632 4677 meas
2672 4620 2844 4692 (Psal.
2901 4637 3036 4686 xvii,
3074 4620 3188 4693 29).
3222 4619 3354 4676 Item
3393 4636 3406 4672 :
3450 4616 3714 4672 Illumina
3754 4612 3918 4669 oculos

618 4708 829 4764 tionum
873 4711 1311 4765 obscurarentur.
1353 4707 1558 4764 Tamen
1622 4706 1808 4777 vigilet
1847 4707 1903 4760 in
1943 4707 2125 4772 corde,
2168 4713 2226 4761 et
2253 4703 2304 4718 "
2330 4728 2495 4781 meos,
2523 4729 2585 4768 ne
2607 4728 2838 4784 unquam
2873 4711 3199 4767 obdormiam
3225 4711 3282 4765 in
3312 4718 3479 4764 morte
3506 4707 3685 4780 (Psal.
3729 4723 3826 4772 χιι,
3851 4703 3919 4775 Δ).
4013 4751 4015 4765 ,

621 4885 758 4956 stola
791 4901 1073 4956 perperam
1115 4887 1470 4943 inscribitur:
1498 4887 1577 4941 Ad
1609 4886 1972 4941 Benedictum.
2024 4883 2121 4941 Est
2174 4885 2222 4942 is

621 4955 878 5038 Rabanus
904 4957 1114 5012 Alcuini
1138 4959 1571 5038 discipulus-tem
1608 4974 1707 5028 pro
1730 4973 1892 5038 more
1913 4957 2057 5038 illius
2087 4964 2222 5038 tem-

619 5028 772 5110 poris
791 5043 1088 5110 cognomen
1129 5029 1306 5084 Mauri
1332 5031 1544 5110 indidit,
1572 5037 1809 5110 testante
1854 5028 2077 5110 Rabano
2104 5029 2221 5110 ipso

620 5098 917 5180 in_pr§c__fat.
949 5101 1252 5180 Comment.
1283 5102 1348 5155 ad
1379 5100 1573 5180 Libros
1597 5100 1812 5180 Bcgum.
1834 5099 2076 5180 prailixa:
2113 5098 2223 5180 {via-

620 5169 735 5224 bill.
767 5169 863 5224 lib.
893 5185 1018 5224 xxvr
1054 5171 1248 5224 Annal.
1287 5187 1437 5225 num.
1473 5172 1561 5226 39.
1597 5169 1729 5224 Data
1763 5169 1979 5224 videtur
2008 5169 2076 5223 ad
2117 5169 2223 5224 Ra—

619 5240 822 5294 banum
865 5256 896 5296 e
933 5241 1135 5296 scholis
1170 5241 1575 5312 Turonensibus
1621 5243 1732 5312 jam
1769 5240 1996 5312 Fuldam
2034 5256 2220 5295 rever-

621 5312 935 5438 ;ililrlililmiigca
975 5327 1175 5366 annum
1229 5313 1354 5368 802.
1415 5311 1850 5366 Mabill.’Annal.
1897 5311 1992 5365 lib.
2042 5328 2217 5379 xxvii,

621 5397 774 5436 num.
812 5397 898 5436 16.

694 5467 720 5534 ξι
753 5453 1008 5534 Libellum
1031 5453 1112 5534 _De
1146 5453 1396 5511 laudibus
1424 5452 1890 5534 sanptae_Cru_cis_,
1923 5468 2102 5534 quem
2131 5452 2222 5507 Al-

623 5523 782 5594 cuino
821 5527 1069 5594 promisit
1103 5534 1159 5580 et
1206 5541 1348 5580 anno
1395 5527 1570 5580 :etatis
1621 5524 1690 5580 50
1738 5523 2006 5594 absolvit,
2056 5533 2221 5594 atque

621 5592 835 5674 A'lcuini
857 5597 971 5667 jam
993 5596 1232 5674 defuncti
1272 5598 1516 5674 nomine,
1542 5613 1683 5650 anno
1860 5592 2222 5674 sancto_Mar-

623 5665 739 5719 tino
771 5664 1096 5737 nuncupavit
1117 5668 1322 5737 praevio
1347 5667 1609 5733 carmine,
1643 5666 1729 5721 cui
1782 5664 1970 5737 titulus
1996 5665 2219 5737 :_Inter-

624 5737 789 5789 cessio
811 5755 904 5806 pro
934 5735 1144 5792 Mauro.
1173 5739 1394 5792 Rivetus
1421 5737 1560 5790 llist.
1587 5738 1772 5791 Littér.
1812 5735 1876 5790 de
1905 5735 1957 5790 la
1986 5735 2216 5804 France,

622 5812 758 5858 tom.
790 5808 860 5872 V;
889 5807 1085 5862 Mabill.
1111 5809 1149 5862 ι.
1179 5824 1229 5865 c.
1261 5825 1409 5862 num.
1434 5808 1523 5863 29.

697 5875 736 5959 δ.
762 5875 848 5959 1]ιὶ
865 5879 1060 5959 omnia.
1094 5878 1273 5959 Locus
1317 5886 1620 5959 corruptus.
1661 5878 1800 5959 Cod.
1833 5895 1936 5959 ms.
1973 5878 2221 5959 Querce-

621 5947 738 6002 tani
762 5947 926 6005 habet
952 5963 966 5979 '
996 5947 1211 6021 Omnia,
1232 5965 1351 6024 qua:
1374 5947 1495 6006 haec
1511 5951 1750 6024 mandat,
1775 5951 1984 6008 habenti
2008 5951 2219 6024 placere

2330 4889 2528 4945 valeas.
2554 4887 2805 4944 Feliciter
2831 4891 2960 4956 vive,
2987 4898 3076 4944 etc

2402 4973 2425 5000 ο
2468 4961 2693 5016 Ρουάίο.
2754 4962 2812 5016 ln
2855 4960 2988 5016 Cod.
3039 4958 3416 5016 San-Gallensi
3473 4958 3618 5016 apud
3649 4956 3838 5012 Canisi

2402 4973 2425 5000 ο
2468 4967 2693 5032 Pop’ulo.
2754 4967 2812 5016 In
2855 4967 2988 5016 Cod.
3039 4967 3416 5016 San-Gallensi
3473 4967 3618 5030 apud
3649 4967 3924 5012 Canisium

2325 5031 3112 5114 legiturpoculo.__l..egendum
3136 5031 3387 5114 fortassis
3416 5031 3474 5084 in
3509 5029 3722 5114 osculo.
3821 5113 3827 5114 γ
3878 5111 3925 5114 _
4007 5059 4009 5067 ε

2397 5101 2424 5142 δ
2465 5101 2606 5158 Edit.
2641 5102 2836 5158 Mabill.
2881 5101 2969 5157 2t.
3017 5101 3183 5171 Cujus
3225 5102 3436 5158 initium
3486 5101 3836 5156 restituimus
3871 5111 3930 5151 ex
4005 5133 4007 5167 ι

2326 5174 2458 5231 Cod.
2486 5190 2588 5230 ms.
2622 5174 2817 5229 Salisb.
2852 5174 3104 5245 (Froben.
3133 5175 3289 5245 epist.
3316 5172 3464 5240 H2.)
3667 5243 3678 5245 _
3898 5237 3910 5245 _
4003 5227 4005 5245 ί

2403 5257 2426 5285 θ
2465 5246 2834 5299 Anniversario
2857 5233 3119 5316 ‘tempore.
3157 5233 3301 5300 intra
3339 5233 3554 5314 tempus
3583 5243 3757 5298 unius
3793 5237 3932 5301 anni,
4003 5233 4005 5269 '

2242 5371 2263 5391 ,
2325 5324 2388 5372 ιιι
2410 5317 2762 5391 interpretor.

2402 5386 2424 5425 ί
2467 5384 2690 5457 Propter
2720 5388 2926 5457 negotia
2956 5386 3258 5442 swcularia.
3281 5387 3579 5457 Postquam
3602 5384 3766 5440 Arno
3804 5393 3936 5439 anno
3999 5429 4001 5457 ἰ

2327 5458 2426 5537 sui
2459 5443 2663 5537 nolim,
2697 5443 2965 5537 rcbjusnibi
2994 5458 3316 5537 paciﬁcans,
3341 5443 3528 5537 rediit,
3559 5456 3711 5537 inter
3748 5457 3938 5511 missos
3997 5443 4001 5537 _'

2328 5529 2630 5584 dominicos
2657 5544 2753 5583 seu
2777 5528 2987 5597 judices
3016 5529 3260 5598 publicos
3289 5529 3530 5584 adlectus
3559 5534 3668 5598 est,
3705 5537 3939 5597 quorum
3997 5535 3999 5567 I

2327 5599 2544 5670 quidem
2562 5600 2607 5654 is
2621 5600 2876 5670 princeps
2893 5600 2948 5653 in
2963 5597 3215 5668 Bajoaria
3235 5600 3356 5666 fuit,
3379 5607 3440 5655 ut
3463 5614 3531 5654 ex
3553 5597 3818 5670 pluribus
3845 5609 3941 5665 pu—
3995 5623 3997 5669 ι

2507 5667 2881 5754 iusti-umentis
2905 5667 3165 5754 anni480f2
3192 5681 3249 5726 et
3273 5667 3614 5754 sequentium
3637 5667 3840 5739 legere
3867 5671 3946 5717 est

2328 5705 2482 5725 υιιωδ
2507 5705 2633 5725 ιυο..
2649 5705 2881 5725 “meum
2905 5705 3031 5725 μυ...
3059 5705 3165 5726 υυι.
3192 5705 3249 5726 σι
3273 5705 3614 5741 aquaam...
3637 5705 3840 5739 ...ειη
3868 5705 3946 5717 ν...

2328 5742 2384 5796 in
2413 5741 2550 5812 llist.
2593 5741 2825 5812 Frising.
2861 5749 2990 5796 tom.
3031 5741 3072 5796 l.
3109 5741 3257 5798 Arno
3296 5743 3400 5798 hoc
3439 5753 3636 5812 munus
3660 5746 3944 5812 _tanquam
3993 5705 3995 5769 l

2329 5811 2627 5895 apostolico
2647 5807 2865 5895 .mun'eri
2886 5812 3189 5896 plurimum
3229 5813 3499 5941 derogans
3528 5807 3683 5868 haud
3713 5807 3950 5866 libenter

2328 5883 2468 5959 tulit.
2497 5883 2618 5940 Vid.
2643 5882 2787 5940 infra
2814 5891 2973 5954 epist.
3000 5884 3104 5941 114
3126 5883 3343 5959 (nunci
3421 5883 3462 5958 ).

2454 5923 2468 5939 ι
2507 5901 2618 5940 για.
2643 5901 2787 5940 Inll‘a
2814 5901 2973 5942 θυιδι.
3000 5901 3104 5941 ιιι
3126 5901 3295 5942 (nunc
3317 5901 3462 5942 ιω).
