4064 6342
213 386 301 448 401

1588 372 1972 434 ΕΡιεΤοιΑς.

3369 371 3483 433 402

215 499 358 576 ιω
381 496 461 554 Ex
488 504 647 570 parte
672 494 852 563 video,
884 495 979 552 ubi
1013 501 1097 552 est
1124 495 1340 567 requies
1376 509 1517 560 mea,
1542 493 1634 549 ubi
1665 492 1784 549 sitis
1811 494 1861 555 Α
1886 488 2039 553 tatis,
2066 502 2186 558 quae
2213 487 2385 560 magis
2419 492 2580 558 atque
2609 483 2784 557 magis
2820 493 3149 553 crescentes,
3174 501 3314 559 pene
3346 506 3484 562 apo.

210 611 331 656 mem
367 591 645 650 saturitas.
683 590 823 648 Ubi?
852 590 959 647 nisi
1002 589 1058 645 in
1098 605 1163 645 eo
1208 588 1273 644 ad
1314 604 1471 659 quem
1514 586 1786 657 Propheta

210 685 447 747 clamavit
476 699 493 741 :
525 682 701 741 Sitivit
721 684 900 739 anima
927 699 1042 738 mea
1064 682 1134 737 ad
1160 681 1330 736 Deum
1351 680 1519 735 vivum
1540 695 1559 733 :
1574 676 1786 751 quando

209 780 396 838 ueniam
425 786 476 834 et
514 775 773 849 apparebo
821 784 942 832 ante
971 776 1160 847 faciem
1197 774 1296 829 Dei
1342 771 1515 847 (Psal.
1543 789 1656 838 xu,
1695 770 1787 843 5)?

206 872 269 927 Et
308 870 376 926 ad
421 868 657 941 seipsum
687 883 982 926 conversus
1018 866 1073 922 in
1103 867 1210 922 alio
1243 865 1428 921 dicens
1461 864 1596 931 loco,
1634 862 1790 936 quasi

204 964 352 1037 hujus
387 962 664 1035 petitionis
698 976 1017 1033 responsum
1058 959 1391 1015 invenisset:
1420 955 1551 1012 Htec
1588 956 1788 1029 requies

206 1074 310 1113 mea
329 1056 388 1111 in
409 1054 661 1110 saxulum
680 1052 881 1121 seaculi,
895 1053 978 1108 hic
1000 1051 1266 1118 habitabo,
1282 1050 1530 1124 quoniam
1550 1048 1790 1121 prwelegi

202 1165 307 1205 eam
355 1146 532 1220 (Psal.
578 1162 768 1212 cxxxr,
811 1144 923 1218 14).
970 1145 1028 1200 In
1066 1145 1209 1199 hanc
1245 1158 1306 1199 se
1353 1141 1650 1196 exhortans
1682 1138 1790 1195 alio

202 1255 350 1296 versu
378 1238 593 1310 inquit:
618 1236 925 1294 Convertere
951 1238 1130 1292 anima
1156 1253 1271 1291 mea
1292 1235 1348 1290 in
1373 1234 1600 1306 requiem
1621 1242 1788 1300 tuam,

200 1331 315 1404 quia
346 1329 610 1384 Dominus
636 1329 885 1400 benefecit
920 1329 1015 1384 tibi
1041 1327 1215 1402 (Psal.
1244 1341 1391 1393 cxrv,
1434 1325 1510 1399 7).
1536 1324 1643 1380 Pro
1683 1338 1792 1394 quo

201 1419 478 1477 benefacto
503 1419 683 1493 magni
713 1420 953 1475 muneris
985 1417 1156 1492 [Mab.
1178 1458 1194 1484 ,
1221 1417 1329 1472 Pro
1367 1429 1474 1486 quo
1506 1413 1793 1470 benedicto

199 1509 443 1585 munere]
474 1510 709 1582 seipsum
738 1510 806 1565 ad
830 1508 1152 1564 laudandum
1184 1508 1357 1564 Deum
1383 1504 1587 1561 excitat
1621 1502 1750 1559 alibi
1775 1517 1791 1557 :

198 1601 418 1671 Lauda,
452 1602 632 1658 anima
665 1618 815 1669 mea,
865 1600 1151 1656 Dominum
1188 1597 1363 1672 (Psal.
1403 1613 1558 1661 cxuv,
1607 1595 1684 1666 2).
1726 1594 1796 1650 Et

197 1698 345 1771 quasi
380 1698 499 1769 ipsa
529 1696 917 1768 respondisset,
947 1694 1277 1767 subjungens
1302 1712 1316 1749 :
1349 1691 1602 1748 Laudabo
1625 1690 1794 1745 Deum

194 1807 367 1847 meum
411 1791 471 1846 in
512 1791 617 1846 vita
654 1807 793 1855 mea,
830 1788 1055 1862 psallam
1094 1788 1206 1844 Deo
1253 1804 1391 1854 meo,
1427 1785 1663 1858 quandiu
1703 1800 1793 1839 ero

198 1884 409 1958 (Ibid.).
461 1884 600 1953 Quia
647 1899 864 1955 semper
904 1899 1033 1965 ero,
1087 1898 1298 1955 semper
1345 1882 1575 1937 laudabo
1624 1880 1793 1936 Deum
1824 1867 1871 1928 Β

195 1992 376 2034 meum
425 1978 609 2034 dicens
640 1994 653 2033 :
695 1976 937 2033 Laudent
975 1995 1093 2033 eum
1126 1975 1239 2033 caeli
1274 1984 1323 2031 et
1360 1984 1522 2041 terra,
1559 1990 1704 2028 mare
1747 1981 1798 2028 et

196 2070 374 2124 omnia
397 2086 515 2133 qua:
534 2070 591 2124 in
615 2070 690 2124 eis
709 2078 832 2125 sunt
855 2068 1084 2142 (Psalm.
1118 2084 1306 2133 vam,
1331 2066 1444 2138 55).
1468 2064 1580 2120 llos
1605 2079 1798 2119 versus

192 2160 271 2217 sic
291 2159 528 2230 iunctim
550 2161 730 2232 posui,
758 2161 850 2231 qui
879 2160 1017 2216 nihil
1045 2160 1177 2215 mihi
1203 2159 1413 2215 dulcius
1433 2158 1648 2212 videtur
1670 2171 1799 2210 can-

194 2251 427 2308 tandum
468 2252 523 2308 in
567 2252 830 2309 orationis
878 2253 1324 2324 compunctione,
1370 2266 1534 2323 quam
1574 2250 1675 2305 bos
1721 2248 1799 2302 ita

193 2346 561 2416 compositos;
600 2348 916 2417 deprecans,
956 2352 1016 2401 ut
1048 2360 1185 2401 mea:
1227 2343 1528 2399 devotionis
1560 2340 1801 2396 admoni-

189 2435 347 2492 tione
374 2451 468 2491 eos
490 2435 685 2507 smpius
713 2452 835 2492 cum
868 2451 1065 2507 magno
1100 2435 1266 2490 animi
1289 2434 1484 2506 gaudio
1512 2432 1803 2489 decantare

183 2527 247 2584 in
271 2528 671 2584 consuetudine
692 2528 912 2596 habeas,
940 2545 1041 2601 pro
1062 2537 1281 2585 atteram
1308 2525 1662 2583 beatitudinis
1688 2539 1804 2580 mc-

185 2621 409 2686 moria;
437 2622 651 2692 meique
672 2622 908 2678 nominis
931 2621 1404 2693 quantulacunque
1429 2619 1804 2678 recordatione

187 2709 249 2771 in
270 2711 385 2767 bac
411 2719 468 2767 et
492 2710 546 2767 in
581 2713 728 2767 omni
759 2712 1049 2770 salutiferae
1077 2712 1358 2784 petitionis
1389 2726 1571 2783 prece.
1609 2710 1804 2766 Divina

190 2809 250 2861 te
279 2802 544 2860 exaudire
572 2803 747 2875 gratia
774 2804 1043 2876 dignetur,
1070 2804 1289 2861 domine
1309 2803 1475 2859 Pater
1494 2802 1805 2859 desideran-
1886 2878 1892 2883 _

195 2897 434 2968 tissime,
458 2904 514 2954 et
542 2897 714 2978 nostri
740 2898 922 2955 cordis
949 2896 1125 2954 amori
1156 2896 1493 2954 dulcissime!

708 3043 737 3073 ι
775 3028 1113 3089 EPISTOLA
1148 3029 1302 3086 CLII.

780 3138 858 3179 ΔΙ)
892 3136 1228 3179 ARNONEI.

820 3236 1000 3310 (Anno
1028 3235 1181 3310 θοῇ.)

200 3349 550 3408 Commendat
575 3351 776 3406 Arnoni
797 3367 979 3406 curam
1010 3349 1402 3413 canonicorum,
1422 3346 1802 3401 monachorum

271 3433 318 3479 et
347 3423 498 3478 tertii
527 3423 744 3494 gradus,
780 3422 919 3476 inter
943 3420 1063 3494 illos
1093 3420 1273 3494 medii.
1309 3417 1562 3494 Queritur
1584 3417 1802 3494 de__pra-

267 3496 435 3551 vitate
468 3486 783 3563 simoniaca,
812 3508 930 3563 qua:
963 3492 1118 3563 etiam
1150 3492 1208 3545 in
1249 3489 1424 3563 sedem
1460 3486 1804 3563 apostolicam

217 3588 223 3594 ’
268 3566 511 3637 irrepsit.
543 3557 791 3637 Epistolce
814 3557 880 3617 de
899 3561 1251 3637 confessione,
1273 3569 1320 3615 et
1351 3557 1512 3615 libelli
1532 3558 1596 3614 de
1625 3559 1808 3613 cathoo

190 3672 191 3675 η
270 3634 389 3692 ιὶειί
408 3635 520 3706 ﬁde
543 3635 855 3689 mentionem
884 3634 1033 3704 facit.

268 3747 601 3805 Venerando
624 3745 868 3817 pontifici
894 3742 1102 3815 Aquilae
1124 3742 1356 3799 Albinus
1380 3741 1631 3799 salutem.

258 3833 497 3894 Pridem
528 3836 682 3909 plura
711 3835 925 3906 scripsi,
947 3843 1274 3906 quapropter
1294 3834 1455 3890 modo
1474 3845 1645 3905 pauca
1673 3830 1809 3887 scri-

203 3929 329 3988 bere
346 3939 534 3987 ratum
559 3929 705 3995 duxi,
724 3929 830 3983 hoc
850 3927 1023 3983 solum
1041 3927 1290 3992 suadens,
1306 3934 1539 3981 vestram
1563 3932 1807 3981 sanctam

207 4025 591 4081 auctoritatem
618 4023 672 4077 in
699 4022 811 4078 Deo
836 4028 891 4076 et
918 4036 1019 4090 pro
1040 4019 1152 4075 Deo
1176 4019 1346 4090 loqui,
1376 4026 1431 4073 et
1457 4018 1512 4074 in
1538 4017 1651 4073 Deo
1679 4032 1809 4072 con-

207 4117 390 4185 lidere,
436 4125 499 4173 ut
533 4117 814 4189 diligenter
853 4117 1193 4172 examinetur
1224 4114 1355 4186 quid
1398 4115 1485 4170 cui
1522 4110 1843 4170 conveniat'

208 4224 457 4281 personae
488 4227 502 4264 :
533 4209 659 4280 quid
695 4208 986 4273 canonicis,
1002 4209 1132 4278 quid
1157 4207 1454 4272 monachis,
1481 4205 1610 4276 quid
1647 4205 1830 4261 terti0'

210 4304 397 4375 gradui
451 4302 545 4374 qui
575 4301 730 4376 [Cod.
761 4299 822 4357 S.
863 4300 954 4368 E.,
982 4301 1135 4375 quid]
1161 4301 1302 4357 inter
1342 4300 1444 4355 hos
1468 4299 1602 4354 duos
1633 4298 1807 4354 varia-

213 4405 311 4463 tur,
347 4397 627 4469 superiori
652 4396 821 4468 gradu
850 4397 1144 4462 canonicis,
1172 4405 1227 4452 et
1256 4393 1498 4450 inferiori
1529 4393 1809 4449 monachis

214 4499 442 4548 stantes.
470 4490 584 4546 Nec
614 4489 751 4546 tales
775 4490 1062 4561 spernendi
1086 4496 1233 4557 sunt,
1260 4489 1387 4561 quia
1413 4487 1551 4544 tales
1574 4487 1808 4544 maxime

212 4578 264 4636 in
289 4580 457 4637 domo
482 4579 578 4634 Dei
600 4578 966 4635 inveniuntur.

276 4671 344 4729 Et
382 4673 493 4728 hoc
530 4671 798 4742 praecipue
829 4671 1108 4738 intendite,
1150 4678 1212 4728 ut
1248 4670 1547 4729 simoniaca
1576 4660 1803 4727 Βᾶθι-θεῖε.

214 4764 455 4823 funditus
481 4768 843 4833 subvertatur,
868 4782 988 4839 quae
1010 4765 1149 4822 male
1173 4766 1482 4823 dominatur
1514 4766 1569 4820 in
1597 4764 1800 4831 multis,

217 4856 454 4914 radicem
482 4874 513 4912 a
530 4857 801 4927 iudicibus
830 4859 1011 4915 saeculi
1051 4874 1288 4925 sumens,
1324 4874 1506 4914 ramos
1534 4873 1707 4928 usque
1737 4858 1806 4913 ad

215 4948 614 5006 ecclesiasticas
658 4951 885 5006 tendens
920 4965 1182 5020 personas
1221 4965 1237 5005 :
1280 4950 1354 5006 ita
1394 4957 1455 5005 ut
1483 4949 1576 5021 qui
1621 4949 1806 5020 spinas

213 5053 404 5098 eruere
441 5041 685 5098 avaritiae
714 5043 1032 5111 debuerunt,
1059 5043 1227 5114 spinis
1256 5050 1572 5115 punguntur
1596 5041 1806 5098 acerbi-

281 5213 308 5242 ει
350 5202 507 5275 Hanc
543 5204 826 5275 epistolam
862 5204 1124 5275 hactenus
1160 5202 1418 5275 ineditam
1458 5201 1807 5275 producimus

214 5285 279 5353 ex
301 5273 423 5353 cod.
454 5272 611 5353 _mssI_
631 5275 826 5353 salisb.
868 5282 925 5353 et
955 5272 1602 5353 ﬁniet-Emmeramensi.
1642 5272 1810 5353 Un_cis

214 5342 423 5417 inclusa
454 5345 508 5400 in
533 5346 648 5402 solo
670 5344 1168 5403 Salisb.babcntur.
1200 5343 1375 5417 (Apud
1398 5342 1627 5399 Froben.
1648 5343 1805 5414 epist.

217 5412 765 5571 ﬁgatagus‘meus.‘
777 5486 892 5571 [loc
916 5487 1133 5571 nomine
1165 5484 1517 5542 Adalbertum
1556 5483 1807 5556 appellat.

218 5551 358 5611 Vide
372 5551 671 5630 epistolam
699 5559 768 5616 89
791 5558 958 5630 (nunc
980 5557 1127 5630 501).

288 5635 314 5665 α
356 5624 650 5699 Ερἱειοιαηι
690 5631 754 5684 de
789 5624 1145 5701 Confessione.
1175 5627 1348 5697 Quam
1387 5624 1529 5681 infra
1567 5625 1813 5682 (labimus

217 5693 366 5753 inter
394 5693 557 5755 onera
586 5701 833 5755 moralia.

287 5767 318 5808 (ι
361 5765 614 5825 Libelli...
644 5771 709 5826 de
737 5770 873 5826 Fide
897 5769 1176 5826 catholica.
1201 5770 1415 5833 Libros,
1441 5776 1591 5839 puto,
1615 5765 1814 5822 intelli-

256 5836 543 5911 i_t_de_Fide
563 5850 761 5898 sanctae
786 5841 1086 5906 Trinitatis,
1116 5849 1244 5906 etc.,
1269 5836 1575 5911 inscriptos,
1600 5845 1655 5894 et
1673 5850 1815 5911 anno

259 5909 335 5966 02
375 5909 567 5970 Carolo
604 5912 915 5986 imperatori
950 5913 1171 5984 praefixa
1208 5909 1451 5983 epistola
1480 5909 1815 5973 dedicatoria

1888 582 2137 640 stolicam
2186 582 2522 653 irrepserunt
2560 582 2765 647 sedem,
2802 595 2868 636 ex
2908 596 3013 652 qua
3051 580 3229 651 palma
3266 582 3488 653 pietatis

1890 675 2138 732 dactilico
2161 674 2360 731 ﬂorens
2386 675 2564 731 fructu
2592 690 2842 730 crescere
2875 676 3090 743 debuit;
3126 676 3253 731 inde
3288 692 3489 735 rancor

1889 769 2105 826 invidiae
2129 770 2387 827 ebullivit.
2416 769 2637 841 Ignosce
2674 769 2891 836 dicenti,
2931 769 3017 825 vel
3048 770 3223 841 magis
3250 770 3488 840 timenti,

1890 884 1989 924 cur
2020 884 2185 940 super
2213 875 2373 939 caput
2400 884 2559 924 suum
2597 867 2800 939 aliquid
2829 867 3070 938 cogitare
3108 868 3324 925 audeat.
3369 869 3491 927 Uti-

1891 976 2016 1015 nam
2040 960 2132 1032 qui
2166 961 2269 1016 boc
2293 961 2459 1026 dicat,
2491 959 2653 1015 fallax
2684 961 3008 1026 inveniatur,
3035 967 3097 1016 ut
3131 962 3392 1018 innocens
3416 962 3494 1019 sit

1891 1051 1984 1123 qui
2017 1051 2153 1107 alios
2179 1053 2339 1108 debet
2376 1052 2693 1109 innocentes
2733 1050 2915 1110 facere
2947 1068 3047 1125 per
3074 1062 3273 1110 sanctae
3296 1050 3493 1125 praedi-

1891 1144 2123 1201 cationis
2148 1144 2344 1200 verba!

1965 1237 2217 1311 [Rogavit
2240 1253 2328 1294 me
2370 1238 2399 1279 ι)
2437 1237 2624 1309 Magus
2671 1254 2825 1296 meus
2862 1239 2917 1295 in
2953 1238 3151 1297 litteris
3187 1238 3496 1298 dilectionis

1893 1326 2025 1398 suae,
2066 1331 2180 1386 sive
2221 1338 2403 1386 vestra
2441 1330 2732 1386 mandante
2771 1333 3113 1398 auctoritate,
3151 1331 3235 1387 vel
3277 1331 3499 1404 propria

1893 1423 2187 1493 instigante
2212 1424 2511 1492 voluntate,
2550 1436 2572 1463 ο
2616 1425 2899 1495 epistolam
2927 1427 2994 1481 de
3023 1425 3377 1483 Confessione
3408 1425 3499 1482 vel

1894 1518 2213 1591 paenitentia
2242 1518 2469 1575 dictare.
2514 1519 2621 1576 Sed
2664 1520 2813 1577 illam
2856 1520 3048 1588 direxi,
3086 1538 3251 1592 quam
3284 1522 3498 1594 pridem

1894 1614 2083 1682 habui,
2126 1613 2253 1671 ﬁliis
2289 1614 2464 1670 sancti
2506 1613 2754 1679 Martini,
2803 1630 3035 1686 quorum
3082 1622 3167 1672 est
3210 1615 3499 1672 multitudo

1896 1725 2120 1782 magna,
2169 1709 2423 1765 dictatam
2462 1716 2626 1780 atque
2660 1708 3057 1779 conscriptam;
3102 1724 3224 1779 quae
3260 1708 3372 1763 sola
3407 1722 3501 1763 ve-

1896 1802 2027 1859 stris
2056 1817 2271 1873 quoque
2285 1801 2574 1873 juvenibus
2607 1800 2857 1857 sufficere
2893 1814 3055 1872 posse
3092 1800 3347 1856 arbitror.
3380 1798 3502 1855 Uti-

1898 1910 2024 1951 nam
2051 1894 2258 1960 venias,
2308 1894 2352 1950 si
2391 1893 2509 1949 tlcri
2558 1894 2759 1965 possit;
2799 1894 2882 1950 sin
2920 1902 3124 1958 autem,
3166 1891 3252 1948 vel
3285 1891 3502 1963 Magum

1898 1993 2140 2056 tempore
2178 1994 2483 2056 opportuno
2514 1983 2720 2057 dirige,
2759 1991 2981 2055 prepter
3008 1983 3295 2039 lectionem
3339 1982 3502 2038 unius

1897 2075 2062 2133 libelli
2102 2092 2260 2149 quem
2296 2077 2510 2132 noviter
2538 2076 2731 2148 scripsi
2767 2075 2795 2115 ἀ
2832 2076 2899 2132 de
2941 2075 3207 2132 catholica
3254 2073 3410 2140 Fide,
3444 2083 3505 2129 et

1899 2172 2099 2226 domno
2121 2169 2434 2240 imperatori
2464 2185 2562 2240 per
2587 2171 2731 2226 hunc
2749 2185 2976 2240 puerum
3002 2169 3196 2224 direxi.
3225 2166 3326 2235 Qui
3349 2164 3504 2222 libel-

1898 2260 1988 2318 lus
2013 2261 2320 2318 nullatenus
2342 2270 2553 2318 vestras
2576 2261 2798 2333 cll‘ugiat
2821 2275 3033 2325 manus,
3061 2259 3155 2314 sed
3177 2255 3515 2313 omnimodis

1900 2355 2194 2422 scribatur,
2240 2363 2302 2409 ut
2340 2356 2615 2421 habeatis;
2663 2355 2790 2425 quia
2834 2354 3174 2410 necessarius
3217 2359 3302 2406 cst
3345 2350 3503 2405 valde

1902 2443 2066 2500 ﬁdem
2091 2444 2400 2500 volentibus
2425 2445 2565 2501 scire
2593 2445 2936 2511 catholicam,
2970 2445 3023 2498 in
3051 2458 3156 2515 qua
3183 2456 3392 2498 summa
3422 2455 3507 2496 sa-

1903 2538 2035 2593 lutis
2060 2545 2261 2593 nostrae
2287 2535 2582 2610 consistit.]
2610 2536 2935 2593 Benedictus
2962 2536 3106 2591 Deus
3138 2531 3424 2589 hencdicat
3450 2539 3506 2588 te

1903 2639 2137 2703 tuosque
2173 2639 2354 2688 tecum
2397 2638 2598 2689 {eterna
2643 2628 3053 2696 benedictione,
3089 2626 3307 2684 domine
3340 2624 3506 2683 Pater

1904 2725 2257 2784 dilectissime
2277 2727 2290 2784 ε

2397 2831 2421 2863 ο
2460 2816 2797 2875 EPISTOLA
2835 2815 3009 2873 CLIII.

2270 2928 2340 2968 AD
2377 2926 2627 2968 ΑΒΝΟΝΕΙ
2661 2920 3138 2966 Αιιειιιειιιεεορωι.

2524 3001 2702 3076 (Anno
2729 2999 2880 3074 805.)

1907 3095 2186 3169 Signiﬁcat
2210 3112 2280 3169 se
2320 3095 2584 3169 accepisse
2611 3093 2814 3148 litteras
2831 3089 3138 3169 _cIt_ari_tatis_
3154 3105 3248 3162 per
3272 3087 3507 3169 Ad‘alwi-

1977 3157 2103 3222 hui:
2138 3157 2743 3237 episcopum'venientem
2773 3163 2842 3217 ad
2879 3157 3286 3237 S._‘Martinum..

1824 3228 1873 3293 C
1976 3238 2088 3308 fum
2127 3226 2192 3291 de
2231 3226 2485 3308 facienda
2510 3235 2761 3305 justitia;
2800 3231 3099 3308 capellanos
3121 3232 3202 3308 de
3249 3226 3508 3308 laudabili

1979 3298 2390 3371 conversatione,
2428 3298 2620 3376 fratres
2661 3298 2968 3376 monasterii
3005 3301 3065 3359 S.
3116 3300 3399 3357 Rhodberti
3440 3298 3507 3354 de

1978 3381 2183 3434 sincera
2209 3374 2484 3442 clmritate,
2515 3385 2644 3439 etc.,
2678 3374 2949 3430 admoneri
2980 3382 3143 3446 optat.

1978 3492 2336 3550 Sanctissimo
2370 3490 2519 3546 Patri
2572 3488 2825 3563 [Aquilae]
2863 3486 3361 3558 archipontiticatus
3398 3484 3505 3540 bo-

1904 3602 2040 3644 nore
2072 3586 2380 3653 sublimato,
2417 3584 2638 3641 humilis
2675 3583 2863 3657 [levita
2890 3579 3138 3639 Albinusl
3166 3588 3384 3636 aeternae
3409 3592 3506 3649 pa-

1905 3680 1988 3737 cis
2012 3687 2069 3736 et
2090 3677 2467 3750 prosperitatis
2493 3676 2744 3732 salutem.

1981 3774 2241 3831 Veniente
2261 3771 2573 3829 dulcissimo
2606 3770 2776 3827 fratre
2814 3769 2864 3843 [τ
2896 3769 3203 3826 Adaluuino
3227 3766 3503 3839 episcopo]

1906 3866 2171 3923 orationis
2203 3865 2376 3936 gratia
2407 3863 2499 3937 [ad
2531 3870 2779 3919 sanctum
2812 3862 3146 3933 Martinum],
3181 3860 3504 3915 suavissima

1904 3965 2103 4016 vestrae.
2128 3956 2467 4014 salutationis
2499 3956 2781 4027 proferens
2814 3956 2973 4011 nobis
3002 3954 3188 4020 verba,
3216 3961 3270 4008 et
3306 3959 3506 4022 optata:

1906 4049 2281 4120 prosperitatis
2316 4049 2557 4120 vigorem
2597 4047 2952 4111 annuntians,
2991 4043 3175 4107 valde,
3214 4051 3273 4098 ut
3306 4042 3502 4109 fateor,

1906 4141 2073 4197 laetati
2102 4154 2289 4195 sumus
2326 4138 2380 4193 in
2419 4136 2536 4206 ejus
2573 4138 2803 4191 adventu
2836 4150 2851 4188 :
2884 4142 2940 4190 et
2978 4141 3041 4189 ut
3069 4140 3247 4196 vestra
3282 4134 3506 4188 deman-

1909 4234 2058 4291 davit
2091 4232 2326 4296 dilectio,
2367 4231 2580 4301 privata
2615 4236 2798 4285 mente
2830 4228 3165 4298 suscepimus
3200 4239 3345 4289 eum,
3387 4223 3506 4279 dul-

1908 4329 2248 4397 cissimaeque
2296 4325 2679 4381 familiaritatis
2728 4321 2963 4392 alloquio
3013 4321 3097 4376 usi
3146 4333 3351 4376 sumus.
3407 4317 3508 4373 Est

1907 4420 2074 4486 enim,
2104 4426 2163 4473 ut
2185 4419 2377 4489 agnovi
2404 4418 2459 4473 in
2488 4432 2573 4482 eo,
2601 4417 2686 4472 vir
2717 4415 2874 4472 valde
2902 4414 3100 4478 ﬁdelis,
3139 4421 3194 4470 et
3231 4413 3286 4468 in
3317 4419 3508 4467 sancta

1908 4513 2135 4568 devotus
2169 4510 2427 4581 religione
2469 4508 2663 4583 [Mab.,
2693 4506 3020 4579 devotione].
3051 4505 3260 4561 Vestris
3286 4516 3506 4575 quoque

1826 4609 1882 4671 D
1908 4605 2150 4677 syllabis,
2177 4619 2297 4675 qum
2333 4603 2532 4666 attulit,
2562 4600 2880 4672 perspectis,
2911 4598 3218 4655 invenimus
3248 4612 3341 4652 eas
3376 4595 3508 4652 cha-

1903 4698 2082 4753 ritatis
2110 4711 2288 4768 penna
2312 4695 2660 4766 perscriptas,
2689 4692 2843 4762 cujus
2869 4691 3033 4746 etiam
3064 4689 3344 4744 cbaritatis
3371 4686 3509 4744 mel-

1904 4788 2050 4843 litlua
2092 4786 2373 4842 dulcedine
2411 4783 2600 4840 refecti
2640 4798 2829 4836 sumus
2868 4796 3082 4851 semper
3110 4796 3141 4833 a
3168 4779 3320 4835 vobis
3363 4787 3419 4835 et
3448 4778 3505 4834 in

1904 4878 2088 4942 vobis,
2137 4891 2258 4947 quae
2307 4890 2407 4930 nos
2454 4873 2663 4929 duabus
2700 4871 3002 4928 dilectionis
3047 4869 3148 4925 alis
3196 4871 3264 4925 ad
3305 4869 3504 4925 coelum

1906 4985 2101 5042 usque,
2136 4968 2250 5023 Deo
2286 4968 2600 5032 miserante,
2640 4972 2860 5037 portare
2898 4962 3115 5035 poterit.
3156 4961 3227 5017 Et
3259 4962 3375 5016 hinc
3416 4963 3505 5014 est

1908 5063 2110 5120 outima
2138 5076 2288 5134 pars,
2319 5074 2481 5131 quam
2513 5057 2676 5130 elegit
2709 5055 2869 5113 beata
2898 5054 3067 5110 Maria
3100 5052 3165 5107 ad
3203 5051 3372 5123 pedes
3410 5064 3501 5104 se-
3562 5062 3571 5107 ξ

1909 5215 2136 5271 oblatos.
2162 5214 2298 5269 Vide
2321 5228 2482 5284 supra
2512 5211 2795 5284 epistolam
2823 5209 2925 5284 110
2948 5207 3115 5284 (nunc
3146 5205 3293 5284 M9),
3324 5211 3421 5284 not
3449 5214 3501 5258 ο.

1986 5298 2009 5325 ο
2032 5285 2173 5340 Edit.
2198 5278 2407 5340 Mabillf
2424 5283 2513 5347 24,
2544 5278 2689 5338 nunc
2709 5278 3005 5353 integritati
3027 5294 3140 5334 sum
3153 5278 3405 5333 restituta
3430 5289 3502 5329 ex

1911 5356 2031 5438 cod.
2063 5371 2181 5438 ms.‘
2201 5354 2394 5438 Salisb.
2422 5354 2784 5438 data‘vide‘tur
2807 5351 3120 5438 paulo‘ante
3160 5352 3502 5438 sequar-tein,

1912 5424 2066 5495 cujus
2093 5433 2277 5481 notam
2297 5423 2323 5461 δ
2355 5424 2458 5480 col.
2484 5424 2589 5480 405
2612 5412 2825 5479 videas:
2850 5420 3104 5491 (Froben.
3155 5412 3313 5488 epist.
3346 5412 3501 5483 “5.)

1989 5496 2009 5536 ἲ
2038 5495 2339 5567 Adaluuino
2369 5497 2626 5567 episcopo.
2657 5489 3194 5567 Ratisbonensihqui
3223 5488 3351 5567 huic
3381 5484 3503 5567 sedi

1912 5566 2129 5640 praefuit
2157 5568 2225 5622 ab
2250 5560 2721 5640 anno'79:2"}t§que
2752 5564 2821 5640 a_d
2848 5577 3048 5640 annum
3076 5560 3180 5640 8η
3207 5566 3268 5614 ut
3285 5563 3502 5640 testan-

1915 5626 2005 5694 lur
2033 5639 2237 5708 charta;
2248 5647 2465 5708 veteres
2490 5626 2827 5708 bibliotbrﬁ.
2853 5629 3182 5708 Emmerami
3204 5669 3220 5694 ,
3247 5627 3337 5684 ubi
3365 5626 3539 5708 legi--

1915 5718 2043 5765 tur:
2071 5706 2372 5763 DCCXCII
2404 5704 2868 5777 SinpertusobiitL
2888 5701 3192 5777 Adalwinus
3227 5701 3497 5777 successit.

1917 5777 2151 5834 DCCCX
2168 5777 2274 5831 VII
2306 5772 2606 5833 Adalwinus
2636 5775 2797 5842 obiit,
2827 5772 3113 5828 Baturicus
3149 5774 3496 5826 successerat.

1919 5850 2044 5906 Vid.
2067 5850 2226 5919 epist.
2254 5863 2370 5920 seq.
