4064 6342
261 421 352 478 405

1674 416 2055 476 EPISTOLE.

3393 413 3502 485 406

259 539 420 611 hujus,
449 536 516 594 ad
534 536 824 609 discipulos
842 552 987 606 suos,
1010 538 1097 595 vel
1120 537 1295 611 magis
1306 537 1375 594 ad
1391 549 1580 593 eorum
1604 550 1820 593 succes-
1844 549 1897 610 Α
1922 534 2229 593 dilectionis
2264 533 2515 605 deferens
2554 532 2788 607 syllabas
2804 574 2821 602 ,
2845 532 2935 590 cui
2968 532 3269 593 chartulam
3296 544 3498 594 nostra!

254 621 429 687 ‘sores‘:
459 628 526 681 In
550 630 742 683 mundo
774 646 1073 700 presserant
1111 628 1399 691 habebitis;
1427 626 1518 682 sed
1551 626 1818 694 conﬁdite,

256 739 335 794 ego
358 722 453 777 vici
477 722 726 776 mundum
755 722 935 794 (Joan.
964 738 1077 787 xw,
1106 721 1218 793 33).
1258 720 1520 775 Memores
1559 734 1680 781 esse
1721 720 1817 774 de-

252 817 426 873 bemus
446 857 461 880 ,
510 815 639 885 quid
684 816 799 884 ipsa
826 816 1038 871 Veritas
1065 814 1422 869 tentatoribus
1455 813 1568 869 suis
1594 826 1817 882 respon-

252 909 358 967 dit:
388 906 614 962 Reddite
641 906 977 980 Caesarique
1002 907 1229 962 Casaris
1270 915 1422 970 sunt,
1461 912 1510 960 et
1553 903 1664 959 Deo
1702 918 1819 973 qua

248 998 336 1055 Dei
377 1007 501 1052 sunt
531 996 747 1070 (Hatria.
778 994 926 1063 xm,
952 997 1066 1067 21).
1122 996 1180 1051 Si
1230 993 1525 1067 apostolico
1570 993 1818 1065 exemplo

246 1088 500 1151 vivamus,
524 1098 579 1143 et
610 1103 903 1159 pauperem
939 1103 1162 1159 agamus
1184 1087 1349 1142 vitam
1376 1084 1431 1141 in
1454 1085 1614 1140 terris
1631 1123 1646 1149 ,
1679 1084 1819 1141 sicut

207 1171 213 1177 ’
244 1182 321 1240 illi
339 1183 607 1248 fecerunt,
630 1183 810 1238 saeculi
837 1183 1116 1238 servitium
1133 1180 1277 1249 justo
1299 1180 1646 1241 abdieamus:
1674 1190 1819 1232 nunc

241 1290 358 1332 vero
376 1275 560 1330 saeculi
583 1275 853 1345 principes
878 1276 1080 1331 habent
1099 1273 1322 1342 justam,
1347 1280 1406 1327 ut
1428 1272 1663 1336 videtur,
1688 1286 1816 1325 cau-

239 1383 344 1424 sam
368 1367 669 1422 Ecclesiam
708 1366 907 1424 Christi
952 1367 1174 1424 servitio
1196 1382 1294 1421 suo
1322 1366 1645 1435 opprimere.
1676 1364 1815 1417 Dum

239 1459 416 1513 beatus
442 1458 642 1519 Paulus
663 1459 935 1527 apostolus
964 1457 1145 1513 Titum
1174 1456 1427 1519 dilectum
1461 1454 1627 1511 lilium
1656 1468 1814 1508 suum

235 1552 296 1605 de
319 1550 553 1621 singulis
590 1550 975 1606 ecclesiastica:
1011 1548 1292 1620 dignitatis
1323 1546 1521 1603 ofﬁciis
1561 1546 1813 1609 instruit,

232 1641 307 1695 sit
342 1642 491 1698 inter
514 1649 709 1699 extera
736 1658 752 1694 :
777 1640 1013 1696 Admone
1042 1638 1160 1694 illos
1189 1638 1378 1712 (quos,
1408 1638 1510 1693 nisi
1554 1636 1815 1693 Christia-

233 1734 383 1803 nos?)
406 1733 733 1805 principibus
771 1741 820 1785 et
847 1732 1189 1803 potestatibus
1214 1729 1448 1785 subditos
1484 1746 1592 1783 esse
1612 1769 1629 1795 ,
1672 1728 1812 1787 dicto

229 1823 432 1880 obedire
457 1840 476 1878 .'
508 1824 577 1883 ad
599 1838 750 1878 omne
774 1839 904 1893 opus
929 1822 1121 1879 bonum
1161 1829 1377 1893 paratos
1402 1836 1512 1874 esse
1552 1819 1679 1890 (Tit.
1724 1835 1809 1885 ιη,

229 1916 298 1988 l).
321 1916 388 1970 Et
414 1917 606 1972 beatus
629 1915 821 1970 Petrus
842 1922 1228 1979 consentanea,
1251 1920 1312 1967 ut
1339 1921 1464 1983 pote
1491 1909 1681 1965 eodem
1702 1911 1811 1981 spi-

226 2005 348 2070 ritu,
378 2006 596 2076 scripsit
622 2006 808 2062 dicens
831 2023 846 2059 :
882 2004 1118 2060 Dominis
1136 2002 1434 2059 carnalibus
1455 2002 1678 2069 obedite,
1705 2019 1811 2057 non

220 2105 428 2153 tentant
474 2098 620 2153 bonis
645 2108 694 2153 et
722 2099 996 2161 modestis,
1021 2097 1112 2152 sed
1137 2098 1293 2151 etiam
1335 2093 1545 2149 discolis
1580 2092 1632 2165 (1
1663 2092 1805 2148 Petr.

220 2205 283 2256 ιι,
312 2191 424 2263 l8).
452 2191 510 2248 Si
535 2192 702 2249 etiam
724 2191 964 2257 discelis,
987 2197 1191 2262 quanto
1214 2189 1385 2257 magis
1412 2186 1812 2258 sapientissimo

212 2283 479 2355 principi,
528 2292 585 2340 et
627 2285 886 2355 religione
936 2292 1124 2339 sancta
1166 2281 1513 2338 devotissimo
1554 2280 1811 2334 debemus

182 2383 471 2446 «prompta
499 2376 775 2431 voluntate
802 2375 1039 2430 obedire.
1071 2372 1182 2428 Nec
1209 2373 1311 2427 hoc
1334 2373 1486 2434 dico,
1533 2369 1676 2439 quod
1704 2384 1810 2422 non

203 2467 393 2536 magis
444 2475 632 2535 optem
655 2474 708 2521 te
740 2481 865 2521 cum
909 2466 1019 2521 tuis
1060 2464 1338 2535 discipulis
1388 2464 1498 2517 Deo
1538 2463 1704 2517 vitam
1757 2460 1811 2514 in

201 2562 409 2610 sancta
469 2555 726 2626 religione
786 2556 1025 2625 quietam
1081 2555 1278 2611 ducere
1331 2561 1492 2623 atque
1552 2550 1813 2622 optimam

203 2658 338 2703 eum
364 2643 688 2700 felicissima
714 2644 935 2710 femina,
974 2661 1093 2715 quae
1120 2646 1314 2701 sedens
1342 2644 1407 2713 ad
1435 2642 1601 2713 pedes
1630 2640 1811 2694 Durni-

206 2736 266 2793 ni
292 2736 491 2795 audire
515 2738 681 2792 verba
708 2737 969 2802 caelestia,
999 2738 1237 2809 elegerat
1270 2745 1480 2807 partem
1517 2751 1637 2806 quae
1670 2749 1809 2787 nun-

210 2844 379 2900 quam
407 2827 689 2885 auferetur
715 2830 867 2903 (Luc.
899 2847 966 2897 χ,
987 2831 1057 2886 59
1074 2872 1090 2897 ,
1118 2830 1229 2904 42).
1261 2832 1368 2887 Sed
1396 2846 1589 2887 vereor
1616 2829 1810 2884 fortas-

212 2924 309 2989 sis,
331 2923 380 2980 si
405 2932 688 2979 moveatur
720 2939 906 2990 causa,
934 2940 1036 2980 nec
1057 2932 1293 2980 vestram
1315 2924 1703 2980 beatitudinem
1741 2923 1809 2977 ad

214 3014 524 3070 desiderata
550 3016 837 3085 pervenire
856 3030 1150 3085 posse,ncc
1171 3017 1400 3087 gratiam
1424 3014 1809 3083 babereimpe-

215 3106 425 3161 rialem.
454 3105 603 3171 Ideo,
633 3108 773 3162 sicut
811 3108 1059 3176 superius
1086 3107 1226 3172 dixi,
1257 3106 1370 3162 sola
1416 3106 1628 3160 videtur
1666 3104 1809 3159 salu-

214 3197 324 3255 bris
344 3213 537 3265 causa,
562 3198 672 3253 Deo
699 3205 871 3254 totum
899 3200 1149 3268 precibus
1172 3200 1224 3253 in
1256 3207 1486 3269 angusto
1516 3199 1622 3255 situ
1647 3197 1798 3271 [Man

1920 628 2285 699 responsionis
2303 628 2580 699 posuimus
2608 628 2661 683 in
2689 643 2868 703 manu.
2908 627 3060 696 Quod
3101 642 3188 685 me
3229 627 3499 685 tarditatis

1918 720 2005 777 vel
2031 720 2365 791 negligentia:
2400 720 2636 776 scribere
2658 718 2775 792 [F.,
2802 720 2858 775 in
2886 717 3195 793 scribendo]
3224 721 3377 777 vobis
3406 736 3496 777 ac-

1917 813 2171 878 eusastis,
2198 820 2257 868 ut
2281 812 2455 867 fateor
2475 810 2651 881 juste;
2676 813 2855 868 ethoc
2878 820 3098 884 propter
3118 812 3354 883 inopiam
3378 827 3499 882 por-

1917 905 2171 971 titorum,
2226 904 2380 975 167
2424 903 2516 974 qui
2557 904 2648 958 vix
2694 901 2879 958 ﬁdeles
2926 902 3289 959 inveniuntur.
3331 901 3501 973 igitur

1916 996 2279 1067 longinquitas
2327 1004 2595 1053 terrarum
2637 995 2888 1066 prohibet
2920 1009 2990 1050 ex
3019 994 3105 1051 his
3143 991 3386 1065 partibus
3428 986 3499 1051 ad

1917 1105 2015 1146 vos
2058 1088 2383 1158 quemlibet,
2412 1088 2517 1143 nisi
2561 1101 2715 1152 raro,
2748 1085 2998 1141 transire.
3031 1086 3230 1141 Tamen
3255 1085 3390 1141 sciat
3419 1083 3502 1139 di-

1917 1184 2078 1241 lectio
2104 1193 2283 1240 vestra
2321 1183 2465 1253 quod
2494 1182 2729 1249 nemini,
2750 1190 2874 1252 post
2911 1182 3169 1237 domuum
3209 1181 3499 1257 imperato-

1916 1295 2055 1344 rem,
2082 1278 2282 1333 sudare
2307 1276 2428 1347 plus
2453 1292 2633 1332 meum
2681 1274 3006 1347 ingeniolum
3054 1283 3328 1345 optarem,
3371 1271 3497 1340 quia

1915 1371 2049 1426 nulli
2073 1370 2197 1440 plus
2222 1369 2435 1426 debitor
2456 1383 2574 1423 sum
2598 1376 2819 1439 propter
2843 1380 3057 1437 semper
3098 1375 3292 1423 vestra:
3326 1362 3499 1419 beati-

1916 1462 2119 1517 tudinis
2160 1460 2597 1540 prohatissimam
2626 1458 2789 1515 ﬁdem
2823 1465 2881 1513 et
2905 1456 3269 1514 dilectionem.
3319 1454 3496 1511 Unum

1916 1552 2171 1623 quiddam
2216 1553 2494 1623 legebatur
2523 1553 2577 1606 in
2610 1551 2867 1621 epistola,
2898 1565 3059 1620 quam
3095 1548 3256 1605 modo
3299 1546 3499 1605 direxit

1917 1643 2218 1699 reverentia
2246 1652 2454 1707 vestra;
2500 1640 3006 1711 quodnoluissem,
3047 1647 3108 1695 ut
3148 1640 3497 1706 scriberetur,

1914 1734 2001 1790 vel
2044 1750 2282 1805 unquam
2321 1732 2522 1789 factum
2550 1741 2693 1788 esset
2726 1753 2739 1787 :
2771 1732 2826 1788 id
2852 1742 2964 1797 est,
2990 1733 3133 1804 quod
3159 1731 3313 1788 vobis
3353 1731 3500 1786 ultra

1915 1843 2023 1882 non
2070 1834 2212 1883 esset
2255 1842 2377 1897 spes
2414 1827 2600 1881 videre
2640 1825 2835 1885 faciem
2878 1840 3073 1908 meam.
3107 1824 3221 1881 Hoc
3259 1823 3509 1907 graviter‘

1841 1922 1887 1983 Β
1913 1920 2126 1974 animus
2154 1934 2304 1973 meus
2327 1918 2555 1981 ferebat,
2578 1918 2709 1987 quia
2732 1925 3052 1988 praesentem
3086 1916 3292 1988 rogavi,
3320 1921 3380 1969 ut
3408 1928 3496 1969 me

1913 2011 2014 2066 sub
2044 2024 2138 2079 spe
2169 2009 2471 2064 revertendi
2502 2008 2570 2063 ad
2596 2007 3152 2063 sanctum-Martinam
3176 2006 3493 2061 dimisisses.

1910 2099 2034 2156 Fiat
2058 2098 2326 2153 voluntas
2356 2099 2585 2153 Domini.
2627 2098 2724 2153 Vel
2771 2100 2814 2153 si
2852 2099 2941 2154 hic
2983 2099 3037 2153 in
3065 2098 3168 2155 hac
3212 2096 3497 2171 temporali

1910 2189 2031 2248 luce
2074 2193 2191 2246 ﬁeri
2221 2207 2326 2246 non
2354 2191 2561 2258 valeat,
2587 2190 2682 2246 ﬁat
2702 2231 2717 2255 ,
2748 2191 2857 2247 Deo
2892 2191 3201 2255 miserante,
3226 2189 3279 2245 in
3306 2202 3497 2261 perpe-

1914 2291 2022 2337 tua.
2053 2281 2266 2347 Casula,
2295 2298 2456 2352 quam
2486 2282 2714 2347 misisti,
2742 2284 2810 2336 ob
2839 2290 3033 2336 vestrae
3071 2280 3353 2336 charitatis
3381 2296 3494 2336 me-

1911 2376 2158 2437 m0riam,
2192 2382 2315 2429 utar
2344 2375 2398 2427 in
2437 2375 2721 2429 missarum
2757 2371 3073 2445 solemniis.]
3098 2371 3277 2428 Gloria
3300 2380 3357 2427 et
3378 2368 3494 2425 laus

1912 2464 2052 2519 Deo!
2099 2465 2239 2535 apud
2270 2479 2368 2518 nos
2394 2465 2574 2519 omnia
2603 2479 2859 2535 prospera
2904 2473 3058 2527 sunt,
3085 2473 3137 2518 et
3180 2462 3319 2535 apud
3354 2463 3493 2517 filios

1913 2563 2149 2618 nostros,
2180 2571 2315 2624 quos
2344 2554 2507 2617 nosti,
2536 2554 2628 2625 qui
2659 2570 2763 2607 una
2793 2560 2971 2608 mente
2998 2560 3232 2609 vestram
3262 2553 3496 2609 salutant

1911 2646 2317 2712 beatitudinem,
2352 2660 2580 2715 eamque
2606 2646 2775 2700 multo
2802 2646 2978 2701 valere
3027 2655 3267 2717 tempore
3309 2654 3496 2715 optant

1912 2739 1966 2793 in
1990 2738 2233 2793 Domino.
2268 2737 2415 2793 Scito
2439 2738 2737 2793 certissime
2765 2739 2908 2808 quod
2935 2738 3013 2792 tui
3042 2736 3274 2793 nominis
3297 2752 3493 2792 memo-

1910 2818 2049 2884 riam
2075 2830 2437 2885 dulcissimam
2465 2829 2724 2884 habemus
2750 2830 2805 2883 in
2834 2829 3164 2884 orationibus
3194 2830 3334 2900 apud
3364 2844 3494 2883 san-

1878 2928 2059 3001 ctum
2106 2920 2395 2976 Martinum
2426 2935 2441 2975 :
2473 2928 2527 2976 et
2572 2922 2616 2976 si
2663 2921 2876 2991 quando
2924 2920 3156 2990 Spiritus
3191 2921 3402 2976 Domini
3440 2921 3495 2976 in

1908 3013 2321 3083 eompunctione
2347 3014 2536 3069 visitat
2561 3029 2674 3081 cor,
2704 3029 2917 3085 semper
2945 3031 3227 3071 recurrere
3261 3015 3315 3069 in
3342 3029 3495 3071 men-

1908 3115 2018 3163 tem
2067 3106 2199 3163 facit
2243 3107 2404 3164 vestri
2453 3109 2687 3164 nominis
2716 3109 3166 3165 recordationem.
3204 3108 3374 3173 Deus,
3402 3110 3494 3179 qui

1907 3200 2049 3255 dives
2088 3210 2161 3255 est
2211 3202 2269 3255 in
2309 3201 2672 3255 misericordia
2722 3200 2933 3273 (Ep/tes.
2976 3218 3037 3265 ll,
3069 3200 3143 3272 4),
3178 3202 3493 3257 misereatur

213 3287 373 3360 situs}
391 3289 573 3344 nostri
589 3288 849 3345 desiderii
883 3291 1264 3346 commendare
1301 3299 1550 3345 eventum
1578 3331 1593 3355 ,
1622 3297 1680 3343 ut
1708 3305 1805 3344 sua
1832 3280 1879 3344 C
1910 3302 2169 3364 perpetua
2185 3294 2387 3363 pietate
2409 3293 2561 3348 vobis
2586 3293 2764 3357 Pater,
2784 3293 2974 3359 frater,
3002 3292 3075 3347 ﬁli
3096 3294 3412 3350 charissime
3433 3293 3490 3349 in

215 3387 397 3432 sancta
436 3378 733 3433 clementia
762 3386 817 3432 et
851 3379 1055 3446 pietate
1078 3379 1355 3450 provideat
1379 3380 1550 3442 nobis,
1577 3392 1805 3448 quomo-

216 3468 278 3521 do
298 3468 534 3537 paciﬁce
555 3468 623 3523 ad
651 3477 894 3523 nostram
924 3470 1210 3538 pervenire
1240 3470 1517 3525 valeamus
1559 3471 1808 3524 volunta-

217 3568 334 3613 tem.
368 3559 427 3615 Si
463 3568 647 3616 tamen
675 3561 832 3616 nobis
854 3570 1042 3616 nostra
1074 3562 1361 3631 quaerenda
1407 3570 1491 3615 est
1535 3560 1801 3626 voluntas,

215 3666 275 3707 eo
297 3654 443 3722 quod
476 3653 591 3718 ille,
621 3652 675 3707 id
701 3662 785 3708 est
810 3654 1069 3708 Dominus
1114 3652 1273 3709 Jesus
1312 3654 1379 3709 de
1425 3655 1601 3724 seipse
1630 3655 1802 3709 dixit:

221 3740 330 3796 Non
349 3745 467 3799 veni
496 3744 667 3813 facere
694 3743 1010 3798 voluntatem
1033 3761 1222 3809 meam,
1246 3744 1337 3799 sed
1355 3743 1668 3799 voluntatem
1691 3746 1805 3815 ejus

213 3835 291 3902 qui
320 3851 397 3889 me
425 3836 577 3889 misit
603 3835 785 3905 (Joan.
814 3851 891 3901 vr,
922 3835 1034 3907 58).
1057 3834 1193 3889 Nam
1222 3836 1471 3889 voluntas
1517 3834 1606 3889 Dei
1645 3851 1805 3892 omne

214 3925 403 3984 bonum
432 3937 553 3993 est,
577 3944 696 3998 quae
720 3938 781 3984 ut
802 3945 1013 4001 semper
1036 3930 1091 3984 in
1118 3930 1273 3984 nobis
1301 3930 1414 3995 ﬁat,
1438 3932 1584 3985 omni
1608 3932 1805 3985 mentis

214 4016 511 4076 intentione
536 4028 593 4075 et
622 4021 768 4076 omni
789 4036 1012 4091 operum
1033 4024 1296 4078 bonorum
1315 4024 1661 4079 exsecutione
1681 4038 1805 4093 pos-

215 4109 499 4168 tulandum
524 4121 628 4167 est.

283 4200 408 4258 llam
445 4204 676 4258 interim
701 4205 801 4258 sub
841 4202 1185 4259 festinatione
1226 4214 1448 4275 propter
1492 4204 1802 4274 occupatio-

215 4304 331 4346 nem
358 4294 471 4350 dici
508 4293 633 4351 festi
664 4294 1002 4349 dictavimus.
1040 4294 1235 4364 Utique
1277 4295 1475 4350 missus
1516 4295 1804 4351 beatitudi-

214 4380 290 4436 nis
316 4394 523 4440 vestrre
554 4387 621 4440 ad
650 4400 749 4439 nos
794 4385 881 4440 die
926 4385 1267 4441 sanctissima
1297 4386 1588 4441 Dominicm
1623 4385 1803 4442 Cosme

214 4483 447 4540 venerat,
487 4477 714 4547 exigens
742 4492 775 4531 a
803 4478 959 4532 nobis
985 4477 1220 4544 litteras,
1249 4493 1317 4533 ne
1342 4479 1529 4534 vacuis
1557 4487 1801 4535 reverte-

1909 3395 2190 3441 aeternum.

2409 3488 2431 3515 ο
2472 3475 2807 3532 EPISTOLA
2840 3476 2992 3533 CLV.

2262 3584 2332 3623 ΔΙ)
2379 3585 2627 3626 ARNONEI
2665 3588 3111 3628 ARCHIEPISCOPU!

2516 3662 2691 3734 (Anno
2739 3664 2888 3739 803.)

1908 3775 2261 3851 Commendat
2281 3794 2336 3833 se
2375 3788 2622 3851 tanquam
2662 3782 2930 3851 inﬁrmum
2959 3800 3130 3838 senem
3169 3801 3335 3840 sacrae
3379 3802 3489 3841 nte-

1976 3847 2177 3902 moritc.
2223 3846 2341 3921 Duo
2393 3846 2601 3903 vascula
2652 3846 2905 3907 mensalia
2960 3854 3145 3921 mittit;
3189 3867 3234 3909 et
3275 3858 3492 3910 iteratos

1975 3933 2068 3985 pro
2100 3918 2281 3972 casula
2310 3920 2509 3973 missali
2537 3924 2735 3991 gratias
2769 3926 2897 3993 agit.

1975 4026 2334 4085 Dilectissimo
2362 4030 2473 4085 filio
2498 4031 2705 4102 Aquila:
2733 4035 3155 4091 archisacerdoti
3183 4037 3407 4094 Albinus
3437 4039 3493 4094 in

1904 4120 2133 4176 Domino
2160 4123 2411 4178 salutem.

1977 4210 2125 4267 Solet
2147 4214 2388 4268 charitas
2407 4214 2532 4269 olim
2551 4216 2908 4286 germanitate
2931 4217 3071 4274 ﬁdeli
3094 4229 3370 4291 compacta
3395 4238 3493 4278 no-

1902 4304 1987 4360 vis
2011 4305 2208 4376 satpins
2233 4305 2424 4360 litteris
2454 4305 2759 4375 reformari,
2792 4317 2850 4364 ut
2886 4311 3041 4365 ﬁrma
3080 4324 3401 4384 agnoscatur
3433 4315 3488 4370 in

1903 4393 2028 4460 ﬁde,
2050 4411 2168 4465 quae
2197 4403 2282 4450 est
2307 4396 2477 4451 dulcis
2498 4397 2549 4450 in
2579 4401 2985 4456 consuetudine.
3013 4401 3165 4457 Unde
3198 4419 3297 4475 ego
3332 4405 3465 4460 char

1901 4485 2068 4561 tiliam
2108 4486 2363 4542 chartula:
2390 4486 2677 4560 conjungi),
2705 4498 2766 4544 ut
2798 4491 3008 4563 legatur
3035 4494 3091 4549 in
3117 4496 3333 4567 pagina,
3370 4514 3492 4568 qua:

216 4571 354 4657 retur
382 4569 665 4622 manilius.
709 4567 1011 4622 Pleniorem
1031 4609 1045 4633 ,
1074 4569 1185 4624 Deo
1215 4571 1539 4637 miserante,
1584 4586 1803 4641 respon-
1824 4652 1866 4657 _
1902 4586 1986 4633 est
2020 4578 2075 4631 in
2104 4579 2287 4633 cordis
2310 4579 2506 4633 tabulis
2524 4579 2777 4651 [Mabitl.,
2807 4582 3009 4655 tabida]
3030 4588 3357 4657 conscripta,
3382 4567 3490 4645 non

214 4656 408 4715 sionem
437 4674 667 4732 sperare
696 4662 942 4717 habetis:
968 4663 1079 4717 sive
1102 4663 1168 4718 de
1196 4664 1563 4720 consolatione
1598 4666 1800 4720 laboris
1824 4652 1881 4710 D
1904 4679 2205 4725 atramento
2232 4672 2494 4741 perituro,
2526 4673 2619 4726 sed
2667 4674 2855 4743 spiritu
2902 4652 3261 4745 sempiterno;
3281 4652 3370 4750 qui
3398 4696 3491 4753 ge-

213 4753 403 4820 vestri,
450 4763 552 4809 aut
600 4755 764 4809 etiam
796 4757 1043 4829 angustia
1079 4758 1299 4824 mentis,
1335 4775 1435 4815 nec
1473 4776 1578 4815 non
1628 4767 1683 4816 et
1734 4762 1800 4817 de
1902 4763 2066 4817 mitus
2109 4764 2312 4817 excitat
2352 4763 2742 4817 inenarrabiles
2783 4780 2882 4833 pro
2915 4768 3172 4836 sospitate
3209 4781 3387 4826 vestra
3434 4774 3489 4827 in

214 4839 669 4911 inquisitionibus,
701 4861 836 4916 quas
862 4859 889 4887 ι
919 4849 1033 4901 entb
1062 4848 1191 4903 olim
1233 4851 1421 4905 habuit
1455 4868 1523 4907 ex
1567 4868 1798 4922 persona

214 4932 659 4994 cbarissimorum
704 4938 860 4993 nobis
915 4946 1111 4994 vestrae
1174 4941 1459 4997 charitatis
1512 4943 1804 5014 discipulo-

216 5038 349 5080 rum.

280 5114 530 5188 [Saluta,
576 5121 832 5186 obsecro,
864 5120 960 5176 Dei
997 5120 1251 5177 famulam
1295 5138 1537 5178 sororem
1562 5133 1800 5181 vestram

214 5222 329 5262 meo
356 5210 540 5267 ofﬁcio
564 5229 577 5265 :
610 5213 774 5267 suade
796 5214 845 5267 ei
867 5214 1004 5268 meis
1028 5214 1212 5269 verbis
1231 5215 1539 5286 religiosam
1559 5218 1614 5271 in
1642 5218 1801 5272 terris

217 5296 408 5356 ducere
430 5303 601 5358 vitam
619 5344 633 5370 ,
662 5316 723 5358 ut
745 5303 960 5358 beatam
990 5304 1267 5374 possidere
1300 5306 1459 5377 digna
1500 5290 1808 5361 inveniatur.

216 5388 268 5444 in
310 5394 487 5451 cmlis.
521 5396 854 5452 Venerabilis
900 5396 1063 5452 Pater
1088 5396 1115 5436 ι)
1142 5396 1478 5455 Adaluuinus
1520 5401 1802 5472 episc0pus

216 5491 333 5536 cum
362 5500 564 5556 magno
584 5495 640 5542 et
667 5487 949 5558 multiplici
966 5488 1118 5543 venit
1143 5488 1214 5543 ad
1239 5504 1338 5544 nos
1359 5491 1583 5556 honore,
1608 5500 1801 5546 vestra:

282 5607 308 5635 ι
338 5595 497 5673 Emi).
535 5600 611 5655 Ita
648 5601 844 5673 legitur
873 5601 928 5655 in
964 5601 1122 5656 codd.
1168 5619 1298 5658 mss.
1332 5603 1541 5673 Latere
1570 5605 1667 5659 sub
1697 5604 1800 5661 hac

215 5671 872 5796 ἶὲξθάἓᾶιίοτῗνίδιῐιῐπηῡ.
905 5687 1101 5728 nomen
1131 5672 1347 5744 aliquod
1374 5675 1653 5746 preprium
1684 5675 1800 5730 nul-

283 5807 698 5899 :Adalu'ninus.
830 5827 896 5869 eo
920 5813 1044 5870 vide
1067 5815 1362 5899 epistolam
1377 5816 1663 5899 priorem_,_
1678 5832 1799 5899 quas

218 5872 469 5937 fortassis
498 5882 580 5939 illa
603 5882 849 5940 chartula
885 5872 1247 5955 responsionis
1268 5872 1399 5969 fuit:
1422 5903 1583 5959 quam
1611 5872 1798 5945 h'ic'ait

1903 4868 2025 4908 meo
2055 4854 2234 4908 corde.
2258 4854 2451 4908 Vestra
2485 4867 2617 4909 vero
2643 4854 2880 4920 dilectio,
2918 4864 2977 4911 ut
3012 4860 3310 4917 certissime
3341 4865 3485 4929 novi,

1902 4943 2073 4998 nostri
2100 4943 2330 4999 nominis
2352 4959 2459 4997 non
2488 4944 2866 5000 obliviscatur:
2891 4948 3017 5016 quia
3046 4949 3235 5005 crebra
3263 4951 3489 5007 inﬁrmi-

1902 5046 1987 5094 tas
2014 5038 2158 5109 cogit
2180 5053 2277 5092 nos
2306 5038 2511 5094 amicos
2536 5039 2829 5095 admonere
2857 5040 2925 5095 de
2953 5050 3258 5097 sanctarum
3288 5045 3490 5101 oratio-

1901 5150 2030 5189 num
2051 5133 2329 5203 sull'ragio,
2351 5142 2414 5187 ut
2442 5134 2763 5204 propitiatur
2782 5136 3019 5205 peccatis
3042 5138 3178 5192 meis
3200 5138 3376 5207 pietas
3403 5139 3487 5194 di-

1899 5227 2044 5289 vina,
2076 5233 2130 5278 et
2168 5233 2456 5280 renovetur
2490 5226 2600 5281 vita
2641 5241 2763 5281 mea
2801 5227 2855 5281 in
2891 5225 3103 5292 melius,
3134 5229 3269 5283 sicut
3297 5229 3490 5300 aquila

1893 5319 2140 5390 juventus
2171 5317 2341 5391 (Psat.
2392 5335 2497 5385 cn,
2533 5317 2589 5391 5)
2619 5334 2633 5374 :
2666 5319 2777 5375 Nec
2812 5334 2898 5374 me
2920 5317 3085 5389 judex
3116 5334 3270 5376 meus
3309 5330 3365 5377 et
3403 5330 3483 5377 tc-

1899 5412 2000 5466 stis
2024 5425 2179 5467 meus
2197 5410 2403 5482 judicet
2428 5412 2722 5466 secundum
2757 5412 2952 5468 merita
2987 5426 3130 5478 mea,
3165 5412 3263 5469 sed
3296 5427 3490 5470 secun-

1905 5501 2034 5556 dum
2061 5516 2213 5556 suam
2254 5518 2502 5575 magnam
2532 5503 2959 5558 misericordiam
2992 5510 3187 5574 parcat
3208 5503 3487 5563 conﬁtenti

1906 5614 1960 5669 in
1998 5614 2113 5685 ejus
2152 5632 2329 5689 manu
2359 5618 2621 5689 posuisse.
2668 5617 2796 5674 Inde
2836 5630 2966 5674 vero
2994 5617 3299 5689 inferimus
3337 5620 3511 5687 illam.

1904 5688 2421 5763 quoqt_te_epi_s_tolam
2441 5689 2514 5763 ad
2546 5689 2691 5763 hunc
2723 5705 2924 5747 artuum
2946 5688 3050 5747 803
3083 5693 3371 5763 pertinere.

1976 5767 1998 5795 ο
2040 5758 2193 5835 [ἰδῇ.-
2213 5758 2523 5835 Μξῲίιικίῥ.
2554 5759 2862 5835 Cor-rectior
2886 5758 3247 5835 nuneprodit
3265 5780 3335 5822 ex
3359 5764 3483 5822 eod.

1904 5843 2006 5884 ms.
2038 5826 2232 5885 Salisb.
2262 5828 2439 5904 (Apud
2466 5830 2696 5887 Froben.
2726 5833 2885 5905 epist.
2913 5831 3062 5907 “5.)
