4064 6342
548 441 660 520 ιοτ

551 553 658 614 sibi
699 549 916 609 servulo
958 563 1017 606 se
1053 560 1174 604 esse
1218 548 1556 616 peccatorem
1606 557 1620 594 :

553 664 682 706 eum
722 648 776 702 in
811 643 1000 699 diebus
1055 635 1347 695 senectutis
1385 648 1495 688 sua:
1535 631 1707 704 (Psal.
1745 646 1872 696 Lxx,
1919 629 2006 700 9);
2043 626 2143 683 sed

551 738 748 796 solatio
777 734 944 790 sancti
975 730 1210 801 Spiritus
1236 724 1417 781 foveat
1439 738 1584 788 eum,
1616 729 1672 777 et
1694 721 2016 776 misereatur
2041 716 2136 772 illi.

552 819 684 888 Hice
706 827 895 883 eadem
922 821 1086 878 verba
1112 826 1294 873 vestra
1330 814 1644 871 recordetur
1685 812 1752 868 de
1797 811 1975 881 seipsa
2015 823 2145 863 san-

552 921 798 980 ctissima
826 933 980 973 mens
1008 922 1063 970 et
1083 911 1394 968 acutissima
1420 906 1706 979 prudentia
1742 922 1756 960 :
1788 904 1843 960 in
1872 917 1980 974 qua
2015 902 2142 957 dum

551 1022 768 1085 tempus
797 1009 1002 1066 habeas
1029 1003 1173 1078 (Gal.
1204 1019 1279 1068 Vl,
1310 1000 1421 1073 10),
1449 999 1635 1054 labora
1675 1012 1811 1068 opus
1851 995 1969 1060 Dei,
2001 1001 2063 1049 ut
2088 993 2143 1047 in

554 1106 644 1162 die
669 1117 863 1174 magno
890 1097 1102 1154 Domini
1148 1094 1321 1151 nostri
1359 1092 1662 1149 mercedem
1691 1088 1892 1144 laboris
1925 1086 2002 1142 tui
2029 1101 2146 1141 sor-

553 1197 711 1254 tiaris
752 1211 874 1251 cum
903 1191 1106 1247 sanctis
1134 1188 1230 1243 Dei
1260 1186 1661 1257 sempiternam.
1692 1181 1884 1237 Divina
1923 1195 2021 1235 vos
2053 1194 2147 1234 ve-

551 1297 806 1359 strosque
854 1285 992 1340 ﬁlios
1044 1289 1392 1351 vestramque
1441 1277 1702 1332 familiam
1761 1273 1921 1345 168
1973 1273 2148 1359 gratia

552 1349 883 1450 sempiterna
919 1375 1256 1448 protectione
1300 1349 1590 1435 custodiat,
1628 1365 1943 1439 przeveniat,
1993 1349 2149 1419 donis

554 1479 753 1544 augeat
795 1477 853 1524 et
886 1467 1098 1524 meritis
1134 1467 1191 1521 in
1229 1471 1510 1519 aeternum.
1547 1459 1686 1533 [Duo
1721 1455 1939 1512 vascula
1977 1453 2149 1510 direxi

553 1571 749 1619 vestrae
775 1560 1047 1625 charitati,
1075 1558 1238 1612 Pater
1266 1562 1472 1620 sancte,
1501 1568 1621 1624 qua:
1661 1553 1924 1622 deprecor
1960 1557 2021 1602 ut
2044 1549 2149 1603 hu-

552 1656 756 1713 militer
783 1653 1018 1724 accipias
1047 1651 1356 1720 habeasque
1381 1647 1715 1718 aliquantum
1749 1642 2006 1714 temporis
2027 1650 2152 1696 ante

555 1747 742 1803 oculos
769 1756 891 1802 tuos
916 1746 970 1800 in
999 1759 1210 1809 mensa,
1243 1741 1406 1797 veluti
1427 1755 1528 1812 ego
1553 1752 1580 1781 α
1609 1736 1848 1794 casulam
1873 1737 1929 1792 in
1957 1735 2153 1790 missa-

555 1856 683 1902 rum
707 1838 984 1894 solemniis
1009 1836 1295 1891 habiturus
1324 1829 1491 1904 sum.]

963 1946 1124 2019 169
1160 1946 1188 1987 δ
1219 1940 1554 2000 EPISTOLA
1580 1937 1757 1996 CLVI.

783 2089 792 2100 .
1182 2056 1248 2095 AD
1275 2049 1548 2094 ABNONEM.

560 2135 726 2192 Mittit
743 2148 837 2206 per
854 2129 1196 2206 Fredegisum
1217 2131 1364 2184 varia
1386 2124 1656 2206 opuscula,
1679 2133 1726 2180 et
1743 2121 1823 2177 illi
1846 2121 1982 2176 hunc
2001 2136 2154 2175 suum

1081 2200 1251 2272 ﬁlium
1281 2198 1629 2254 commendat.

629 2321 952 2380 Venerando
978 2317 1322 2390 evangelista:
1347 2313 1554 2385 Aquilae
1581 2290 1808 2366 Albinus
1834 2307 2081 2364 salutem.

626 2415 814 2473 Direxi
858 2411 1134 2470 dilectioni
1187 2419 1400 2473 vestrae,
1452 2422 1548 2479 per
1589 2403 1939 2475 Fredegisum
1990 2400 2157 2456 lilium

559 2527 767 2578 meum,
814 2507 1120 2565 manualem
1175 2503 1415 2561 libellum
1459 2502 1631 2557 multa
1679 2499 2044 2556 continentem
2092 2495 2159 2551 de

561 2604 793 2662 diversis
816 2603 1002 2669 rebus,
1021 2601 1076 2657 id
1096 2607 1206 2656 est:
1236 2599 1436 2656 Breves
1461 2596 1827 2667 expositiones
1850 2594 1902 2648 in
1923 2592 2160 2663 psalmos

561 2705 769 2768 septem
793 2694 1142 2767 paenitentiae,
1171 2692 1225 2746 in
1256 2690 1522 2763 psalmum
1547 2703 1763 2759 quoque
1791 2701 1982 2750 cxvm,
2012 2684 2161 2740 simi-

561 2791 692 2847 liter
716 2796 770 2846 et
814 2789 867 2844 in
907 2787 1148 2859 psalmos
1187 2799 1258 2840 xv
1302 2783 1600 2840 Graduum.
1645 2781 1742 2836 Est
1778 2793 1991 2850 quoque
2015 2778 2071 2832 in
2095 2791 2162 2832 eo

563 2881 743 2938 libello
771 2878 1092 2935 Psalterium
1120 2891 1368 2948 parvum,
1391 2874 1534 2944 quod
1559 2872 1759 2927 dicitur
1783 2870 1925 2925 beati
1957 2879 1979 2908 °
2005 2867 2163 2923 Beda:

565 2970 864 3044 presbyteri
893 2968 1240 3032 Psalterium,
1286 2980 1447 3036 quem
1489 2964 1579 3019 ille
1623 2962 1841 3030 collegit
1870 2960 2022 3036 [Ms.,
2051 2959 2164 3016 col-

565 3061 720 3136 lexit]
748 3077 846 3132 per
873 3075 1062 3116 versus
1091 3058 1274 3115 dulces
1305 3057 1359 3111 in
1388 3056 1548 3111 laude
1583 3054 1699 3119 Dei,
1747 3060 1802 3107 et
1827 3051 2165 3107 orationibus

566 3170 664 3227 per
691 3152 930 3224 singulos
952 3149 1192 3221 psalmos
1207 3147 1364 3218 juxta
1390 3145 1712 3202 Hebraicam
1741 3143 2046 3200 veritatem.
2071 3141 2167 3196 Est

570 3258 786 3316 quoque
811 3241 838 3282 ἀ
865 3243 1096 3312 hymnus
1117 3237 1518 3309 pulcherrimus
1543 3237 1607 3291 de
1631 3250 1725 3291 sex
1743 3233 1951 3289 dierum
1969 3231 2166 3302 Opere,

568 3345 627 3394 et
661 3338 726 3392 de
753 3350 848 3391 sex
874 3333 1148 3388 fEtatibus
1173 3332 1358 3387 mundi
1385 3345 1400 3386 :
1431 3331 1526 3386 Est
1548 3339 1602 3385 et
1627 3331 1682 3384 in
1706 3344 1771 3384 eo
1804 3339 1828 3368 θ
1858 3325 2082 3398 epistola
2105 3326 2170 3380 de

569 3425 942 3491 Confessione,
974 3439 1136 3494 quam
1179 3423 1408 3478 fecimus
1453 3422 1522 3476 ad
1569 3419 1803 3474 infantes
1840 3427 1896 3472 et
1935 3429 2167 3487 pueros:

571 3518 669 3574 Est
697 3528 752 3572 et
769 3517 824 3571 in
849 3531 914 3572 eo
948 3515 968 3554 ί
999 3513 1243 3586 Hymnus
1267 3522 1422 3570 vetus
1441 3513 1508 3568 de
1529 3529 1598 3566 xv
1620 3511 1845 3582 psalmis
1871 3508 2166 3566 Graduum.

573 3609 747 3665 Habet
771 3617 825 3664 et
861 3609 995 3663 alias
1023 3608 1343 3673 orationes;
1386 3614 1441 3661 et
1471 3607 1731 3675 hymnum
1776 3616 1990 3674 quoque
2020 3600 2172 3656 nobi-

573 3701 840 3758 lissimum
867 3700 1105 3771 elegiaco
1134 3707 1308 3754 metro
1335 3697 1694 3766 compositum
1723 3697 1789 3750 de
1824 3696 2055 3765 quadam
2086 3707 2173 3748 re-

573 3793 701 3866 gina
731 3795 756 3833 ε
793 3792 1086 3863 Edildryde
1129 3791 1387 3855 nomine;
1425 3804 1585 3858 quem
1630 3787 1868 3842 libellum
1915 3786 2070 3856 posui
2115 3786 2172 3842 in

574 3899 769 3940 manus
794 3880 1069 3952 Fredegisi
1100 3881 1195 3936 ﬁlii
1225 3879 1352 3936 mei.
1381 3879 1461 3934 Tu
1486 3892 1668 3947 quzere
1705 3877 1855 3932 illum
1885 3877 1951 3931 ab
1975 3891 2040 3930 eo
2063 3893 2076 3940 ;
2102 3889 2173 3930 ne

575 3974 716 4033 forte
737 3976 792 4030 in
832 3974 1101 4031 oblivione
1146 3975 1342 4030 habeat
1369 3981 1592 4043 propter
1634 3971 1768 4026 alias
1792 3970 2171 4042 occupationes

575 4067 674 4123 tibi
703 4083 826 4122 eum
855 4068 1103 4133 reddere,
1133 4073 1189 4121 et
1235 4063 1542 4120 nullatenus
1585 4063 1888 4134 permittas,
1933 4063 2035 4116 nisi
2076 4061 2172 4116 ha-

577 4163 706 4218 beas
733 4161 884 4217 illum
912 4161 982 4216 ob
1005 4159 1323 4216 memoriam
1354 4157 1552 4224 nostri,
1579 4156 1694 4212 sive
1721 4157 1774 4211 in
1801 4155 1960 4211 domo
1989 4153 2169 4228 [Cod.,

577 4252 785 4327 domu],
815 4253 929 4308 sive
962 4252 1016 4307 in
1040 4253 1251 4316 itinere,
1286 4259 1345 4306 ut
1384 4249 1573 4304 audias
1596 4249 1746 4303 illum
1779 4247 1931 4317 quasi
1958 4262 2043 4301 me
2073 4246 2172 4303 tibi

578 4346 890 4416 loquentem
915 4345 971 4400 in
1009 4361 1124 4400 cor.
1151 4343 1316 4399 Plura
1342 4342 1612 4397 misissem
1638 4340 1692 4393 in
1720 4355 1860 4402 eum,
1891 4338 1997 4393 nisi
2022 4337 2174 4394 festi-

653 4514 678 4542 α
703 4501 973 4556 Casulam.
996 4497 1161 4569 Cujus
1184 4500 1350 4554 etiam
1370 4496 1617 4552 meminit
1634 4496 1688 4569 in
1710 4492 1936 4563 epistola
1956 4492 2167 4563 priore;

582 4571 726 4627 unde
749 4573 911 4626 istam
937 4571 1005 4626 ad
1026 4565 1277 4625 eumdem
1305 4583 1506 4623 annum
1531 4565 1829 4620 retulimus.

655 4643 683 4682 ιι
713 4642 914 4697 lnedita
940 4643 1202 4697 hactenus
1225 4639 1405 4712 prodit
1430 4653 1574 4694 nunc
1601 4652 1668 4690 ex
1692 4635 1811 4690 cod.
1837 4649 1939 4688 ms.
1971 4631 2169 4688 Salisb.
2197 4636 2254 4698 Β

584 4712 761 4784 (Apud
784 4713 1013 4768 Froben.
1054 4710 1389 4783 (ἐνίει-(117.)
1906 4763 1910 4766 ,

589 4795 683 4867 ...°.
713 4783 890 4866 βεάίε·
989 4823 1014 4867 ο.
1036 4783 1372 4867 “Wall”?
1422 4780 1574 4867 0ιὲίῖίὲ
1616 4775 2178 4867 ὶέἓῴῗξμξὲἓίῗθηίῖζίὲτ

585 4853 770 4911 Ofﬁcia
796 4870 894 4923 per
919 4853 1081 4910 ferias
1106 4856 1205 4910 sub
1226 4853 1381 4908 titulo
1404 4870 1418 4906 :
1449 4846 1699 4906 Collectio
1722 4846 2174 4923 Psalteriigeda’.

657 4924 685 4965 ἀ
735 4917 975 4995 [lg-[mnus
1005 4925 1069 4978 de
1105 4942 1197 4980 sea:
1228 4925 1432 4995 dierum
1464 4939 1636 4994 opere,
1667 4925 1772 4974 etc.
1815 4917 1948 4984 Quis
1985 4917 2092 4982 ille,
2125 4925 2181 4972 et

587 5013 658 5052 an
689 4994 824 5052 Ven.
855 4997 1030 5059 Beda},
1061 5012 1128 5050 an
1158 4995 1370 5049 Alcuini
1395 4994 1485 5056 sit,
1519 4995 1723 5063 ignoro.

663 5079 686 5106 θ
723 5065 963 5138 Epistola
987 5057 1443 5138 άίίβίοηΐρδεςίοηε.Δ
1470 5057 1841 5138 Qlfainnnper
1875 5058 1944 5112 ad
1968 5057 2182 5129 Magum

588 5154 745 5195 suum
772 5133 987 5192 direxit.
1030 5137 1148 5189 Vill.
1179 5137 1335 5206 epist.
1360 5134 1632 5206 priorem,
1652 5133 1792 5186 inter
1826 5138 2002 5206 no_tas.

591 5279 603 5291 .
667 5208 686 5248 ί
733 5207 980 5291 Hymnus
1004 5201 1306 5291 vetus,.étc.
1358 5201 1510 5260 Ilunc
1547 5203 1670 5258 vide
1713 5209 1835 5271 post
1872 5201 2178 5256 Comment.

589 5279 645 5333 in
673 5281 910 5349 psalmos
941 5279 1261 5334 Gradnales.

651 5354 689 5433 ,⁸
727 5349 996 5433 "meum
1025 5350 1088 5403 αθ
1121 5349 1299 5433 regis“
1325 5344 1651 5433 Edilfl'yda
1675 5343 2182 5433 §}§‘a}.i9'e£.°33'

589 5421 736 5476 mina
761 5412 989 5477 chuino
1028 5412 1303 5490 supposita
1332 5425 1387 5471 et
1430 5412 1558 5471 toni.
1585 5415 1652 5471 III
1675 5415 1809 5485 Opp.
1838 5414 1973 5469 Ven.
2002 5412 2179 5478 Bcdae,

588 5506 714 5565 pag.
748 5493 869 5549 159.
900 5493 1092 5562 Incipit
1116 5508 1133 5546 :

719 5581 857 5634 Alma
885 5584 1020 5634 Deus
1036 5583 1272 5639 Trinitas.
1289 5581 1375 5644 qui
1399 5574 1580 5644 szncula
1603 5583 1773 5644 cuncta
1796 5575 2039 5638 gubernat

780 5647 957 5696 Annue
973 5647 1070 5708 jam
1088 5645 1281 5707 coeptis,
1307 5639 1431 5690 alma
1453 5640 1591 5690 Deus
1611 5639 1841 5688 Trinitas.

665 5735 693 5774 ιι
738 5735 884 5791 Hanc
948 5734 1273 5806 epistolam,
1339 5729 1523 5806 cujus_
1561 5725 1774 5806 initium
1847 5722 2182 5806 Mabillopiqs

591 5805 703 5876 jam
738 5815 917 5871 antea,
951 5792 1070 5860 Καὶ.
1111 5804 1211 5876 SS.
1250 5792 1374 5858 sate.
1404 5792 1461 5856 iv
1489 5801 1621 5876 Ben.
1655 5803 1803 5876 par};
1813 5809 2022 5876 ,ιι-1ης·
2057 5792 2179 5876 13?,

594 5862 930 5947 vulgaverat,
950 5876 1018 5930 cl.
1046 5875 1297 5947 Balnzius
1318 5889 1386 5947 ex
1415 5871 1534 5947 cod.
1564 5862 1680 5947 ms;
1697 5865 2036 5947 bibliothecae
2060 5862 2183 5945 C9]:

595 5933 844 6011 hertinaz,
857 5933 950 6003 ubi
969 5945 1333 6002 vetustissima
1353 5945 1583 5999 habetur
1601 5937 1948 6012 epistularum
1970 5933 2180 5991 Alcuini

1415 427 1493 483 Β.
1534 425 1596 482 F.
1635 422 1861 480 ALBINI
1901 414 2034 479 SEU
2072 415 2348 477 ALCUINI
2383 411 2666 473 OPERUM
2699 410 2878 469 PARS
2913 407 2956 464 Ι.

1669 553 1772 595 nec
1807 537 2143 607 derelinquat
2166 537 2221 598 Α
2245 533 2393 589 natio
2419 530 2538 602 ejus
2569 529 2891 602 praveniret
2921 523 3030 591 me,
3073 530 3128 578 et
3171 537 3279 578 non
3323 521 3588 578 habebam
3619 529 3832 592 tempus

3724 405 3827 463 ιοε

2241 640 2366 682 eum
2412 626 2664 680 ordinare
2711 624 2852 679 sicut
2891 617 3208 690 diSpositum
3241 616 3426 672 habui.
3470 614 3662 671 Valeto
3706 631 3834 686 pro-

2243 732 2418 787 spere,
2460 725 2516 772 et
2553 714 2784 771 feliciter
2822 712 3008 784 legens
3057 708 3227 774 illum,
3271 707 3486 777 meique
3525 722 3736 762 memor
3781 706 3836 762 in

2243 811 2578 869 orationibus
2619 823 2833 880 semper
2873 803 3012 863 sine'.
3035 803 3142 859 line
3169 802 3306 858 vale.
3335 800 3574 858 Obsecro
3595 800 3836 855 clemen-

2245 907 2510 963 tissimam
2538 903 2925 976 benignitatem
2961 908 3223 964 vestram,
3243 913 3278 952 o
3299 895 3649 952 dilectissime
3673 893 3840 965 Aqui-

2245 1001 2316 1067 la,
2352 1009 2412 1056 ut
2446 999 2612 1054 lilium
2653 1011 2831 1052 meum
2875 991 3226 1063 Fredegisum
3266 989 3493 1059 benigne
3533 986 3842 1057 suscipiatis

2246 1101 2302 1151 et
2325 1091 2682 1156 familiariter,
2711 1101 2942 1157 eumque
2965 1082 3229 1152 adiuvetis
3270 1079 3565 1136 secundum
3610 1076 3844 1148 possibi-

2246 1184 2454 1240 litatem
2481 1190 2741 1248 vestram,
2771 1179 3122 1248 habeatisqne
3147 1175 3299 1230 illum
3345 1172 3569 1228 fratrem
3597 1169 3658 1226 in
3681 1168 3864 1228 Chri-'

2249 1286 2356 1346 sto,
2385 1277 2478 1350 qui
2507 1291 2603 1334 vos
2625 1280 2910 1332 conservet
2930 1273 2986 1327 in
3007 1278 3290 1326 atternum.

2729 1388 2760 1428 ιι
2789 1382 3124 1442 EPISTOLA
3153 1379 3354 1436 CLVII.

2563 1483 2582 1524 i
2627 1496 2695 1536 an
2726 1493 2996 1534 CA‘NDIDUM
3024 1491 3094 1531 ετ
3122 1487 3537 1530 numnam“.

2552 1570 2880 1646 (Mabillonio
2906 1585 2995 1623 an.
3029 1568 3157 1634 802,
3179 1565 3364 1620 Baluz.
3395 1562 3545 1635 805.)

2253 1669 2433 1725 Monet
2457 1677 2514 1722 ut
2539 1666 2799 1737 sapienter
2795 1663 2879 1737 _i_n
2909 1659 3247 1737 aulqAagant.
3280 1655 3501 1737 Instruit
3525 1671 3618 1737 eos
3647 1653 3714 1708 de
3735 1653 3847 1736 Odio-

2335 1725 2620 1812 captatione
2641 1752 2760 1791 cum
2793 1730 3083 1802 Theodulfo
3105 1725 3350 1802 episcopo
3376 1725 3768 1781 Aurelianensi.

2325 1851 2631 1910 Carissimis
2659 1849 2714 1904 in
2751 1845 2969 1904 Christo
3018 1842 3141 1898 filiis
3173 1837 3413 1898 Candido
3439 1847 3496 1894 et
3530 1834 3850 1892 Nathanaeli

2181 1912 2233 1974 Β
2253 1945 2485 2001 Albinus
2506 1943 2756 2000 salutem.

2264 2089 2272 2098 .
2323 2035 2464 2093 Cura
2495 2050 2614 2090 mea
2635 2043 2689 2089 et
2713 2030 2950 2088 charitas
2974 2025 3428 2091 mea'vobiscum,
3458 2021 3576 2087 lilii,
3598 2019 3852 2076 omnibus

2253 2129 2440 2199 vigilat
2487 2125 2658 2191 boris,
2705 2129 2898 2195 optans
2943 2137 3042 2176 vos
3072 2118 3318 2176 moribus
3353 2122 3409 2171 et
3447 2112 3700 2183 religiosa
3744 2109 3852 2164 vita

2255 2219 2366 2274 Deo
2395 2217 2630 2288 placere,
2678 2223 2733 2270 et
2757 2212 2977 2270 domino
3018 2226 3142 2267 meo
3185 2207 3375 2273 David,
3417 2213 3475 2263 et
3511 2211 3572 2259 ut
3605 2201 3853 2273 exemplo

2257 2307 2514 2386 [Mabill.,
2542 2301 2871 2375 exemplum]
2899 2300 3020 2356 sitis
3041 2299 3172 2355 boni
3199 2297 3381 2368 operis
3409 2293 3530 2350 aliis
3575 2293 3632 2348 in
3655 2289 3854 2363 palatio

2255 2383 2580 2460 viventibus.
2624 2397 2812 2453 Gratia
2840 2403 2924 2452 est
2969 2393 3139 2468 [Mab.
3171 2401 3218 2447 et
3266 2389 3397 2445 Cod.
3458 2386 3600 2453 Vat.,
3641 2383 3856 2455 juveni-

2255 2500 2398 2565 bus;
2430 2493 2603 2567 gratia
2630 2488 2870 2562 enim...]
2914 2487 3088 2559 patris
3130 2485 3276 2540 filius
3308 2481 3543 2552 sapiens.
3577 2477 3855 2548 Sapientia

2257 2605 2388 2645 vera
2429 2595 2536 2654 est,
2568 2599 2688 2656 quae
2714 2582 2781 2639 ad
2811 2581 2980 2637 vitam
3023 2579 3173 2636 ducit
3216 2584 3495 2632 aeternam.
3545 2571 3660 2628 Nec
3701 2570 3856 2626 nobis

2259 2682 2517 2757 ignobilia
2537 2679 2785 2751 quaedam
2809 2675 2999 2733 statuit
3018 2680 3310 2746 praecepta,
3333 2668 3428 2726 sed
3453 2667 3606 2724 valde
3633 2665 3858 2729 nobilia,

2261 2787 2316 2835 et
2345 2777 2492 2834 omni
2524 2776 2731 2830 honore
2766 2768 3082 2840 dignissima
3106 2783 3121 2832 ;
3149 2765 3204 2820 in
3233 2765 3428 2836 quibus
3451 2761 3520 2817 ad
3547 2759 3718 2814 vitam
3745 2772 3860 2827 pos-

2262 2888 2448 2930 sumus
2495 2865 2796 2941 promereri
2843 2862 3040 2936 [Mab.,
3069 2855 3375 2930 pervenire]
3422 2859 3765 2926 perpetuam,
3812 2855 3863 2904 et

2262 2965 2404 3020 inter
2431 2961 2675 3016 homines
2694 2955 3020 3012 laudabilem
3040 2952 3241 3007 habere
3259 2950 3540 3004 honorem.
3564 2945 3642 3000 De
3668 2942 3865 3013 quibus

2264 3054 2530 3125 siquidem
2578 3048 2865 3122 praeceptis
2914 3045 3110 3115 saepius
3156 3057 3253 3098 vos
3301 3038 3553 3095 admonui
3612 3036 3782 3106 17o
3812 3035 3863 3090 in

2266 3145 2449 3204 schola
2473 3142 2794 3199 eruditionis
2821 3147 3017 3195 vestra:
3063 3135 3254 3209 [Mab.,
3284 3131 3576 3188 auditionis
3610 3127 3862 3200 nostrae].

2272 3240 2380 3297 Sed
2429 3252 2600 3308 nuper
2645 3237 2711 3292 de
2748 3234 2876 3289 nido
2915 3239 3157 3303 paternae
3185 3225 3523 3284 educationis
3568 3221 3779 3287 educti,
3807 3219 3868 3274 ad

2270 3336 2512 3410 publicas
2541 3332 2793 3388 cvolastis
2837 3343 3014 3384 auras.
3063 3324 3397 3395 lntelligatur
3439 3321 3494 3375 in
3539 3317 3694 3374 vobis
3721 3312 3868 3386 quod

2270 3408 2500 3485 audistis
2527 3443 2559 3481 a
2584 3425 2757 3480 nobis.
2801 3421 2959 3477 Vivat
3003 3426 3156 3489 pater
3189 3417 3242 3470 in
3275 3414 3418 3479 filiis,
3449 3411 3542 3482 qui
3576 3408 3740 3464 modo
3771 3414 3870 3460 tre-

2269 3523 2429 3594 pidus
2458 3519 2599 3574 diem
2626 3522 2905 3586 exspectat
2947 3509 3141 3566 mortis
3170 3523 3301 3563 suae.
3350 3503 3506 3573 Opto,
3548 3516 3646 3556 vos
3670 3499 3871 3554 habeat

2272 3589 2468 3688 illam,
2496 3617 2649 3680 optat
2677 3621 2773 3661 vos
2794 3601 3017 3675 habere]
3063 3599 3407 3670 superstites,
3431 3609 3570 3665 quos
3596 3591 3793 3648 habuit
3819 3589 3869 3642 in

2272 3703 2494 3761 servitio
2523 3701 2618 3756 Dei
2648 3697 2847 3754 laboris
2877 3695 2961 3751 sui
3000 3692 3418 3749 commilitones.
3453 3686 3694 3741 Plurima
3740 3679 3871 3739 mihi

2271 3805 2452 3854 essent
2493 3792 2800 3858 scribenda,
2839 3806 2958 3861 quae
2990 3787 3145 3844 vobis
3175 3782 3481 3841 necessaria
3530 3786 3660 3834 sunt
3683 3779 3870 3832 obser-

2270 3891 2484 3955 vanda;
2534 3887 2627 3943 sed
2671 3886 2784 3941 scio
2827 3897 2914 3938 me
2955 3883 3020 3937 de
3065 3881 3348 3935 honestate
3383 3873 3508 3927 vita:
3552 3871 3752 3940 satpius
3781 3881 3872 3921 ve—

2272 3992 2443 4039 stram
2468 3978 2810 4036 admonuisse
2832 3974 3170 4038 charitatem,
3197 3967 3502 4036 litterisque
3523 3962 3728 4018 monita
3755 3973 3873 4016 mea

2273 4076 2469 4146 saepius
2496 4069 2752 4144 prosequi
2797 4075 2850 4123 et
2900 4079 3183 4120 renovare.
3236 4060 3580 4130 Quapropter
3629 4055 3874 4110 dicamus

2273 4181 2394 4238 quae
2420 4164 2580 4220 modo
2609 4160 2766 4216 nobis
2795 4166 2851 4214 et
2875 4156 3030 4213 vobis
3053 4152 3360 4209 necessaria
3383 4163 3505 4204 esse
3524 4147 3805 4201 videntur.

2343 4259 2512 4331 Igitur
2548 4251 2875 4311 venerabilis
2915 4244 3115 4303 Pateri
3158 4240 3546 4310 Theudulpbus
3586 4237 3876 4307 episcopus

2273 4326 2594 4424 quibusdam
2648 4343 3015 4402 confratribus
3081 4336 3276 4412 [Mab.,
3325 4347 3450 4389 cum
3505 4326 3877 4386 confratribus

2274 4509 2538 4572 collectio,
2559 4507 2689 4562 tomi
2711 4505 2734 4560 Ι
2753 4501 2985 4573 Capitul.
3017 4515 3138 4570 pag.
3163 4495 3324 4560 1442,
3347 4489 3762 4573 locupletiorem
3787 4500 3879 4573 ex:

2273 4582 2482 4647 hihuit;
2508 4555 2660 4648 cujus
2684 4578 2737 4631 in
2762 4555 3157 4648 Iinedefectuh
3193 4555 3338 4622 nunc
3359 4579 3426 4618 ex
3465 4555 3587 4648 cod.
3612 4575 3723 4648 ms;
3749 4555 3876 4612 bibl.

2278 4630 2448 4723 ἶὲᾷἷῶ
2467 4630 2763 4708 ,Vaiicanm
2811 4643 3212 4715 supplevimus,
3252 4645 3308 4692 et
3356 4651 3422 4691 ex
3461 4632 3569 4687 alio
3605 4630 3733 4685 cod.
3776 4642 3876 4682 ms.

2285 4717 2920 4794 Salisburgensioptimae
2958 4721 3098 4768 notua
3125 4708 3443 4794 differentes
3482 4702 3750 4757 lectiones
3792 4698 3883 4752 ad-

2282 4778 2516 4851 didimns
2533 4778 2756 4863 "(Apudf
2781 4787 3032 4863 Froben.
3056 4778 3433 4863 epist-#813
3476 4853 3540 4863 μ,
3605 4859 3621 4863 -
3645 4844 3668 4863 ,.

2533 4843 2828 4918 candidum
2856 4866 2902 4911 et
2936 4843 3340 4909 Nathunaelem.
3365 4843 3436 4904 'ld
3463 4853 3570 4910 est,
3600 4844 3671 4919 ad
3695 4843 3882 4919 Who-

2280 4953 2406 4993 nem
2421 4914 2876 5004 ct—Fredegisum,
2897 4936 2958 5004 ut
2974 4924 3134 5004 docet
3156 4929 3310 4977 vetus
3330 4919 3588 5004 elencbus
3615 4915 3671 4969 in
3685 4914 3885 5004 'fronte

2506 4984 2802 5062 Colbegtini
2825 4984 3061 5070 positus,
3077 4996 3138 5070 in
3167 5008 3274 5063 quo
3301 4989 3609 5070 siculegitur
3633 4984 3887 5070 :.Ep§slo:

2282 5054 2781 5136 ἷᾶ
2813 5054 2866 5123 ἱᾉ
2897 5076 2972 5122 est
2997 5054 3269 5120 Wizonem
3291 5072 3339 5116 et
3363 5054 3690 5136 Natnnnhel,
3720 5054 3779 5136 id
3812 5062 3886 5136 est

2872 5138 3128 5220 —_-A.mbo
3163 5129 3566 5220 erant‘Alcuini
3602 5124 3883 5195 discipuli,

2281 5230 2338 5276 et
2369 5206 2497 5275 tunc
2527 5219 2580 5272 in
2611 5217 2733 5270 aula
2763 5210 3026 5282 principis
3053 5206 3433 5282 versabantur.

2356 5265 2819 5357 {amabilia};
2853 5281 2928 5336 De
2943 5265 3030 5334 leo
3069 5272 3597 5357 ejusquemoperibns!
3611 5265 3888 5357 videsne.

2285 5335 2821 5423 Siémbﬁlﬁiiéiiiiii
2846 5335 3244 5423 operum,_'pag'.
3288 5335 3474 5423 “et
3502 5354 3618 5423 seq.
3649 5345 3706 5392 et
3729 5335 3887 5423 ist.

2618 5407 2825 5480 ﬂante
2865 5407 2993 5479 tom.
3038 5407 3140 5484 IV;
3167 5407 3290 5488 pag.
3326 5413 3436 5488 459
3474 5421 3530 5467 ct
3563 5407 3684 5479 seq.
3724 5407 3891 5488 Illum

2281 5486 2444 5573 pallio
2481 5517 2512 5555 a
2551 5498 2825 5573 Stephano
2862 5509 2999 5573 papa
3039 5491 3105 5573 IV
3144 5486 3896 5573 Ilhemiscomlmoranteno:

2283 5552 2469 5628 alii“
2484 5552 2676 5625 “fuisse
2714 5552 3014 5627 anno‘8-i6,
3045 5570 3099 5616 et
3132 5560 3384 5626 deinceps
3412 5552 3894 5628 archiepiscopum

2280 5626 2722 5700 Kurelianensem
2751 5637 2952 5691 dictum
2983 5647 3122 5695 esse,
3153 5629 3400 5684 Cointius
3428 5626 3532 5700 hoc
3557 5633 3891 5700 annalium.

2370 5689 2745 5783 'éi'b'iiiiéiﬁén
2756 5689 2802 5762 is
2817 5689 2829 5691 ⁷
2842 5689 3120 5783 Ludovici;
3144 5701 3226 5754 Pii
3270 5696 3530 5780 asseruit;
3561 5689 3896 5783 _Pagius

2282 5766 2472 5843 eodem
2501 5766 2643 5838 anno
2671 5794 2817 5834 num.
2852 5777 2917 5831 lO
2942 5790 2956 5828 :
2983 5774 3076 5829 sed
3100 5773 3217 5828 haec
3253 5768 3436 5840 opinio
3472 5766 3690 5892 penitus
3725 5774 3897 5814 ever-

2285 5859 2414 5892 mm
2449 5872 2510 5892 (nr
2550 5850 2773 5892 nniclnln
2815 5848 2881 5892 ad
2920 5843 3354 5892 Tbmdnlnhum.
3403 5837 3470 5892 14
3555 5833 3715 5892 huius
3762 5829 3896 5889 edi-

2285 5829 3354 5924 ἶίῖἐὶῗὲὶἴρἷᾖὸῖἱξιξῐΤιιροάυιριιυίη,
3403 5829 3505 5893 m
3555 5833 3715 5907 hujus
3762 5829 3896 5889 edi-

2283 5929 2466 5994 tionis,
2508 5923 2620 5982 not.
2666 5923 2715 5976 ι).
