4064 6342
225 408 308 466 ίο9

1643 387 2022 448 ΕΡΙδΤΟΙΑΕ.

3357 395 3462 455 410

225 529 368 594 sancti
391 524 628 592 Martini,
678 521 924 579 ﬁdelibus
949 526 1146 577 vestrae
1194 515 1570 590 prosperitatis
1614 514 1783 572 inter—
1805 516 1860 577 Α
1886 521 1988 579 tes,
2005 511 2256 586 episcopo
2268 513 2537 582 veniente,
2552 512 3059 570 locumdefensandi
3079 522 3134 570 et
3157 515 3466 589 disputandi

223 621 522 686 resscribus,
567 619 635 674 de
669 617 900 688 quodam
945 631 1040 672 reo
1067 613 1290 686 fugitivo
1324 612 1486 667 habet
1511 611 1777 679 discepta-

221 723 414 776 tionem.
463 712 567 780 Qui
594 726 720 767 reus
757 722 806 776 ει,
831 717 954 780 post
989 708 1221 778 plurima
1251 719 1531 776 pinnarum
1558 716 1775 773 genera,

219 811 369 868 subito
412 805 482 861 de
510 802 738 860 vinculis
769 802 982 872 elapsus
1030 799 1150 872 [per
1177 796 1556 869 negligentiam
1597 802 1782 851 custo-

219 899 364 972 .lum],
416 897 490 952 ad
533 895 816 952 ecclesiam
866 890 1108 960 confugit
1150 887 1208 945 S.
1258 886 1474 943 Martini
1522 885 1779 958 praecipui

217 991 520 1052 confessoris
564 987 790 1054 Christi,
822 985 1083 1042 conﬁtens
1107 990 1326 1054 peccata
1369 996 1485 1045 sua,
1534 977 1778 1034 reconci-

216 1089 470 1145 liationem
509 1083 664 1157 [Cod.
703 1079 845 1146 Sal.,
880 1077 1116 1150 veniam]
1165 1077 1476 1146 deposcens,
1513 1073 1782 1130 Caesarem

214 1179 488 1253 appellans,
538 1176 680 1230 viam
725 1174 792 1229 ad
837 1171 956 1242 ejus
1002 1169 1398 1227 sanctissimam
1439 1165 1782 1238 praesentiam

208 1275 467 1347 ﬂagitans,
495 1285 656 1341 quem
681 1267 1012 1324 reddidimus
1035 1261 1342 1338 [ministris]
1373 1261 1611 1332 ejusdem
1655 1275 1786 1332 prae-

209 1366 294 1425 fati
320 1365 598 1438 episcopi;
637 1369 856 1436 propter
883 1360 1156 1418 insidiasb
1193 1358 1293 1414 sibi
1318 1366 1535 1430 paratas
1576 1357 1633 1412 in
1673 1356 1782 1423 via,

212 1469 264 1518 ut
286 1461 476 1524 fertur,
516 1458 776 1513 abeuntes
819 1469 942 1510 eum
988 1451 1306 1508 dimiserunt
1347 1457 1473 1504 ante
1514 1447 1659 1504 fores
1697 1463 1788 1504 ec-

209 1556 373 1612 clesiae
396 1559 654 1609 stantem.
685 1549 790 1605 Sed
813 1547 1052 1620 ejusdem
1076 1544 1369 1601 venerandi
1402 1542 1661 1614 episcopi,
1703 1542 1790 1598 his

209 1647 493 1704 transactis
515 1687 531 1712 ,
562 1643 831 1700 hostiliter
857 1639 1010 1714 [Cod.
1041 1636 1182 1704 Sal.,
1208 1636 1478 1708 pontiﬁcis
1503 1644 1626 1706 post
1652 1643 1790 1690 tem-
1823 1685 1825 1687 .

209 1757 299 1814 pus
321 1737 686 1810 hostiliter...]
712 1742 976 1792 venerunt
1011 1731 1256 1789 homines
1300 1728 1701 1801 quamplurimi,
1729 1734 1792 1782 ut

209 1842 536 1907 compertum
563 1839 646 1887 est
671 1828 906 1903 [Mabil.,
934 1834 996 1882 ut
1019 1823 1326 1892 conjectura
1355 1821 1479 1895 est].
1529 1819 1635 1876 Sed
1662 1826 1786 1876 octo

206 1926 461 1997 primates
500 1923 746 1982 homines

203 2027 310 2074 stro
346 2017 437 2074 die
463 2015 745 2074 Dominico
773 2013 830 2070 in
864 2011 1168 2069 ecclesiam.
1193 2006 1310 2064 Non
1338 2006 1413 2062 illi
1439 2012 1583 2072 octo,
1612 2004 1705 2076 qui
1733 2004 1788 2058 in

197 2113 460 2184 propheta
501 2111 750 2182 leguntur
791 2106 850 2162 in
874 2105 1065 2178 gladiis
1093 2109 1149 2159 et
1176 2099 1378 2158 lanceis
1417 2111 1643 2171 pascere
1681 2104 1790 2151 ter-

192 2219 308 2260 ram
353 2201 626 2259 Nemroth
665 2199 852 2273 (Mich.
896 2213 952 2263 v,
1001 2193 1097 2265 6);
1140 2190 1234 2248 sed
1278 2203 1471 2262 rapere
1516 2202 1689 2251 reum,
1737 2193 1793 2241 et

185 2294 545 2351 sanctitatem
569 2291 599 2333 ἀ
627 2290 820 2345 domus
846 2286 944 2342 Dei
967 2281 1278 2356 profanare,
1302 2286 1360 2335 et
1382 2278 1554 2335 sancti
1581 2274 1792 2332 confes-

177 2390 322 2446 soris
343 2385 572 2445 Christi
599 2381 813 2438 Martini
846 2379 1169 2435 imminuere
1195 2375 1477 2432 honorem.
1520 2369 1794 2424 lrruentes

170 2485 478 2557 siquidem
506 2483 648 2537 intra
685 2477 953 2556 cancellos
991 2474 1200 2542 altaris,
1239 2486 1376 2546 quos
1411 2469 1609 2545 [Mab.,
1639 2467 1792 2557 forte,

174 2555 438 2644 nostros]
495 2567 814 2641 expulerunt
855 2565 1054 2622 fratres
1100 2571 1226 2620 ante
1265 2559 1461 2618 faciem
1490 2558 1698 2614 altaris.
1736 2555 1796 2612 Si

157 5680 184 5755 ι.

154 5759 179 5828 ’r‘

187 2665 342 2724 aliud
394 2663 608 2729 dicunt,
657 2659 879 2717 omnino
926 2657 1120 2713 falsum
1165 2655 1366 2719 ferunt,
1417 2651 1541 2722 quia
1585 2650 1797 2706 illorum

189 2754 378 2814 nullus
402 2759 572 2823 caput
596 2758 726 2807 tunc
768 2749 1029 2821 temporis
1069 2745 1348 2803 inclinavit
1373 2743 1441 2799 ad
1466 2744 1638 2798 altare
1676 2741 1793 2796 Dei.

1879 620 2002 660 cum
2028 620 2131 660 eo:
2170 606 2217 662 si
2246 604 2453 674 justum
2482 606 2568 671 sit,
2621 614 2682 662 ut
2722 607 2776 661 vi
2819 615 3101 678 raperetur
3140 609 3205 664 de
3233 609 3468 666 ecclesia

1879 699 1949 754 ad
1989 697 2205 753 easdem
2257 713 2447 770 plenas
2495 713 2642 766 reus,
2683 699 2749 754 de
2787 699 2982 769 quibus
3020 699 3264 773 aufugit?
3303 709 3358 756 et
3398 719 3468 759 an

1878 805 2094 860 aequum
2120 793 2189 845 sit
2220 789 2240 829 ί
2261 831 2277 858 ,
2317 797 2378 844 ιιι
2398 791 2490 861 qui
2519 789 2787 846 Caesarem
2816 791 3062 862 appellat,
3097 793 3165 848 ad
3193 793 3464 850 Cmsarem

1880 896 1988 936 non
2023 881 2352 936 adducatur?
2378 891 2433 936 et
2452 889 2633 936 utrum
2659 881 2741 939 fas
2766 883 2858 948 sit,
2884 891 2944 938 ut
2966 884 3236 954 paenitens
3262 895 3318 940 et
3341 903 3471 941 con-

1881 969 2042 1027 ﬁtens
2066 973 2270 1028 scelera
2292 987 2390 1028 sua
2418 975 2681 1043 spoliatur
2707 975 2958 1031 omnibus
2979 977 3134 1033 bonis
3156 993 3326 1048 usque
3349 993 3471 1033 cor-

1881 1065 2076 1135 rigiam
2123 1065 2512 1121 calceamenti?
2551 1067 2635 1122 vel
2688 1067 2736 1123 si
2782 1067 2920 1123 bene
2961 1069 3298 1126 custodiatur
3334 1070 3469 1126 illud

1880 1157 2221 1213 Dominicum
2245 1160 2488 1227 verbum,
2516 1174 2623 1230 quo
2643 1161 2720 1214 ait
2743 1178 2755 1214 :
2783 1160 3151 1233 Superexaltat
3177 1164 3473 1218 misericor-

1883 1252 1973 1308 dia
1988 1252 2254 1324 judicium
2290 1251 2430 1324 (Jac.
2463 1268 2537 1318 ιι,
2571 1253 2680 1325 15).
2719 1252 2778 1308 In
2808 1255 2904 1310 tali
2939 1255 3206 1326 siquidem
3247 1253 3394 1311 facto
3432 1272 3465 1312 e

1885 1343 2157 1403 contrario
2197 1343 2565 1414 superexaltat
2598 1341 2862 1415 judicium
2907 1347 3359 1405 misericordiam.
3403 1345 3475 1403 Et

1885 1438 1976 1494 ubi
2006 1444 2090 1494 est
2134 1436 2410 1491 multoties
2436 1435 2653 1490 laudata
2695 1437 3067 1494 misericordia
3106 1440 3174 1495 ab
3211 1440 3327 1510 ipso
3364 1437 3474 1493 Do-

1885 1530 2034 1586 mino
2056 1539 2241 1584 nostro
2271 1527 2396 1584 Jesu
2427 1525 2666 1596 Christo,
2705 1545 2824 1600 qua:
2851 1531 2992 1586 inter
3027 1532 3365 1603 evangelicas
3388 1528 3476 1586 le-

1887 1624 2032 1694 gitur
2058 1621 2420 1678 beatitudines
2449 1639 2462 1676 :
2495 1620 2646 1675 Beati
2683 1623 3065 1691 misericordes,
3097 1627 3347 1698 quoniam
3376 1626 3478 1700 ipsi

1887 1713 2299 1771 misericordiam
2332 1722 2711 1799 consequentur
2732 1712 2946 1786 (Matth.
2975 1731 3027 1781 v,
3058 1715 3144 1787 7);
3183 1717 3313 1771 item
3339 1730 3480 1786 pra:-

1889 1815 2105 1877 ceptum
2134 1805 2511 1860 Dominicum:
2555 1803 2736 1858 Estote
2788 1805 3172 1871 misericordes,
3234 1806 3368 1858 sicut
3431 1812 3480 1859 et

775 1915 1155 1995 [intraverunt]
1189 1927 1210 1956 ε
1240 1931 1364 1972 cum
1412 1914 1663 1985 episcopo
1688 1927 1786 1967 no-

1898 1897 2052 1953 Pater
2075 1906 2239 1952 vester
2263 1896 2557 1950 misericors
2601 1903 2677 1950 est
2720 1895 2871 1966 (Luc.
2902 1912 2953 1951 vi
2974 1937 2988 1963 ,
3016 1895 3150 1968 56)?
3189 1898 3322 1951 Item
3353 1911 3483 1951 cau-

1889 1991 2050 2048 telam
2088 1989 2366 2062 providam
2396 1990 2819 2055 consideremus,
2850 1990 2941 2046 ubi
2972 1991 3087 2044 ait:
3137 1988 3317 2044 Nolite
3356 2005 3480 2044 con-

1889 2082 2156 2149 demnare,
2207 2088 2254 2134 et
2287 2097 2390 2135 non
2413 2080 2889 2135 condemnabimini
2913 2080 3078 2151 (Ibid.
3105 2097 3235 2134 vers.
3269 2078 3395 2150 37);
3429 2082 3487 2134 et

1889 2173 1995 2229 alia
2047 2172 2213 2228 multa
2243 2187 2364 2242 qua:
2387 2170 2442 2225 in
2464 2170 2739 2241 Evangelii
2766 2170 3019 2242 leguntur
3046 2169 3368 2225 auctoritate
3415 2169 3482 2222 de

1889 2265 2262 2322 misericordia
2310 2273 2365 2320 et
2405 2264 2576 2334 ipsius
2613 2264 2826 2319 Domini
2851 2263 3156 2330 verbo,ubi
3195 2263 3272 2316 ait
3303 2276 3317 2314 :
3359 2259 3484 2314 Non

1892 2358 2005 2412 veni
2039 2358 2063 2396 ε
2103 2372 2286 2410 vocare
2325 2357 2523 2426 justas,
2572 2356 2662 2408 sed
2701 2363 2992 2424 peccatores
3019 2353 3236 2423 (Matth.
3284 2369 3341 2406 rx
3372 2351 3490 2423 15)ς

1894 2447 2232 2518 Quapropter
2260 2434 2616 2518 peccatricem
2644 2446 2942 2511 mulierem,
2969 2462 3090 2516 qua:
3118 2451 3336 2500 sanctos
3359 2443 3486 2499 teti-

1895 2539 1972 2611 git
1998 2539 2180 2608 pedes,
2209 2553 2316 2593 non
2345 2537 2646 2602 abhorruit,
2676 2535 2820 2608 [quae
2860 2534 2991 2608 non]
3022 2549 3089 2590 ex
3124 2543 3272 2592 tactu
3292 2549 3489 2605 oppro-

1893 2631 2072 2686 brium
2118 2628 2348 2684 contulit
2393 2627 2629 2694 Christo,
2681 2628 2776 2683 sed
2828 2627 3061 2698 insignia
3109 2625 3324 2681 virtutis
3376 2624 3492 2693 ejus

1895 2721 2096 2777 elicuit.
2125 2719 2310 2791 Neque
2330 2720 2475 2775 enim
2503 2717 2840 2774 immunditia
2853 2716 2969 2787 ejus
2989 2717 3178 2788 polluit
3200 2716 3486 2782 mundum,

197 2845 398 2904 Sonuit
423 2807 694 2915 siquidem
731 2848 857 2898 ante
882 2807 1168 2897 .civitatem
1208 2837 1422 2894 venisse
1450 2837 1662 2892 hostem
1688 2835 1819 2900 Au-_
1896 2816 1993 2872 sed
2025 2814 2236 2886 puritas
2275 2812 2461 2868 mundi
2489 2810 2797 2883 puriﬁcavit
2828 2810 3181 2865 immundam.
3224 2807 3494 2864 Recorde-

197 2941 570 2998 relianensem
598 2936 666 2993 ad
695 2933 1025 3009 profananda
1053 2932 1227 2989 sancti
1256 2930 1472 2986 Martini
1518 2927 1793 2999 suffragia,

202 3035 325 3108 quia
346 3032 602 3090 sciebant
619 3034 1024 3086 commanentes
1042 3027 1097 3082 in
1122 3025 1320 3081 villulis
1339 3022 1586 3080 homines
1604 3021 1800 3076 exinde

203 3126 511 3184 venientes.
556 3121 864 3178 Concursus
892 3118 1076 3174 fuitin
1113 3117 1331 3173 civitate
1371 3113 1550 3170 subito
1593 3111 1804 3170 mendi-

1895 2931 2019 2974 mur
2041 2931 2140 2971 nos
2170 2914 2313 2969 illius
2356 2927 2477 2968 esse
2517 2927 2723 2976 servos,
2770 2909 2862 2980 qui
2901 2910 3095 2965 ductus
3143 2910 3210 2966 ad
3249 2921 3486 2972 crucem,

1895 3032 1996 3089 pro
2023 3013 2467 3083 cruciﬁgentibus
2493 3013 2668 3066 oravit
2699 3008 2849 3083 (Luc.
2885 3025 3021 3064 χχιιι
3045 3049 3060 3076 ,
3105 3008 3219 3080 54).
3259 3007 3328 3063 Et
3359 3021 3494 3077 quo-

1897 3117 2057 3173 modo
2085 3111 2411 3170 venerabilis
2448 3111 2612 3166 Pater
2642 3107 2794 3174 dicit,
2827 3122 2979 3161 reum
3018 3113 3360 3176 peccatorcm
3389 3102 3492 3176 [in]

206 3229 392 3272 00mm
416 3228 488 3268 8!
533 3210 684 3267 omni
719 3205 908 3281 Pal‘le;
930 3223 1086 3264 suum
1129 3205 1306 3278 parati
1349 3203 1683 3292 defensorem
1709 3202 1794 3258 de-
1831 3241 1875 3304 C
1903 3208 2132 3266 ecclesia
2163 3221 2274 3262 non
2301 3205 2498 3261 debere
2529 3200 2735 3270 recipi?
2784 3198 2842 3254 Si
2867 3199 3154 3254 ecclesiam
3179 3203 3494 3268 peccatores

204 3306 448 3363 tendere.
504 3303 693 3360 Timor
735 3311 791 3358 et
840 3300 1102 3356 tumultus
1149 3298 1350 3369 ubique
1367 3285 1681 3360 I'increhuit,
1736 3294 1803 3349 de

210 3412 435 3469 quorum
480 3395 734 3452 manibus
778 3392 976 3449 fratres
1019 3391 1196 3448 nostri
1237 3391 1550 3459 eripuerunt
1594 3385 1806 3459 praefati

212 3490 444 3562 episcopi
496 3489 768 3552 homines,
813 3502 882 3541 ne
926 3485 1055 3557 quid
1081 3483 1210 3539 mali
1256 3488 1590 3554 paterentur,
1637 3493 1808 3549 popu-

212 3581 424 3654 lumque
471 3581 626 3638 foras
659 3579 944 3636 ecclesiam
991 3578 1332 3648 expulerunt.
1381 3571 1486 3628 Sed
1524 3571 1636 3628 scio
1681 3578 1828 3625 ante'

212 3677 554 3732 nominatum
587 3672 899 3746 pontiﬁcem
948 3669 1144 3725 multas
1181 3665 1438 3723 dicendas
1482 3679 1603 3721 esse
1649 3677 1804 3718 accu-

212 3768 444 3824 sationes
491 3773 690 3824 contra
734 3763 930 3819 fratres
973 3769 1208 3826 nostros,
1248 3767 1304 3814 et
1329 3772 1450 3828 quae
1492 3761 1642 3827 gesta
1683 3761 1809 3809 sunt

211 3873 566 3930 exaggerare,
604 3864 659 3912 et
690 3855 921 3926 plurima
956 3853 1152 3909 addere
1175 3867 1297 3923 quae
1317 3858 1467 3922 gesta
1495 3866 1601 3904 non
1629 3855 1806 3914 erant,

211 3949 344 4006 sicut
368 3952 425 4006 in
451 3949 584 4020 ejus
611 3946 766 4022 [Cod.
792 3945 934 4013 Vat.,
967 3945 1070 4018 eis]
1094 3947 1374 4016 legebatur
1398 3942 1596 3998 litteris
1619 3953 1662 3995 θ.

279 4045 432 4116 17],
452 4043 823 4114 Quapropter,
844 4038 938 4094 ﬁlii
963 4039 1290 4103 charissimi,
1307 4034 1666 4108 praecipiendo
1678 4048 1811 4103 prae-

213 4132 348 4202 cipio
359 4134 545 4199 vobis,
559 4138 626 4186 ut
644 4131 902 4201 prostrati
916 4129 1144 4184 veniatis
1163 4136 1287 4182 ante
1304 4128 1468 4198 pedes
1481 4126 1682 4182 domini
1703 4125 1809 4180 mei

212 4221 370 4280 David
385 4222 751 4296 imperatoris
775 4221 1071 4292 aequissimi
1086 4228 1141 4275 et
1163 4217 1512 4284 serenissimi,
1537 4216 1811 4289 postulan-

271 4437 296 4466 ι
324 4425 461 4484 Cod.
491 4422 637 4479 Sal:
676 4439 695 4472 ι
731 4420 1110 4490 Theodulphus
1149 4418 1584 4489 archiepiscopus
1612 4432 1678 4490 ex
1701 4415 1812 4470 fra-

210 4495 376 4551 tribus
426 4495 491 4551 S.
549 4491 772 4549 Martini
817 4488 1105 4562 quam—dam
1159 4488 1810 4562 habetfdisc’eptationem

212 4564 452 4639 ﬁdelibus
482 4563 692 4621 vestris
729 4562 803 4639 de
832 4555 1064 4639 quodam
1105 4577 1197 4616 reo
1239 4560 1482 4630 fugitivo,
1514 4555 1723 4639 magis,
1753 4566 1812 4612 ut
1838 4621 1887 4639 _
1912 4575 2227 4639 pauperum,
2257 4574 2322 4639 ex
2363 4555 2509 4613 omni
2539 4555 2974 4639 parte‘civitatis.

1905 3317 2014 3358 non
2051 3300 2278 3362 intrant,
2327 3293 2578 3350 fortassis
2603 3290 2857 3347 sacerdos
2897 3305 3005 3345 non
3052 3289 3357 3342 invenietur
3398 3287 3492 3357 qui

1903 3394 2100 3449 missas
2136 3397 2317 3446 cantet
2341 3389 2396 3442 in
2425 3403 2506 3454 ea,
2533 3400 2709 3456 neque
2745 3384 2837 3456 qui
2880 3383 3122 3440 cantanti
3151 3381 3494 3454 respondeat,

1904 3488 2010 3546 nisi
2047 3486 2301 3557 quislibet
2323 3497 2492 3554 nuper
2517 3481 2842 3552 baptizatus,
2887 3479 3101 3535 dicente
3136 3475 3342 3533 Joanne
3369 3491 3496 3545 apo-

1905 3579 2086 3635 stolo:
2135 3577 2197 3633 Si
2245 3575 2531 3631 dixerimus
2575 3572 2700 3644 quia
2747 3578 3018 3644 peccatum
3071 3584 3177 3622 non
3224 3565 3493 3630 habemus,

1906 3674 2244 3743 nosmetipsos
2295 3669 2612 3733 seducimus,
2657 3676 2704 3721 et
2750 3666 2939 3720 veritas
2990 3663 3049 3718 in
3091 3662 3240 3717 nobis
3288 3677 3390 3718 non
3418 3667 3496 3714 est

1908 3765 1961 3839 (1
1987 3764 2148 3820 Joan.
2176 3782 2214 3832 ι,
2255 3763 2332 3834 8).
2377 3761 2485 3816 Sed
2511 3758 2762 3816 eumdem
2811 3772 2963 3812 reum
3003 3754 3276 3812 diabolum
3323 3753 3498 3809 nomi-

1907 3861 2025 3916 nari
2071 3860 2126 3913 in
2154 3857 2477 3914 venerabilis
2505 3854 2741 3924 episcopi
2783 3850 2979 3907 litteris
3019 3851 3342 3916 invenimus,
3391 3865 3498 3904 non

1907 3952 2199 4007 hominem.
2251 3947 2366 4002 Non
2403 3947 2609 4016 cogitas
2659 3944 2790 4014 quid
2824 3940 3112 4014 Apostolus
3159 3939 3274 3993 ait:
3319 3938 3535 3993 Nolite-

1899 4043 2146 4113 judicare
2181 4047 2300 4094 ante
2327 4047 2526 4107 tempus
2566 4035 2618 4108 (1
2661 4035 2783 4089 Cor.
2815 4049 2890 4100 ιν,
2930 4031 3008 4101 5).
3061 4029 3312 4099 Nunquid
3361 4043 3499 4098 pra:-

1910 4134 2194 4189 scribimus
2219 4129 2472 4200 potentia:
2500 4126 2655 4198 [Cod.
2692 4123 2812 4178 Vat.
2835 4164 2848 4190 ,
2885 4120 3270 4194 perscribimus
3303 4127 3496 4188 poten-

1911 4221 2007 4294 tia]
2034 4221 2154 4288 Dei,
2177 4227 2238 4275 ut
2282 4218 2604 4273 misereatur
2631 4215 2718 4271 cui
2747 4213 2878 4280 vult,
2905 4213 2998 4283 qui
3027 4211 3104 4266 ait
3131 4228 3144 4265 :
3173 4209 3354 4264 *Erunt
3401 4226 3498 4265 no-

1910 4419 2063 4474 lium.
2088 4416 2203 4473 Hoc
2228 4415 2456 4487 populus
2480 4416 2676 4486 partim
2698 4413 2909 4479 videns,
2933 4409 3131 4483 partim
3155 4409 3380 4487 audiens
3398 4405 3502 4487 fuit

1913 4490 2092 4547 subito
2133 4479 2334 4544 clamor
2375 4479 2562 4558 ingens
2604 4495 2658 4540 et
2697 4479 2992 4541 concursus
3017 4481 3237 4608 giopuli,
3269 4479 3503 4535 maxime

1913 4575 2227 4608 nalmernm.
2257 4574 2322 4608 ex
2363 4558 2509 4608 omni
2540 4566 2692 4608 parte
2719 4555 2974 4608 civitatis.
3057 4552 3210 4607 ouuit
3235 4550 3500 4608 siquidem

3057 4550 3210 4607 onuit
3235 4550 3500 4620 siquidem

209 4637 571 4703 arbitramur,
603 4648 670 4688 ex
699 4619 1420 4705 petitionesuorum,quam
1442 4619 1648 4685 sancta;
1665 4619 1811 4684 men-
1838 4621 1889 4682 D
1913 4619 2037 4705 ante
2077 4631 2129 4684 in
2178 4619 2412 4705 civitate
2443 4619 2656 4705 venisse
2686 4628 2912 4705 hostem
2951 4619 3390 4705 Aurelianensem
3433 4619 3499 4673 ad

209 4706 274 4761 tis
295 4709 438 4763 illius
459 4701 878 4778 perturbatione
896 4703 980 4778 vel
1001 4703 1295 4778 iracundia.
1323 4701 1422 4768 Qui
1447 4717 1590 4778 r_eu_s,
1614 4710 1805 4778 rete...

274 4779 300 4819 δ
323 4770 478 4835 Cod:
490 4777 590 4833 Sal
611 4794 623 4830 :
650 4795 666 4827 ι
699 4774 797 4842 Qui
822 4775 1060 4830 redditus
1081 4774 1318 4843 ejusdem
1344 4771 1551 4842 praefati
1573 4770 1808 4843 episcopi

209 4849 404 4915 missis,
454 4859 522 4904 ut
551 4862 724 4903 sanus
768 4842 1122 4901 deduceretur
1147 4845 1213 4898 ad
1244 4843 1585 4915 praesentiam
1625 4842 1806 4915 domui

209 4912 615 4992 archiepiscopi
660 4918 758 4972 sub
803 4917 906 4971 ﬁde
932 4915 1147 4992 illorum
1183 4915 1250 4969 ad
1292 4914 1607 4992 canonicam
1639 4912 1813 4981 paeni-

211 4983 453 5046 tentiam.
487 4983 618 5058 Quo
641 4997 860 5057 accepto
883 5002 989 5041 non
1019 4986 1136 5041 ausi
1162 4993 1286 5040 sunt
1314 4997 1436 5038 eum
1466 4983 1662 5038 ducere
1687 4998 1812 5052 pro-

211 5067 324 5129 pter
349 5062 613 5122 insidias,
647 5077 664 5110 ι
698 5067 799 5113 etc.

276 5142 298 5170 ε
343 5132 484 5185 Cum
534 5131 789 5200 episcopo
823 5137 1018 5182 nostro.
1080 5125 1380 5200 Turonensi
1423 5123 1812 5200 videlicetihut

211 5199 376 5324 2::th
396 5193 755 5257 Mahilloniiis
779 5198 872 5254 lib.
899 5214 1046 5254 xxvu
1077 5195 1270 5252 Annal.
1306 5195 1502 5251 Bened.
1535 5210 1658 5266 pag.
1684 5193 1806 5258 561,

211 5285 263 5324 n.
307 5285 396 5324 Ili.

274 5341 302 5381 ἀ
327 5342 468 5399 Cod.
502 5340 642 5398 Sal:
679 5359 697 5392 ι
731 5337 1061 5408 Principales
1088 5335 1336 5408 homines
1360 5337 1699 5408 intraverunt
1725 5349 1813 5390 ec-

212 5411 431 5468 clesiam
459 5415 554 5470 die
586 5412 864 5466 Dominica
895 5406 1016 5465 cum
1061 5407 1400 5463 sanctissimo
1445 5406 1693 5475 episcopo
1718 5421 1814 5460 no-

212 5490 339 5546 stro,
370 5492 438 5540 ut
476 5485 662 5538 visum
697 5490 797 5545 est,
844 5495 1033 5548 rapere
1074 5494 1224 5533 reum
1266 5477 1535 5543 jacentem
1579 5484 1704 5531 ante
1731 5491 1812 5530 se-

213 5555 459 5623 pulcrum
489 5555 554 5610 S.
588 5552 913 5608 confessoris
937 5549 1161 5623 Christi,
1181 5548 1631 5623 etusan‘ctitatem,
1661 5565 1679 5599 ι
1706 5557 1809 5601 etc.

285 5637 309 5665 ε
335 5626 457 5680 Huc
485 5638 669 5694 usque
701 5623 1088 5694 Fragmentum
1113 5618 1426 5694 Mabillonii.

287 5695 306 5736 τ
339 5695 482 5752 Cod.
523 5688 644 5750 Sail.
683 5688 920 5748 Altaris:
955 5710 974 5742 ‹
1019 5693 1267 5745 timentes
1294 5706 1361 5744 ne
1401 5689 1541 5742 inter
1565 5688 1732 5743 altare
1763 5697 1818 5742 et

213 5768 530 5836 sepulcrum
577 5763 902 5836 sanctissimi
943 5760 1268 5836 confessoris
1311 5758 1513 5836 Christi
1540 5760 1816 5836 sanguinis

214 5829 405 5892 effusio
430 5837 609 5892 foret.
636 5835 840 5905 Raptus
883 5840 964 5888 est
989 5832 1207 5905 quidam
1236 5833 1398 5905 homo
1423 5829 1585 5905 illius
1604 5829 1817 5905 fngitivi

215 5910 392 5965 medio
418 5906 645 5980 populi,
667 5901 731 5961 ut
745 5901 1030 5962 duceretur
1056 5901 1222 5970 foras,
1255 5902 1349 5974 qui
1391 5902 1644 5957 clamavit
1669 5901 1818 5956 auxi—

1909 4701 2242 4772 profananda
2273 4699 2331 4754 S.
2363 4697 2581 4772 Martini
2615 4696 2892 4772 suifragia,
2926 4694 3062 4772 (quia
3106 4693 3350 4772 sciebant
3389 4706 3504 4772 ma-

1865 4808 1871 4813 -
1909 4759 2039 4847 itere
2064 4770 2326 4847 plurimos
2352 4769 2418 4823 de
2455 4767 2690 4847 civitate
2713 4759 2970 4847 praedicta
3009 4762 3257 4847 homines
3282 4776 3378 4829 per
3404 4759 3503 4814 vil-

1909 4831 2080 4896 lulas:
2090 4840 2277 4893 Timor
2295 4847 2349 4893 et
2365 4835 2626 4894 tumultus
2641 4831 2839 4904 ubique
2860 4832 3158 4904 increbuit_;
3188 4831 3254 4904 de
3272 4845 3500 4904 quorum

1912 4912 2160 4965 manibus
2208 4908 2404 4964 fratres
2443 4907 2612 4961 nostri
2657 4900 2971 4974 eripuerunt
3009 4900 3220 4974 praefati
3265 4900 3500 4974 episcopi

1912 4982 2177 5047 homines,
2208 4996 2276 5033 ne
2304 4980 2432 5048 quid
2454 4978 2580 5032 mali
2613 4967 2945 5048 paterentur,
2975 4967 3338 5048 populumque
3358 4967 3502 5021 foras

1911 5041 2196 5106 ecclesiam
2229 5041 2567 5118 expulerunt.
2601 5041 2714 5118 Sed,
2738 5045 2821 5100 sui
2864 5041 3096 5114 plurima
3129 5041 3335 5118 dicunt,
3382 5053 3500 5106 quae

1913 5122 1987 5176 ibi
2013 5132 2162 5192 gesta
2184 5117 2776 5192 non’erant,‘audac_ia,
2799 5125 2992 5183 etquae
3021 5120 3168 5192 gesta
3196 5117 3321 5189 sunt
3342 5123 3502 5192 exag-

1913 5177 2102 5263 gerdre
2124 5191 2304 5263 verbis
2343 5177 2644 5263 superﬁuis.
2671 5177 2860 5263 vestra
2888 5177 3146 5238 sanctitas
3174 5177 3499 5263 consideret,

1912 5247 1958 5316 ξί
1979 5261 2180 5330 justum
2200 5262 2269 5316 sit
2293 5269 2352 5315 ut
2376 5247 2428 5314 vi
2455 5259 2693 5328 rapiatur
2712 5255 2967 5326 fugitivus
2987 5268 3111 5307 reus
3131 5251 3198 5306 ad
3217 5247 3500 5304 ecclesiam

1913 5331 2134 5396 Christi,
2163 5341 2218 5387 et
2243 5349 2310 5385 an
2333 5346 2545 5400 aequum
2574 5330 2665 5393 sit,
2696 5349 2714 5380 ι
2749 5335 2852 5400 etc.

1990 5385 2187 5457 37Co'd;
2204 5385 2345 5457 VSal.
2371 5385 2436 5456 ε’(
2473 5385 2855 5455 Calceamenti.
2888 5395 3105 5451 Certum
3141 5398 3225 5446 est
3250 5385 3502 5457 eumdem

1915 5456 2074 5529 reum
2105 5456 2284 5528 multa
2333 5479 2673 5542 perpetrasse
2718 5474 2939 5542 peccata
2980 5473 3035 5519 et
3079 5461 3280 5542 scelera
3336 5456 3501 5537 impia

1915 5544 2102 5609 valde;
2138 5552 2306 5599 testes
2334 5532 2496 5598 hab-et
2520 5532 2874 5610 presbyteros
2884 5536 3130 5610 viventes
3160 5532 3356 5610 adhuc,
3384 5532 3502 5596 qui-

1915 5616 2018 5670 bus
2043 5602 2194 5670 suam
2223 5615 2368 5669 dedit
2394 5602 2808 5671 confessionem,
2838 5605 3203 5678 Christianum
3228 5602 3293 5656 de
3315 5612 3501 5678 mona-

1918 5686 2082 5741 sterio
2129 5685 2186 5740 S.
2222 5683 2518 5746 Benedicti,
2571 5691 2626 5737 et
2671 5679 3022 5733 Adalbertum
3069 5675 3133 5728 de
3167 5675 3501 5749 monasterio

1919 5737 2251 5821 S.ﬁihlvartvini,
2276 5737 2581 5823 iant-equam
2619 5749 3132 5823 deprehenderetur,
3159 5737 3500 5823 veLv'inculis

1920 5811 2398 5896 constringcrctur,
2440 5811 2551 5896 'vcl
2595 5811 2768 5896 prunis
2820 5825 3180 5896 torqueretur.
3227 5811 3366 5896 Quid
3416 5814 3503 5865 est

1921 5899 2064 5968 quod
2092 5887 2202 5968 ipse
2241 5896 2498 5973 Dominus
2525 5887 2678 5948 Jeéus
2715 5891 2830 5950 ait:
2866 5887 2989 5944 Non
3028 5887 3160 5953 veni,
3197 5905 3215 5938 ι
3245 5891 3352 5940 etc.
