  <div class='ocr_page' id='page_1' title='image "/cluster/home/n/w/nwhite01/storage/ocr_20150623/100/hvd.32044024239972/211.png"; bbox 0 0 4062 6442; ppageno 0'>
   <div class='ocr_carea' id='block_1_1' title="bbox 555 349 2188 478">
    <p class='ocr_par' dir='ltr' id='par_1_1' title="bbox 555 368 2188 478">
     <span class='ocr_line' id='line_1_1' title="bbox 555 368 2188 478; baseline -0.023 -1"><span class='ocrx_word' id='word_1_1' title='bbox 555 417 655 478; x_wconf 85' lang='grc' dir='ltr'><strong>ιιι</strong></span> <span class='ocrx_word' id='word_1_2' title='bbox 918 368 927 373; x_wconf 55' lang='grc'>’</span> <span class='ocrx_word' id='word_1_3' title='bbox 1120 473 1125 477; x_wconf 50' lang='grc'><strong><em>,</em></strong></span> <span class='ocrx_word' id='word_1_4' title='bbox 1424 398 1485 455; x_wconf 84' lang='lat' dir='ltr'><strong>n.</strong></span> <span class='ocrx_word' id='word_1_5' title='bbox 1519 383 1593 454; x_wconf 66' lang='grc' dir='ltr'><strong>ιε’.</strong></span> <span class='ocrx_word' id='word_1_6' title='bbox 1622 385 1852 450; x_wconf 83' lang='lat' dir='ltr'><strong>ALBINI</strong></span> <span class='ocrx_word' id='word_1_7' title='bbox 1890 378 2026 444; x_wconf 68' lang='lat' dir='ltr'><strong>seu</strong></span> <span class='ocrx_word' id='word_1_8' title='bbox 2050 376 2188 478; x_wconf 56' lang='grc' dir='ltr'><strong>με</strong></span> 
     </span>
    </p>
   </div>
   <div class='ocr_carea' id='block_1_2' title="bbox 2285 349 3832 478">
    <p class='ocr_par' dir='ltr' id='par_1_2' title="bbox 2285 349 3832 478">
     <span class='ocr_line' id='line_1_2' title="bbox 2285 349 3832 433; baseline -0.017 1"><span class='ocrx_word' id='word_1_9' title='bbox 2285 371 2342 433; x_wconf 62' lang='grc' dir='ltr'>Ἣ</span> <span class='ocrx_word' id='word_1_10' title='bbox 2374 366 2659 433; x_wconf 78' lang='lat' dir='ltr'><strong>OPERUM</strong></span> <span class='ocrx_word' id='word_1_11' title='bbox 2695 363 2877 421; x_wconf 81' lang='lat' dir='ltr'><strong>PARS</strong></span> <span class='ocrx_word' id='word_1_12' title='bbox 2910 349 2977 416; x_wconf 78' lang='grc'><strong>1.’</strong></span> <span class='ocrx_word' id='word_1_13' title='bbox 3721 351 3832 410; x_wconf 69' lang='grc'><strong>412</strong></span> 
     </span>
     <span class='ocr_line' id='line_1_3' title="bbox 2365 437 3832 478; baseline -0.016 12"><span class='ocrx_word' id='word_1_14' title='bbox 2365 467 2380 478; x_wconf 89' lang='lat'><strong>-</strong></span> <span class='ocrx_word' id='word_1_15' title='bbox 2470 465 2485 478; x_wconf 82' lang='lat'><strong>-</strong></span> <span class='ocrx_word' id='word_1_16' title='bbox 2522 464 2534 478; x_wconf 85' lang='lat'><strong>-</strong></span> <span class='ocrx_word' id='word_1_17' title='bbox 2761 463 2807 478; x_wconf 78' lang='lat'><strong>-.</strong></span> <span class='ocrx_word' id='word_1_18' title='bbox 2841 450 2981 478; x_wconf 55' lang='grc' dir='ltr'>-..ηε</span> <span class='ocrx_word' id='word_1_19' title='bbox 3018 456 3300 478; x_wconf 44' lang='lat' dir='ltr'><strong>&quot;MM...&quot;</strong></span> <span class='ocrx_word' id='word_1_20' title='bbox 3349 452 3547 478; x_wconf 56' lang='lat' dir='ltr'><strong>mm.“</strong></span> <span class='ocrx_word' id='word_1_21' title='bbox 3587 437 3695 478; x_wconf 49' lang='grc' dir='ltr'><strong>ὦ..</strong></span> <span class='ocrx_word' id='word_1_22' title='bbox 3744 440 3832 478; x_wconf 40' lang='grc' dir='ltr'><strong>αφ</strong></span> 
     </span>
    </p>
   </div>
   <div class='ocr_carea' id='block_1_3' title="bbox 556 437 3839 582">
    <p class='ocr_par' dir='ltr' id='par_1_3' title="bbox 556 437 3839 582">
     <span class='ocr_line' id='line_1_4' title="bbox 556 437 2178 478; baseline -0.024 -1"><span class='ocrx_word' id='word_1_23' title='bbox 556 437 655 478; x_wconf 66' lang='grc' dir='ltr'>ιιι</span> <span class='ocrx_word' id='word_1_24' title='bbox 1426 437 1485 455; x_wconf 80' lang='grc' dir='ltr'>υ.</span> <span class='ocrx_word' id='word_1_25' title='bbox 1525 437 1582 454; x_wconf 91' lang='grc'><strong>..</strong></span> <span class='ocrx_word' id='word_1_26' title='bbox 1622 437 1852 450; x_wconf 75' lang='lat'><strong>.-....--.-</strong></span> <span class='ocrx_word' id='word_1_27' title='bbox 1893 437 2020 444; x_wconf 56' lang='grc' dir='ltr'><strong>η-</strong></span> <span class='ocrx_word' id='word_1_28' title='bbox 2062 437 2098 439; x_wconf 30' lang='grc' dir='ltr'><strong>,κ</strong></span> <span class='ocrx_word' id='word_1_29' title='bbox 2172 437 2178 439; x_wconf 35' lang='grc'><strong>.</strong></span> 
     </span>
     <span class='ocr_line' id='line_1_5' title="bbox 556 437 3839 582; baseline -0.026 -12"><span class='ocrx_word' id='word_1_30' title='bbox 556 507 755 569; x_wconf 77' lang='lat' dir='ltr'><strong>vissimi</strong></span> <span class='ocrx_word' id='word_1_31' title='bbox 774 503 953 582; x_wconf 68' lang='lat' dir='ltr'><strong>primi,</strong></span> <span class='ocrx_word' id='word_1_32' title='bbox 982 473 1206 575; x_wconf 67' lang='lat' dir='ltr'><strong>etut-imi</strong></span> <span class='ocrx_word' id='word_1_33' title='bbox 1228 494 1493 557; x_wconf 72' lang='lat' dir='ltr'><strong>novissimi</strong></span> <span class='ocrx_word' id='word_1_34' title='bbox 1516 488 1730 561; x_wconf 80' lang='lat' dir='ltr'><strong>(Matth.</strong></span> <span class='ocrx_word' id='word_1_35' title='bbox 1756 500 1870 553; x_wconf 76' lang='lat' dir='ltr'><strong>XIX,</strong></span> <span class='ocrx_word' id='word_1_36' title='bbox 1896 478 2008 550; x_wconf 82' lang='lat'><strong>50).</strong></span> <span class='ocrx_word' id='word_1_37' title='bbox 2038 474 2143 531; x_wconf 89' lang='lat' dir='ltr'><strong>Cu-</strong></span> <span class='ocrx_word' id='word_1_38' title='bbox 2170 477 2222 536; x_wconf 76' lang='grc' dir='ltr'>Α</span> <span class='ocrx_word' id='word_1_39' title='bbox 2245 476 2318 533; x_wconf 90' lang='lat' dir='ltr'><strong>te,</strong></span> <span class='ocrx_word' id='word_1_40' title='bbox 2350 467 2415 522; x_wconf 89' lang='lat' dir='ltr'><strong>de</strong></span> <span class='ocrx_word' id='word_1_41' title='bbox 2454 460 2731 519; x_wconf 73' lang='lat' dir='ltr'><strong>debilitate</strong></span> <span class='ocrx_word' id='word_1_42' title='bbox 2756 463 2811 511; x_wconf 91' lang='lat' dir='ltr'><strong>et</strong></span> <span class='ocrx_word' id='word_1_43' title='bbox 2838 450 2986 509; x_wconf 90' lang='lat' dir='ltr'><strong>omni</strong></span> <span class='ocrx_word' id='word_1_44' title='bbox 3018 456 3304 519; x_wconf 77' lang='lat' dir='ltr'><strong>pmnarum</strong></span> <span class='ocrx_word' id='word_1_45' title='bbox 3348 452 3548 517; x_wconf 72' lang='lat' dir='ltr'><strong>genere</strong></span> <span class='ocrx_word' id='word_1_46' title='bbox 3587 437 3699 498; x_wconf 71' lang='lat' dir='ltr'><strong>sint</strong></span> <span class='ocrx_word' id='word_1_47' title='bbox 3744 440 3839 498; x_wconf 65' lang='lat' dir='ltr'><strong>se-</strong></span> 
     </span>
     <span class='ocr_line' id='line_1_6' title="bbox 1648 532 3839 582; baseline -0.014 21"><span class='ocrx_word' id='word_1_48' title='bbox 1648 577 1672 582; x_wconf 91' lang='grc'><strong><em>-</em></strong></span> <span class='ocrx_word' id='word_1_49' title='bbox 1732 577 1746 582; x_wconf 86' lang='grc'><strong>·</strong></span> <span class='ocrx_word' id='word_1_50' title='bbox 1928 572 1943 582; x_wconf 87' lang='grc'><strong>·</strong></span> <span class='ocrx_word' id='word_1_51' title='bbox 1991 578 1998 582; x_wconf 85' lang='lat'><strong><em>-</em></strong></span> <span class='ocrx_word' id='word_1_52' title='bbox 2122 581 2130 582; x_wconf 42' lang='grc' dir='ltr'><em>κ</em></span> <span class='ocrx_word' id='word_1_53' title='bbox 2250 559 2356 582; x_wconf 69' lang='grc' dir='ltr'><strong>--η-ε</strong></span> <span class='ocrx_word' id='word_1_54' title='bbox 2417 576 2433 582; x_wconf 84' lang='grc'><strong>-</strong></span> <span class='ocrx_word' id='word_1_55' title='bbox 2463 554 2541 582; x_wconf 82' lang='lat' dir='ltr'><strong>nt</strong></span> <span class='ocrx_word' id='word_1_56' title='bbox 2601 543 3004 582; x_wconf 68' lang='grc' dir='ltr'><strong>Διηαιίσιιωηαία</strong></span> <span class='ocrx_word' id='word_1_57' title='bbox 3032 536 3277 582; x_wconf 65' lang='lat' dir='ltr'><strong>nnnliftax</strong></span> <span class='ocrx_word' id='word_1_58' title='bbox 3334 542 3524 582; x_wconf 68' lang='lat' dir='ltr'><strong>01mm</strong></span> <span class='ocrx_word' id='word_1_59' title='bbox 3573 532 3839 582; x_wconf 62' lang='lat' dir='ltr'><strong>Aur-erm.</strong></span> 
     </span>
    </p>
   </div>
   <div class='ocr_carea' id='block_1_4' title="bbox 554 532 3841 675">
    <p class='ocr_par' dir='ltr' id='par_1_4' title="bbox 554 532 3841 675">
     <span class='ocr_line' id='line_1_7' title="bbox 556 532 2222 569; baseline -0.026 0"><span class='ocrx_word' id='word_1_60' title='bbox 556 532 755 569; x_wconf 72' lang='grc' dir='ltr'>υιδδιηιι</span> <span class='ocrx_word' id='word_1_61' title='bbox 810 532 909 567; x_wconf 63' lang='grc' dir='ltr'><strong>ηιμ</strong></span> <span class='ocrx_word' id='word_1_62' title='bbox 982 532 1031 560; x_wconf 74' lang='grc' dir='ltr'><strong>σι</strong></span> <span class='ocrx_word' id='word_1_63' title='bbox 1078 532 1206 561; x_wconf 67' lang='grc' dir='ltr'><strong>,ῑιυη</strong></span> <span class='ocrx_word' id='word_1_64' title='bbox 1228 532 1493 557; x_wconf 72' lang='grc' dir='ltr'><strong>ηυυιοσιυ..</strong></span> <span class='ocrx_word' id='word_1_65' title='bbox 1542 532 1730 549; x_wconf 65' lang='grc' dir='ltr'>...μην-η</span> <span class='ocrx_word' id='word_1_66' title='bbox 1758 532 1870 553; x_wconf 70' lang='lat'><strong>..--_,</strong></span> <span class='ocrx_word' id='word_1_67' title='bbox 1899 532 1983 550; x_wconf 25' lang='lat' dir='ltr'><strong>-V,</strong></span> <span class='ocrx_word' id='word_1_68' title='bbox 2171 532 2222 536; x_wconf 71' lang='lat'>__</span> 
     </span>
     <span class='ocr_line' id='line_1_8' title="bbox 554 532 3841 675; baseline -0.026 -10"><span class='ocrx_word' id='word_1_69' title='bbox 554 604 644 674; x_wconf 81' lang='lat' dir='ltr'><strong>ius</strong></span> <span class='ocrx_word' id='word_1_70' title='bbox 694 532 973 675; x_wconf 39' lang='lat' dir='ltr'><strong>sapienti;</strong></span> <span class='ocrx_word' id='word_1_71' title='bbox 1016 532 1533 663; x_wconf 51' lang='grc' dir='ltr'><strong>ἰιῗιθιίιιιδιιιῑὶοιιθιιικ</strong></span> <span class='ocrx_word' id='word_1_72' title='bbox 1547 582 1602 636; x_wconf 90' lang='lat' dir='ltr'><strong>in</strong></span> <span class='ocrx_word' id='word_1_73' title='bbox 1644 577 1783 633; x_wconf 82' lang='lat' dir='ltr'><strong>Juda</strong></span> <span class='ocrx_word' id='word_1_74' title='bbox 1830 584 1886 630; x_wconf 90' lang='lat' dir='ltr'><strong>et</strong></span> <span class='ocrx_word' id='word_1_75' title='bbox 1928 572 2141 626; x_wconf 89' lang='lat' dir='ltr'><strong>latrone</strong></span> <span class='ocrx_word' id='word_1_76' title='bbox 2243 559 2380 617; x_wconf 87' lang='lat' dir='ltr'><strong>euri.</strong></span> <span class='ocrx_word' id='word_1_77' title='bbox 2417 576 2436 609; x_wconf 73' lang='grc' dir='ltr'><strong>ι</strong></span> <span class='ocrx_word' id='word_1_78' title='bbox 2463 554 2544 611; x_wconf 84' lang='lat'><strong>0!</strong></span> <span class='ocrx_word' id='word_1_79' title='bbox 2592 543 3004 605; x_wconf 82' lang='lat' dir='ltr'><strong>Aurelianensis</strong></span> <span class='ocrx_word' id='word_1_80' title='bbox 3032 536 3280 613; x_wconf 77' lang='lat' dir='ltr'><strong>pontifex</strong></span> <span class='ocrx_word' id='word_1_81' title='bbox 3334 542 3526 593; x_wconf 72' lang='lat' dir='ltr'><strong>contra</strong></span> <span class='ocrx_word' id='word_1_82' title='bbox 3573 532 3841 589; x_wconf 58' lang='lat' dir='ltr'><strong>Aurelia.</strong></span> 
     </span>
     <span class='ocr_line' id='line_1_9' title="bbox 1563 628 3841 675; baseline -0.026 41"><span class='ocrx_word' id='word_1_83' title='bbox 1563 670 1577 675; x_wconf 81' lang='lat'><em>‘</em></span> <span class='ocrx_word' id='word_1_84' title='bbox 1981 661 1993 675; x_wconf 81' lang='lat'><strong>‘</strong></span> <span class='ocrx_word' id='word_1_85' title='bbox 2065 658 2108 675; x_wconf 54' lang='grc' dir='ltr'><strong>’λ</strong></span> <span class='ocrx_word' id='word_1_86' title='bbox 2243 658 2461 675; x_wconf 45' lang='grc' dir='ltr'><strong>-λέ-η-</strong></span> <span class='ocrx_word' id='word_1_87' title='bbox 2494 648 2754 675; x_wconf 60' lang='lat' dir='ltr'><strong>mna-m-</strong></span> <span class='ocrx_word' id='word_1_88' title='bbox 2803 643 2982 675; x_wconf 66' lang='lat' dir='ltr'><strong>omm-</strong></span> <span class='ocrx_word' id='word_1_89' title='bbox 3011 637 3169 675; x_wconf 60' lang='lat' dir='ltr'><strong>ana...</strong></span> <span class='ocrx_word' id='word_1_90' title='bbox 3238 634 3294 675; x_wconf 77' lang='grc' dir='ltr'>ί..</span> <span class='ocrx_word' id='word_1_91' title='bbox 3326 648 3430 675; x_wconf 65' lang='lat' dir='ltr'><strong>mm</strong></span> <span class='ocrx_word' id='word_1_92' title='bbox 3478 629 3702 675; x_wconf 60' lang='grc' dir='ltr'>τηρηηη</span> <span class='ocrx_word' id='word_1_93' title='bbox 3726 628 3841 675; x_wconf 43' lang='lat' dir='ltr'><strong>an;</strong></span> 
     </span>
    </p>
   </div>
   <div class='ocr_carea' id='block_1_5' title="bbox 563 628 3847 768">
    <p class='ocr_par' dir='ltr' id='par_1_5' title="bbox 563 628 3847 768">
     <span class='ocr_line' id='line_1_10' title="bbox 563 628 3847 768; baseline -0.023 -15"><span class='ocrx_word' id='word_1_94' title='bbox 563 628 1127 768; x_wconf 41' lang='grc' dir='ltr'><strong>[ξυρᾮῗιζέζζωυεὶ</strong></span> <span class='ocrx_word' id='word_1_95' title='bbox 1158 628 1254 737; x_wconf 69' lang='lat' dir='ltr'><strong>ille</strong></span> <span class='ocrx_word' id='word_1_96' title='bbox 1282 678 1348 732; x_wconf 90' lang='lat' dir='ltr'><strong>de</strong></span> <span class='ocrx_word' id='word_1_97' title='bbox 1373 670 1677 745; x_wconf 90' lang='lat' dir='ltr'><strong>apostolatu</strong></span> <span class='ocrx_word' id='word_1_98' title='bbox 1702 663 1955 739; x_wconf 88' lang='lat' dir='ltr'><strong>pependit</strong></span> <span class='ocrx_word' id='word_1_99' title='bbox 1981 661 2033 715; x_wconf 91' lang='lat' dir='ltr'><strong>in</strong></span> <span class='ocrx_word' id='word_1_100' title='bbox 2065 658 2145 712; x_wconf 89' lang='lat' dir='ltr'><strong>la-</strong></span> <span class='ocrx_word' id='word_1_101' title='bbox 2243 658 2466 708; x_wconf 87' lang='lat' dir='ltr'><strong>nensem</strong></span> <span class='ocrx_word' id='word_1_102' title='bbox 2494 648 2756 721; x_wconf 84' lang='lat' dir='ltr'><strong>synodum</strong></span> <span class='ocrx_word' id='word_1_103' title='bbox 2802 643 2982 697; x_wconf 87' lang='lat' dir='ltr'><strong>facere</strong></span> <span class='ocrx_word' id='word_1_104' title='bbox 3011 637 3191 703; x_wconf 90' lang='lat' dir='ltr'><strong>audet,</strong></span> <span class='ocrx_word' id='word_1_105' title='bbox 3238 634 3296 689; x_wconf 82' lang='lat' dir='ltr'><strong>in</strong></span> <span class='ocrx_word' id='word_1_106' title='bbox 3326 648 3433 704; x_wconf 77' lang='lat' dir='ltr'><strong>qua</strong></span> <span class='ocrx_word' id='word_1_107' title='bbox 3478 629 3702 691; x_wconf 80' lang='lat' dir='ltr'><strong>fuerunt</strong></span> <span class='ocrx_word' id='word_1_108' title='bbox 3726 628 3847 701; x_wconf 75' lang='lat' dir='ltr'><strong>epi—</strong></span> 
     </span>
     <span class='ocr_line' id='line_1_11' title="bbox 1508 724 3840 768; baseline -0.01 22"><span class='ocrx_word' id='word_1_109' title='bbox 1508 763 1539 768; x_wconf 84' lang='grc'><strong>--</strong></span> <span class='ocrx_word' id='word_1_110' title='bbox 1715 759 1728 768; x_wconf 95' lang='grc'><strong>·</strong></span> <span class='ocrx_word' id='word_1_111' title='bbox 1779 765 1786 768; x_wconf 35' lang='grc' dir='ltr'><strong><em>Α</em></strong></span> <span class='ocrx_word' id='word_1_112' title='bbox 1895 755 1931 768; x_wconf 74' lang='grc' dir='ltr'>οι</span> <span class='ocrx_word' id='word_1_113' title='bbox 1995 750 2045 768; x_wconf 75' lang='grc' dir='ltr'><strong>ιι</strong></span> <span class='ocrx_word' id='word_1_114' title='bbox 2109 766 2119 768; x_wconf 47' lang='grc' dir='ltr'><strong>λ</strong></span> <span class='ocrx_word' id='word_1_115' title='bbox 2249 744 2391 768; x_wconf 68' lang='lat'><strong>---_:</strong></span> <span class='ocrx_word' id='word_1_116' title='bbox 2443 750 2501 768; x_wconf 70' lang='grc' dir='ltr'><strong>--ι</strong></span> <span class='ocrx_word' id='word_1_117' title='bbox 2529 739 2726 768; x_wconf 47' lang='lat' dir='ltr'><strong>unum..-</strong></span> <span class='ocrx_word' id='word_1_118' title='bbox 2770 733 3103 768; x_wconf 58' lang='lat' dir='ltr'><strong>mni-mutum</strong></span> <span class='ocrx_word' id='word_1_119' title='bbox 3132 731 3239 768; x_wconf 70' lang='grc' dir='ltr'>ὼιιι</span> <span class='ocrx_word' id='word_1_120' title='bbox 3292 727 3368 768; x_wconf 73' lang='lat' dir='ltr'><strong>An</strong></span> <span class='ocrx_word' id='word_1_121' title='bbox 3406 740 3619 768; x_wconf 74' lang='lat' dir='ltr'><strong>mnum</strong></span> <span class='ocrx_word' id='word_1_122' title='bbox 3646 732 3704 768; x_wconf 68' lang='lat' dir='ltr'><strong>et</strong></span> <span class='ocrx_word' id='word_1_123' title='bbox 3730 724 3840 768; x_wconf 67' lang='lat' dir='ltr'><strong>hn-</strong></span> 
     </span>
    </p>
   </div>
   <div class='ocr_carea' id='block_1_6' title="bbox 773 724 3840 839">
    <p class='ocr_par' dir='ltr' id='par_1_6' title="bbox 773 724 3840 839">
     <span class='ocr_line' id='line_1_12' title="bbox 773 724 1789 746; baseline -0.028 1"><span class='ocrx_word' id='word_1_124' title='bbox 773 733 778 746; x_wconf 78' lang='grc'><strong>›</strong></span> <span class='ocrx_word' id='word_1_125' title='bbox 815 724 1076 746; x_wconf 78' lang='grc' dir='ltr'><strong>ιιαυυωυυ</strong></span> <span class='ocrx_word' id='word_1_126' title='bbox 1107 724 1121 741; x_wconf 71' lang='grc' dir='ltr'>ν</span> <span class='ocrx_word' id='word_1_127' title='bbox 1161 724 1253 737; x_wconf 69' lang='grc' dir='ltr'><strong>συν</strong></span> <span class='ocrx_word' id='word_1_128' title='bbox 1284 724 1347 732; x_wconf 63' lang='grc' dir='ltr'><strong>--ν</strong></span> <span class='ocrx_word' id='word_1_129' title='bbox 1375 724 1553 745; x_wconf 26' lang='lat' dir='ltr'><strong>wr-_ou</strong></span> <span class='ocrx_word' id='word_1_130' title='bbox 1703 724 1722 739; x_wconf 66' lang='grc'><strong><em>⁵</em></strong></span> <span class='ocrx_word' id='word_1_131' title='bbox 1774 724 1789 736; x_wconf 59' lang='grc' dir='ltr'>ι</span> 
     </span>
     <span class='ocr_line' id='line_1_13' title="bbox 773 724 3840 839; baseline -0.02 0"><span class='ocrx_word' id='word_1_132' title='bbox 773 782 877 839; x_wconf 88' lang='lat' dir='ltr'><strong>iste</strong></span> <span class='ocrx_word' id='word_1_133' title='bbox 918 779 983 834; x_wconf 90' lang='lat' dir='ltr'><strong>de</strong></span> <span class='ocrx_word' id='word_1_134' title='bbox 1026 724 1187 831; x_wconf 61' lang='lat' dir='ltr'><strong>chuce</strong></span> <span class='ocrx_word' id='word_1_135' title='bbox 1248 769 1303 824; x_wconf 90' lang='lat' dir='ltr'><strong>in</strong></span> <span class='ocrx_word' id='word_1_136' title='bbox 1356 763 1666 837; x_wconf 83' lang='lat' dir='ltr'><strong>paradisum</strong></span> <span class='ocrx_word' id='word_1_137' title='bbox 1714 755 1938 814; x_wconf 81' lang='lat' dir='ltr'><strong>intravit</strong></span> <span class='ocrx_word' id='word_1_138' title='bbox 1991 750 2142 825; x_wconf 85' lang='lat' dir='ltr'><strong>(Luc.</strong></span> <span class='ocrx_word' id='word_1_139' title='bbox 2246 744 2414 815; x_wconf 87' lang='lat' dir='ltr'><strong>scopi,</strong></span> <span class='ocrx_word' id='word_1_140' title='bbox 2443 750 2505 798; x_wconf 92' lang='lat' dir='ltr'><strong>ut</strong></span> <span class='ocrx_word' id='word_1_141' title='bbox 2529 739 2747 810; x_wconf 84' lang='lat' dir='ltr'><strong>legitur,</strong></span> <span class='ocrx_word' id='word_1_142' title='bbox 2770 733 3105 805; x_wconf 89' lang='lat' dir='ltr'><strong>septuaginta</strong></span> <span class='ocrx_word' id='word_1_143' title='bbox 3132 731 3260 785; x_wconf 78' lang='lat' dir='ltr'><strong>duo.</strong></span> <span class='ocrx_word' id='word_1_144' title='bbox 3286 727 3370 782; x_wconf 85' lang='lat' dir='ltr'><strong>An</strong></span> <span class='ocrx_word' id='word_1_145' title='bbox 3406 740 3622 796; x_wconf 71' lang='lat' dir='ltr'><strong>aaquum</strong></span> <span class='ocrx_word' id='word_1_146' title='bbox 3646 732 3705 780; x_wconf 89' lang='lat' dir='ltr'><strong>et</strong></span> <span class='ocrx_word' id='word_1_147' title='bbox 3730 724 3840 780; x_wconf 85' lang='lat' dir='ltr'><strong>ho-</strong></span> 
     </span>
     <span class='ocr_line' id='line_1_14' title="bbox 2540 815 3837 839; baseline -0.021 23"><span class='ocrx_word' id='word_1_148' title='bbox 2540 835 2551 839; x_wconf 69' lang='grc'><strong>’</strong></span> <span class='ocrx_word' id='word_1_149' title='bbox 2576 835 2588 839; x_wconf 87' lang='lat'><em>‘</em></span> <span class='ocrx_word' id='word_1_150' title='bbox 2657 834 2669 839; x_wconf 75' lang='lat'><em>‘</em></span> <span class='ocrx_word' id='word_1_151' title='bbox 2871 830 2903 839; x_wconf 87' lang='grc'><strong>·-</strong></span> <span class='ocrx_word' id='word_1_152' title='bbox 2992 827 3005 839; x_wconf 91' lang='grc'>·</span> <span class='ocrx_word' id='word_1_153' title='bbox 3094 827 3133 839; x_wconf 41' lang='grc' dir='ltr'>ιγ</span> <span class='ocrx_word' id='word_1_154' title='bbox 3271 821 3472 839; x_wconf 48' lang='grc' dir='ltr'><strong>ἠεμαΑε-</strong></span> <span class='ocrx_word' id='word_1_155' title='bbox 3520 815 3837 839; x_wconf 49' lang='grc' dir='ltr'><strong>..-Διειξρηη</strong></span> 
     </span>
    </p>
   </div>
   <div class='ocr_carea' id='block_1_7' title="bbox 564 800 703 841">
    <p class='ocr_par' dir='ltr' id='par_1_7' title="bbox 564 800 703 841">
     <span class='ocr_line' id='line_1_15' title="bbox 564 800 703 841; baseline -0.007 0"><span class='ocrx_word' id='word_1_156' title='bbox 564 800 703 841; x_wconf 74' lang='lat' dir='ltr'><strong>aueo</strong></span> 
     </span>
    </p>
   </div>
   <div class='ocr_carea' id='block_1_8' title="bbox 582 815 3843 931">
    <p class='ocr_par' dir='ltr' id='par_1_8' title="bbox 582 815 3843 931">
     <span class='ocr_line' id='line_1_16' title="bbox 585 815 2009 841; baseline -0.027 1"><span class='ocrx_word' id='word_1_157' title='bbox 585 815 703 841; x_wconf 76' lang='grc' dir='ltr'>ὐῦυ</span> <span class='ocrx_word' id='word_1_158' title='bbox 774 815 877 839; x_wconf 68' lang='lat' dir='ltr'><strong>law</strong></span> <span class='ocrx_word' id='word_1_159' title='bbox 918 815 983 834; x_wconf 81' lang='grc' dir='ltr'>υυ</span> <span class='ocrx_word' id='word_1_160' title='bbox 1026 815 1187 831; x_wconf 70' lang='grc' dir='ltr'>νιυινν</span> <span class='ocrx_word' id='word_1_161' title='bbox 1249 815 1303 824; x_wconf 86' lang='grc'><strong>-.-</strong></span> <span class='ocrx_word' id='word_1_162' title='bbox 1357 815 1565 837; x_wconf 38' lang='grc' dir='ltr'><strong>τν--.-νγη</strong></span> <span class='ocrx_word' id='word_1_163' title='bbox 2001 815 2009 825; x_wconf 38' lang='grc' dir='ltr'>ἱ</span> 
     </span>
     <span class='ocr_line' id='line_1_17' title="bbox 582 815 3843 931; baseline -0.02 3"><span class='ocrx_word' id='word_1_164' title='bbox 582 824 731 931; x_wconf 51' lang='lat' dir='ltr'><strong>ixm’.</strong></span> <span class='ocrx_word' id='word_1_165' title='bbox 774 872 886 931; x_wconf 81' lang='grc'>45).</span> <span class='ocrx_word' id='word_1_166' title='bbox 925 869 1044 926; x_wconf 88' lang='lat' dir='ltr'><strong>Duo</strong></span> <span class='ocrx_word' id='word_1_167' title='bbox 1073 871 1218 931; x_wconf 89' lang='lat' dir='ltr'><strong>sunt,</strong></span> <span class='ocrx_word' id='word_1_168' title='bbox 1259 859 1392 917; x_wconf 86' lang='lat' dir='ltr'><strong>dicit</strong></span> <span class='ocrx_word' id='word_1_169' title='bbox 1414 859 1604 913; x_wconf 89' lang='lat' dir='ltr'><strong>beatus</strong></span> <span class='ocrx_word' id='word_1_170' title='bbox 1636 849 1931 921; x_wconf 82' lang='lat' dir='ltr'><strong>Gregorius</strong></span> <span class='ocrx_word' id='word_1_171' title='bbox 1953 845 2018 901; x_wconf 92' lang='lat' dir='ltr'><strong>de</strong></span> <span class='ocrx_word' id='word_1_172' title='bbox 2044 844 2149 899; x_wconf 90' lang='lat' dir='ltr'><strong>hac</strong></span> <span class='ocrx_word' id='word_1_173' title='bbox 2246 848 2461 896; x_wconf 89' lang='lat' dir='ltr'><strong>nestum</strong></span> <span class='ocrx_word' id='word_1_174' title='bbox 2502 834 2673 890; x_wconf 85' lang='lat' dir='ltr'><strong>videri</strong></span> <span class='ocrx_word' id='word_1_175' title='bbox 2715 830 2913 901; x_wconf 88' lang='lat' dir='ltr'><strong>poterit</strong></span> <span class='ocrx_word' id='word_1_176' title='bbox 2959 827 3201 897; x_wconf 81' lang='lat' dir='ltr'><strong>ejusdem</strong></span> <span class='ocrx_word' id='word_1_177' title='bbox 3238 821 3474 877; x_wconf 80' lang='lat' dir='ltr'><strong>civitatis</strong></span> <span class='ocrx_word' id='word_1_178' title='bbox 3520 815 3843 888; x_wconf 79' lang='lat' dir='ltr'><strong>pontificem</strong></span> 
     </span>
     <span class='ocr_line' id='line_1_18' title="bbox 2566 906 3836 931; baseline -0.013 16"><span class='ocrx_word' id='word_1_179' title='bbox 2566 926 2577 931; x_wconf 84' lang='grc'><strong>·</strong></span> <span class='ocrx_word' id='word_1_180' title='bbox 2692 922 2704 931; x_wconf 73' lang='grc'><strong><em>⁸</em></strong></span> <span class='ocrx_word' id='word_1_181' title='bbox 2748 923 2781 931; x_wconf 81' lang='lat'><strong><em>--</em></strong></span> <span class='ocrx_word' id='word_1_182' title='bbox 2830 921 2859 931; x_wconf 55' lang='grc' dir='ltr'><strong>λ·</strong></span> <span class='ocrx_word' id='word_1_183' title='bbox 3033 924 3045 931; x_wconf 83' lang='lat'><strong><em>-</em></strong></span> <span class='ocrx_word' id='word_1_184' title='bbox 3118 916 3295 931; x_wconf 39' lang='lat'><strong>-.,.,__</strong></span> <span class='ocrx_word' id='word_1_185' title='bbox 3340 908 3671 931; x_wconf 67' lang='lat' dir='ltr'><strong>2__p_:__-..-9</strong></span> <span class='ocrx_word' id='word_1_186' title='bbox 3701 906 3836 931; x_wconf 62' lang='lat' dir='ltr'><strong>In-..</strong></span> 
     </span>
    </p>
   </div>
   <div class='ocr_carea' id='block_1_9' title="bbox 606 874 886 933">
    <p class='ocr_par' dir='ltr' id='par_1_9' title="bbox 606 874 886 933">
     <span class='ocr_line' id='line_1_19' title="bbox 606 874 886 933; baseline -0.025 0"><span class='ocrx_word' id='word_1_187' title='bbox 606 893 731 933; x_wconf 80' lang='lat' dir='ltr'><strong>xui.</strong></span> <span class='ocrx_word' id='word_1_188' title='bbox 774 874 886 933; x_wconf 80' lang='grc'>45).</span> 
     </span>
    </p>
   </div>
   <div class='ocr_carea' id='block_1_10' title="bbox 565 872 2144 1026">
    <p class='ocr_par' dir='ltr' id='par_1_10' title="bbox 565 872 2144 1026">
     <span class='ocr_line' id='line_1_20' title="bbox 565 872 2144 947; baseline -0.024 -12"><span class='ocrx_word' id='word_1_189' title='bbox 565 893 731 943; x_wconf 62' lang='grc' dir='ltr'>χχιιι,</span> <span class='ocrx_word' id='word_1_190' title='bbox 774 872 886 947; x_wconf 82' lang='grc'>45).</span> <span class='ocrx_word' id='word_1_191' title='bbox 925 872 1044 926; x_wconf 88' lang='lat' dir='ltr'><strong>Duo</strong></span> <span class='ocrx_word' id='word_1_192' title='bbox 1073 872 1218 931; x_wconf 89' lang='lat' dir='ltr'><strong>sunt,</strong></span> <span class='ocrx_word' id='word_1_193' title='bbox 1259 872 1392 917; x_wconf 81' lang='lat' dir='ltr'><strong>dicit</strong></span> <span class='ocrx_word' id='word_1_194' title='bbox 1418 872 1604 913; x_wconf 85' lang='lat' dir='ltr'><strong>neatus</strong></span> <span class='ocrx_word' id='word_1_195' title='bbox 1636 872 1931 921; x_wconf 73' lang='lat' dir='ltr'><strong>uregurnus</strong></span> <span class='ocrx_word' id='word_1_196' title='bbox 1953 872 2018 901; x_wconf 79' lang='lat' dir='ltr'><strong>ue</strong></span> <span class='ocrx_word' id='word_1_197' title='bbox 2047 872 2144 899; x_wconf 70' lang='grc' dir='ltr'>ιιειυ</span> 
     </span>
     <span class='ocr_line' id='line_1_21' title="bbox 567 939 2144 1026; baseline -0.023 -3"><span class='ocrx_word' id='word_1_198' title='bbox 567 969 757 1025; x_wconf 88' lang='lat' dir='ltr'><strong>eadem</strong></span> <span class='ocrx_word' id='word_1_199' title='bbox 806 960 1094 1024; x_wconf 85' lang='lat' dir='ltr'><strong>sententia,</strong></span> <span class='ocrx_word' id='word_1_200' title='bbox 1145 968 1264 1026; x_wconf 78' lang='lat' dir='ltr'><strong>quae</strong></span> <span class='ocrx_word' id='word_1_201' title='bbox 1311 949 1539 1009; x_wconf 88' lang='lat' dir='ltr'><strong>sollicite</strong></span> <span class='ocrx_word' id='word_1_202' title='bbox 1594 956 1823 1016; x_wconf 86' lang='lat' dir='ltr'><strong>pensare</strong></span> <span class='ocrx_word' id='word_1_203' title='bbox 1870 939 2144 1000; x_wconf 87' lang='lat' dir='ltr'><strong>debemus,</strong></span> 
     </span>
    </p>
   </div>
   <div class='ocr_carea' id='block_1_11' title="bbox 570 1028 2147 1137">
    <p class='ocr_par' dir='ltr' id='par_1_11' title="bbox 570 1028 2147 1137">
     <span class='ocr_line' id='line_1_22' title="bbox 570 1028 2147 1137; baseline -0.023 -17"><span class='ocrx_word' id='word_1_204' title='bbox 570 1078 691 1137; x_wconf 79' lang='lat' dir='ltr'><strong>quae</strong></span> <span class='ocrx_word' id='word_1_205' title='bbox 718 1057 901 1115; x_wconf 82' lang='lat' dir='ltr'><strong>enim?</strong></span> <span class='ocrx_word' id='word_1_206' title='bbox 928 1051 1083 1109; x_wconf 81' lang='lat' dir='ltr'><strong>Multi</strong></span> <span class='ocrx_word' id='word_1_207' title='bbox 1106 1047 1295 1111; x_wconf 85' lang='lat' dir='ltr'><strong>vocati,</strong></span> <span class='ocrx_word' id='word_1_208' title='bbox 1317 1043 1407 1100; x_wconf 82' lang='lat' dir='ltr'><strong>sed</strong></span> <span class='ocrx_word' id='word_1_209' title='bbox 1432 1040 1587 1114; x_wconf 83' lang='lat' dir='ltr'><strong>pauci</strong></span> <span class='ocrx_word' id='word_1_210' title='bbox 1609 1037 1757 1095; x_wconf 79' lang='lat' dir='ltr'><strong>electi</strong></span> <span class='ocrx_word' id='word_1_211' title='bbox 1786 1042 1906 1089; x_wconf 87' lang='lat' dir='ltr'><strong>sunt</strong></span> <span class='ocrx_word' id='word_1_212' title='bbox 1932 1028 2147 1103; x_wconf 81' lang='lat' dir='ltr'><strong>(Matth.</strong></span> 
     </span>
    </p>
   </div>
   <div class='ocr_carea' id='block_1_12' title="bbox 570 1121 2153 1220">
    <p class='ocr_par' dir='ltr' id='par_1_12' title="bbox 570 1121 2153 1220">
     <span class='ocr_line' id='line_1_23' title="bbox 570 1121 2153 1220; baseline -0.024 -10"><span class='ocrx_word' id='word_1_213' title='bbox 570 1121 755 1217; x_wconf 68' lang='lat' dir='ltr'><strong>tixvn,</strong></span> <span class='ocrx_word' id='word_1_214' title='bbox 786 1148 863 1220; x_wconf 82' lang='lat'><strong>5).</strong></span> <span class='ocrx_word' id='word_1_215' title='bbox 901 1144 1144 1201; x_wconf 87' lang='lat' dir='ltr'><strong>Primum</strong></span> <span class='ocrx_word' id='word_1_216' title='bbox 1184 1146 1288 1203; x_wconf 90' lang='lat' dir='ltr'><strong>est,</strong></span> <span class='ocrx_word' id='word_1_217' title='bbox 1334 1142 1395 1192; x_wconf 87' lang='lat' dir='ltr'><strong>ut</strong></span> <span class='ocrx_word' id='word_1_218' title='bbox 1440 1135 1504 1189; x_wconf 92' lang='lat' dir='ltr'><strong>de</strong></span> <span class='ocrx_word' id='word_1_219' title='bbox 1554 1146 1614 1187; x_wconf 90' lang='lat' dir='ltr'><strong>se</strong></span> <span class='ocrx_word' id='word_1_220' title='bbox 1659 1127 1887 1199; x_wconf 91' lang='lat' dir='ltr'><strong>quisque</strong></span> <span class='ocrx_word' id='word_1_221' title='bbox 1930 1121 2153 1177; x_wconf 89' lang='lat' dir='ltr'><strong>minime</strong></span> 
     </span>
    </p>
   </div>
   <div class='ocr_carea' id='block_1_13' title="bbox 571 1221 2152 1315">
    <p class='ocr_par' dir='ltr' id='par_1_13' title="bbox 571 1221 2152 1315">
     <span class='ocr_line' id='line_1_24' title="bbox 571 1221 2152 1315; baseline -0.023 -14"><span class='ocrx_word' id='word_1_222' title='bbox 571 1248 909 1315; x_wconf 71' lang='lat' dir='ltr'><strong>prtesumat,</strong></span> <span class='ocrx_word' id='word_1_223' title='bbox 949 1235 1079 1309; x_wconf 83' lang='lat' dir='ltr'><strong>quia</strong></span> <span class='ocrx_word' id='word_1_224' title='bbox 1143 1231 1248 1291; x_wconf 84' lang='lat' dir='ltr'><strong>etsi</strong></span> <span class='ocrx_word' id='word_1_225' title='bbox 1285 1227 1401 1298; x_wconf 84' lang='lat' dir='ltr'><strong>jam</strong></span> <span class='ocrx_word' id='word_1_226' title='bbox 1453 1225 1522 1281; x_wconf 90' lang='lat' dir='ltr'><strong>ad</strong></span> <span class='ocrx_word' id='word_1_227' title='bbox 1573 1221 1734 1278; x_wconf 84' lang='lat' dir='ltr'><strong>ﬁdem</strong></span> <span class='ocrx_word' id='word_1_228' title='bbox 1778 1225 2003 1274; x_wconf 90' lang='lat' dir='ltr'><strong>vocatus</strong></span> <span class='ocrx_word' id='word_1_229' title='bbox 2049 1221 2152 1279; x_wconf 87' lang='lat' dir='ltr'><strong>est,</strong></span> 
     </span>
    </p>
   </div>
   <div class='ocr_carea' id='block_1_14' title="bbox 571 1306 2155 1406">
    <p class='ocr_par' dir='ltr' id='par_1_14' title="bbox 571 1306 2155 1406">
     <span class='ocr_line' id='line_1_25' title="bbox 571 1306 2155 1406; baseline -0.024 -9"><span class='ocrx_word' id='word_1_230' title='bbox 571 1306 755 1397; x_wconf 70' lang='lat' dir='ltr'><strong>utrum</strong></span> <span class='ocrx_word' id='word_1_231' title='bbox 803 1306 1026 1406; x_wconf 78' lang='lat' dir='ltr'><strong>perenni</strong></span> <span class='ocrx_word' id='word_1_232' title='bbox 1072 1342 1239 1400; x_wconf 87' lang='lat' dir='ltr'><strong>regno</strong></span> <span class='ocrx_word' id='word_1_233' title='bbox 1268 1325 1459 1394; x_wconf 87' lang='lat' dir='ltr'><strong>dignus</strong></span> <span class='ocrx_word' id='word_1_234' title='bbox 1485 1319 1574 1386; x_wconf 86' lang='lat' dir='ltr'><strong>sit,</strong></span> <span class='ocrx_word' id='word_1_235' title='bbox 1616 1313 1809 1371; x_wconf 86' lang='lat' dir='ltr'><strong>nescit.</strong></span> <span class='ocrx_word' id='word_1_236' title='bbox 1848 1306 2155 1366; x_wconf 87' lang='lat' dir='ltr'><strong>Secundum</strong></span> 
     </span>
    </p>
   </div>
   <div class='ocr_carea' id='block_1_15' title="bbox 571 1400 2158 1496">
    <p class='ocr_par' dir='ltr' id='par_1_15' title="bbox 571 1400 2158 1496">
     <span class='ocr_line' id='line_1_26' title="bbox 571 1400 2158 1496; baseline -0.024 -6"><span class='ocrx_word' id='word_1_237' title='bbox 571 1445 722 1495; x_wconf 76' lang='lat' dir='ltr'><strong>vero,</strong></span> <span class='ocrx_word' id='word_1_238' title='bbox 750 1436 811 1484; x_wconf 91' lang='lat' dir='ltr'><strong>ut</strong></span> <span class='ocrx_word' id='word_1_239' title='bbox 840 1424 1211 1496; x_wconf 84' lang='lat' dir='ltr'><strong>unusquisque</strong></span> <span class='ocrx_word' id='word_1_240' title='bbox 1252 1415 1575 1489; x_wconf 82' lang='lat' dir='ltr'><strong>proximum,</strong></span> <span class='ocrx_word' id='word_1_241' title='bbox 1619 1421 1779 1479; x_wconf 92' lang='lat' dir='ltr'><strong>quem</strong></span> <span class='ocrx_word' id='word_1_242' title='bbox 1814 1402 2045 1459; x_wconf 81' lang='lat' dir='ltr'><strong>fortasse</strong></span> <span class='ocrx_word' id='word_1_243' title='bbox 2075 1400 2158 1470; x_wconf 84' lang='lat' dir='ltr'><strong>ja-</strong></span> 
     </span>
    </p>
   </div>
   <div class='ocr_carea' id='block_1_16' title="bbox 574 1493 2157 1585">
    <p class='ocr_par' dir='ltr' id='par_1_16' title="bbox 574 1493 2157 1585">
     <span class='ocr_line' id='line_1_27' title="bbox 574 1493 2157 1585; baseline -0.023 -4"><span class='ocrx_word' id='word_1_244' title='bbox 574 1538 697 1582; x_wconf 87' lang='lat' dir='ltr'><strong>cere</strong></span> <span class='ocrx_word' id='word_1_245' title='bbox 722 1521 777 1578; x_wconf 89' lang='lat' dir='ltr'><strong>in</strong></span> <span class='ocrx_word' id='word_1_246' title='bbox 815 1518 963 1574; x_wconf 84' lang='lat' dir='ltr'><strong>vitiis</strong></span> <span class='ocrx_word' id='word_1_247' title='bbox 987 1511 1267 1585; x_wconf 90' lang='lat' dir='ltr'><strong>conspicit,</strong></span> <span class='ocrx_word' id='word_1_248' title='bbox 1303 1509 1587 1577; x_wconf 89' lang='lat' dir='ltr'><strong>desperare</strong></span> <span class='ocrx_word' id='word_1_249' title='bbox 1629 1515 1735 1554; x_wconf 91' lang='lat' dir='ltr'><strong>non</strong></span> <span class='ocrx_word' id='word_1_250' title='bbox 1780 1496 1994 1559; x_wconf 86' lang='lat' dir='ltr'><strong>audeat,</strong></span> <span class='ocrx_word' id='word_1_251' title='bbox 2033 1493 2157 1563; x_wconf 88' lang='lat' dir='ltr'><strong>quia</strong></span> 
     </span>
    </p>
   </div>
   <div class='ocr_carea' id='block_1_17' title="bbox 574 1586 2159 1675">
    <p class='ocr_par' dir='ltr' id='par_1_17' title="bbox 574 1586 2159 1675">
     <span class='ocr_line' id='line_1_28' title="bbox 574 1586 2159 1675; baseline -0.021 0"><span class='ocrx_word' id='word_1_252' title='bbox 574 1617 769 1675; x_wconf 69' lang='lat' dir='ltr'><strong>divina:</strong></span> <span class='ocrx_word' id='word_1_253' title='bbox 815 1607 1201 1669; x_wconf 58' lang='lat' dir='ltr'><strong>misericordiae</strong></span> <span class='ocrx_word' id='word_1_254' title='bbox 1248 1602 1462 1659; x_wconf 83' lang='lat' dir='ltr'><strong>divitias</strong></span> <span class='ocrx_word' id='word_1_255' title='bbox 1508 1598 1739 1669; x_wconf 77' lang='lat' dir='ltr'><strong>ignorat.</strong></span> <span class='ocrx_word' id='word_1_256' title='bbox 1783 1588 2037 1659; x_wconf 84' lang='lat' dir='ltr'><strong>Nunquid</strong></span> <span class='ocrx_word' id='word_1_257' title='bbox 2065 1586 2159 1642; x_wconf 90' lang='lat' dir='ltr'><strong>ali-</strong></span> 
     </span>
    </p>
   </div>
   <div class='ocr_carea' id='block_1_18' title="bbox 584 1954 2166 2048">
    <p class='ocr_par' dir='ltr' id='par_1_18' title="bbox 584 1954 2166 2048">
     <span class='ocr_line' id='line_1_29' title="bbox 584 1954 2166 2048; baseline -0.02 -9"><span class='ocrx_word' id='word_1_258' title='bbox 584 1954 836 2044; x_wconf 47' lang='lat' dir='ltr'><strong>deri&#39;non</strong></span> <span class='ocrx_word' id='word_1_259' title='bbox 862 1975 1071 2048; x_wconf 88' lang='lat' dir='ltr'><strong>possit?</strong></span> <span class='ocrx_word' id='word_1_260' title='bbox 1095 1970 1233 2040; x_wconf 84' lang='lat' dir='ltr'><strong>Quid</strong></span> <span class='ocrx_word' id='word_1_261' title='bbox 1257 1968 1401 2025; x_wconf 85' lang='lat' dir='ltr'><strong>aliud</strong></span> <span class='ocrx_word' id='word_1_262' title='bbox 1436 1966 1513 2020; x_wconf 88' lang='lat' dir='ltr'><strong>ait</strong></span> <span class='ocrx_word' id='word_1_263' title='bbox 1536 1963 1628 2035; x_wconf 88' lang='lat' dir='ltr'><strong>qui</strong></span> <span class='ocrx_word' id='word_1_264' title='bbox 1669 1963 1772 2017; x_wconf 92' lang='lat' dir='ltr'><strong>hoc</strong></span> <span class='ocrx_word' id='word_1_265' title='bbox 1798 1958 1945 2017; x_wconf 83' lang='lat' dir='ltr'><strong>dicit,</strong></span> <span class='ocrx_word' id='word_1_266' title='bbox 1975 1954 2078 2010; x_wconf 90' lang='lat' dir='ltr'><strong>nisi</strong></span> <span class='ocrx_word' id='word_1_267' title='bbox 2104 1959 2166 2008; x_wconf 87' lang='lat' dir='ltr'><strong>ut</strong></span> 
     </span>
    </p>
   </div>
   <div class='ocr_carea' id='block_1_19' title="bbox 580 2058 2164 2145">
    <p class='ocr_par' dir='ltr' id='par_1_19' title="bbox 580 2058 2164 2145">
     <span class='ocr_line' id='line_1_30' title="bbox 580 2058 2164 2145; baseline -0.02 -14"><span class='ocrx_word' id='word_1_268' title='bbox 580 2073 829 2132; x_wconf 86' lang='lat' dir='ltr'><strong>Christus</strong></span> <span class='ocrx_word' id='word_1_269' title='bbox 861 2070 1064 2145; x_wconf 83' lang='lat' dir='ltr'><strong>frustra</strong></span> <span class='ocrx_word' id='word_1_270' title='bbox 1111 2073 1356 2121; x_wconf 88' lang='lat' dir='ltr'><strong>mortuus</strong></span> <span class='ocrx_word' id='word_1_271' title='bbox 1392 2061 1499 2117; x_wconf 85' lang='lat' dir='ltr'><strong>sit?</strong></span> <span class='ocrx_word' id='word_1_272' title='bbox 1528 2058 1750 2113; x_wconf 86' lang='lat' dir='ltr'><strong>Frustra</strong></span> <span class='ocrx_word' id='word_1_273' title='bbox 1786 2060 1964 2107; x_wconf 89' lang='lat' dir='ltr'><strong>autem</strong></span> <span class='ocrx_word' id='word_1_274' title='bbox 2016 2065 2164 2104; x_wconf 86' lang='lat' dir='ltr'><strong>mor-</strong></span> 
     </span>
    </p>
   </div>
   <div class='ocr_carea' id='block_1_20' title="bbox 582 2139 2169 2237">
    <p class='ocr_par' dir='ltr' id='par_1_20' title="bbox 582 2139 2169 2237">
     <span class='ocr_line' id='line_1_31' title="bbox 582 2139 2169 2237; baseline -0.026 -2"><span class='ocrx_word' id='word_1_275' title='bbox 582 2182 709 2234; x_wconf 82' lang='lat' dir='ltr'><strong>tuus</strong></span> <span class='ocrx_word' id='word_1_276' title='bbox 752 2178 854 2237; x_wconf 89' lang='lat' dir='ltr'><strong>est,</strong></span> <span class='ocrx_word' id='word_1_277' title='bbox 897 2167 944 2223; x_wconf 92' lang='lat' dir='ltr'><strong>si</strong></span> <span class='ocrx_word' id='word_1_278' title='bbox 988 2142 1201 2232; x_wconf 73' lang='lat' dir='ltr'><strong>aliquas</strong></span> <span class='ocrx_word' id='word_1_279' title='bbox 1227 2172 1332 2212; x_wconf 91' lang='lat' dir='ltr'><strong>non</strong></span> <span class='ocrx_word' id='word_1_280' title='bbox 1360 2158 1532 2224; x_wconf 84' lang='lat' dir='ltr'><strong>potest</strong></span> <span class='ocrx_word' id='word_1_281' title='bbox 1558 2145 1851 2208; x_wconf 79' lang='lat' dir='ltr'><strong>vivificarc,</strong></span> <span class='ocrx_word' id='word_1_282' title='bbox 1885 2142 1975 2213; x_wconf 91' lang='lat' dir='ltr'><strong>qui</strong></span> <span class='ocrx_word' id='word_1_283' title='bbox 2014 2139 2169 2195; x_wconf 89' lang='lat' dir='ltr'><strong>nobis</strong></span> 
     </span>
    </p>
   </div>
   <div class='ocr_carea' id='block_1_21' title="bbox 584 2228 2169 2329">
    <p class='ocr_par' dir='ltr' id='par_1_21' title="bbox 584 2228 2169 2329">
     <span class='ocr_line' id='line_1_32' title="bbox 584 2228 2169 2329; baseline -0.025 -6"><span class='ocrx_word' id='word_1_284' title='bbox 584 2228 800 2323; x_wconf 59' lang='lat' dir='ltr'><strong>veniam</strong></span> <span class='ocrx_word' id='word_1_285' title='bbox 842 2228 1099 2329; x_wconf 71' lang='lat' dir='ltr'><strong>quotidie</strong></span> <span class='ocrx_word' id='word_1_286' title='bbox 1128 2252 1310 2306; x_wconf 90' lang='lat' dir='ltr'><strong>donat.</strong></span> <span class='ocrx_word' id='word_1_287' title='bbox 1358 2240 1608 2313; x_wconf 85' lang='lat' dir='ltr'><strong>Nunquid</strong></span> <span class='ocrx_word' id='word_1_288' title='bbox 1647 2237 1840 2310; x_wconf 85' lang='lat' dir='ltr'><strong>[Edit.,</strong></span> <span class='ocrx_word' id='word_1_289' title='bbox 1872 2228 2169 2303; x_wconf 85' lang='lat' dir='ltr'><strong>nunquam]</strong></span> 
     </span>
    </p>
   </div>
   <div class='ocr_carea' id='block_1_22' title="bbox 581 2322 2173 2426">
    <p class='ocr_par' dir='ltr' id='par_1_22' title="bbox 581 2322 2173 2426">
     <span class='ocr_line' id='line_1_33' title="bbox 581 2322 2173 2426; baseline -0.024 -13"><span class='ocrx_word' id='word_1_290' title='bbox 581 2354 789 2426; x_wconf 85' lang='lat' dir='ltr'><strong>justum</strong></span> <span class='ocrx_word' id='word_1_291' title='bbox 816 2357 900 2406; x_wconf 89' lang='lat' dir='ltr'><strong>est</strong></span> <span class='ocrx_word' id='word_1_292' title='bbox 925 2362 1043 2404; x_wconf 89' lang='lat' dir='ltr'><strong>eam</strong></span> <span class='ocrx_word' id='word_1_293' title='bbox 1093 2343 1212 2399; x_wconf 88' lang='lat' dir='ltr'><strong>aliis</strong></span> <span class='ocrx_word' id='word_1_294' title='bbox 1243 2341 1530 2405; x_wconf 81' lang='lat' dir='ltr'><strong>denegare,</strong></span> <span class='ocrx_word' id='word_1_295' title='bbox 1578 2345 1739 2401; x_wconf 90' lang='lat' dir='ltr'><strong>quam</strong></span> <span class='ocrx_word' id='word_1_296' title='bbox 1770 2326 1927 2382; x_wconf 88' lang='lat' dir='ltr'><strong>nobis</strong></span> <span class='ocrx_word' id='word_1_297' title='bbox 1975 2322 2173 2378; x_wconf 86' lang='lat' dir='ltr'><strong>sedulis</strong></span> 
     </span>
    </p>
   </div>
   <div class='ocr_carea' id='block_1_23' title="bbox 584 2414 2174 2520">
    <p class='ocr_par' dir='ltr' id='par_1_23' title="bbox 584 2414 2174 2520">
     <span class='ocr_line' id='line_1_34' title="bbox 584 2414 2174 2520; baseline -0.026 -14"><span class='ocrx_word' id='word_1_298' title='bbox 584 2456 835 2520; x_wconf 83' lang='lat' dir='ltr'><strong>Optamus</strong></span> <span class='ocrx_word' id='word_1_299' title='bbox 863 2442 1004 2497; x_wconf 85' lang='lat' dir='ltr'><strong>votis</strong></span> <span class='ocrx_word' id='word_1_300' title='bbox 1029 2435 1179 2493; x_wconf 78' lang='lat' dir='ltr'><strong>dari?</strong></span> <span class='ocrx_word' id='word_1_301' title='bbox 1208 2433 1288 2488; x_wconf 84' lang='lat' dir='ltr'><strong>Ad</strong></span> <span class='ocrx_word' id='word_1_302' title='bbox 1323 2427 1607 2486; x_wconf 85' lang='lat' dir='ltr'><strong>ecclesiam</strong></span> <span class='ocrx_word' id='word_1_303' title='bbox 1638 2420 1998 2489; x_wconf 83' lang='lat' dir='ltr'><strong>confugimus,</strong></span> <span class='ocrx_word' id='word_1_304' title='bbox 2030 2423 2089 2468; x_wconf 89' lang='lat' dir='ltr'><strong>ut</strong></span> <span class='ocrx_word' id='word_1_305' title='bbox 2120 2414 2174 2467; x_wconf 92' lang='lat' dir='ltr'><strong>in</strong></span> 
     </span>
    </p>
   </div>
   <div class='ocr_carea' id='block_1_24' title="bbox 586 2506 2175 2601">
    <p class='ocr_par' dir='ltr' id='par_1_24' title="bbox 586 2506 2175 2601">
     <span class='ocr_line' id='line_1_35' title="bbox 586 2506 2175 2601; baseline -0.024 -5"><span class='ocrx_word' id='word_1_306' title='bbox 586 2555 650 2601; x_wconf 87' lang='lat' dir='ltr'><strong>ea</strong></span> <span class='ocrx_word' id='word_1_307' title='bbox 679 2535 1035 2593; x_wconf 78' lang='lat' dir='ltr'><strong>exaudiantur</strong></span> <span class='ocrx_word' id='word_1_308' title='bbox 1061 2540 1249 2599; x_wconf 87' lang='lat' dir='ltr'><strong>preces</strong></span> <span class='ocrx_word' id='word_1_309' title='bbox 1274 2529 1495 2584; x_wconf 65' lang='lat' dir='ltr'><strong>nostrae,</strong></span> <span class='ocrx_word' id='word_1_310' title='bbox 1526 2526 1579 2572; x_wconf 91' lang='lat' dir='ltr'><strong>et</strong></span> <span class='ocrx_word' id='word_1_311' title='bbox 1622 2514 1850 2571; x_wconf 88' lang='lat' dir='ltr'><strong>aliorum</strong></span> <span class='ocrx_word' id='word_1_312' title='bbox 1893 2521 2083 2579; x_wconf 78' lang='lat' dir='ltr'><strong>preces</strong></span> <span class='ocrx_word' id='word_1_313' title='bbox 2120 2506 2175 2560; x_wconf 90' lang='lat' dir='ltr'><strong>in</strong></span> 
     </span>
    </p>
   </div>
   <div class='ocr_carea' id='block_1_25' title="bbox 587 2611 2181 2691">
    <p class='ocr_par' dir='ltr' id='par_1_25' title="bbox 587 2611 2181 2691">
     <span class='ocr_line' id='line_1_36' title="bbox 587 2611 2181 2691; baseline -0.025 -2"><span class='ocrx_word' id='word_1_314' title='bbox 587 2647 653 2689; x_wconf 87' lang='lat' dir='ltr'><strong>ea</strong></span> <span class='ocrx_word' id='word_1_315' title='bbox 681 2627 939 2686; x_wconf 82' lang='lat' dir='ltr'><strong>exaudire</strong></span> <span class='ocrx_word' id='word_1_316' title='bbox 959 2615 1340 2691; x_wconf 77' lang='lat' dir='ltr'><strong>dedignemur?</strong></span> <span class='ocrx_word' id='word_1_317' title='bbox 1365 2611 1533 2667; x_wconf 81' lang='lat' dir='ltr'><strong>Nobis</strong></span> <span class='ocrx_word' id='word_1_318' title='bbox 1575 2624 1673 2679; x_wconf 88' lang='lat' dir='ltr'><strong>per</strong></span> <span class='ocrx_word' id='word_1_319' title='bbox 1710 2612 2021 2662; x_wconf 89' lang='lat' dir='ltr'><strong>sanctorum</strong></span> <span class='ocrx_word' id='word_1_320' title='bbox 2058 2612 2181 2668; x_wconf 92' lang='lat' dir='ltr'><strong>pre-</strong></span> 
     </span>
    </p>
   </div>
   <div class='ocr_carea' id='block_1_26' title="bbox 591 2689 2180 2783">
    <p class='ocr_par' dir='ltr' id='par_1_26' title="bbox 591 2689 2180 2783">
     <span class='ocr_line' id='line_1_37' title="bbox 591 2689 2180 2783; baseline -0.025 -2"><span class='ocrx_word' id='word_1_321' title='bbox 591 2738 683 2781; x_wconf 89' lang='lat' dir='ltr'><strong>ces</strong></span> <span class='ocrx_word' id='word_1_322' title='bbox 714 2722 768 2777; x_wconf 91' lang='lat' dir='ltr'><strong>in</strong></span> <span class='ocrx_word' id='word_1_323' title='bbox 797 2716 1025 2776; x_wconf 87' lang='lat' dir='ltr'><strong>ecclesia</strong></span> <span class='ocrx_word' id='word_1_324' title='bbox 1048 2689 1271 2783; x_wconf 78' lang='lat' dir='ltr'><strong>peccata</strong></span> <span class='ocrx_word' id='word_1_325' title='bbox 1316 2702 1514 2762; x_wconf 89' lang='lat' dir='ltr'><strong>dimitti</strong></span> <span class='ocrx_word' id='word_1_326' title='bbox 1540 2698 1881 2761; x_wconf 81' lang='lat' dir='ltr'><strong>confidimus,</strong></span> <span class='ocrx_word' id='word_1_327' title='bbox 1914 2701 1968 2748; x_wconf 92' lang='lat' dir='ltr'><strong>et</strong></span> <span class='ocrx_word' id='word_1_328' title='bbox 2012 2689 2180 2746; x_wconf 82' lang='lat' dir='ltr'><strong>conli-</strong></span> 
     </span>
    </p>
   </div>
   <div class='ocr_carea' id='block_1_27' title="bbox 570 2780 2181 2883">
    <p class='ocr_par' dir='ltr' id='par_1_27' title="bbox 570 2780 2181 2883">
     <span class='ocr_line' id='line_1_38' title="bbox 570 2780 2181 2883; baseline -0.024 -11"><span class='ocrx_word' id='word_1_329' title='bbox 570 2814 725 2872; x_wconf 72' lang='lat' dir='ltr'><strong>tenti</strong></span> <span class='ocrx_word' id='word_1_330' title='bbox 758 2817 982 2883; x_wconf 86' lang='lat' dir='ltr'><strong>peccata</strong></span> <span class='ocrx_word' id='word_1_331' title='bbox 1017 2806 1149 2861; x_wconf 91' lang='lat' dir='ltr'><strong>duro</strong></span> <span class='ocrx_word' id='word_1_332' title='bbox 1174 2798 1335 2857; x_wconf 87' lang='lat' dir='ltr'><strong>corde</strong></span> <span class='ocrx_word' id='word_1_333' title='bbox 1367 2798 1420 2852; x_wconf 92' lang='lat' dir='ltr'><strong>in</strong></span> <span class='ocrx_word' id='word_1_334' title='bbox 1449 2795 1635 2850; x_wconf 81' lang='lat' dir='ltr'><strong>eadem</strong></span> <span class='ocrx_word' id='word_1_335' title='bbox 1666 2790 1894 2861; x_wconf 80' lang='lat' dir='ltr'><strong>ligamus</strong></span> <span class='ocrx_word' id='word_1_336' title='bbox 1913 2780 2181 2840; x_wconf 84' lang='lat' dir='ltr'><strong>ecclesia?</strong></span> 
     </span>
    </p>
   </div>
   <div class='ocr_carea' id='block_1_28' title="bbox 593 2872 2183 2971">
    <p class='ocr_par' dir='ltr' id='par_1_28' title="bbox 593 2872 2183 2971">
     <span class='ocr_line' id='line_1_39' title="bbox 593 2872 2183 2971; baseline -0.022 -12"><span class='ocrx_word' id='word_1_337' title='bbox 593 2902 666 2959; x_wconf 78' lang='lat' dir='ltr'><strong>At</strong></span> <span class='ocrx_word' id='word_1_338' title='bbox 717 2872 1003 2971; x_wconf 77' lang='lat' dir='ltr'><strong>Apostolus</strong></span> <span class='ocrx_word' id='word_1_339' title='bbox 1054 2890 1333 2964; x_wconf 61' lang='lat' dir='ltr'><strong>praecipit,</strong></span> <span class='ocrx_word' id='word_1_340' title='bbox 1384 2885 1755 2953; x_wconf 85' lang='lat' dir='ltr'><strong>delinquentes</strong></span> <span class='ocrx_word' id='word_1_341' title='bbox 1800 2877 2075 2945; x_wconf 84' lang='lat' dir='ltr'><strong>corripere</strong></span> <span class='ocrx_word' id='word_1_342' title='bbox 2127 2872 2183 2925; x_wconf 86' lang='lat' dir='ltr'><strong>in</strong></span> 
     </span>
    </p>
   </div>
   <div class='ocr_carea' id='block_1_29' title="bbox 578 2965 2184 3068">
    <p class='ocr_par' dir='ltr' id='par_1_29' title="bbox 578 2965 2184 3068">
     <span class='ocr_line' id='line_1_40' title="bbox 578 2965 2184 3068; baseline -0.021 -17"><span class='ocrx_word' id='word_1_343' title='bbox 578 2965 785 3068; x_wconf 60' lang='lat' dir='ltr'><strong>spiritu</strong></span> <span class='ocrx_word' id='word_1_344' title='bbox 827 2985 1242 3046; x_wconf 81' lang='lat' dir='ltr'><strong>mansuetudinis</strong></span> <span class='ocrx_word' id='word_1_345' title='bbox 1271 2979 1414 3056; x_wconf 84' lang='lat' dir='ltr'><strong>(Gal.</strong></span> <span class='ocrx_word' id='word_1_346' title='bbox 1454 2995 1533 3040; x_wconf 76' lang='lat' dir='ltr'><strong>vr,</strong></span> <span class='ocrx_word' id='word_1_347' title='bbox 1572 2974 1645 3047; x_wconf 83' lang='grc'>1).</span> <span class='ocrx_word' id='word_1_348' title='bbox 1681 2974 1746 3028; x_wconf 87' lang='lat' dir='ltr'><strong>Et</strong></span> <span class='ocrx_word' id='word_1_349' title='bbox 1789 2968 2064 3042; x_wconf 84' lang='lat' dir='ltr'><strong>apostolus</strong></span> <span class='ocrx_word' id='word_1_350' title='bbox 2096 2965 2184 3020; x_wconf 79' lang='lat' dir='ltr'><strong>Ja-</strong></span> 
     </span>
    </p>
   </div>
   <div class='ocr_carea' id='block_1_30' title="bbox 598 3059 2184 3141">
    <p class='ocr_par' dir='ltr' id='par_1_30' title="bbox 598 3059 2184 3141">
     <span class='ocr_line' id='line_1_41' title="bbox 598 3059 2184 3141; baseline -0.02 0"><span class='ocrx_word' id='word_1_351' title='bbox 598 3085 810 3141; x_wconf 80' lang='lat' dir='ltr'><strong>cobus:</strong></span> <span class='ocrx_word' id='word_1_352' title='bbox 873 3078 933 3135; x_wconf 84' lang='lat' dir='ltr'><strong>Si</strong></span> <span class='ocrx_word' id='word_1_353' title='bbox 986 3076 1149 3130; x_wconf 77' lang='lat' dir='ltr'><strong>zelum</strong></span> <span class='ocrx_word' id='word_1_354' title='bbox 1193 3087 1433 3127; x_wconf 85' lang='lat' dir='ltr'><strong>amarum</strong></span> <span class='ocrx_word' id='word_1_355' title='bbox 1474 3067 1695 3132; x_wconf 77' lang='lat' dir='ltr'><strong>habetis,</strong></span> <span class='ocrx_word' id='word_1_356' title='bbox 1743 3073 1791 3117; x_wconf 89' lang='lat' dir='ltr'><strong>et</strong></span> <span class='ocrx_word' id='word_1_357' title='bbox 1837 3059 2184 3117; x_wconf 77' lang='lat' dir='ltr'><strong>contentiones</strong></span> 
     </span>
    </p>
   </div>
   <div class='ocr_carea' id='block_1_31' title="bbox 602 3144 2183 3230">
    <p class='ocr_par' dir='ltr' id='par_1_31' title="bbox 602 3144 2183 3230">
     <span class='ocr_line' id='line_1_42' title="bbox 602 3144 2183 3230; baseline -0.02 0"><span class='ocrx_word' id='word_1_358' title='bbox 602 3174 797 3230; x_wconf 81' lang='lat' dir='ltr'><strong>suntin</strong></span> <span class='ocrx_word' id='word_1_359' title='bbox 822 3168 1064 3225; x_wconf 82' lang='lat' dir='ltr'><strong>cordibus</strong></span> <span class='ocrx_word' id='word_1_360' title='bbox 1088 3164 1289 3227; x_wconf 81' lang='lat' dir='ltr'><strong>vestris,</strong></span> <span class='ocrx_word' id='word_1_361' title='bbox 1331 3159 1489 3214; x_wconf 82' lang='lat' dir='ltr'><strong>nolite</strong></span> <span class='ocrx_word' id='word_1_362' title='bbox 1511 3153 1729 3227; x_wconf 84' lang='lat' dir='ltr'><strong>gloriari</strong></span> <span class='ocrx_word' id='word_1_363' title='bbox 1768 3150 1907 3223; x_wconf 86' lang='lat' dir='ltr'><strong>(Jac.</strong></span> <span class='ocrx_word' id='word_1_364' title='bbox 1933 3165 2028 3209; x_wconf 85' lang='grc' dir='ltr'>ιιι,</span> <span class='ocrx_word' id='word_1_365' title='bbox 2074 3144 2183 3217; x_wconf 73' lang='grc' dir='ltr'>Μ),</span> 
     </span>
    </p>
   </div>
   <div class='ocr_carea' id='block_1_32' title="bbox 600 3211 2258 3332">
    <p class='ocr_par' dir='ltr' id='par_1_32' title="bbox 600 3211 2258 3332">
     <span class='ocr_line' id='line_1_43' title="bbox 600 3211 2258 3332; baseline -0.02 -9"><span class='ocrx_word' id='word_1_366' title='bbox 600 3276 656 3323; x_wconf 85' lang='lat' dir='ltr'><strong>et</strong></span> <span class='ocrx_word' id='word_1_367' title='bbox 683 3275 899 3328; x_wconf 60' lang='lat' dir='ltr'><strong>caetera,</strong></span> <span class='ocrx_word' id='word_1_368' title='bbox 943 3276 1061 3332; x_wconf 71' lang='lat' dir='ltr'><strong>qua:</strong></span> <span class='ocrx_word' id='word_1_369' title='bbox 1087 3258 1152 3312; x_wconf 90' lang='lat' dir='ltr'><strong>ad</strong></span> <span class='ocrx_word' id='word_1_370' title='bbox 1182 3253 1529 3325; x_wconf 79' lang='lat' dir='ltr'><strong>sequentibus</strong></span> <span class='ocrx_word' id='word_1_371' title='bbox 1566 3246 1683 3321; x_wconf 85' lang='lat' dir='ltr'><strong>[F.,</strong></span> <span class='ocrx_word' id='word_1_372' title='bbox 1729 3245 1784 3299; x_wconf 89' lang='lat' dir='ltr'><strong>in</strong></span> <span class='ocrx_word' id='word_1_373' title='bbox 1814 3238 2183 3312; x_wconf 79' lang='lat' dir='ltr'><strong>sequentibus]</strong></span> 
     </span>
    </p>
   </div>
   <div class='ocr_carea' id='block_1_33' title="bbox 602 3333 2188 3417">
    <p class='ocr_par' dir='ltr' id='par_1_33' title="bbox 602 3333 2188 3417">
     <span class='ocr_line' id='line_1_44' title="bbox 602 3333 2188 3417; baseline -0.017 -7"><span class='ocrx_word' id='word_1_374' title='bbox 602 3354 833 3411; x_wconf 82' lang='lat' dir='ltr'><strong>terribili</strong></span> <span class='ocrx_word' id='word_1_375' title='bbox 880 3365 1106 3406; x_wconf 80' lang='lat' dir='ltr'><strong>censura</strong></span> <span class='ocrx_word' id='word_1_376' title='bbox 1148 3347 1400 3417; x_wconf 85' lang='lat' dir='ltr'><strong>leguntur</strong></span> <span class='ocrx_word' id='word_1_377' title='bbox 1435 3343 1500 3397; x_wconf 90' lang='lat' dir='ltr'><strong>de</strong></span> <span class='ocrx_word' id='word_1_378' title='bbox 1529 3340 1616 3395; x_wconf 88' lang='lat' dir='ltr'><strong>his</strong></span> <span class='ocrx_word' id='word_1_379' title='bbox 1654 3337 1747 3408; x_wconf 88' lang='lat' dir='ltr'><strong>qui</strong></span> <span class='ocrx_word' id='word_1_380' title='bbox 1780 3336 1953 3390; x_wconf 85' lang='lat' dir='ltr'><strong>zelum</strong></span> <span class='ocrx_word' id='word_1_381' title='bbox 1986 3333 2188 3387; x_wconf 81' lang='lat' dir='ltr'><strong>habent</strong></span> 
     </span>
    </p>
   </div>
   <div class='ocr_carea' id='block_1_34' title="bbox 606 3423 2188 3509">
    <p class='ocr_par' dir='ltr' id='par_1_34' title="bbox 606 3423 2188 3509">
     <span class='ocr_line' id='line_1_45' title="bbox 606 3423 2188 3509; baseline -0.018 -7"><span class='ocrx_word' id='word_1_382' title='bbox 606 3461 870 3502; x_wconf 90' lang='lat' dir='ltr'><strong>amarum.</strong></span> <span class='ocrx_word' id='word_1_383' title='bbox 911 3442 1069 3498; x_wconf 82' lang='lat' dir='ltr'><strong>Zelus</strong></span> <span class='ocrx_word' id='word_1_384' title='bbox 1091 3439 1355 3509; x_wconf 84' lang='lat' dir='ltr'><strong>siquidem</strong></span> <span class='ocrx_word' id='word_1_385' title='bbox 1390 3432 1546 3505; x_wconf 77' lang='lat'><strong>172</strong></span> <span class='ocrx_word' id='word_1_386' title='bbox 1572 3432 1745 3485; x_wconf 89' lang='lat' dir='ltr'><strong>bonus</strong></span> <span class='ocrx_word' id='word_1_387' title='bbox 1779 3426 1972 3499; x_wconf 80' lang='lat' dir='ltr'><strong>[Edtt.,</strong></span> <span class='ocrx_word' id='word_1_388' title='bbox 2014 3423 2188 3477; x_wconf 83' lang='lat' dir='ltr'><strong>zelum</strong></span> 
     </span>
    </p>
   </div>
   <div class='ocr_carea' id='block_1_35' title="bbox 571 3514 2190 3609">
    <p class='ocr_par' dir='ltr' id='par_1_35' title="bbox 571 3514 2190 3609">
     <span class='ocr_line' id='line_1_46' title="bbox 571 3514 2190 3609; baseline -0.016 -15"><span class='ocrx_word' id='word_1_389' title='bbox 571 3531 575 3534; x_wconf 64' lang='grc'><em>’</em></span> <span class='ocrx_word' id='word_1_390' title='bbox 606 3535 832 3609; x_wconf 86' lang='lat' dir='ltr'><strong>bonum]</strong></span> <span class='ocrx_word' id='word_1_391' title='bbox 854 3542 956 3599; x_wconf 91' lang='lat' dir='ltr'><strong>est,</strong></span> <span class='ocrx_word' id='word_1_392' title='bbox 990 3534 1037 3589; x_wconf 93' lang='lat' dir='ltr'><strong>si</strong></span> <span class='ocrx_word' id='word_1_393' title='bbox 1078 3531 1271 3602; x_wconf 88' lang='lat' dir='ltr'><strong>spiritu</strong></span> <span class='ocrx_word' id='word_1_394' title='bbox 1308 3522 1733 3583; x_wconf 85' lang='lat' dir='ltr'><strong>mansuetudinis</strong></span> <span class='ocrx_word' id='word_1_395' title='bbox 1762 3519 2057 3587; x_wconf 81' lang='lat' dir='ltr'><strong>mitigetur.</strong></span> <span class='ocrx_word' id='word_1_396' title='bbox 2086 3514 2190 3570; x_wconf 88' lang='lat' dir='ltr'><strong>Cu-</strong></span> 
     </span>
    </p>
   </div>
   <div class='ocr_carea' id='block_1_36' title="bbox 608 3607 2191 3684">
    <p class='ocr_par' dir='ltr' id='par_1_36' title="bbox 608 3607 2191 3684">
     <span class='ocr_line' id='line_1_47' title="bbox 608 3607 2191 3684; baseline -0.016 1"><span class='ocrx_word' id='word_1_397' title='bbox 608 3607 839 3684; x_wconf 81' lang='lat' dir='ltr'><strong>randum</strong></span> <span class='ocrx_word' id='word_1_398' title='bbox 866 3634 951 3682; x_wconf 91' lang='lat' dir='ltr'><strong>est</strong></span> <span class='ocrx_word' id='word_1_399' title='bbox 985 3632 1046 3679; x_wconf 90' lang='lat' dir='ltr'><strong>ut</strong></span> <span class='ocrx_word' id='word_1_400' title='bbox 1083 3630 1348 3677; x_wconf 84' lang='lat' dir='ltr'><strong>rectorem</strong></span> <span class='ocrx_word' id='word_1_401' title='bbox 1388 3615 1617 3673; x_wconf 89' lang='lat' dir='ltr'><strong>subditis</strong></span> <span class='ocrx_word' id='word_1_402' title='bbox 1654 3621 1708 3668; x_wconf 91' lang='lat' dir='ltr'><strong>et</strong></span> <span class='ocrx_word' id='word_1_403' title='bbox 1742 3619 1971 3666; x_wconf 88' lang='lat' dir='ltr'><strong>matrem</strong></span> <span class='ocrx_word' id='word_1_404' title='bbox 2017 3607 2191 3677; x_wconf 90' lang='lat' dir='ltr'><strong>pietas</strong></span> 
     </span>
    </p>
   </div>
   <div class='ocr_carea' id='block_1_37' title="bbox 613 3695 2189 3793">
    <p class='ocr_par' dir='ltr' id='par_1_37' title="bbox 613 3695 2189 3793">
     <span class='ocr_line' id='line_1_48' title="bbox 613 3695 2189 3793; baseline -0.015 -20"><span class='ocrx_word' id='word_1_405' title='bbox 613 3717 799 3793; x_wconf 86' lang='lat' dir='ltr'><strong>[Forte</strong></span> <span class='ocrx_word' id='word_1_406' title='bbox 819 3715 944 3788; x_wconf 86' lang='lat' dir='ltr'><strong>teg.,</strong></span> <span class='ocrx_word' id='word_1_407' title='bbox 966 3723 1027 3769; x_wconf 92' lang='lat' dir='ltr'><strong>ut</strong></span> <span class='ocrx_word' id='word_1_408' title='bbox 1042 3722 1225 3768; x_wconf 88' lang='lat' dir='ltr'><strong>rector</strong></span> <span class='ocrx_word' id='word_1_409' title='bbox 1249 3708 1479 3765; x_wconf 88' lang='lat' dir='ltr'><strong>subditis</strong></span> <span class='ocrx_word' id='word_1_410' title='bbox 1498 3721 1557 3762; x_wconf 91' lang='lat' dir='ltr'><strong>se</strong></span> <span class='ocrx_word' id='word_1_411' title='bbox 1572 3711 1799 3759; x_wconf 87' lang='lat' dir='ltr'><strong>matrem</strong></span> <span class='ocrx_word' id='word_1_412' title='bbox 1818 3701 2039 3770; x_wconf 87' lang='lat' dir='ltr'><strong>pietate,</strong></span> <span class='ocrx_word' id='word_1_413' title='bbox 2065 3695 2189 3769; x_wconf 87' lang='lat' dir='ltr'><strong>etc.]</strong></span> 
     </span>
    </p>
   </div>
   <div class='ocr_carea' id='block_1_38' title="bbox 613 3788 2191 3883">
    <p class='ocr_par' dir='ltr' id='par_1_38' title="bbox 613 3788 2191 3883">
     <span class='ocr_line' id='line_1_49' title="bbox 613 3788 2191 3883; baseline -0.018 -15"><span class='ocrx_word' id='word_1_414' title='bbox 613 3788 668 3868; x_wconf 77' lang='lat' dir='ltr'><strong>et</strong></span> <span class='ocrx_word' id='word_1_415' title='bbox 694 3819 904 3883; x_wconf 90' lang='lat' dir='ltr'><strong>patrem</strong></span> <span class='ocrx_word' id='word_1_416' title='bbox 932 3807 1186 3863; x_wconf 80' lang='lat' dir='ltr'><strong>exhibeat</strong></span> <span class='ocrx_word' id='word_1_417' title='bbox 1231 3800 1533 3869; x_wconf 86' lang='lat' dir='ltr'><strong>disciplina,</strong></span> <span class='ocrx_word' id='word_1_418' title='bbox 1594 3804 1756 3864; x_wconf 87' lang='lat' dir='ltr'><strong>atque</strong></span> <span class='ocrx_word' id='word_1_419' title='bbox 1800 3788 2191 3862; x_wconf 84' lang='lat' dir='ltr'><strong>providendum</strong></span> 
     </span>
    </p>
   </div>
   <div class='ocr_carea' id='block_1_39' title="bbox 614 3879 2194 3968">
    <p class='ocr_par' dir='ltr' id='par_1_39' title="bbox 614 3879 2194 3968">
     <span class='ocr_line' id='line_1_50' title="bbox 614 3879 2194 3968; baseline -0.017 -9"><span class='ocrx_word' id='word_1_420' title='bbox 614 3879 814 3958; x_wconf 42' lang='lat' dir='ltr'><strong>tte—aut</strong></span> <span class='ocrx_word' id='word_1_421' title='bbox 854 3897 1118 3955; x_wconf 85' lang='lat' dir='ltr'><strong>districtio</strong></span> <span class='ocrx_word' id='word_1_422' title='bbox 1146 3894 1337 3968; x_wconf 85' lang='lat' dir='ltr'><strong>rigida,</strong></span> <span class='ocrx_word' id='word_1_423' title='bbox 1367 3899 1460 3945; x_wconf 90' lang='lat' dir='ltr'><strong>aut</strong></span> <span class='ocrx_word' id='word_1_424' title='bbox 1486 3889 1657 3959; x_wconf 88' lang='lat' dir='ltr'><strong>pietas</strong></span> <span class='ocrx_word' id='word_1_425' title='bbox 1683 3886 1753 3941; x_wconf 87' lang='lat' dir='ltr'><strong>sit</strong></span> <span class='ocrx_word' id='word_1_426' title='bbox 1774 3884 2017 3939; x_wconf 89' lang='lat' dir='ltr'><strong>remissa.</strong></span> <span class='ocrx_word' id='word_1_427' title='bbox 2058 3879 2194 3933; x_wconf 85' lang='lat' dir='ltr'><strong>Nam</strong></span> 
     </span>
    </p>
   </div>
   <div class='ocr_carea' id='block_1_40' title="bbox 616 3969 2195 4064">
    <p class='ocr_par' dir='ltr' id='par_1_40' title="bbox 616 3969 2195 4064">
     <span class='ocr_line' id='line_1_51' title="bbox 616 3969 2195 4064; baseline -0.017 -14"><span class='ocrx_word' id='word_1_428' title='bbox 616 3992 896 4064; x_wconf 88' lang='lat' dir='ltr'><strong>disciplina</strong></span> <span class='ocrx_word' id='word_1_429' title='bbox 952 3989 1037 4045; x_wconf 86' lang='lat' dir='ltr'><strong>vel</strong></span> <span class='ocrx_word' id='word_1_430' title='bbox 1082 3983 1451 4043; x_wconf 82' lang='lat' dir='ltr'><strong>misericordia</strong></span> <span class='ocrx_word' id='word_1_431' title='bbox 1501 3979 1728 4035; x_wconf 90' lang='lat' dir='ltr'><strong>multum</strong></span> <span class='ocrx_word' id='word_1_432' title='bbox 1787 3973 2101 4036; x_wconf 87' lang='lat' dir='ltr'><strong>destruitur,</strong></span> <span class='ocrx_word' id='word_1_433' title='bbox 2150 3969 2195 4024; x_wconf 88' lang='lat' dir='ltr'><strong>si</strong></span> 
     </span>
    </p>
   </div>
   <div class='ocr_carea' id='block_1_41' title="bbox 614 4061 2200 4141">
    <p class='ocr_par' dir='ltr' id='par_1_41' title="bbox 614 4061 2200 4141">
     <span class='ocr_line' id='line_1_52' title="bbox 614 4061 2200 4141; baseline -0.02 1"><span class='ocrx_word' id='word_1_434' title='bbox 614 4100 721 4141; x_wconf 87' lang='lat' dir='ltr'><strong>una</strong></span> <span class='ocrx_word' id='word_1_435' title='bbox 755 4084 870 4139; x_wconf 88' lang='lat' dir='ltr'><strong>sine</strong></span> <span class='ocrx_word' id='word_1_436' title='bbox 899 4082 1067 4137; x_wconf 88' lang='lat' dir='ltr'><strong>altera</strong></span> <span class='ocrx_word' id='word_1_437' title='bbox 1104 4084 1372 4133; x_wconf 86' lang='lat' dir='ltr'><strong>teneatur.</strong></span> <span class='ocrx_word' id='word_1_438' title='bbox 1413 4072 1618 4127; x_wconf 84' lang='lat' dir='ltr'><strong>Idcirco</strong></span> <span class='ocrx_word' id='word_1_439' title='bbox 1652 4069 1707 4122; x_wconf 91' lang='lat' dir='ltr'><strong>in</strong></span> <span class='ocrx_word' id='word_1_440' title='bbox 1735 4080 1860 4119; x_wconf 87' lang='lat' dir='ltr'><strong>arca</strong></span> <span class='ocrx_word' id='word_1_441' title='bbox 1887 4072 1943 4118; x_wconf 91' lang='lat' dir='ltr'><strong>et</strong></span> <span class='ocrx_word' id='word_1_442' title='bbox 1972 4061 2122 4131; x_wconf 86' lang='lat' dir='ltr'><strong>virga</strong></span> <span class='ocrx_word' id='word_1_443' title='bbox 2144 4067 2200 4114; x_wconf 89' lang='lat' dir='ltr'><strong>et</strong></span> 
     </span>
    </p>
   </div>
   <div class='ocr_carea' id='block_1_42' title="bbox 615 4156 2198 4241">
    <p class='ocr_par' dir='ltr' id='par_1_42' title="bbox 615 4156 2198 4241">
     <span class='ocr_line' id='line_1_53' title="bbox 615 4156 2198 4241; baseline -0.016 -9"><span class='ocrx_word' id='word_1_444' title='bbox 615 4191 810 4231; x_wconf 87' lang='lat' dir='ltr'><strong>tnanna</strong></span> <span class='ocrx_word' id='word_1_445' title='bbox 856 4173 1021 4229; x_wconf 86' lang='lat' dir='ltr'><strong>fuisse</strong></span> <span class='ocrx_word' id='word_1_446' title='bbox 1058 4170 1255 4241; x_wconf 82' lang='lat' dir='ltr'><strong>legitur</strong></span> <span class='ocrx_word' id='word_1_447' title='bbox 1301 4164 1487 4238; x_wconf 83' lang='lat' dir='ltr'><strong>(Hebr.</strong></span> <span class='ocrx_word' id='word_1_448' title='bbox 1533 4178 1608 4226; x_wconf 68' lang='grc' dir='ltr'><strong>ιχ,</strong></span> <span class='ocrx_word' id='word_1_449' title='bbox 1654 4158 1741 4230; x_wconf 77' lang='grc'>4);</span> <span class='ocrx_word' id='word_1_450' title='bbox 1782 4164 1844 4212; x_wconf 91' lang='lat' dir='ltr'><strong>ut</strong></span> <span class='ocrx_word' id='word_1_451' title='bbox 1885 4156 1940 4209; x_wconf 90' lang='lat' dir='ltr'><strong>in</strong></span> <span class='ocrx_word' id='word_1_452' title='bbox 1979 4161 2198 4223; x_wconf 87' lang='lat' dir='ltr'><strong>pectore</strong></span> 
     </span>
    </p>
   </div>
   <div class='ocr_carea' id='block_1_43' title="bbox 618 4245 2201 4334">
    <p class='ocr_par' dir='ltr' id='par_1_43' title="bbox 618 4245 2201 4334">
     <span class='ocr_line' id='line_1_54' title="bbox 618 4245 2201 4334; baseline -0.018 -9"><span class='ocrx_word' id='word_1_453' title='bbox 618 4270 846 4327; x_wconf 88' lang='lat' dir='ltr'><strong>rectoris</strong></span> <span class='ocrx_word' id='word_1_454' title='bbox 882 4274 1025 4323; x_wconf 87' lang='lat' dir='ltr'><strong>esset</strong></span> <span class='ocrx_word' id='word_1_455' title='bbox 1050 4264 1201 4334; x_wconf 82' lang='lat' dir='ltr'><strong>virga</strong></span> <span class='ocrx_word' id='word_1_456' title='bbox 1229 4256 1601 4318; x_wconf 84' lang='lat' dir='ltr'><strong>districtionis,</strong></span> <span class='ocrx_word' id='word_1_457' title='bbox 1633 4261 1690 4308; x_wconf 90' lang='lat' dir='ltr'><strong>et</strong></span> <span class='ocrx_word' id='word_1_458' title='bbox 1728 4263 1928 4305; x_wconf 89' lang='lat' dir='ltr'><strong>manna</strong></span> <span class='ocrx_word' id='word_1_459' title='bbox 1965 4245 2201 4302; x_wconf 88' lang='lat' dir='ltr'><strong>dulcedi-</strong></span> 
     </span>
    </p>
   </div>
   <div class='ocr_carea' id='block_1_44' title="bbox 620 4336 2201 4426">
    <p class='ocr_par' dir='ltr' id='par_1_44' title="bbox 620 4336 2201 4426">
     <span class='ocr_line' id='line_1_55' title="bbox 620 4336 2201 4426; baseline -0.02 -10"><span class='ocrx_word' id='word_1_460' title='bbox 620 4361 723 4426; x_wconf 87' lang='lat' dir='ltr'><strong>nis,</strong></span> <span class='ocrx_word' id='word_1_461' title='bbox 752 4366 811 4415; x_wconf 86' lang='lat' dir='ltr'><strong>ut</strong></span> <span class='ocrx_word' id='word_1_462' title='bbox 840 4356 1122 4413; x_wconf 84' lang='lat' dir='ltr'><strong>Psalmista</strong></span> <span class='ocrx_word' id='word_1_463' title='bbox 1149 4368 1163 4406; x_wconf 86' lang='lat'><strong>:</strong></span> <span class='ocrx_word' id='word_1_464' title='bbox 1210 4350 1365 4420; x_wconf 80' lang='lat' dir='ltr'><strong>Virga</strong></span> <span class='ocrx_word' id='word_1_465' title='bbox 1389 4358 1480 4401; x_wconf 88' lang='lat' dir='ltr'><strong>tua</strong></span> <span class='ocrx_word' id='word_1_466' title='bbox 1503 4357 1549 4399; x_wconf 87' lang='lat' dir='ltr'><strong>et</strong></span> <span class='ocrx_word' id='word_1_467' title='bbox 1572 4340 1786 4397; x_wconf 82' lang='lat' dir='ltr'><strong>baculus</strong></span> <span class='ocrx_word' id='word_1_468' title='bbox 1811 4350 1950 4400; x_wconf 86' lang='lat' dir='ltr'><strong>tuus,</strong></span> <span class='ocrx_word' id='word_1_469' title='bbox 1982 4336 2095 4406; x_wconf 85' lang='lat' dir='ltr'><strong>ipsa</strong></span> <span class='ocrx_word' id='word_1_470' title='bbox 2120 4350 2201 4386; x_wconf 86' lang='lat' dir='ltr'><strong>me</strong></span> 
     </span>
    </p>
   </div>
   <div class='ocr_carea' id='block_1_45' title="bbox 621 4426 2204 4519">
    <p class='ocr_par' dir='ltr' id='par_1_45' title="bbox 621 4426 2204 4519">
     <span class='ocr_line' id='line_1_56' title="bbox 621 4426 2204 4519; baseline -0.016 -12"><span class='ocrx_word' id='word_1_471' title='bbox 621 4452 889 4509; x_wconf 71' lang='lat' dir='ltr'><strong>consulatu</strong></span> <span class='ocrx_word' id='word_1_472' title='bbox 927 4458 1047 4505; x_wconf 80' lang='lat' dir='ltr'><strong>sunt</strong></span> <span class='ocrx_word' id='word_1_473' title='bbox 1073 4444 1245 4519; x_wconf 79' lang='lat' dir='ltr'><strong>(Psal.</strong></span> <span class='ocrx_word' id='word_1_474' title='bbox 1294 4457 1436 4504; x_wconf 80' lang='lat' dir='ltr'><strong>mi,</strong></span> <span class='ocrx_word' id='word_1_475' title='bbox 1465 4438 1541 4508; x_wconf 79' lang='grc'><strong>4).</strong></span> <span class='ocrx_word' id='word_1_476' title='bbox 1578 4435 1662 4489; x_wconf 84' lang='lat' dir='ltr'><strong>Sit</strong></span> <span class='ocrx_word' id='word_1_477' title='bbox 1691 4433 1857 4495; x_wconf 81' lang='lat' dir='ltr'><strong>zelus,</strong></span> <span class='ocrx_word' id='word_1_478' title='bbox 1889 4429 1984 4485; x_wconf 88' lang='lat' dir='ltr'><strong>sed</strong></span> <span class='ocrx_word' id='word_1_479' title='bbox 2019 4426 2204 4482; x_wconf 85' lang='lat' dir='ltr'><strong>mode-</strong></span> 
     </span>
    </p>
   </div>
   <div class='ocr_carea' id='block_1_46' title="bbox 2250 906 3845 998">
    <p class='ocr_par' dir='ltr' id='par_1_46' title="bbox 2250 906 3845 998">
     <span class='ocr_line' id='line_1_57' title="bbox 2250 906 3845 998; baseline -0.016 -12"><span class='ocrx_word' id='word_1_480' title='bbox 2250 946 2361 986; x_wconf 71' lang='lat' dir='ltr'><strong>suze</strong></span> <span class='ocrx_word' id='word_1_481' title='bbox 2398 926 2631 998; x_wconf 67' lang='lat' dir='ltr'><strong>propria:</strong></span> <span class='ocrx_word' id='word_1_482' title='bbox 2659 921 2894 978; x_wconf 88' lang='lat' dir='ltr'><strong>civitatis</strong></span> <span class='ocrx_word' id='word_1_483' title='bbox 2926 916 3306 973; x_wconf 76' lang='lat' dir='ltr'><strong>auctoritatem</strong></span> <span class='ocrx_word' id='word_1_484' title='bbox 3339 908 3671 980; x_wconf 77' lang='lat' dir='ltr'><strong>infringere?</strong></span> <span class='ocrx_word' id='word_1_485' title='bbox 3700 906 3845 962; x_wconf 80' lang='lat' dir='ltr'><strong>Item</strong></span> 
     </span>
    </p>
   </div>
   <div class='ocr_carea' id='block_1_47' title="bbox 2251 1000 3849 1094">
    <p class='ocr_par' dir='ltr' id='par_1_47' title="bbox 2251 1000 3849 1094">
     <span class='ocr_line' id='line_1_58' title="bbox 2251 1000 3849 1094; baseline -0.016 -16"><span class='ocrx_word' id='word_1_486' title='bbox 2251 1021 2455 1094; x_wconf 88' lang='lat' dir='ltr'><strong>synodo</strong></span> <span class='ocrx_word' id='word_1_487' title='bbox 2489 1012 2861 1072; x_wconf 85' lang='lat' dir='ltr'><strong>Anrelianensi</strong></span> <span class='ocrx_word' id='word_1_488' title='bbox 2888 1009 3008 1082; x_wconf 82' lang='lat' dir='ltr'><strong>(tv),</strong></span> <span class='ocrx_word' id='word_1_489' title='bbox 3035 1023 3154 1078; x_wconf 86' lang='lat' dir='ltr'><strong>cap.</strong></span> <span class='ocrx_word' id='word_1_490' title='bbox 3183 1005 3249 1060; x_wconf 68' lang='grc'><strong>21</strong></span> <span class='ocrx_word' id='word_1_491' title='bbox 3285 1023 3299 1055; x_wconf 89' lang='lat'><strong>:</strong></span> <span class='ocrx_word' id='word_1_492' title='bbox 3331 1021 3352 1055; x_wconf 77' lang='grc' dir='ltr'><strong>ι</strong></span> <span class='ocrx_word' id='word_1_493' title='bbox 3398 1001 3460 1059; x_wconf 85' lang='lat' dir='ltr'><strong>Si</strong></span> <span class='ocrx_word' id='word_1_494' title='bbox 3499 1000 3625 1070; x_wconf 87' lang='lat' dir='ltr'><strong>quis</strong></span> <span class='ocrx_word' id='word_1_495' title='bbox 3648 1012 3849 1055; x_wconf 80' lang='lat' dir='ltr'><strong>neces-</strong></span> 
     </span>
    </p>
   </div>
   <div class='ocr_carea' id='block_1_48' title="bbox 2251 1091 3851 1179">
    <p class='ocr_par' dir='ltr' id='par_1_48' title="bbox 2251 1091 3851 1179">
     <span class='ocr_line' id='line_1_59' title="bbox 2251 1091 3851 1179; baseline -0.016 -8"><span class='ocrx_word' id='word_1_496' title='bbox 2251 1091 2428 1171; x_wconf 86' lang='lat' dir='ltr'><strong>sitatis</strong></span> <span class='ocrx_word' id='word_1_497' title='bbox 2467 1109 2778 1179; x_wconf 86' lang='lat' dir='ltr'><strong>compulsus</strong></span> <span class='ocrx_word' id='word_1_498' title='bbox 2827 1104 2893 1159; x_wconf 90' lang='lat' dir='ltr'><strong>ad</strong></span> <span class='ocrx_word' id='word_1_499' title='bbox 2942 1100 3184 1160; x_wconf 67' lang='lat' dir='ltr'><strong>ecclesia:</strong></span> <span class='ocrx_word' id='word_1_500' title='bbox 3229 1101 3380 1166; x_wconf 84' lang='lat' dir='ltr'><strong>septa</strong></span> <span class='ocrx_word' id='word_1_501' title='bbox 3417 1091 3746 1162; x_wconf 72' lang='lat' dir='ltr'><strong>confugerit,</strong></span> <span class='ocrx_word' id='word_1_502' title='bbox 3787 1097 3851 1146; x_wconf 80' lang='lat' dir='ltr'><strong>et</strong></span> 
     </span>
    </p>
   </div>
   <div class='ocr_carea' id='block_1_49' title="bbox 2254 1188 3849 1271">
    <p class='ocr_par' dir='ltr' id='par_1_49' title="bbox 2254 1188 3849 1271">
     <span class='ocr_line' id='line_1_60' title="bbox 2254 1188 3849 1271; baseline -0.015 -9"><span class='ocrx_word' id='word_1_503' title='bbox 2254 1204 2533 1263; x_wconf 88' lang='lat' dir='ltr'><strong>sacerdote</strong></span> <span class='ocrx_word' id='word_1_504' title='bbox 2560 1204 2653 1257; x_wconf 87' lang='lat' dir='ltr'><strong>seu</strong></span> <span class='ocrx_word' id='word_1_505' title='bbox 2674 1196 2978 1271; x_wconf 82' lang='lat' dir='ltr'><strong>praeposito</strong></span> <span class='ocrx_word' id='word_1_506' title='bbox 3002 1191 3246 1249; x_wconf 71' lang='lat' dir='ltr'><strong>ecclesia:</strong></span> <span class='ocrx_word' id='word_1_507' title='bbox 3280 1188 3649 1259; x_wconf 71' lang='lat' dir='ltr'><strong>prmtermisso</strong></span> <span class='ocrx_word' id='word_1_508' title='bbox 3674 1193 3849 1254; x_wconf 87' lang='lat' dir='ltr'><strong>atque</strong></span> 
     </span>
    </p>
   </div>
   <div class='ocr_carea' id='block_1_50' title="bbox 2255 1277 3851 1368">
    <p class='ocr_par' dir='ltr' id='par_1_50' title="bbox 2255 1277 3851 1368">
     <span class='ocr_line' id='line_1_61' title="bbox 2255 1277 3851 1368; baseline -0.017 -12"><span class='ocrx_word' id='word_1_509' title='bbox 2255 1304 2582 1368; x_wconf 89' lang='lat' dir='ltr'><strong>contempto,</strong></span> <span class='ocrx_word' id='word_1_510' title='bbox 2633 1308 2758 1348; x_wconf 91' lang='lat' dir='ltr'><strong>eum</strong></span> <span class='ocrx_word' id='word_1_511' title='bbox 2797 1289 3024 1360; x_wconf 85' lang='lat' dir='ltr'><strong>quisque</strong></span> <span class='ocrx_word' id='word_1_512' title='bbox 3058 1286 3126 1341; x_wconf 89' lang='lat' dir='ltr'><strong>de</strong></span> <span class='ocrx_word' id='word_1_513' title='bbox 3156 1284 3291 1339; x_wconf 87' lang='lat' dir='ltr'><strong>locis</strong></span> <span class='ocrx_word' id='word_1_514' title='bbox 3334 1281 3507 1337; x_wconf 83' lang='lat' dir='ltr'><strong>sacris</strong></span> <span class='ocrx_word' id='word_1_515' title='bbox 3530 1278 3617 1333; x_wconf 83' lang='lat' dir='ltr'><strong>vel</strong></span> <span class='ocrx_word' id='word_1_516' title='bbox 3667 1277 3851 1340; x_wconf 75' lang='lat' dir='ltr'><strong>atriis,</strong></span> 
     </span>
    </p>
   </div>
   <div class='ocr_carea' id='block_1_51' title="bbox 2258 1370 3855 1449">
    <p class='ocr_par' dir='ltr' id='par_1_51' title="bbox 2258 1370 3855 1449">
     <span class='ocr_line' id='line_1_62' title="bbox 2258 1370 3855 1449; baseline -0.016 -1"><span class='ocrx_word' id='word_1_517' title='bbox 2258 1407 2350 1449; x_wconf 88' lang='lat' dir='ltr'><strong>seu</strong></span> <span class='ocrx_word' id='word_1_518' title='bbox 2379 1392 2432 1446; x_wconf 94' lang='lat' dir='ltr'><strong>vi</strong></span> <span class='ocrx_word' id='word_1_519' title='bbox 2458 1406 2552 1445; x_wconf 91' lang='lat' dir='ltr'><strong>seu</strong></span> <span class='ocrx_word' id='word_1_520' title='bbox 2604 1387 2727 1443; x_wconf 90' lang='lat' dir='ltr'><strong>dolo</strong></span> <span class='ocrx_word' id='word_1_521' title='bbox 2769 1383 3105 1445; x_wconf 88' lang='lat' dir='ltr'><strong>abstrahere,</strong></span> <span class='ocrx_word' id='word_1_522' title='bbox 3148 1385 3242 1433; x_wconf 84' lang='lat' dir='ltr'><strong>aut</strong></span> <span class='ocrx_word' id='word_1_523' title='bbox 3275 1375 3569 1435; x_wconf 78' lang='lat' dir='ltr'><strong>sollicitare</strong></span> <span class='ocrx_word' id='word_1_524' title='bbox 3613 1370 3855 1429; x_wconf 83' lang='lat' dir='ltr'><strong>fortasse</strong></span> 
     </span>
    </p>
   </div>
   <div class='ocr_carea' id='block_1_52' title="bbox 2257 1462 3856 1556">
    <p class='ocr_par' dir='ltr' id='par_1_52' title="bbox 2257 1462 3856 1556">
     <span class='ocr_line' id='line_1_63' title="bbox 2257 1462 3856 1556; baseline -0.013 -16"><span class='ocrx_word' id='word_1_525' title='bbox 2257 1479 2683 1556; x_wconf 70' lang='lat' dir='ltr'><strong>praesumpserit,</strong></span> <span class='ocrx_word' id='word_1_526' title='bbox 2705 1484 2765 1532; x_wconf 91' lang='lat' dir='ltr'><strong>ut</strong></span> <span class='ocrx_word' id='word_1_527' title='bbox 2788 1474 3042 1531; x_wconf 89' lang='lat' dir='ltr'><strong>inimicus</strong></span> <span class='ocrx_word' id='word_1_528' title='bbox 3062 1464 3307 1527; x_wconf 68' lang='lat' dir='ltr'><strong>ecclésiat</strong></span> <span class='ocrx_word' id='word_1_529' title='bbox 3331 1468 3400 1522; x_wconf 89' lang='lat' dir='ltr'><strong>ab</strong></span> <span class='ocrx_word' id='word_1_530' title='bbox 3427 1466 3546 1536; x_wconf 81' lang='lat' dir='ltr'><strong>ejus</strong></span> <span class='ocrx_word' id='word_1_531' title='bbox 3568 1462 3856 1523; x_wconf 78' lang='lat' dir='ltr'><strong>liminibus</strong></span> 
     </span>
    </p>
   </div>
   <div class='ocr_carea' id='block_1_53' title="bbox 2260 1552 3853 1643">
    <p class='ocr_par' dir='ltr' id='par_1_53' title="bbox 2260 1552 3853 1643">
     <span class='ocr_line' id='line_1_64' title="bbox 2260 1552 3853 1643; baseline -0.016 -11"><span class='ocrx_word' id='word_1_532' title='bbox 2260 1552 2527 1639; x_wconf 76' lang='lat' dir='ltr'><strong>arceatur,</strong></span> <span class='ocrx_word' id='word_1_533' title='bbox 2572 1583 2855 1643; x_wconf 91' lang='lat' dir='ltr'><strong>quousque</strong></span> <span class='ocrx_word' id='word_1_534' title='bbox 2874 1566 3027 1635; x_wconf 80' lang='lat' dir='ltr'><strong>juxta</strong></span> <span class='ocrx_word' id='word_1_535' title='bbox 3060 1560 3330 1635; x_wconf 79' lang='lat' dir='ltr'><strong>pontiﬁcis</strong></span> <span class='ocrx_word' id='word_1_536' title='bbox 3355 1555 3744 1615; x_wconf 82' lang='lat' dir='ltr'><strong>discretionem</strong></span> <span class='ocrx_word' id='word_1_537' title='bbox 3775 1552 3853 1607; x_wconf 88' lang='lat' dir='ltr'><strong>di-</strong></span> 
     </span>
    </p>
   </div>
   <div class='ocr_carea' id='block_1_54' title="bbox 2265 1926 3854 2013">
    <p class='ocr_par' dir='ltr' id='par_1_54' title="bbox 2265 1926 3854 2013">
     <span class='ocr_line' id='line_1_65' title="bbox 2265 1926 3854 2013; baseline -0.014 -8"><span class='ocrx_word' id='word_1_538' title='bbox 2265 1955 2380 2005; x_wconf 88' lang='lat' dir='ltr'><strong>ster</strong></span> <span class='ocrx_word' id='word_1_539' title='bbox 2413 1946 2469 2003; x_wconf 91' lang='lat' dir='ltr'><strong>in</strong></span> <span class='ocrx_word' id='word_1_540' title='bbox 2497 1944 2655 2000; x_wconf 87' lang='lat' dir='ltr'><strong>titulo</strong></span> <span class='ocrx_word' id='word_1_541' title='bbox 2684 1943 2747 1998; x_wconf 76' lang='lat' dir='ltr'><strong>2i</strong></span> <span class='ocrx_word' id='word_1_542' title='bbox 2781 1939 2965 2013; x_wconf 88' lang='lat' dir='ltr'><strong>(Conc.</strong></span> <span class='ocrx_word' id='word_1_543' title='bbox 3015 1935 3194 1992; x_wconf 81' lang='lat' dir='ltr'><strong>Aurel.</strong></span> <span class='ocrx_word' id='word_1_544' title='bbox 3238 1933 3292 2006; x_wconf 85' lang='lat' dir='ltr'><strong>v)</strong></span> <span class='ocrx_word' id='word_1_545' title='bbox 3337 1952 3353 1988; x_wconf 93' lang='lat'><strong>:</strong></span> <span class='ocrx_word' id='word_1_546' title='bbox 3388 1951 3407 1985; x_wconf 75' lang='grc' dir='ltr'><strong>ι</strong></span> <span class='ocrx_word' id='word_1_547' title='bbox 3443 1932 3521 1987; x_wconf 83' lang='lat' dir='ltr'><strong>De</strong></span> <span class='ocrx_word' id='word_1_548' title='bbox 3566 1928 3744 1984; x_wconf 85' lang='lat' dir='ltr'><strong>servis</strong></span> <span class='ocrx_word' id='word_1_549' title='bbox 3768 1926 3854 1997; x_wconf 86' lang='lat' dir='ltr'><strong>qui</strong></span> 
     </span>
    </p>
   </div>
   <div class='ocr_carea' id='block_1_55' title="bbox 2266 2016 3856 2113">
    <p class='ocr_par' dir='ltr' id='par_1_55' title="bbox 2266 2016 3856 2113">
     <span class='ocr_line' id='line_1_66' title="bbox 2266 2016 3856 2113; baseline -0.016 -17"><span class='ocrx_word' id='word_1_550' title='bbox 2266 2050 2365 2113; x_wconf 89' lang='lat' dir='ltr'><strong>pro</strong></span> <span class='ocrx_word' id='word_1_551' title='bbox 2389 2037 2631 2110; x_wconf 86' lang='lat' dir='ltr'><strong>qualibet</strong></span> <span class='ocrx_word' id='word_1_552' title='bbox 2653 2035 2809 2104; x_wconf 88' lang='lat' dir='ltr'><strong>culpa</strong></span> <span class='ocrx_word' id='word_1_553' title='bbox 2837 2032 2904 2087; x_wconf 91' lang='lat' dir='ltr'><strong>ad</strong></span> <span class='ocrx_word' id='word_1_554' title='bbox 2944 2028 3191 2085; x_wconf 60' lang='lat' dir='ltr'><strong>ecclesias</strong></span> <span class='ocrx_word' id='word_1_555' title='bbox 3224 2031 3378 2094; x_wconf 79' lang='lat' dir='ltr'><strong>septa</strong></span> <span class='ocrx_word' id='word_1_556' title='bbox 3416 2019 3779 2089; x_wconf 79' lang='lat' dir='ltr'><strong>confugerint,</strong></span> <span class='ocrx_word' id='word_1_557' title='bbox 3808 2016 3856 2073; x_wconf 87' lang='lat' dir='ltr'><strong>id</strong></span> 
     </span>
    </p>
   </div>
   <div class='ocr_carea' id='block_1_56' title="bbox 2270 2109 3854 2190">
    <p class='ocr_par' dir='ltr' id='par_1_56' title="bbox 2270 2109 3854 2190">
     <span class='ocr_line' id='line_1_67' title="bbox 2270 2109 3854 2190; baseline -0.016 -2"><span class='ocrx_word' id='word_1_558' title='bbox 2270 2109 2556 2189; x_wconf 76' lang='lat' dir='ltr'><strong>statuimus</strong></span> <span class='ocrx_word' id='word_1_559' title='bbox 2583 2125 2998 2190; x_wconf 83' lang='lat' dir='ltr'><strong>observandum,</strong></span> <span class='ocrx_word' id='word_1_560' title='bbox 3022 2121 3163 2178; x_wconf 85' lang='lat' dir='ltr'><strong>sicut</strong></span> <span class='ocrx_word' id='word_1_561' title='bbox 3180 2120 3232 2173; x_wconf 85' lang='lat' dir='ltr'><strong>in</strong></span> <span class='ocrx_word' id='word_1_562' title='bbox 3255 2114 3492 2185; x_wconf 77' lang='lat' dir='ltr'><strong>antiquis</strong></span> <span class='ocrx_word' id='word_1_563' title='bbox 3510 2109 3854 2175; x_wconf 70' lang='lat' dir='ltr'><strong>constitutio-</strong></span> 
     </span>
    </p>
   </div>
   <div class='ocr_carea' id='block_1_57' title="bbox 2271 2203 3857 2288">
    <p class='ocr_par' dir='ltr' id='par_1_57' title="bbox 2271 2203 3857 2288">
     <span class='ocr_line' id='line_1_68' title="bbox 2271 2203 3857 2288; baseline -0.016 -6"><span class='ocrx_word' id='word_1_564' title='bbox 2271 2226 2430 2281; x_wconf 89' lang='lat' dir='ltr'><strong>nibus</strong></span> <span class='ocrx_word' id='word_1_565' title='bbox 2456 2229 2671 2278; x_wconf 87' lang='lat' dir='ltr'><strong>tenetur</strong></span> <span class='ocrx_word' id='word_1_566' title='bbox 2697 2219 2977 2288; x_wconf 89' lang='lat' dir='ltr'><strong>scriptum.</strong></span> <span class='ocrx_word' id='word_1_567' title='bbox 3024 2212 3131 2268; x_wconf 80' lang='lat' dir='ltr'><strong>Pro</strong></span> <span class='ocrx_word' id='word_1_568' title='bbox 3168 2224 3423 2266; x_wconf 88' lang='lat' dir='ltr'><strong>concessa</strong></span> <span class='ocrx_word' id='word_1_569' title='bbox 3453 2204 3635 2275; x_wconf 85' lang='lat' dir='ltr'><strong>culpa,</strong></span> <span class='ocrx_word' id='word_1_570' title='bbox 3666 2203 3805 2259; x_wconf 89' lang='lat' dir='ltr'><strong>datis</strong></span> <span class='ocrx_word' id='word_1_571' title='bbox 3827 2217 3857 2257; x_wconf 81' lang='lat' dir='ltr'><strong>a</strong></span> 
     </span>
    </p>
   </div>
   <div class='ocr_carea' id='block_1_58' title="bbox 2274 2294 3861 2376">
    <p class='ocr_par' dir='ltr' id='par_1_58' title="bbox 2274 2294 3861 2376">
     <span class='ocr_line' id='line_1_69' title="bbox 2274 2294 3861 2376; baseline -0.017 -3"><span class='ocrx_word' id='word_1_572' title='bbox 2274 2317 2491 2374; x_wconf 88' lang='lat' dir='ltr'><strong>domino</strong></span> <span class='ocrx_word' id='word_1_573' title='bbox 2517 2310 2892 2375; x_wconf 87' lang='lat' dir='ltr'><strong>sacramentis,</strong></span> <span class='ocrx_word' id='word_1_574' title='bbox 2933 2305 3179 2376; x_wconf 88' lang='lat' dir='ltr'><strong>quisquis</strong></span> <span class='ocrx_word' id='word_1_575' title='bbox 3212 2302 3299 2357; x_wconf 87' lang='lat' dir='ltr'><strong>ille</strong></span> <span class='ocrx_word' id='word_1_576' title='bbox 3327 2299 3513 2362; x_wconf 87' lang='lat' dir='ltr'><strong>fuerit,</strong></span> <span class='ocrx_word' id='word_1_577' title='bbox 3554 2294 3861 2366; x_wconf 76' lang='lat' dir='ltr'><strong>egrediatur</strong></span> 
     </span>
    </p>
   </div>
   <div class='ocr_carea' id='block_1_59' title="bbox 2275 2385 3860 2473">
    <p class='ocr_par' dir='ltr' id='par_1_59' title="bbox 2275 2385 3860 2473">
     <span class='ocr_line' id='line_1_70' title="bbox 2275 2385 3860 2473; baseline -0.013 -10"><span class='ocrx_word' id='word_1_578' title='bbox 2275 2409 2341 2463; x_wconf 91' lang='lat' dir='ltr'><strong>de</strong></span> <span class='ocrx_word' id='word_1_579' title='bbox 2384 2406 2537 2461; x_wconf 81' lang='lat' dir='ltr'><strong>venia</strong></span> <span class='ocrx_word' id='word_1_580' title='bbox 2583 2404 2693 2473; x_wconf 88' lang='lat' dir='ltr'><strong>jam</strong></span> <span class='ocrx_word' id='word_1_581' title='bbox 2725 2413 2969 2457; x_wconf 89' lang='lat' dir='ltr'><strong>securus.</strong></span> <span class='ocrx_word' id='word_1_582' title='bbox 3012 2396 3301 2451; x_wconf 81' lang='lat' dir='ltr'><strong>Enimvero</strong></span> <span class='ocrx_word' id='word_1_583' title='bbox 3326 2392 3373 2448; x_wconf 87' lang='lat' dir='ltr'><strong>si</strong></span> <span class='ocrx_word' id='word_1_584' title='bbox 3414 2392 3703 2447; x_wconf 81' lang='lat' dir='ltr'><strong>immemor</strong></span> <span class='ocrx_word' id='word_1_585' title='bbox 3742 2385 3860 2443; x_wconf 82' lang='lat' dir='ltr'><strong>fidei</strong></span> 
     </span>
    </p>
   </div>
   <div class='ocr_carea' id='block_1_60' title="bbox 2276 2479 3857 2552">
    <p class='ocr_par' dir='ltr' id='par_1_60' title="bbox 2276 2479 3857 2552">
     <span class='ocr_line' id='line_1_71' title="bbox 2276 2479 3857 2552; baseline -0.013 -1"><span class='ocrx_word' id='word_1_586' title='bbox 2276 2496 2526 2551; x_wconf 87' lang='lat' dir='ltr'><strong>dominus</strong></span> <span class='ocrx_word' id='word_1_587' title='bbox 2562 2490 2960 2547; x_wconf 85' lang='lat' dir='ltr'><strong>transcendisse</strong></span> <span class='ocrx_word' id='word_1_588' title='bbox 2991 2484 3328 2543; x_wconf 79' lang='lat' dir='ltr'><strong>convincitur</strong></span> <span class='ocrx_word' id='word_1_589' title='bbox 3368 2481 3514 2552; x_wconf 80' lang='lat' dir='ltr'><strong>quod</strong></span> <span class='ocrx_word' id='word_1_590' title='bbox 3534 2479 3765 2550; x_wconf 70' lang='lat' dir='ltr'><strong>iuravit,</strong></span> <span class='ocrx_word' id='word_1_591' title='bbox 3801 2483 3857 2531; x_wconf 87' lang='lat' dir='ltr'><strong>ut</strong></span> 
     </span>
    </p>
   </div>
   <div class='ocr_carea' id='block_1_61' title="bbox 2276 2568 3861 2652">
    <p class='ocr_par' dir='ltr' id='par_1_61' title="bbox 2276 2568 3861 2652">
     <span class='ocr_line' id='line_1_72' title="bbox 2276 2568 3861 2652; baseline -0.009 -14"><span class='ocrx_word' id='word_1_592' title='bbox 2276 2584 2325 2639; x_wconf 87' lang='lat' dir='ltr'><strong>is</strong></span> <span class='ocrx_word' id='word_1_593' title='bbox 2371 2583 2462 2652; x_wconf 90' lang='lat' dir='ltr'><strong>qui</strong></span> <span class='ocrx_word' id='word_1_594' title='bbox 2518 2581 2731 2635; x_wconf 84' lang='lat' dir='ltr'><strong>veniam</strong></span> <span class='ocrx_word' id='word_1_595' title='bbox 2788 2583 3089 2646; x_wconf 84' lang='lat' dir='ltr'><strong>acceperat,</strong></span> <span class='ocrx_word' id='word_1_596' title='bbox 3147 2575 3425 2644; x_wconf 87' lang='lat' dir='ltr'><strong>probatur,</strong></span> <span class='ocrx_word' id='word_1_597' title='bbox 3491 2568 3861 2627; x_wconf 84' lang='lat' dir='ltr'><strong>tantummodo</strong></span> 
     </span>
    </p>
   </div>
   <div class='ocr_carea' id='block_1_62' title="bbox 2280 2661 3862 2747">
    <p class='ocr_par' dir='ltr' id='par_1_62' title="bbox 2280 2661 3862 2747">
     <span class='ocr_line' id='line_1_73' title="bbox 2280 2661 3862 2747; baseline -0.007 -21"><span class='ocrx_word' id='word_1_598' title='bbox 2280 2672 2436 2747; x_wconf 83' lang='lat' dir='ltr'><strong>[Cod.</strong></span> <span class='ocrx_word' id='word_1_599' title='bbox 2479 2670 2617 2736; x_wconf 89' lang='lat' dir='ltr'><strong>Sal.,</strong></span> <span class='ocrx_word' id='word_1_600' title='bbox 2656 2667 3022 2740; x_wconf 83' lang='lat' dir='ltr'><strong>postmodum]</strong></span> <span class='ocrx_word' id='word_1_601' title='bbox 3051 2680 3150 2736; x_wconf 91' lang='lat' dir='ltr'><strong>pro</strong></span> <span class='ocrx_word' id='word_1_602' title='bbox 3192 2680 3258 2720; x_wconf 87' lang='lat' dir='ltr'><strong>ea</strong></span> <span class='ocrx_word' id='word_1_603' title='bbox 3299 2663 3454 2734; x_wconf 86' lang='lat' dir='ltr'><strong>culpa</strong></span> <span class='ocrx_word' id='word_1_604' title='bbox 3492 2661 3862 2733; x_wconf 77' lang='lat' dir='ltr'><strong>qualecunque</strong></span> 
     </span>
    </p>
   </div>
   <div class='ocr_carea' id='block_1_63' title="bbox 2271 2748 3861 2834">
    <p class='ocr_par' dir='ltr' id='par_1_63' title="bbox 2271 2748 3861 2834">
     <span class='ocr_line' id='line_1_74' title="bbox 2271 2748 3861 2834; baseline -0.011 -13"><span class='ocrx_word' id='word_1_605' title='bbox 2271 2764 2541 2834; x_wconf 87' lang='lat' dir='ltr'><strong>supplicio</strong></span> <span class='ocrx_word' id='word_1_606' title='bbox 2572 2762 2869 2825; x_wconf 85' lang='lat' dir='ltr'><strong>cruciatur,</strong></span> <span class='ocrx_word' id='word_1_607' title='bbox 2905 2758 3155 2815; x_wconf 90' lang='lat' dir='ltr'><strong>dominus</strong></span> <span class='ocrx_word' id='word_1_608' title='bbox 3192 2756 3283 2811; x_wconf 87' lang='lat' dir='ltr'><strong>ille</strong></span> <span class='ocrx_word' id='word_1_609' title='bbox 3316 2755 3407 2824; x_wconf 90' lang='lat' dir='ltr'><strong>qui</strong></span> <span class='ocrx_word' id='word_1_610' title='bbox 3452 2754 3741 2809; x_wconf 87' lang='lat' dir='ltr'><strong>immemor</strong></span> <span class='ocrx_word' id='word_1_611' title='bbox 3770 2748 3861 2804; x_wconf 84' lang='lat' dir='ltr'><strong>fuit</strong></span> 
     </span>
    </p>
   </div>
   <div class='ocr_carea' id='block_1_64' title="bbox 2283 2847 3854 2920">
    <p class='ocr_par' dir='ltr' id='par_1_64' title="bbox 2283 2847 3854 2920">
     <span class='ocr_line' id='line_1_75' title="bbox 2283 2847 3854 2920; baseline -0.01 -9"><span class='ocrx_word' id='word_1_612' title='bbox 2283 2857 2421 2912; x_wconf 69' lang='lat' dir='ltr'><strong>datze</strong></span> <span class='ocrx_word' id='word_1_613' title='bbox 2457 2855 2602 2920; x_wconf 74' lang='lat' dir='ltr'><strong>fidei,</strong></span> <span class='ocrx_word' id='word_1_614' title='bbox 2638 2854 2709 2908; x_wconf 87' lang='lat' dir='ltr'><strong>sit</strong></span> <span class='ocrx_word' id='word_1_615' title='bbox 2736 2853 2804 2908; x_wconf 88' lang='lat' dir='ltr'><strong>ab</strong></span> <span class='ocrx_word' id='word_1_616' title='bbox 2831 2851 3071 2906; x_wconf 88' lang='lat' dir='ltr'><strong>omnium</strong></span> <span class='ocrx_word' id='word_1_617' title='bbox 3096 2847 3476 2915; x_wconf 71' lang='lat' dir='ltr'><strong>communione</strong></span> <span class='ocrx_word' id='word_1_618' title='bbox 3499 2858 3813 2915; x_wconf 88' lang='lat' dir='ltr'><strong>suspensus.</strong></span> <span class='ocrx_word' id='word_1_619' title='bbox 3837 2860 3854 2892; x_wconf 78' lang='grc' dir='ltr'><strong>ι</strong></span> 
     </span>
    </p>
   </div>
   <div class='ocr_carea' id='block_1_65' title="bbox 2272 2934 3861 3019">
    <p class='ocr_par' dir='ltr' id='par_1_65' title="bbox 2272 2934 3861 3019">
     <span class='ocr_line' id='line_1_76' title="bbox 2272 2934 3861 3019; baseline -0.011 -14"><span class='ocrx_word' id='word_1_620' title='bbox 2272 2950 2417 3005; x_wconf 67' lang='lat' dir='ltr'><strong>.ltem</strong></span> <span class='ocrx_word' id='word_1_621' title='bbox 2456 2948 2691 3019; x_wconf 87' lang='lat' dir='ltr'><strong>synodus</strong></span> <span class='ocrx_word' id='word_1_622' title='bbox 2716 2944 3040 3017; x_wconf 81' lang='lat' dir='ltr'><strong>Agathensis</strong></span> <span class='ocrx_word' id='word_1_623' title='bbox 3086 2940 3273 3012; x_wconf 72' lang='lat' dir='ltr'><strong>(Cons.</strong></span> <span class='ocrx_word' id='word_1_624' title='bbox 3316 2937 3499 2993; x_wconf 81' lang='lat' dir='ltr'><strong>Aurel.</strong></span> <span class='ocrx_word' id='word_1_625' title='bbox 3532 2954 3551 2992; x_wconf 89' lang='grc' dir='ltr'><strong>ι</strong></span> <span class='ocrx_word' id='word_1_626' title='bbox 3575 2976 3592 3003; x_wconf 87' lang='grc'><em>,</em></span> <span class='ocrx_word' id='word_1_627' title='bbox 3622 2951 3745 3009; x_wconf 84' lang='lat' dir='ltr'><strong>cap.</strong></span> <span class='ocrx_word' id='word_1_628' title='bbox 3776 2934 3861 3004; x_wconf 80' lang='lat' dir='ltr'><strong>l):</strong></span> 
     </span>
    </p>
   </div>
   <div class='ocr_carea' id='block_1_66' title="bbox 2287 3026 3862 3112">
    <p class='ocr_par' dir='ltr' id='par_1_66' title="bbox 2287 3026 3862 3112">
     <span class='ocr_line' id='line_1_77' title="bbox 2287 3026 3862 3112; baseline -0.008 -21"><span class='ocrx_word' id='word_1_629' title='bbox 2287 3039 2334 3112; x_wconf 78' lang='grc' dir='ltr'>[ι</span> <span class='ocrx_word' id='word_1_630' title='bbox 2371 3040 2579 3095; x_wconf 89' lang='lat' dir='ltr'><strong>Placuit</strong></span> <span class='ocrx_word' id='word_1_631' title='bbox 2628 3046 2690 3094; x_wconf 89' lang='lat' dir='ltr'><strong>ut</strong></span> <span class='ocrx_word' id='word_1_632' title='bbox 2730 3036 3014 3093; x_wconf 63' lang='lat' dir='ltr'><strong>homicidae</strong></span> <span class='ocrx_word' id='word_1_633' title='bbox 3045 3050 3078 3091; x_wconf 89' lang='lat' dir='ltr'><strong>a</strong></span> <span class='ocrx_word' id='word_1_634' title='bbox 3104 3031 3314 3088; x_wconf 85' lang='lat' dir='ltr'><strong>foribus</strong></span> <span class='ocrx_word' id='word_1_635' title='bbox 3335 3028 3581 3085; x_wconf 68' lang='lat' dir='ltr'><strong>ecclesia:</strong></span> <span class='ocrx_word' id='word_1_636' title='bbox 3615 3044 3724 3084; x_wconf 89' lang='lat' dir='ltr'><strong>non</strong></span> <span class='ocrx_word' id='word_1_637' title='bbox 3765 3026 3862 3081; x_wconf 89' lang='lat' dir='ltr'><strong>cito</strong></span> 
     </span>
    </p>
   </div>
   <div class='ocr_carea' id='block_1_67' title="bbox 2286 3119 3857 3203">
    <p class='ocr_par' dir='ltr' id='par_1_67' title="bbox 2286 3119 3857 3203">
     <span class='ocr_line' id='line_1_78' title="bbox 2286 3119 3857 3203; baseline -0.008 -17"><span class='ocrx_word' id='word_1_638' title='bbox 2286 3131 2576 3203; x_wconf 87' lang='lat' dir='ltr'><strong>pellantur,</strong></span> <span class='ocrx_word' id='word_1_639' title='bbox 2606 3137 2660 3184; x_wconf 89' lang='lat' dir='ltr'><strong>et</strong></span> <span class='ocrx_word' id='word_1_640' title='bbox 2684 3131 2752 3186; x_wconf 88' lang='lat' dir='ltr'><strong>ab</strong></span> <span class='ocrx_word' id='word_1_641' title='bbox 2791 3128 2939 3185; x_wconf 90' lang='lat' dir='ltr'><strong>omni</strong></span> <span class='ocrx_word' id='word_1_642' title='bbox 2977 3139 3173 3197; x_wconf 81' lang='lat' dir='ltr'><strong>genere</strong></span> <span class='ocrx_word' id='word_1_643' title='bbox 3214 3138 3497 3195; x_wconf 84' lang='lat' dir='ltr'><strong>poenarum</strong></span> <span class='ocrx_word' id='word_1_644' title='bbox 3539 3122 3654 3176; x_wconf 87' lang='lat' dir='ltr'><strong>sint</strong></span> <span class='ocrx_word' id='word_1_645' title='bbox 3681 3119 3857 3183; x_wconf 85' lang='lat' dir='ltr'><strong>liberi;</strong></span> 
     </span>
    </p>
   </div>
   <div class='ocr_carea' id='block_1_68' title="bbox 2290 3209 3860 3315">
    <p class='ocr_par' dir='ltr' id='par_1_68' title="bbox 2290 3209 3860 3315">
     <span class='ocr_line' id='line_1_79' title="bbox 2290 3209 3860 3315; baseline -0.011 -35"><span class='ocrx_word' id='word_1_646' title='bbox 2290 3227 2363 3280; x_wconf 90' lang='lat' dir='ltr'><strong>ita</strong></span> <span class='ocrx_word' id='word_1_647' title='bbox 2396 3234 2597 3288; x_wconf 90' lang='lat' dir='ltr'><strong>tamen,</strong></span> <span class='ocrx_word' id='word_1_648' title='bbox 2627 3232 2695 3315; x_wconf 57' lang='lat' dir='ltr'><strong>ut</strong></span> <span class='ocrx_word' id='word_1_649' title='bbox 2716 3223 2794 3277; x_wconf 86' lang='lat' dir='ltr'><strong>eis</strong></span> <span class='ocrx_word' id='word_1_650' title='bbox 2845 3221 3041 3290; x_wconf 89' lang='lat' dir='ltr'><strong>quibus</strong></span> <span class='ocrx_word' id='word_1_651' title='bbox 3084 3219 3164 3274; x_wconf 86' lang='lat' dir='ltr'><strong>rei</strong></span> <span class='ocrx_word' id='word_1_652' title='bbox 3214 3225 3360 3281; x_wconf 87' lang='lat' dir='ltr'><strong>sunt,</strong></span> <span class='ocrx_word' id='word_1_653' title='bbox 3410 3214 3750 3271; x_wconf 82' lang='lat' dir='ltr'><strong>satisfaciant</strong></span> <span class='ocrx_word' id='word_1_654' title='bbox 3798 3209 3860 3283; x_wconf 72' lang='lat' dir='ltr'><strong>t].</strong></span> 
     </span>
    </p>
   </div>
   <div class='ocr_carea' id='block_1_69' title="bbox 2289 3302 3861 3387">
    <p class='ocr_par' dir='ltr' id='par_1_69' title="bbox 2289 3302 3861 3387">
     <span class='ocr_line' id='line_1_80' title="bbox 2289 3302 3861 3387; baseline -0.008 -16"><span class='ocrx_word' id='word_1_655' title='bbox 2289 3316 2422 3371; x_wconf 82' lang='lat' dir='ltr'><strong>item</strong></span> <span class='ocrx_word' id='word_1_656' title='bbox 2448 3302 3036 3387; x_wconf 55' lang='lat' dir='ltr'><strong>synodus&#39;Agathensis</strong></span> <span class='ocrx_word' id='word_1_657' title='bbox 3063 3328 3076 3363; x_wconf 91' lang='lat'>:</span> <span class='ocrx_word' id='word_1_658' title='bbox 3109 3328 3127 3361; x_wconf 84' lang='grc' dir='ltr'><strong>ι</strong></span> <span class='ocrx_word' id='word_1_659' title='bbox 3160 3309 3347 3365; x_wconf 83' lang='lat' dir='ltr'><strong>Omnis</strong></span> <span class='ocrx_word' id='word_1_660' title='bbox 3378 3306 3550 3363; x_wconf 83' lang='lat' dir='ltr'><strong>ﬁdelis</strong></span> <span class='ocrx_word' id='word_1_661' title='bbox 3576 3305 3671 3375; x_wconf 85' lang='lat' dir='ltr'><strong>qui</strong></span> <span class='ocrx_word' id='word_1_662' title='bbox 3700 3305 3756 3359; x_wconf 87' lang='lat' dir='ltr'><strong>in</strong></span> <span class='ocrx_word' id='word_1_663' title='bbox 3794 3302 3861 3359; x_wconf 82' lang='lat' dir='ltr'><strong>si-</strong></span> 
     </span>
    </p>
   </div>
   <div class='ocr_carea' id='block_1_70' title="bbox 2289 3392 3865 3472">
    <p class='ocr_par' dir='ltr' id='par_1_70' title="bbox 2289 3392 3865 3472">
     <span class='ocr_line' id='line_1_81' title="bbox 2289 3392 3865 3472; baseline -0.01 -10"><span class='ocrx_word' id='word_1_664' title='bbox 2289 3423 2419 3462; x_wconf 89' lang='lat' dir='ltr'><strong>num</strong></span> <span class='ocrx_word' id='word_1_665' title='bbox 2446 3405 2689 3461; x_wconf 70' lang='lat' dir='ltr'><strong>ecclesia:</strong></span> <span class='ocrx_word' id='word_1_666' title='bbox 2714 3402 3036 3472; x_wconf 79' lang='lat' dir='ltr'><strong>confugerit,</strong></span> <span class='ocrx_word' id='word_1_667' title='bbox 3078 3401 3184 3457; x_wconf 85' lang='lat' dir='ltr'><strong>hoc</strong></span> <span class='ocrx_word' id='word_1_668' title='bbox 3219 3409 3303 3456; x_wconf 89' lang='lat' dir='ltr'><strong>est</strong></span> <span class='ocrx_word' id='word_1_669' title='bbox 3328 3398 3536 3461; x_wconf 84' lang='lat' dir='ltr'><strong>matris,</strong></span> <span class='ocrx_word' id='word_1_670' title='bbox 3580 3412 3690 3451; x_wconf 89' lang='lat' dir='ltr'><strong>non</strong></span> <span class='ocrx_word' id='word_1_671' title='bbox 3722 3392 3865 3449; x_wconf 85' lang='lat' dir='ltr'><strong>facile</strong></span> 
     </span>
    </p>
   </div>
   <div class='ocr_carea' id='block_1_71' title="bbox 2289 3483 3867 3567">
    <p class='ocr_par' dir='ltr' id='par_1_71' title="bbox 2289 3483 3867 3567">
     <span class='ocr_line' id='line_1_82' title="bbox 2289 3483 3867 3567; baseline -0.01 -14"><span class='ocrx_word' id='word_1_672' title='bbox 2289 3498 2603 3567; x_wconf 83' lang='lat' dir='ltr'><strong>repellatur,</strong></span> <span class='ocrx_word' id='word_1_673' title='bbox 2627 3495 2718 3551; x_wconf 89' lang='lat' dir='ltr'><strong>sed</strong></span> <span class='ocrx_word' id='word_1_674' title='bbox 2747 3495 2801 3549; x_wconf 89' lang='lat' dir='ltr'><strong>in</strong></span> <span class='ocrx_word' id='word_1_675' title='bbox 2830 3508 2892 3551; x_wconf 87' lang='lat' dir='ltr'><strong>ca</strong></span> <span class='ocrx_word' id='word_1_676' title='bbox 2931 3493 3179 3555; x_wconf 77' lang='lat' dir='ltr'><strong>ecclesia,</strong></span> <span class='ocrx_word' id='word_1_677' title='bbox 3206 3498 3468 3562; x_wconf 89' lang='lat' dir='ltr'><strong>quantum</strong></span> <span class='ocrx_word' id='word_1_678' title='bbox 3502 3487 3718 3558; x_wconf 78' lang='lat' dir='ltr'><strong>iudices</strong></span> <span class='ocrx_word' id='word_1_679' title='bbox 3742 3483 3867 3539; x_wconf 78' lang='lat' dir='ltr'><strong>veri—</strong></span> 
     </span>
    </p>
   </div>
   <div class='ocr_carea' id='block_1_72' title="bbox 2292 3575 3863 3657">
    <p class='ocr_par' dir='ltr' id='par_1_72' title="bbox 2292 3575 3863 3657">
     <span class='ocr_line' id='line_1_83' title="bbox 2292 3575 3863 3657; baseline -0.008 -15"><span class='ocrx_word' id='word_1_680' title='bbox 2292 3591 2416 3643; x_wconf 89' lang='lat' dir='ltr'><strong>tatis</strong></span> <span class='ocrx_word' id='word_1_681' title='bbox 2443 3588 2819 3657; x_wconf 72' lang='lat' dir='ltr'><strong>iudicaverint,</strong></span> <span class='ocrx_word' id='word_1_682' title='bbox 2849 3585 3219 3641; x_wconf 86' lang='lat' dir='ltr'><strong>satisfactione</strong></span> <span class='ocrx_word' id='word_1_683' title='bbox 3246 3590 3487 3639; x_wconf 87' lang='lat' dir='ltr'><strong>sanetur.</strong></span> <span class='ocrx_word' id='word_1_684' title='bbox 3524 3599 3542 3633; x_wconf 76' lang='grc' dir='ltr'><strong>ι</strong></span> <span class='ocrx_word' id='word_1_685' title='bbox 3594 3579 3703 3635; x_wconf 83' lang='lat' dir='ltr'><strong>Sed</strong></span> <span class='ocrx_word' id='word_1_686' title='bbox 3727 3585 3778 3634; x_wconf 83' lang='lat' dir='ltr'><strong>et</strong></span> <span class='ocrx_word' id='word_1_687' title='bbox 3805 3575 3863 3630; x_wconf 88' lang='lat' dir='ltr'><strong>de</strong></span> 
     </span>
    </p>
   </div>
   <div class='ocr_carea' id='block_1_73' title="bbox 2289 3671 3862 3748">
    <p class='ocr_par' dir='ltr' id='par_1_73' title="bbox 2289 3671 3862 3748">
     <span class='ocr_line' id='line_1_84' title="bbox 2289 3671 3862 3748; baseline -0.01 -11"><span class='ocrx_word' id='word_1_688' title='bbox 2289 3680 2646 3737; x_wconf 88' lang='lat' dir='ltr'><strong>Constantino</strong></span> <span class='ocrx_word' id='word_1_689' title='bbox 2693 3680 3019 3748; x_wconf 85' lang='lat' dir='ltr'><strong>imperatore</strong></span> <span class='ocrx_word' id='word_1_690' title='bbox 3068 3676 3332 3746; x_wconf 83' lang='lat' dir='ltr'><strong>legimus,</strong></span> <span class='ocrx_word' id='word_1_691' title='bbox 3380 3674 3515 3729; x_wconf 88' lang='lat' dir='ltr'><strong>dum</strong></span> <span class='ocrx_word' id='word_1_692' title='bbox 3566 3671 3862 3742; x_wconf 80' lang='lat' dir='ltr'><strong>baptizatus</strong></span> 
     </span>
    </p>
   </div>
   <div class='ocr_carea' id='block_1_74' title="bbox 2294 3757 3864 3840">
    <p class='ocr_par' dir='ltr' id='par_1_74' title="bbox 2294 3757 3864 3840">
     <span class='ocr_line' id='line_1_85' title="bbox 2294 3757 3864 3840; baseline -0.01 -12"><span class='ocrx_word' id='word_1_693' title='bbox 2294 3772 2477 3837; x_wconf 87' lang='lat' dir='ltr'><strong>fuerit,</strong></span> <span class='ocrx_word' id='word_1_694' title='bbox 2510 3780 2568 3826; x_wconf 92' lang='lat' dir='ltr'><strong>ut</strong></span> <span class='ocrx_word' id='word_1_695' title='bbox 2600 3771 2686 3825; x_wconf 89' lang='lat' dir='ltr'><strong>die</strong></span> <span class='ocrx_word' id='word_1_696' title='bbox 2725 3777 2920 3839; x_wconf 88' lang='lat' dir='ltr'><strong>quarta</strong></span> <span class='ocrx_word' id='word_1_697' title='bbox 2954 3766 3109 3840; x_wconf 81' lang='grc' dir='ltr'>[ϐοά.</span> <span class='ocrx_word' id='word_1_698' title='bbox 3145 3765 3283 3833; x_wconf 84' lang='lat' dir='ltr'><strong>Sal.,</strong></span> <span class='ocrx_word' id='word_1_699' title='bbox 3314 3765 3434 3831; x_wconf 91' lang='lat' dir='ltr'><strong>fuit,</strong></span> <span class='ocrx_word' id='word_1_700' title='bbox 3460 3772 3521 3823; x_wconf 76' lang='lat' dir='ltr'><strong>ul</strong></span> <span class='ocrx_word' id='word_1_701' title='bbox 3548 3764 3637 3819; x_wconf 90' lang='lat' dir='ltr'><strong>die</strong></span> <span class='ocrx_word' id='word_1_702' title='bbox 3674 3757 3864 3833; x_wconf 81' lang='lat' dir='ltr'><strong>quinta]</strong></span> 
     </span>
    </p>
   </div>
   <div class='ocr_carea' id='block_1_75' title="bbox 2293 3851 3872 3933">
    <p class='ocr_par' dir='ltr' id='par_1_75' title="bbox 2293 3851 3872 3933">
     <span class='ocr_line' id='line_1_86' title="bbox 2293 3851 3872 3933; baseline -0.01 -15"><span class='ocrx_word' id='word_1_703' title='bbox 2293 3862 2599 3933; x_wconf 86' lang='lat' dir='ltr'><strong>hujusmodi</strong></span> <span class='ocrx_word' id='word_1_704' title='bbox 2644 3859 2924 3915; x_wconf 85' lang='lat' dir='ltr'><strong>statuisset</strong></span> <span class='ocrx_word' id='word_1_705' title='bbox 2970 3858 3161 3928; x_wconf 89' lang='lat' dir='ltr'><strong>legem,</strong></span> <span class='ocrx_word' id='word_1_706' title='bbox 3200 3864 3260 3911; x_wconf 89' lang='lat' dir='ltr'><strong>ut</strong></span> <span class='ocrx_word' id='word_1_707' title='bbox 3312 3857 3367 3911; x_wconf 91' lang='lat' dir='ltr'><strong>in</strong></span> <span class='ocrx_word' id='word_1_708' title='bbox 3413 3869 3737 3925; x_wconf 88' lang='lat' dir='ltr'><strong>quocunque</strong></span> <span class='ocrx_word' id='word_1_709' title='bbox 3767 3851 3872 3905; x_wconf 83' lang='lat' dir='ltr'><strong>loco</strong></span> 
     </span>
    </p>
   </div>
   <div class='ocr_carea' id='block_1_76' title="bbox 2296 3946 3872 4017">
    <p class='ocr_par' dir='ltr' id='par_1_76' title="bbox 2296 3946 3872 4017">
     <span class='ocr_line' id='line_1_87' title="bbox 2296 3946 3872 4017; baseline -0.008 -9"><span class='ocrx_word' id='word_1_710' title='bbox 2296 3954 2457 4009; x_wconf 88' lang='lat' dir='ltr'><strong>fuerit</strong></span> <span class='ocrx_word' id='word_1_711' title='bbox 2498 3952 2758 4008; x_wconf 87' lang='lat' dir='ltr'><strong>fabricata</strong></span> <span class='ocrx_word' id='word_1_712' title='bbox 2787 3951 3037 4017; x_wconf 86' lang='lat' dir='ltr'><strong>ecclesia,</strong></span> <span class='ocrx_word' id='word_1_713' title='bbox 3082 3947 3508 4005; x_wconf 84' lang='lat' dir='ltr'><strong>consecrationis</strong></span> <span class='ocrx_word' id='word_1_714' title='bbox 3532 3946 3677 4002; x_wconf 87' lang='lat' dir='ltr'><strong>hanc</strong></span> <span class='ocrx_word' id='word_1_715' title='bbox 3711 3946 3872 3998; x_wconf 83' lang='lat' dir='ltr'><strong>virtu-</strong></span> 
     </span>
    </p>
   </div>
   <div class='ocr_carea' id='block_1_77' title="bbox 2302 4034 3871 4113">
    <p class='ocr_par' dir='ltr' id='par_1_77' title="bbox 2302 4034 3871 4113">
     <span class='ocr_line' id='line_1_88' title="bbox 2302 4034 3871 4113; baseline -0.011 -11"><span class='ocrx_word' id='word_1_716' title='bbox 2302 4060 2406 4103; x_wconf 88' lang='lat' dir='ltr'><strong>tem</strong></span> <span class='ocrx_word' id='word_1_717' title='bbox 2455 4046 2737 4105; x_wconf 80' lang='lat' dir='ltr'><strong>obtineat:</strong></span> <span class='ocrx_word' id='word_1_718' title='bbox 2793 4052 2854 4098; x_wconf 91' lang='lat' dir='ltr'><strong>ut</strong></span> <span class='ocrx_word' id='word_1_719' title='bbox 2908 4043 3215 4113; x_wconf 89' lang='lat' dir='ltr'><strong>quicunque</strong></span> <span class='ocrx_word' id='word_1_720' title='bbox 3258 4056 3385 4096; x_wconf 88' lang='lat' dir='ltr'><strong>reus</strong></span> <span class='ocrx_word' id='word_1_721' title='bbox 3415 4040 3469 4095; x_wconf 82' lang='lat' dir='ltr'><strong>in</strong></span> <span class='ocrx_word' id='word_1_722' title='bbox 3500 4054 3621 4094; x_wconf 81' lang='lat' dir='ltr'><strong>eam</strong></span> <span class='ocrx_word' id='word_1_723' title='bbox 3667 4034 3871 4108; x_wconf 84' lang='lat' dir='ltr'><strong>fugerit,</strong></span> 
     </span>
    </p>
   </div>
   <div class='ocr_carea' id='block_1_78' title="bbox 2291 4125 3875 4211">
    <p class='ocr_par' dir='ltr' id='par_1_78' title="bbox 2291 4125 3875 4211">
     <span class='ocr_line' id='line_1_89' title="bbox 2291 4125 3875 4211; baseline -0.011 -15"><span class='ocrx_word' id='word_1_724' title='bbox 2291 4140 2492 4211; x_wconf 86' lang='lat' dir='ltr'><strong>judicis</strong></span> <span class='ocrx_word' id='word_1_725' title='bbox 2554 4138 2834 4209; x_wconf 85' lang='lat' dir='ltr'><strong>periculo,</strong></span> <span class='ocrx_word' id='word_1_726' title='bbox 2897 4137 2990 4207; x_wconf 90' lang='lat' dir='ltr'><strong>qui</strong></span> <span class='ocrx_word' id='word_1_727' title='bbox 3053 4137 3107 4191; x_wconf 90' lang='lat' dir='ltr'><strong>in</strong></span> <span class='ocrx_word' id='word_1_728' title='bbox 3156 4133 3411 4206; x_wconf 65' lang='lat' dir='ltr'><strong>praesenti</strong></span> <span class='ocrx_word' id='word_1_729' title='bbox 3460 4130 3646 4195; x_wconf 85' lang='lat' dir='ltr'><strong>fuerit,</strong></span> <span class='ocrx_word' id='word_1_730' title='bbox 3700 4125 3875 4183; x_wconf 49' lang='lat' dir='ltr'><strong>defen‘</strong></span> 
     </span>
    </p>
   </div>
   <div class='ocr_carea' id='block_1_79' title="bbox 2300 4222 3875 4299">
    <p class='ocr_par' dir='ltr' id='par_1_79' title="bbox 2300 4222 3875 4299">
     <span class='ocr_line' id='line_1_90' title="bbox 2300 4222 3875 4299; baseline -0.011 -12"><span class='ocrx_word' id='word_1_731' title='bbox 2300 4241 2468 4288; x_wconf 88' lang='lat' dir='ltr'><strong>setur.</strong></span> <span class='ocrx_word' id='word_1_732' title='bbox 2531 4230 2638 4285; x_wconf 90' lang='lat' dir='ltr'><strong>Sed</strong></span> <span class='ocrx_word' id='word_1_733' title='bbox 2682 4237 2739 4285; x_wconf 90' lang='lat' dir='ltr'><strong>et</strong></span> <span class='ocrx_word' id='word_1_734' title='bbox 2773 4227 3075 4299; x_wconf 85' lang='lat' dir='ltr'><strong>perspectis</strong></span> <span class='ocrx_word' id='word_1_735' title='bbox 3127 4224 3456 4287; x_wconf 83' lang='lat' dir='ltr'><strong>cautissimis</strong></span> <span class='ocrx_word' id='word_1_736' title='bbox 3516 4222 3875 4277; x_wconf 79' lang='lat' dir='ltr'><strong>Romanorum</strong></span> 
     </span>
    </p>
   </div>
   <div class='ocr_carea' id='block_1_80' title="bbox 2300 4306 3877 4389">
    <p class='ocr_par' dir='ltr' id='par_1_80' title="bbox 2300 4306 3877 4389">
     <span class='ocr_line' id='line_1_91' title="bbox 2300 4306 3877 4389; baseline -0.013 -12"><span class='ocrx_word' id='word_1_737' title='bbox 2300 4324 2452 4377; x_wconf 89' lang='lat' dir='ltr'><strong>libris</strong></span> <span class='ocrx_word' id='word_1_738' title='bbox 2481 4322 2554 4376; x_wconf 91' lang='lat' dir='ltr'><strong>ita</strong></span> <span class='ocrx_word' id='word_1_739' title='bbox 2584 4321 2648 4375; x_wconf 89' lang='lat' dir='ltr'><strong>de</strong></span> <span class='ocrx_word' id='word_1_740' title='bbox 2688 4319 2922 4389; x_wconf 82' lang='lat' dir='ltr'><strong>fugitivis</strong></span> <span class='ocrx_word' id='word_1_741' title='bbox 2947 4318 3012 4372; x_wconf 90' lang='lat' dir='ltr'><strong>ad</strong></span> <span class='ocrx_word' id='word_1_742' title='bbox 3051 4316 3292 4372; x_wconf 65' lang='lat' dir='ltr'><strong>ecclesia:</strong></span> <span class='ocrx_word' id='word_1_743' title='bbox 3319 4311 3606 4383; x_wconf 85' lang='lat' dir='ltr'><strong>cujuslibet</strong></span> <span class='ocrx_word' id='word_1_744' title='bbox 3635 4306 3877 4377; x_wconf 76' lang='lat' dir='ltr'><strong>suffragia</strong></span> 
     </span>
    </p>
   </div>
   <div class='ocr_carea' id='block_1_81' title="bbox 2302 4398 3876 4481">
    <p class='ocr_par' dir='ltr' id='par_1_81' title="bbox 2302 4398 3876 4481">
     <span class='ocr_line' id='line_1_92' title="bbox 2302 4398 3876 4481; baseline -0.012 -12"><span class='ocrx_word' id='word_1_745' title='bbox 2302 4413 2603 4469; x_wconf 87' lang='lat' dir='ltr'><strong>invenimus</strong></span> <span class='ocrx_word' id='word_1_746' title='bbox 2629 4413 2912 4481; x_wconf 86' lang='lat' dir='ltr'><strong>scriptum,</strong></span> <span class='ocrx_word' id='word_1_747' title='bbox 2943 4408 3030 4464; x_wconf 88' lang='lat' dir='ltr'><strong>vel</strong></span> <span class='ocrx_word' id='word_1_748' title='bbox 3058 4409 3122 4467; x_wconf 88' lang='lat' dir='ltr'><strong>de</strong></span> <span class='ocrx_word' id='word_1_749' title='bbox 3149 4407 3228 4463; x_wconf 88' lang='lat' dir='ltr'><strong>eis</strong></span> <span class='ocrx_word' id='word_1_750' title='bbox 3265 4406 3355 4475; x_wconf 88' lang='lat' dir='ltr'><strong>qui</strong></span> <span class='ocrx_word' id='word_1_751' title='bbox 3397 4403 3670 4463; x_wconf 62' lang='lat' dir='ltr'><strong>Caesarem</strong></span> <span class='ocrx_word' id='word_1_752' title='bbox 3703 4398 3876 4471; x_wconf 88' lang='lat' dir='ltr'><strong>appel-</strong></span> 
     </span>
    </p>
   </div>
   <div class='ocr_carea' id='block_1_82' title="bbox 622 4492 3881 4610">
    <p class='ocr_par' dir='ltr' id='par_1_82' title="bbox 622 4492 3881 4610">
     <span class='ocr_line' id='line_1_93' title="bbox 622 4492 3881 4610; baseline -0.009 -39"><span class='ocrx_word' id='word_1_753' title='bbox 622 4552 739 4601; x_wconf 56' lang='grc' dir='ltr'><strong>ηιιο</strong></span> <span class='ocrx_word' id='word_1_754' title='bbox 767 4542 996 4601; x_wconf 38' lang='lat' dir='ltr'><strong>saeviens</strong></span> <span class='ocrx_word' id='word_1_755' title='bbox 1053 4492 1208 4610; x_wconf 34' lang='lat' dir='ltr'><strong>[bodn</strong></span> <span class='ocrx_word' id='word_1_756' title='bbox 1246 4531 1393 4596; x_wconf 38' lang='lat' dir='ltr'><strong>Vm”</strong></span> <span class='ocrx_word' id='word_1_757' title='bbox 1425 4492 1700 4594; x_wconf 43' lang='lat' dir='ltr'><strong>&#39;Se‘lmms].</strong></span> <span class='ocrx_word' id='word_1_758' title='bbox 1753 4492 2063 4602; x_wconf 38' lang='lat' dir='ltr'><strong>Sapiens,</strong></span> <span class='ocrx_word' id='word_1_759' title='bbox 2109 4515 2202 4571; x_wconf 72' lang='lat' dir='ltr'><strong>sed</strong></span> <span class='ocrx_word' id='word_1_760' title='bbox 2233 4569 2285 4610; x_wconf 57' lang='grc' dir='ltr'><strong>ῃ</strong></span> <span class='ocrx_word' id='word_1_761' title='bbox 2304 4504 2533 4569; x_wconf 87' lang='lat' dir='ltr'><strong>lant,vel</strong></span> <span class='ocrx_word' id='word_1_762' title='bbox 2571 4504 2639 4558; x_wconf 87' lang='lat' dir='ltr'><strong>ad</strong></span> <span class='ocrx_word' id='word_1_763' title='bbox 2658 4503 2953 4573; x_wconf 88' lang='lat' dir='ltr'><strong>principem</strong></span> <span class='ocrx_word' id='word_1_764' title='bbox 2984 4496 3455 4566; x_wconf 83' lang='lat' dir='ltr'><strong>seduciﬂagitant.</strong></span> <span class='ocrx_word' id='word_1_765' title='bbox 3475 4492 3815 4547; x_wconf 85' lang='lat' dir='ltr'><strong>Theodosius</strong></span> <span class='ocrx_word' id='word_1_766' title='bbox 3831 4492 3881 4542; x_wconf 79' lang='lat' dir='ltr'><strong>et</strong></span> 
     </span>
     <span class='ocr_line' id='line_1_94' title="bbox 2311 4580 3877 4610; baseline 0 0"><span class='ocrx_word' id='word_1_767' title='bbox 2311 4598 2353 4610; x_wconf 63' lang='grc' dir='ltr'><strong>ετ</strong></span> <span class='ocrx_word' id='word_1_768' title='bbox 2394 4596 2405 4610; x_wconf 84' lang='grc' dir='ltr'><strong>ι</strong></span> <span class='ocrx_word' id='word_1_769' title='bbox 2485 4596 2520 4610; x_wconf 81' lang='lat'><strong>-.</strong></span> <span class='ocrx_word' id='word_1_770' title='bbox 2567 4596 2577 4606; x_wconf 78' lang='grc' dir='ltr'>ι</span> <span class='ocrx_word' id='word_1_771' title='bbox 2756 4593 2772 4610; x_wconf 74' lang='grc' dir='ltr'><strong>Δ</strong></span> <span class='ocrx_word' id='word_1_772' title='bbox 2840 4609 2844 4610; x_wconf 27' lang='grc' dir='ltr'><em>γ</em></span> <span class='ocrx_word' id='word_1_773' title='bbox 2913 4590 3162 4610; x_wconf 45' lang='grc' dir='ltr'><strong>ι-.εᾼ-ι-</strong></span> <span class='ocrx_word' id='word_1_774' title='bbox 3198 4586 3456 4610; x_wconf 49' lang='grc' dir='ltr'><strong>..μμρλμιιι</strong></span> <span class='ocrx_word' id='word_1_775' title='bbox 3480 4583 3740 4610; x_wconf 49' lang='lat' dir='ltr'><strong>nmen—5.</strong></span> <span class='ocrx_word' id='word_1_776' title='bbox 3769 4580 3877 4610; x_wconf 62' lang='lat' dir='ltr'><strong>Aula</strong></span> 
     </span>
    </p>
   </div>
   <div class='ocr_carea' id='block_1_83' title="bbox 622 4623 1610 4704">
    <p class='ocr_par' dir='ltr' id='par_1_83' title="bbox 622 4623 1610 4704">
     <span class='ocr_line' id='line_1_95' title="bbox 622 4623 1610 4704; baseline -0.023 -14"><span class='ocrx_word' id='word_1_777' title='bbox 622 4651 730 4690; x_wconf 89' lang='lat' dir='ltr'><strong>non</strong></span> <span class='ocrx_word' id='word_1_778' title='bbox 750 4634 872 4704; x_wconf 91' lang='lat' dir='ltr'><strong>plus</strong></span> <span class='ocrx_word' id='word_1_779' title='bbox 893 4646 1056 4702; x_wconf 87' lang='lat' dir='ltr'><strong>quam</strong></span> <span class='ocrx_word' id='word_1_780' title='bbox 1092 4623 1345 4698; x_wconf 87' lang='lat' dir='ltr'><strong>expediat</strong></span> <span class='ocrx_word' id='word_1_781' title='bbox 1362 4630 1610 4688; x_wconf 89' lang='lat' dir='ltr'><strong>parcens.</strong></span> 
     </span>
    </p>
   </div>
   <div class='ocr_carea' id='block_1_84' title="bbox 2228 4569 3880 4663">
    <p class='ocr_par' dir='ltr' id='par_1_84' title="bbox 2228 4569 3880 4663">
     <span class='ocr_line' id='line_1_96' title="bbox 2228 4569 3880 4663; baseline -0.011 -11"><span class='ocrx_word' id='word_1_782' title='bbox 2228 4569 2285 4633; x_wconf 64' lang='grc' dir='ltr'><strong>Β</strong></span> <span class='ocrx_word' id='word_1_783' title='bbox 2311 4569 2720 4651; x_wconf 80' lang='lat' dir='ltr'><strong>Valentinianus</strong></span> <span class='ocrx_word' id='word_1_784' title='bbox 2743 4569 2881 4663; x_wconf 71' lang='lat' dir='ltr'><strong>Aug.</strong></span> <span class='ocrx_word' id='word_1_785' title='bbox 2901 4590 3168 4645; x_wconf 81' lang='lat' dir='ltr'><strong>Antiocho</strong></span> <span class='ocrx_word' id='word_1_786' title='bbox 3198 4586 3461 4660; x_wconf 87' lang='lat' dir='ltr'><strong>praefecto</strong></span> <span class='ocrx_word' id='word_1_787' title='bbox 3480 4583 3742 4654; x_wconf 75' lang='lat' dir='ltr'><strong>praetorio</strong></span> <span class='ocrx_word' id='word_1_788' title='bbox 3767 4580 3880 4635; x_wconf 84' lang='lat' dir='ltr'><strong>data</strong></span> 
     </span>
    </p>
   </div>
   <div class='ocr_carea' id='block_1_85' title="bbox 696 4672 3884 4787">
    <p class='ocr_par' dir='ltr' id='par_1_85' title="bbox 696 4672 3884 4787">
     <span class='ocr_line' id='line_1_97' title="bbox 696 4672 3884 4787; baseline -0.013 -20"><span class='ocrx_word' id='word_1_789' title='bbox 696 4672 1638 4787; x_wconf 35' lang='lat' dir='ltr'><strong>geyféggggmgmvss</strong></span> <span class='ocrx_word' id='word_1_790' title='bbox 1663 4703 1731 4758; x_wconf 79' lang='lat' dir='ltr'><strong>ad</strong></span> <span class='ocrx_word' id='word_1_791' title='bbox 1765 4699 2047 4759; x_wconf 75' lang='lat' dir='ltr'><strong>ecclesiam</strong></span> <span class='ocrx_word' id='word_1_792' title='bbox 2082 4714 2206 4753; x_wconf 74' lang='lat' dir='ltr'><strong>san-</strong></span> <span class='ocrx_word' id='word_1_793' title='bbox 2310 4703 2346 4741; x_wconf 84' lang='lat' dir='ltr'><strong>x</strong></span> <span class='ocrx_word' id='word_1_794' title='bbox 2373 4684 2713 4754; x_wconf 83' lang='lat' dir='ltr'><strong>Kal.Aprilis</strong></span> <span class='ocrx_word' id='word_1_795' title='bbox 2736 4680 3256 4750; x_wconf 86' lang='lat' dir='ltr'><strong>Constantinopolim</strong></span> <span class='ocrx_word' id='word_1_796' title='bbox 3281 4676 3435 4751; x_wconf 90' lang='grc' dir='ltr'>[ϐοά.</span> <span class='ocrx_word' id='word_1_797' title='bbox 3468 4672 3884 4740; x_wconf 82' lang='lat' dir='ltr'><strong>Vat.,Constan-</strong></span> 
     </span>
    </p>
   </div>
   <div class='ocr_carea' id='block_1_86' title="bbox 625 4791 2205 4880">
    <p class='ocr_par' dir='ltr' id='par_1_86' title="bbox 625 4791 2205 4880">
     <span class='ocr_line' id='line_1_98' title="bbox 625 4791 2205 4880; baseline -0.023 1"><span class='ocrx_word' id='word_1_798' title='bbox 625 4824 699 4880; x_wconf 91' lang='lat' dir='ltr'><strong>eti</strong></span> <span class='ocrx_word' id='word_1_799' title='bbox 756 4831 992 4877; x_wconf 88' lang='lat' dir='ltr'><strong>canones</strong></span> <span class='ocrx_word' id='word_1_800' title='bbox 1041 4816 1299 4869; x_wconf 89' lang='lat' dir='ltr'><strong>censeant</strong></span> <span class='ocrx_word' id='word_1_801' title='bbox 1350 4817 1397 4858; x_wconf 76' lang='grc' dir='ltr'>ιι.</span> <span class='ocrx_word' id='word_1_802' title='bbox 1451 4802 1505 4855; x_wconf 92' lang='lat' dir='ltr'><strong>ln</strong></span> <span class='ocrx_word' id='word_1_803' title='bbox 1561 4812 1771 4856; x_wconf 90' lang='lat' dir='ltr'><strong>canone</strong></span> <span class='ocrx_word' id='word_1_804' title='bbox 1829 4791 2205 4849; x_wconf 83' lang='lat' dir='ltr'><strong>Aurelianensi</strong></span> 
     </span>
    </p>
   </div>
   <div class='ocr_carea' id='block_1_87' title="bbox 629 4883 2209 4986">
    <p class='ocr_par' dir='ltr' id='par_1_87' title="bbox 629 4883 2209 4986">
     <span class='ocr_line' id='line_1_99' title="bbox 629 4883 2209 4986; baseline -0.023 -15"><span class='ocrx_word' id='word_1_805' title='bbox 629 4911 813 4986; x_wconf 75' lang='lat' dir='ltr'><strong>(Cone.</strong></span> <span class='ocrx_word' id='word_1_806' title='bbox 862 4904 1041 4963; x_wconf 79' lang='lat' dir='ltr'><strong>Aurel.</strong></span> <span class='ocrx_word' id='word_1_807' title='bbox 1079 4902 1119 4975; x_wconf 89' lang='grc' dir='ltr'>ι)</span> <span class='ocrx_word' id='word_1_808' title='bbox 1147 4916 1265 4970; x_wconf 89' lang='lat' dir='ltr'><strong>cap.</strong></span> <span class='ocrx_word' id='word_1_809' title='bbox 1305 4898 1359 4963; x_wconf 79' lang='lat' dir='ltr'><strong>l,</strong></span> <span class='ocrx_word' id='word_1_810' title='bbox 1401 4894 1598 4965; x_wconf 85' lang='lat' dir='ltr'><strong>legitur</strong></span> <span class='ocrx_word' id='word_1_811' title='bbox 1626 4906 1641 4945; x_wconf 90' lang='lat'><strong>:</strong></span> <span class='ocrx_word' id='word_1_812' title='bbox 1666 4906 1696 4941; x_wconf 81' lang='grc'><strong>’(</strong></span> <span class='ocrx_word' id='word_1_813' title='bbox 1746 4888 1823 4943; x_wconf 89' lang='lat' dir='ltr'><strong>De</strong></span> <span class='ocrx_word' id='word_1_814' title='bbox 1846 4883 2130 4942; x_wconf 85' lang='lat' dir='ltr'><strong>bomicidis</strong></span> <span class='ocrx_word' id='word_1_815' title='bbox 2153 4889 2209 4936; x_wconf 91' lang='lat' dir='ltr'><strong>et</strong></span> 
     </span>
    </p>
   </div>
   <div class='ocr_carea' id='block_1_88' title="bbox 629 4973 2210 5062">
    <p class='ocr_par' dir='ltr' id='par_1_88' title="bbox 629 4973 2210 5062">
     <span class='ocr_line' id='line_1_100' title="bbox 629 4973 2210 5062; baseline -0.023 -1"><span class='ocrx_word' id='word_1_816' title='bbox 629 4973 886 5062; x_wconf 73' lang='lat' dir='ltr'><strong>adulteris</strong></span> <span class='ocrx_word' id='word_1_817' title='bbox 911 5005 969 5053; x_wconf 90' lang='lat' dir='ltr'><strong>et</strong></span> <span class='ocrx_word' id='word_1_818' title='bbox 1010 4973 1243 5056; x_wconf 86' lang='lat' dir='ltr'><strong>furibus,</strong></span> <span class='ocrx_word' id='word_1_819' title='bbox 1275 4990 1321 5047; x_wconf 88' lang='lat' dir='ltr'><strong>si</strong></span> <span class='ocrx_word' id='word_1_820' title='bbox 1362 4989 1428 5044; x_wconf 90' lang='lat' dir='ltr'><strong>ad</strong></span> <span class='ocrx_word' id='word_1_821' title='bbox 1459 4983 1743 5043; x_wconf 91' lang='lat' dir='ltr'><strong>ecclesiam</strong></span> <span class='ocrx_word' id='word_1_822' title='bbox 1772 4976 2125 5048; x_wconf 84' lang='lat' dir='ltr'><strong>confugerint,</strong></span> <span class='ocrx_word' id='word_1_823' title='bbox 2156 4973 2210 5027; x_wconf 88' lang='lat' dir='ltr'><strong>id</strong></span> 
     </span>
    </p>
   </div>
   <div class='ocr_carea' id='block_1_89' title="bbox 631 5068 2210 5158">
    <p class='ocr_par' dir='ltr' id='par_1_89' title="bbox 631 5068 2210 5158">
     <span class='ocr_line' id='line_1_101' title="bbox 631 5068 2210 5158; baseline -0.021 -6"><span class='ocrx_word' id='word_1_824' title='bbox 631 5092 1008 5153; x_wconf 88' lang='lat' dir='ltr'><strong>constituimus</strong></span> <span class='ocrx_word' id='word_1_825' title='bbox 1056 5084 1211 5158; x_wconf 81' lang='grc' dir='ltr'>[ϐοά.</span> <span class='ocrx_word' id='word_1_826' title='bbox 1253 5081 1403 5146; x_wconf 88' lang='lat' dir='ltr'><strong>Sal.,</strong></span> <span class='ocrx_word' id='word_1_827' title='bbox 1456 5073 1768 5146; x_wconf 87' lang='lat' dir='ltr'><strong>statuimus]</strong></span> <span class='ocrx_word' id='word_1_828' title='bbox 1816 5068 2210 5126; x_wconf 78' lang='lat' dir='ltr'><strong>observandum</strong></span> 
     </span>
    </p>
   </div>
   <div class='ocr_carea' id='block_1_90' title="bbox 632 5158 2213 5256">
    <p class='ocr_par' dir='ltr' id='par_1_90' title="bbox 632 5158 2213 5256">
     <span class='ocr_line' id='line_1_102' title="bbox 632 5158 2213 5256; baseline -0.02 -14"><span class='ocrx_word' id='word_1_829' title='bbox 632 5184 779 5256; x_wconf 91' lang='lat' dir='ltr'><strong>quod</strong></span> <span class='ocrx_word' id='word_1_830' title='bbox 817 5175 1168 5237; x_wconf 86' lang='lat' dir='ltr'><strong>ecclesiastici</strong></span> <span class='ocrx_word' id='word_1_831' title='bbox 1207 5185 1441 5229; x_wconf 85' lang='lat' dir='ltr'><strong>canones</strong></span> <span class='ocrx_word' id='word_1_832' title='bbox 1483 5170 1841 5224; x_wconf 88' lang='lat' dir='ltr'><strong>decreverunt</strong></span> <span class='ocrx_word' id='word_1_833' title='bbox 1868 5170 1925 5217; x_wconf 91' lang='lat' dir='ltr'><strong>et</strong></span> <span class='ocrx_word' id='word_1_834' title='bbox 1973 5159 2059 5213; x_wconf 81' lang='lat' dir='ltr'><strong>lex</strong></span> <span class='ocrx_word' id='word_1_835' title='bbox 2107 5158 2213 5212; x_wconf 73' lang='lat' dir='ltr'><strong>llo-</strong></span> 
     </span>
    </p>
   </div>
   <div class='ocr_carea' id='block_1_91' title="bbox 633 5249 2214 5331">
    <p class='ocr_par' dir='ltr' id='par_1_91' title="bbox 633 5249 2214 5331">
     <span class='ocr_line' id='line_1_103' title="bbox 633 5249 2214 5331; baseline -0.018 -2"><span class='ocrx_word' id='word_1_836' title='bbox 633 5288 794 5330; x_wconf 85' lang='lat' dir='ltr'><strong>mana</strong></span> <span class='ocrx_word' id='word_1_837' title='bbox 830 5267 1130 5331; x_wconf 88' lang='lat' dir='ltr'><strong>constituit,</strong></span> <span class='ocrx_word' id='word_1_838' title='bbox 1162 5272 1224 5319; x_wconf 92' lang='lat' dir='ltr'><strong>ut</strong></span> <span class='ocrx_word' id='word_1_839' title='bbox 1257 5264 1324 5317; x_wconf 89' lang='lat' dir='ltr'><strong>ab</strong></span> <span class='ocrx_word' id='word_1_840' title='bbox 1348 5260 1597 5331; x_wconf 62' lang='lat' dir='ltr'><strong>ecclesia:</strong></span> <span class='ocrx_word' id='word_1_841' title='bbox 1616 5257 1773 5313; x_wconf 89' lang='lat' dir='ltr'><strong>atriis</strong></span> <span class='ocrx_word' id='word_1_842' title='bbox 1800 5253 1885 5310; x_wconf 90' lang='lat' dir='ltr'><strong>vel</strong></span> <span class='ocrx_word' id='word_1_843' title='bbox 1919 5254 2078 5307; x_wconf 88' lang='lat' dir='ltr'><strong>domo</strong></span> <span class='ocrx_word' id='word_1_844' title='bbox 2102 5249 2214 5319; x_wconf 89' lang='lat' dir='ltr'><strong>cpi-</strong></span> 
     </span>
    </p>
   </div>
   <div class='ocr_carea' id='block_1_92' title="bbox 636 5339 2213 5431">
    <p class='ocr_par' dir='ltr' id='par_1_92' title="bbox 636 5339 2213 5431">
     <span class='ocr_line' id='line_1_104' title="bbox 636 5339 2213 5431; baseline -0.016 -12"><span class='ocrx_word' id='word_1_845' title='bbox 636 5361 785 5431; x_wconf 82' lang='lat' dir='ltr'><strong>scopi</strong></span> <span class='ocrx_word' id='word_1_846' title='bbox 844 5372 936 5414; x_wconf 92' lang='lat' dir='ltr'><strong>eos</strong></span> <span class='ocrx_word' id='word_1_847' title='bbox 980 5355 1221 5411; x_wconf 87' lang='lat' dir='ltr'><strong>abstrahi</strong></span> <span class='ocrx_word' id='word_1_848' title='bbox 1262 5353 1482 5409; x_wconf 88' lang='lat' dir='ltr'><strong>omnino</strong></span> <span class='ocrx_word' id='word_1_849' title='bbox 1528 5365 1637 5404; x_wconf 90' lang='lat' dir='ltr'><strong>non</strong></span> <span class='ocrx_word' id='word_1_850' title='bbox 1681 5348 1857 5411; x_wconf 88' lang='lat' dir='ltr'><strong>liceat,</strong></span> <span class='ocrx_word' id='word_1_851' title='bbox 1908 5359 2008 5399; x_wconf 91' lang='lat' dir='ltr'><strong>nec</strong></span> <span class='ocrx_word' id='word_1_852' title='bbox 2059 5339 2213 5396; x_wconf 86' lang='lat' dir='ltr'><strong>alteri</strong></span> 
     </span>
    </p>
   </div>
   <div class='ocr_carea' id='block_1_93' title="bbox 639 5433 2214 5525">
    <p class='ocr_par' dir='ltr' id='par_1_93' title="bbox 639 5433 2214 5525">
     <span class='ocr_line' id='line_1_105' title="bbox 639 5433 2214 5525; baseline -0.015 -18"><span class='ocrx_word' id='word_1_853' title='bbox 639 5450 792 5525; x_wconf 85' lang='grc' dir='ltr'>[ϐοά.</span> <span class='ocrx_word' id='word_1_854' title='bbox 848 5449 983 5514; x_wconf 89' lang='lat' dir='ltr'><strong>Sal.,</strong></span> <span class='ocrx_word' id='word_1_855' title='bbox 1034 5445 1221 5517; x_wconf 83' lang='lat' dir='ltr'><strong>aliubi]</strong></span> <span class='ocrx_word' id='word_1_856' title='bbox 1270 5444 1624 5513; x_wconf 84' lang='lat' dir='ltr'><strong>consignare;</strong></span> <span class='ocrx_word' id='word_1_857' title='bbox 1673 5439 1775 5494; x_wconf 87' lang='lat' dir='ltr'><strong>nisi</strong></span> <span class='ocrx_word' id='word_1_858' title='bbox 1820 5436 1888 5491; x_wconf 88' lang='lat' dir='ltr'><strong>ad</strong></span> <span class='ocrx_word' id='word_1_859' title='bbox 1926 5433 2214 5503; x_wconf 83' lang='lat' dir='ltr'><strong>Evangelia</strong></span> 
     </span>
    </p>
   </div>
   <div class='ocr_carea' id='block_1_94' title="bbox 639 5527 2218 5615">
    <p class='ocr_par' dir='ltr' id='par_1_94' title="bbox 639 5527 2218 5615">
     <span class='ocr_line' id='line_1_106' title="bbox 639 5527 2218 5615; baseline -0.013 -18"><span class='ocrx_word' id='word_1_860' title='bbox 639 5540 794 5615; x_wconf 83' lang='lat' dir='ltr'><strong>[Cod.</strong></span> <span class='ocrx_word' id='word_1_861' title='bbox 833 5538 968 5603; x_wconf 87' lang='lat' dir='ltr'><strong>Sal.,</strong></span> <span class='ocrx_word' id='word_1_862' title='bbox 994 5538 1062 5593; x_wconf 90' lang='lat' dir='ltr'><strong>ad</strong></span> <span class='ocrx_word' id='word_1_863' title='bbox 1088 5534 1395 5607; x_wconf 83' lang='lat' dir='ltr'><strong>ecclesiam]</strong></span> <span class='ocrx_word' id='word_1_864' title='bbox 1429 5533 1567 5589; x_wconf 86' lang='lat' dir='ltr'><strong>datis</strong></span> <span class='ocrx_word' id='word_1_865' title='bbox 1595 5527 1948 5587; x_wconf 88' lang='lat' dir='ltr'><strong>sacramentis</strong></span> <span class='ocrx_word' id='word_1_866' title='bbox 1972 5527 2036 5581; x_wconf 92' lang='lat' dir='ltr'><strong>de</strong></span> <span class='ocrx_word' id='word_1_867' title='bbox 2074 5538 2218 5578; x_wconf 92' lang='lat' dir='ltr'><strong>mor-</strong></span> 
     </span>
    </p>
   </div>
   <div class='ocr_carea' id='block_1_95' title="bbox 712 5655 2220 5728">
    <p class='ocr_par' dir='ltr' id='par_1_95' title="bbox 712 5655 2220 5728">
     <span class='ocr_line' id='line_1_107' title="bbox 712 5655 2220 5728; baseline -0.015 1"><span class='ocrx_word' id='word_1_868' title='bbox 712 5686 738 5713; x_wconf 70' lang='grc' dir='ltr'>α</span> <span class='ocrx_word' id='word_1_869' title='bbox 778 5669 909 5728; x_wconf 87' lang='grc' dir='ltr'>ϐοά.</span> <span class='ocrx_word' id='word_1_870' title='bbox 944 5668 1057 5726; x_wconf 87' lang='lat' dir='ltr'><strong>Sal.</strong></span> <span class='ocrx_word' id='word_1_871' title='bbox 1088 5688 1108 5721; x_wconf 76' lang='grc' dir='ltr'><strong>ι</strong></span> <span class='ocrx_word' id='word_1_872' title='bbox 1131 5664 1494 5723; x_wconf 84' lang='lat' dir='ltr'><strong>immundam:</strong></span> <span class='ocrx_word' id='word_1_873' title='bbox 1516 5662 1629 5717; x_wconf 87' lang='lat' dir='ltr'><strong>Hoc</strong></span> <span class='ocrx_word' id='word_1_874' title='bbox 1659 5660 1777 5714; x_wconf 90' lang='lat' dir='ltr'><strong>ideo</strong></span> <span class='ocrx_word' id='word_1_875' title='bbox 1794 5657 1915 5714; x_wconf 92' lang='lat' dir='ltr'><strong>dico</strong></span> <span class='ocrx_word' id='word_1_876' title='bbox 1940 5655 2220 5728; x_wconf 57' lang='lat' dir='ltr'><strong>quiasunt</strong></span> 
     </span>
    </p>
   </div>
   <div class='ocr_carea' id='block_1_96' title="bbox 642 5723 2221 5811">
    <p class='ocr_par' dir='ltr' id='par_1_96' title="bbox 642 5723 2221 5811">
     <span class='ocr_line' id='line_1_108' title="bbox 642 5723 2221 5811; baseline -0.014 -14"><span class='ocrx_word' id='word_1_877' title='bbox 642 5723 1519 5811; x_wconf 51' lang='lat' dir='ltr'><strong>quidicuntta1especcatoresnon</strong></span> <span class='ocrx_word' id='word_1_878' title='bbox 1543 5732 1739 5811; x_wconf 75' lang='lat' dir='ltr'><strong>debere</strong></span> <span class='ocrx_word' id='word_1_879' title='bbox 1763 5723 2045 5811; x_wconf 68' lang='lat' dir='ltr'><strong>ecclesiam</strong></span> <span class='ocrx_word' id='word_1_880' title='bbox 2060 5723 2221 5811; x_wconf 62' lang='lat' dir='ltr'><strong>Chri-</strong></span> 
     </span>
    </p>
   </div>
   <div class='ocr_carea' id='block_1_97' title="bbox 643 5794 2222 5873">
    <p class='ocr_par' dir='ltr' id='par_1_97' title="bbox 643 5794 2222 5873">
     <span class='ocr_line' id='line_1_109' title="bbox 643 5794 2222 5873; baseline -0.011 -9"><span class='ocrx_word' id='word_1_881' title='bbox 643 5794 960 5867; x_wconf 56' lang='grc' dir='ltr'><strong>ξίῖιῖίιὶείέθ.</strong></span> <span class='ocrx_word' id='word_1_882' title='bbox 990 5794 1151 5865; x_wconf 55' lang='lat' dir='ltr'><strong>For&#39;te</strong></span> <span class='ocrx_word' id='word_1_883' title='bbox 1175 5808 1281 5863; x_wconf 89' lang='lat' dir='ltr'><strong>rari</strong></span> <span class='ocrx_word' id='word_1_884' title='bbox 1306 5808 1528 5863; x_wconf 90' lang='lat' dir='ltr'><strong>intrant.</strong></span> <span class='ocrx_word' id='word_1_885' title='bbox 1548 5803 1613 5857; x_wconf 83' lang='grc' dir='ltr'><strong>1η</strong></span> <span class='ocrx_word' id='word_1_886' title='bbox 1633 5815 1939 5873; x_wconf 77' lang='lat' dir='ltr'><strong>quacunque</strong></span> <span class='ocrx_word' id='word_1_887' title='bbox 1951 5796 2055 5858; x_wconf 81' lang='lat' dir='ltr'><strong>die,</strong></span> <span class='ocrx_word' id='word_1_888' title='bbox 2089 5794 2222 5849; x_wconf 87' lang='lat' dir='ltr'><strong>dicit</strong></span> 
     </span>
    </p>
   </div>
   <div class='ocr_carea' id='block_1_98' title="bbox 644 5868 2220 5951">
    <p class='ocr_par' dir='ltr' id='par_1_98' title="bbox 644 5868 2220 5951">
     <span class='ocr_line' id='line_1_110' title="bbox 644 5868 2220 5951; baseline -0.015 -10"><span class='ocrx_word' id='word_1_889' title='bbox 644 5884 906 5951; x_wconf 72' lang='lat' dir='ltr'><strong>propheta</strong></span> <span class='ocrx_word' id='word_1_890' title='bbox 938 5898 950 5936; x_wconf 90' lang='lat'>:</span> <span class='ocrx_word' id='word_1_891' title='bbox 982 5895 1257 5938; x_wconf 80' lang='lat' dir='ltr'><strong>conversus</strong></span> <span class='ocrx_word' id='word_1_892' title='bbox 1291 5876 1447 5932; x_wconf 84' lang='lat' dir='ltr'><strong>fuerit</strong></span> <span class='ocrx_word' id='word_1_893' title='bbox 1473 5868 1730 5938; x_wconf 35' lang='lat' dir='ltr'><strong>aeccat‘or,</strong></span> <span class='ocrx_word' id='word_1_894' title='bbox 1758 5868 1863 5924; x_wconf 82' lang='lat' dir='ltr'><strong>vita</strong></span> <span class='ocrx_word' id='word_1_895' title='bbox 1890 5868 2018 5923; x_wconf 84' lang='lat' dir='ltr'><strong>vivet</strong></span> <span class='ocrx_word' id='word_1_896' title='bbox 2038 5874 2086 5921; x_wconf 83' lang='lat' dir='ltr'><strong>et</strong></span> <span class='ocrx_word' id='word_1_897' title='bbox 2114 5881 2220 5919; x_wconf 85' lang='lat' dir='ltr'><strong>non</strong></span> 
     </span>
    </p>
   </div>
   <div class='ocr_carea' id='block_1_99' title="bbox 2311 4761 3883 4851">
    <p class='ocr_par' dir='ltr' id='par_1_99' title="bbox 2311 4761 3883 4851">
     <span class='ocr_line' id='line_1_111' title="bbox 2311 4761 3883 4851; baseline -0.014 -15"><span class='ocrx_word' id='word_1_898' title='bbox 2311 4779 2560 4851; x_wconf 89' lang='lat' dir='ltr'><strong>tinopoli]</strong></span> <span class='ocrx_word' id='word_1_899' title='bbox 2584 4776 2850 4833; x_wconf 88' lang='lat' dir='ltr'><strong>Antiocho</strong></span> <span class='ocrx_word' id='word_1_900' title='bbox 2884 4784 2940 4831; x_wconf 90' lang='lat' dir='ltr'><strong>et</strong></span> <span class='ocrx_word' id='word_1_901' title='bbox 2960 4774 3126 4830; x_wconf 87' lang='lat' dir='ltr'><strong>Basso</strong></span> <span class='ocrx_word' id='word_1_902' title='bbox 3162 4769 3494 4832; x_wconf 88' lang='lat' dir='ltr'><strong>consulibus,</strong></span> <span class='ocrx_word' id='word_1_903' title='bbox 3519 4761 3883 4838; x_wconf 89' lang='lat' dir='ltr'><strong>interpretatio</strong></span> 
     </span>
    </p>
   </div>
   <div class='ocr_carea' id='block_1_100' title="bbox 2314 4853 3878 4945">
    <p class='ocr_par' dir='ltr' id='par_1_100' title="bbox 2314 4853 3878 4945">
     <span class='ocr_line' id='line_1_112' title="bbox 2314 4853 3878 4945; baseline -0.013 -18"><span class='ocrx_word' id='word_1_904' title='bbox 2314 4872 2456 4945; x_wconf 87' lang='lat' dir='ltr'><strong>(Lib.</strong></span> <span class='ocrx_word' id='word_1_905' title='bbox 2483 4887 2537 4925; x_wconf 85' lang='grc' dir='ltr'>ιν</span> <span class='ocrx_word' id='word_1_906' title='bbox 2563 4868 2694 4924; x_wconf 90' lang='grc' dir='ltr'>ϐοά.</span> <span class='ocrx_word' id='word_1_907' title='bbox 2723 4867 2942 4933; x_wconf 83' lang='grc' dir='ltr'><strong>ΤΙιεοά.,</strong></span> <span class='ocrx_word' id='word_1_908' title='bbox 2975 4866 3055 4921; x_wconf 84' lang='lat' dir='ltr'><strong>De</strong></span> <span class='ocrx_word' id='word_1_909' title='bbox 3094 4866 3174 4920; x_wconf 77' lang='lat' dir='ltr'><strong>his</strong></span> <span class='ocrx_word' id='word_1_910' title='bbox 3217 4863 3306 4935; x_wconf 82' lang='lat' dir='ltr'><strong>qui</strong></span> <span class='ocrx_word' id='word_1_911' title='bbox 3343 4861 3415 4916; x_wconf 79' lang='lat' dir='ltr'><strong>ad</strong></span> <span class='ocrx_word' id='word_1_912' title='bbox 3450 4858 3576 4915; x_wconf 86' lang='lat' dir='ltr'><strong>eccl.</strong></span> <span class='ocrx_word' id='word_1_913' title='bbox 3624 4853 3878 4927; x_wconf 80' lang='lat' dir='ltr'><strong>confug.):</strong></span> 
     </span>
    </p>
   </div>
   <div class='ocr_carea' id='block_1_101' title="bbox 2321 4949 3884 5023">
    <p class='ocr_par' dir='ltr' id='par_1_101' title="bbox 2321 4949 3884 5023">
     <span class='ocr_line' id='line_1_113' title="bbox 2321 4949 3884 5023; baseline -0.01 -8"><span class='ocrx_word' id='word_1_914' title='bbox 2321 4982 2338 5015; x_wconf 76' lang='grc' dir='ltr'><strong>ι</strong></span> <span class='ocrx_word' id='word_1_915' title='bbox 2376 4962 2613 5018; x_wconf 88' lang='lat' dir='ltr'><strong>Ecclesia</strong></span> <span class='ocrx_word' id='word_1_916' title='bbox 2640 4969 2693 5016; x_wconf 88' lang='lat' dir='ltr'><strong>et</strong></span> <span class='ocrx_word' id='word_1_917' title='bbox 2719 4961 2833 5016; x_wconf 89' lang='lat' dir='ltr'><strong>loca</strong></span> <span class='ocrx_word' id='word_1_918' title='bbox 2863 4958 2973 5013; x_wconf 88' lang='lat' dir='ltr'><strong>Deo</strong></span> <span class='ocrx_word' id='word_1_919' title='bbox 3001 4958 3198 5023; x_wconf 87' lang='lat' dir='ltr'><strong>dicata,</strong></span> <span class='ocrx_word' id='word_1_920' title='bbox 3249 4955 3326 5009; x_wconf 88' lang='lat' dir='ltr'><strong>rei</strong></span> <span class='ocrx_word' id='word_1_921' title='bbox 3369 4952 3461 5022; x_wconf 90' lang='lat' dir='ltr'><strong>qui</strong></span> <span class='ocrx_word' id='word_1_922' title='bbox 3506 4949 3706 5005; x_wconf 84' lang='lat' dir='ltr'><strong>ibidem</strong></span> <span class='ocrx_word' id='word_1_923' title='bbox 3751 4960 3884 5001; x_wconf 68' lang='grc' dir='ltr'>οοιιιο</span> 
     </span>
    </p>
   </div>
   <div class='ocr_carea' id='block_1_102' title="bbox 2313 5036 3885 5131">
    <p class='ocr_par' dir='ltr' id='par_1_102' title="bbox 2313 5036 3885 5131">
     <span class='ocr_line' id='line_1_114' title="bbox 2313 5036 3885 5131; baseline -0.016 -16"><span class='ocrx_word' id='word_1_924' title='bbox 2313 5059 2451 5131; x_wconf 90' lang='lat' dir='ltr'><strong>pulsi</strong></span> <span class='ocrx_word' id='word_1_925' title='bbox 2476 5058 2667 5111; x_wconf 88' lang='lat' dir='ltr'><strong>timore</strong></span> <span class='ocrx_word' id='word_1_926' title='bbox 2695 5052 3054 5125; x_wconf 86' lang='lat' dir='ltr'><strong>confugerint,</strong></span> <span class='ocrx_word' id='word_1_927' title='bbox 3082 5051 3157 5105; x_wconf 87' lang='lat' dir='ltr'><strong>ita</strong></span> <span class='ocrx_word' id='word_1_928' title='bbox 3180 5057 3450 5111; x_wconf 89' lang='lat' dir='ltr'><strong>tueantur,</strong></span> <span class='ocrx_word' id='word_1_929' title='bbox 3491 5051 3552 5099; x_wconf 91' lang='lat' dir='ltr'><strong>ut</strong></span> <span class='ocrx_word' id='word_1_930' title='bbox 3581 5041 3744 5096; x_wconf 90' lang='lat' dir='ltr'><strong>nullis</strong></span> <span class='ocrx_word' id='word_1_931' title='bbox 3765 5036 3885 5092; x_wconf 86' lang='lat' dir='ltr'><strong>locis</strong></span> 
     </span>
    </p>
   </div>
   <div class='ocr_carea' id='block_1_103' title="bbox 2315 5130 3882 5215">
    <p class='ocr_par' dir='ltr' id='par_1_103' title="bbox 2315 5130 3882 5215">
     <span class='ocr_line' id='line_1_115' title="bbox 2315 5130 3882 5215; baseline -0.016 -8"><span class='ocrx_word' id='word_1_932' title='bbox 2315 5150 2516 5207; x_wconf 88' lang='lat' dir='ltr'><strong>sanctis</strong></span> <span class='ocrx_word' id='word_1_933' title='bbox 2543 5147 2611 5202; x_wconf 89' lang='lat' dir='ltr'><strong>ad</strong></span> <span class='ocrx_word' id='word_1_934' title='bbox 2631 5147 2985 5215; x_wconf 88' lang='lat' dir='ltr'><strong>direptionem</strong></span> <span class='ocrx_word' id='word_1_935' title='bbox 3008 5158 3191 5197; x_wconf 91' lang='lat' dir='ltr'><strong>rerum</strong></span> <span class='ocrx_word' id='word_1_936' title='bbox 3211 5143 3321 5195; x_wconf 89' lang='lat' dir='ltr'><strong>vim</strong></span> <span class='ocrx_word' id='word_1_937' title='bbox 3341 5153 3404 5193; x_wconf 86' lang='lat' dir='ltr'><strong>ac</strong></span> <span class='ocrx_word' id='word_1_938' title='bbox 3429 5133 3682 5191; x_wconf 87' lang='lat' dir='ltr'><strong>manibus</strong></span> <span class='ocrx_word' id='word_1_939' title='bbox 3705 5130 3882 5186; x_wconf 70' lang='lat' dir='ltr'><strong>aderre</strong></span> 
     </span>
    </p>
   </div>
   <div class='ocr_carea' id='block_1_104' title="bbox 2314 5220 3881 5311">
    <p class='ocr_par' dir='ltr' id='par_1_104' title="bbox 2314 5220 3881 5311">
     <span class='ocr_line' id='line_1_116' title="bbox 2314 5220 3881 5311; baseline -0.015 -15"><span class='ocrx_word' id='word_1_940' title='bbox 2314 5247 2607 5311; x_wconf 74' lang='lat' dir='ltr'><strong>praesumat</strong></span> <span class='ocrx_word' id='word_1_941' title='bbox 2642 5235 2795 5309; x_wconf 86' lang='lat' dir='ltr'><strong>[Cod.</strong></span> <span class='ocrx_word' id='word_1_942' title='bbox 2835 5234 2952 5289; x_wconf 85' lang='lat' dir='ltr'><strong>Vat.</strong></span> <span class='ocrx_word' id='word_1_943' title='bbox 2981 5244 3030 5288; x_wconf 87' lang='lat' dir='ltr'><strong>et</strong></span> <span class='ocrx_word' id='word_1_944' title='bbox 3062 5232 3195 5297; x_wconf 85' lang='lat' dir='ltr'><strong>Sal.,</strong></span> <span class='ocrx_word' id='word_1_945' title='bbox 3227 5243 3445 5286; x_wconf 90' lang='lat' dir='ltr'><strong>reorum</strong></span> <span class='ocrx_word' id='word_1_946' title='bbox 3470 5228 3581 5281; x_wconf 91' lang='lat' dir='ltr'><strong>vim</strong></span> <span class='ocrx_word' id='word_1_947' title='bbox 3611 5241 3677 5282; x_wconf 88' lang='lat' dir='ltr'><strong>ac</strong></span> <span class='ocrx_word' id='word_1_948' title='bbox 3704 5220 3881 5280; x_wconf 85' lang='lat' dir='ltr'><strong>morti-</strong></span> 
     </span>
    </p>
   </div>
   <div class='ocr_carea' id='block_1_105' title="bbox 2316 5318 3885 5401">
    <p class='ocr_par' dir='ltr' id='par_1_105' title="bbox 2316 5318 3885 5401">
     <span class='ocr_line' id='line_1_117' title="bbox 2316 5318 3885 5401; baseline -0.015 -12"><span class='ocrx_word' id='word_1_949' title='bbox 2316 5336 2418 5390; x_wconf 90' lang='lat' dir='ltr'><strong>bus</strong></span> <span class='ocrx_word' id='word_1_950' title='bbox 2443 5373 2456 5387; x_wconf 95' lang='lat'><strong>.</strong></span> <span class='ocrx_word' id='word_1_951' title='bbox 2476 5372 2489 5386; x_wconf 95' lang='lat'><strong>.</strong></span> <span class='ocrx_word' id='word_1_952' title='bbox 2520 5372 2534 5385; x_wconf 93' lang='lat'><strong>.</strong></span> <span class='ocrx_word' id='word_1_953' title='bbox 2556 5328 2935 5401; x_wconf 61' lang='lat' dir='ltr'><strong>praesumant].</strong></span> <span class='ocrx_word' id='word_1_954' title='bbox 2969 5326 3077 5382; x_wconf 87' lang='lat' dir='ltr'><strong>Sed</strong></span> <span class='ocrx_word' id='word_1_955' title='bbox 3103 5323 3362 5395; x_wconf 89' lang='lat' dir='ltr'><strong>quidquid</strong></span> <span class='ocrx_word' id='word_1_956' title='bbox 3391 5320 3552 5392; x_wconf 88' lang='lat' dir='ltr'><strong>spatii</strong></span> <span class='ocrx_word' id='word_1_957' title='bbox 3579 5319 3666 5374; x_wconf 91' lang='lat' dir='ltr'><strong>vel</strong></span> <span class='ocrx_word' id='word_1_958' title='bbox 3692 5318 3744 5371; x_wconf 92' lang='lat' dir='ltr'><strong>in</strong></span> <span class='ocrx_word' id='word_1_959' title='bbox 3772 5328 3885 5385; x_wconf 89' lang='lat' dir='ltr'><strong>por-</strong></span> 
     </span>
    </p>
   </div>
   <div class='ocr_carea' id='block_1_106' title="bbox 2319 5407 3886 5481">
    <p class='ocr_par' dir='ltr' id='par_1_106' title="bbox 2319 5407 3886 5481">
     <span class='ocr_line' id='line_1_118' title="bbox 2319 5407 3886 5481; baseline -0.013 0"><span class='ocrx_word' id='word_1_960' title='bbox 2319 5427 2515 5481; x_wconf 88' lang='lat' dir='ltr'><strong>ticibus</strong></span> <span class='ocrx_word' id='word_1_961' title='bbox 2539 5424 2623 5478; x_wconf 89' lang='lat' dir='ltr'><strong>vel</strong></span> <span class='ocrx_word' id='word_1_962' title='bbox 2666 5424 2721 5477; x_wconf 92' lang='lat' dir='ltr'><strong>in</strong></span> <span class='ocrx_word' id='word_1_963' title='bbox 2755 5421 2908 5477; x_wconf 87' lang='lat' dir='ltr'><strong>atriis</strong></span> <span class='ocrx_word' id='word_1_964' title='bbox 2942 5419 3025 5474; x_wconf 89' lang='lat' dir='ltr'><strong>vel</strong></span> <span class='ocrx_word' id='word_1_965' title='bbox 3047 5417 3311 5480; x_wconf 86' lang='lat' dir='ltr'><strong>domibus,</strong></span> <span class='ocrx_word' id='word_1_966' title='bbox 3346 5414 3429 5469; x_wconf 90' lang='lat' dir='ltr'><strong>vel</strong></span> <span class='ocrx_word' id='word_1_967' title='bbox 3455 5413 3511 5467; x_wconf 92' lang='lat' dir='ltr'><strong>in</strong></span> <span class='ocrx_word' id='word_1_968' title='bbox 3538 5411 3684 5467; x_wconf 88' lang='lat' dir='ltr'><strong>areis</strong></span> <span class='ocrx_word' id='word_1_969' title='bbox 3719 5407 3784 5463; x_wconf 90' lang='lat' dir='ltr'><strong>ad</strong></span> <span class='ocrx_word' id='word_1_970' title='bbox 3805 5419 3886 5461; x_wconf 83' lang='lat' dir='ltr'><strong>cc-</strong></span> 
     </span>
    </p>
   </div>
   <div class='ocr_carea' id='block_1_107' title="bbox 2320 5493 3887 5588">
    <p class='ocr_par' dir='ltr' id='par_1_107' title="bbox 2320 5493 3887 5588">
     <span class='ocr_line' id='line_1_119' title="bbox 2320 5493 3887 5588; baseline -0.014 -13"><span class='ocrx_word' id='word_1_971' title='bbox 2320 5520 2540 5576; x_wconf 90' lang='lat' dir='ltr'><strong>clesiam</strong></span> <span class='ocrx_word' id='word_1_972' title='bbox 2572 5516 2939 5588; x_wconf 86' lang='lat' dir='ltr'><strong>adiacentibus</strong></span> <span class='ocrx_word' id='word_1_973' title='bbox 2964 5512 3217 5583; x_wconf 83' lang='lat' dir='ltr'><strong>pertinet,</strong></span> <span class='ocrx_word' id='word_1_974' title='bbox 3246 5510 3391 5564; x_wconf 88' lang='lat' dir='ltr'><strong>velut</strong></span> <span class='ocrx_word' id='word_1_975' title='bbox 3420 5505 3682 5561; x_wconf 83' lang='lat' dir='ltr'><strong>interiora</strong></span> <span class='ocrx_word' id='word_1_976' title='bbox 3712 5493 3887 5570; x_wconf 86' lang='lat' dir='ltr'><strong>templi</strong></span> 
     </span>
    </p>
   </div>
   <div class='ocr_carea' id='block_1_108' title="bbox 2322 5631 3891 5716">
    <p class='ocr_par' dir='ltr' id='par_1_108' title="bbox 2322 5631 3891 5716">
     <span class='ocr_line' id='line_1_120' title="bbox 2322 5631 3891 5716; baseline -0.01 -8"><span class='ocrx_word' id='word_1_977' title='bbox 2322 5655 2591 5709; x_wconf 85' lang='lat' dir='ltr'><strong>morietur.</strong></span> <span class='ocrx_word' id='word_1_978' title='bbox 2625 5652 2731 5707; x_wconf 89' lang='lat' dir='ltr'><strong>Sed</strong></span> <span class='ocrx_word' id='word_1_979' title='bbox 2766 5635 3042 5704; x_wconf 77' lang='lat' dir='ltr'><strong>videamus</strong></span> <span class='ocrx_word' id='word_1_980' title='bbox 3074 5646 3203 5716; x_wconf 89' lang='lat' dir='ltr'><strong>quid</strong></span> <span class='ocrx_word' id='word_1_981' title='bbox 3243 5644 3311 5700; x_wconf 88' lang='lat' dir='ltr'><strong>de</strong></span> <span class='ocrx_word' id='word_1_982' title='bbox 3349 5641 3609 5716; x_wconf 88' lang='lat' dir='ltr'><strong>fugitivis_</strong></span> <span class='ocrx_word' id='word_1_983' title='bbox 3629 5638 3696 5693; x_wconf 90' lang='lat' dir='ltr'><strong>ad</strong></span> <span class='ocrx_word' id='word_1_984' title='bbox 3730 5631 3891 5716; x_wconf 52' lang='lat' dir='ltr'><strong>coeli}.</strong></span> 
     </span>
    </p>
   </div>
   <div class='ocr_carea' id='block_1_109' title="bbox 2325 5704 3891 5782">
    <p class='ocr_par' dir='ltr' id='par_1_109' title="bbox 2325 5704 3891 5782">
     <span class='ocr_line' id='line_1_121' title="bbox 2325 5704 3891 5782; baseline -0.016 -2"><span class='ocrx_word' id='word_1_985' title='bbox 2325 5704 2974 5780; x_wconf 35' lang='lat' dir='ltr'><strong>siamhsanctineauones</strong></span> <span class='ocrx_word' id='word_1_986' title='bbox 3025 5704 3301 5782; x_wconf 73' lang='lat' dir='ltr'><strong>censeant,</strong></span> <span class='ocrx_word' id='word_1_987' title='bbox 3355 5704 3463 5771; x_wconf 64' lang='lat' dir='ltr'><strong>etc.</strong></span> <span class='ocrx_word' id='word_1_988' title='bbox 3499 5732 3521 5766; x_wconf 77' lang='grc' dir='ltr'><strong>ι</strong></span> <span class='ocrx_word' id='word_1_989' title='bbox 3575 5704 3891 5769; x_wconf 75' lang='lat' dir='ltr'><strong>Intermedia</strong></span> 
     </span>
    </p>
   </div>
   <div class='ocr_carea' id='block_1_110' title="bbox 2325 5789 3822 5850">
    <p class='ocr_par' dir='ltr' id='par_1_110' title="bbox 2325 5789 3822 5850">
     <span class='ocr_line' id='line_1_122' title="bbox 2325 5789 3822 5850; baseline -0.011 0"><span class='ocrx_word' id='word_1_990' title='bbox 2325 5796 2510 5850; x_wconf 86' lang='lat' dir='ltr'><strong>omittit</strong></span> <span class='ocrx_word' id='word_1_991' title='bbox 2537 5794 2700 5849; x_wconf 68' lang='lat' dir='ltr'><strong>codex</strong></span> <span class='ocrx_word' id='word_1_992' title='bbox 2736 5789 2930 5847; x_wconf 75' lang='lat' dir='ltr'><strong>Salisb.</strong></span> <span class='ocrx_word' id='word_1_993' title='bbox 3813 5799 3822 5815; x_wconf 76' lang='grc' dir='ltr'><strong>ν</strong></span> 
     </span>
    </p>
   </div>
  </div>
