4064 6342
259 424 368 490 415

1714 426 2093 486 ΕΡΙΞΤΟΙΛΕ.

3408 416 3519 486 414

254 547 598 625 praecipimus
624 547 915 613 custodire,
939 555 997 604 ut
1025 561 1145 605 reos
1168 547 1378 605 timoris
1406 548 1703 607 necessitas
1721 562 1831 604 non
1935 547 2227 620 gitivorum
2266 543 2577 604 civitatibus
2616 551 2905 618 praecepta,
2934 551 2991 601 et
3023 542 3290 617 intelligat
3326 544 3520 601 divini—

253 642 592 712 constringat
630 642 772 697 circa
804 642 992 699 altaria
1016 658 1255 709 manere,
1283 649 1337 697 et
1353 642 1469 698 loca
1490 643 1833 697 veneratione

252 729 414 803 digna
454 732 714 803 polluere.
752 754 771 786 ι
802 733 936 805 Imp.
971 733 1239 789 Honorius
1259 741 1315 789 et
1340 733 1673 789 Theodosius
1692 731 1827 805 Aug.

252 824 516 883 Ciciliano
539 826 826 899 praeposito
848 833 969 898 post
987 825 1089 881 alia
1113 825 1338 881 daturlx
1358 824 1476 880 Kal.
1496 824 1657 881 Febr.
1674 821 1829 897 [ϐοά.

260 915 408 986 Vat,
439 919 585 975 data.
630 917 760 974 Cod.
790 917 927 985 δοίη
955 918 1092 974 Νοη.
1140 918 1497 992 Septembris]
1554 918 1831 983 Ravenna,

228 1004 491 1069 'Honorio
517 1028 592 1069 vn
630 1020 685 1068 et
723 1011 1028 1069 Theodosio
1060 1012 1296 1067 secundo
1316 1009 1574 1083 Augustis
1598 1010 1834 1067 consuli-

248 1104 374 1171 bus,
407 1103 783 1176 interpretatio
806 1103 947 1177 (Lib.
980 1120 1039 1159 ιιι
1075 1102 1205 1160 Cod.
1234 1102 1468 1171 Theod.,
1490 1103 1567 1158 De
1596 1101 1835 1156 custodia

248 1195 524 1268 reorum):
579 1215 598 1249 ι
631 1195 892 1252 Omnibus
922 1194 1217 1252 Dominicis
1257 1196 1447 1251 diebus
1483 1192 1694 1265 iudices
1735 1190 1834 1248 sub

247 1288 356 1345 ilda
386 1288 630 1345 custodia
676 1289 742 1344 de
790 1289 1102 1347 carceribus
1145 1303 1270 1344 reos
1313 1288 1565 1353 educant,
1596 1293 1655 1341 ut
1696 1286 1775 1341 eis
1803 1300 1835 1340 a

228 1376 571 1435 Christianis
589 1379 673 1435 vel
713 1378 743 1434 a
782 1380 1150 1435 sacerdotibus
1175 1379 1475 1435 substantia
1507 1378 1830 1450 przebeatur,

246 1476 303 1525 et
330 1470 400 1525 ad
428 1469 679 1525 balneum
719 1470 991 1541 prredictis
1039 1470 1226 1531 diebus
1256 1473 1357 1527 sub
1402 1469 1665 1535 custodia,
1704 1468 1835 1523 reli-

245 1562 423 1637 gionis
446 1563 916 1637 contemplatione,
962 1564 1252 1619 ducantur.
1284 1563 1342 1619 Si
1389 1565 1510 1635 quis
1562 1564 1628 1618 de
1654 1573 1836 1618 custo-

243 1654 402 1711 dibus
435 1652 540 1710 hoc
590 1653 813 1726 implere
865 1656 1183 1726 neglexerit,
1247 1671 1485 1728 poenam,
1538 1670 1698 1725 quam
1748 1653 1836 1709 lex

242 1744 361 1817 ipsa
408 1745 709 1812 constituit,
740 1755 965 1819 cogatur
994 1749 1238 1819 implere.
1271 1769 1290 1802 ι
1338 1747 1478 1819 Lege
1511 1748 1650 1803 Julia
1692 1748 1756 1804 de
1781 1747 1837 1802 vi

239 1837 458 1909 publica
484 1838 792 1905 damnatur,
837 1840 931 1910 qui
974 1842 1152 1911 aliqua
1178 1849 1443 1911 potestate
1471 1842 1730 1912 prteditus
1759 1840 1835 1897 ci-

1935 647 2023 695 tus
2052 655 2171 696 esse
2199 648 2480 705 statutum,
2505 646 2571 695 ut‘
2590 638 2667 695 rei
2696 647 2751 694 et
2773 647 3107 709 peccatores,
3146 638 3373 694 Domino
3407 637 3521 695 Deo

1933 729 2321 797 demandonte,
2359 731 2477 788 loca
2515 730 2898 788 defensationis
2944 731 3255 789 debuissent
3317 731 3521 787 habere

1932 826 2025 887 ubi
2040 833 2456 897 protegerentur
2479 840 2510 880 a
2537 824 2977 896 persequentium
3003 823 3211 879 insidiis
3228 836 3275 877 ιι.
3290 822 3400 878 Nec
3413 837 3521 878 non

1933 926 1989 973 et
2034 919 2202 987 ipsam
2250 918 2501 983 Romam,
2550 916 2792 989 aliasque
2830 932 2927 987 per
2971 915 3230 970 mundum
3275 914 3524 970 civitates

1928 1007 2142 1079 asylum
2189 1008 2442 1064 statuisse
2470 1008 2537 1063 ad
2572 1022 2790 1062 reorum
2834 1004 3260 1062 defensationem
3304 1004 3521 1075 legitur,

1934 1108 1995 1155 ut
2034 1114 2131 1170 per
2157 1098 2299 1154 illius
2326 1099 2429 1155 loci
2454 1099 2541 1155 vel
2586 1099 2793 1169 templi,
2834 1099 2927 1170 qui
2970 1098 3112 1169 apud
3160 1114 3254 1155 eos
3301 1107 3523 1159 sanctus

1934 1191 2254 1255 habebatur,
2299 1205 2484 1245 severa
2515 1190 2694 1261 legum
2729 1190 2979 1245 cautione
3019 1188 3174 1262 [ϐοά.
3224 1187 3364 1256 γαίη
3391 1206 3521 1247 cau-

1934 1280 2034 1355 tio]
2075 1281 2428 1353 mitigaretur.
2461 1279 2543 1335 An
2571 1280 2652 1336 fas
2690 1288 2774 1336 est
2811 1281 2952 1350 apud
2980 1280 3320 1338 Christianos
3348 1283 3525 1340 mino-

1934 1375 2014 1430 ris
2036 1389 2155 1430 esse
2187 1373 2411 1430 honoris
2448 1373 2748 1429 Ecclesiam
2778 1372 3003 1439 Christi,
3055 1390 3217 1447 quam
3260 1375 3522 1447 templum

1933 1466 2082 1524 Jovis
2108 1468 2248 1538 apud
2290 1481 2559 1539 paganos;
2587 1465 2675 1521 vel
2707 1465 2880 1522 beatae
2911 1466 3093 1521 Mariae
3124 1467 3401 1539 genitricis
3430 1468 3527 1524 Dei

1935 1561 2177 1626 domum,
2203 1576 2365 1632 quam
2411 1560 2589 1631 impiae
2624 1558 2853 1615 Junonis
2900 1559 3107 1632 asylum
3138 1559 3412 1616 inferioris
3440 1574 3528 1616 ve—

1936 1654 2233 1711 nerationis
2260 1653 2447 1709 haberi
2480 1672 2493 1707 τ
2532 1662 2627 1707 aut
2667 1653 2781 1723 ipse
2823 1652 3017 1708 beatus
3058 1652 3339 1719 Martinus,
3363 1666 3528 1709 verus

1934 1746 2033 1802 Dei
2060 1746 2235 1801 cultor
2271 1746 2326 1800 in
2352 1744 2664 1802 Christiano
2690 1744 2921 1815 imperio
2957 1744 3138 1800 minus
3170 1744 3417 1802 venerari
3447 1742 3529 1801 fas

1935 1843 2037 1903 est,
2062 1852 2222 1908 quam
2249 1834 2530 1906 Seolapius
2555 1833 2800 1903 falsator,
2823 1836 2879 1890 in
2901 1849 3235 1906 paganorum
3262 1841 3530 1906 potestate

241 1945 387 1996 vem,
417 1926 720 1985 Romanum
760 1931 1142 2004 imperatorem
1186 1928 1542 2004 appellantem
1593 1932 1734 2004 (Lib.
1790 1949 1829 1987 ιι
1862 1913 1910 1978 Β
1934 1930 2160 1986 habuit?

238 2029 295 2078 et
312 2038 385 2077 -xv
404 2022 534 2079 Cod.
566 2022 797 2091 Theod.,
829 2024 893 2079 de
914 2023 1223 2097 Appellat),
1252 2025 1527 2080 necaverit
1552 2024 1830 2097 [necarive

235 2112 481 2187 jusserit,
526 2118 773 2186 torserit,
811 2121 1203 2185 verberaverit,
1254 2119 1717 2193 condemnaverit]
1774 2119 1830 2174 in

239 2211 328 2265 via
373 2210 585 2281 publica
616 2212 796 2268 vincla
848 2212 971 2268 duci
1015 2212 1273 2283 jusserit;
1327 2213 1482 2282 cujus
1537 2214 1613 2268 rei
1671 2211 1828 2283 173

235 2315 399 2372 ptena
421 2303 475 2357 in
496 2304 812 2360 humiliores
830 2305 1005 2374 capite
1024 2304 1218 2377 [Edit.,
1240 2306 1440 2378 capita]
1460 2323 1473 2371 ;
1495 2307 1545 2359 in
1560 2306 1833 2361 honestio-

236 2409 331 2450 res
358 2396 548 2451 insula:
585 2396 959 2466 deportatione
999 2406 1334 2452 coerceatur.
1384 2397 1524 2467 Lege
1571 2395 1711 2451 Julia
1739 2396 1830 2451 de—

231 2498 453 2544 cretum
480 2497 590 2554 est,
623 2499 683 2545 ut
707 2506 805 2562 pro
828 2490 1084 2546 violentia
1127 2488 1283 2564 [Cod.
1327 2490 1465 2557 Sal.,
1495 2506 1592 2562 per
1620 2489 1833 2545 violen-

225 2581 375 2636 tiam
406 2581 643 2656 publica]
686 2584 990 2651 damnetur,
1037 2584 1342 2655 quicunque
1368 2582 1535 2656 iudex
1564 2581 1834 2653 appellan-

224 2679 370 2737 lem,
399 2680 457 2726 ut
483 2674 551 2727 ad
578 2673 839 2745 principis
876 2676 1217 2745 praesentiam
1250 2655 1500 2741 ducatur,
1540 2676 1835 2747 ingenuum

224 2764 515 2820 hominem
545 2764 625 2819 vel
646 2764 820 2819 civem
858 2764 1160 2821 Romanum
1190 2765 1439 2840 [factum]
1472 2767 1713 2831 torserit;
1736 2782 1832 2821 oc-

219 2854 449 2919 ciderit,
497 2854 584 2910 vel
622 2854 794 2911 occidi
826 2853 1071 2925 jusserit,
1101 2856 1187 2911 vel
1229 2858 1281 2912 in
1328 2858 1559 2914 vinculis
1598 2858 1833 2929 publicis

223 2946 571 3012 astrinxerit,
613 2948 696 3003 vel
721 2946 944 3020 ﬂagellis
972 2949 1265 3015 carciderit,
1289 2957 1384 3006 aut
1404 2950 1665 3005 damnare
1691 2965 1831 3020 prte-

226 3040 548 3109 sumpserit.
591 3038 698 3095 Pro
734 3057 839 3111 qua
889 3058 947 3097 re
1001 3039 1319 3097 humiliores
1368 3058 1614 3115 persona:
1655 3043 1833 3113 capite

227 3131 536 3207 puniuntur
567 3131 759 3207 [Edit.,
787 3133 1106 3209 ponuntur],
1137 3136 1479 3191 honestiores
1517 3136 1567 3190 in
1599 3134 1831 3199 insulam

2006 2033 2134 2091 Haec
2164 2033 2430 2104 siquidem
2455 2033 2658 2100 omnia,
2690 2033 2739 2091 si
2759 2033 2980 2091 domino
3006 2048 3130 2091 meo
3162 2032 3335 2089 David
3361 2031 3529 2103 impe-

1933 2127 2102 2187 ratori
2142 2125 2606 2183 Christianissimo
2630 2135 2687 2180 et
2720 2127 2869 2183 omni
2907 2127 3112 2183 honore
3149 2126 3247 2185 Dei
3292 2124 3530 2181 devotis-

1933 2218 2073 2277 simo
2121 2218 2386 2289 legantur,
2430 2217 2516 2275 vel
2561 2217 2741 2273 verbis
2776 2217 3020 2288 paciﬁcis
3065 2218 3338 2283 dicantur,
3388 2215 3524 2281 scio,

1934 2309 2337 2367 sanctissimum
2377 2308 2522 2365 illius
2547 2308 2786 2363 animum
2814 2318 2868 2364 et
2897 2310 3101 2379 pietate
3126 2308 3519 2381 plenissimum,

1920 2405 1992 2455 .et
2036 2399 2095 2454 in
2137 2398 2382 2455 custodia
2429 2398 2804 2454 mandatorum
2848 2398 2945 2454 Dei
2987 2398 3385 2462 cautissimum,
3436 2396 3530 2470 qui

1935 2488 2102 2545 nullis
2126 2488 2327 2558 poterit
2363 2490 2677 2545 muneribus
2712 2490 2778 2545 de
2810 2490 2897 2546 via
2931 2491 3178 2547 veritatis
3215 2490 3385 2547 averti
3433 2490 3528 2561 qui

1933 2580 2119 2639 omnia
2149 2581 2222 2636 ita
2250 2580 2494 2639 decernit
2519 2588 2574 2637 et
2603 2579 2807 2640 iudicat
2836 2582 2990 2654 [ϐοά.
3029 2580 3147 2638 Vat.
3170 2624 3185 2647 ,
3214 2582 3530 2656 dejudicat],

1935 2674 2079 2733 sicut
2105 2674 2333 2729 Domino
2370 2673 2480 2728 Deo
2516 2671 2642 2733 Jesu
2676 2673 2892 2729 Christo
2924 2674 3208 2745 placuerit,
3240 2683 3295 2731 et
3324 2675 3527 2732 sanctis

1936 2767 2054 2838 ejus
2080 2769 2130 2833 δ,
2167 2776 2223 2824 et
2248 2768 2352 2823 sibi
2391 2767 2495 2823 erit
2528 2782 2741 2831 merces
2774 2776 3034 2839 perpetua
3075 2769 3130 2825 in
3166 2776 3369 2825 aeterna
3406 2769 3529 2826 hea-

1918 2859 2167 2919 Atitndine
2203 2867 2258 2914 et
2295 2858 2421 2915 ﬁliis
2451 2859 2564 2915 suis
2596 2860 2901 2916 benedictio
2936 2860 3287 2930 sempiterna.

2012 2975 2148 3029 Ecce
2177 2981 2487 3029 sanctorum
2521 2989 2746 3030 censura
2775 2973 2929 3047 [ϐοά.
2973 2973 3109 3039 Vat.,
3140 2975 3407 3049 censurae]
3436 2990 3530 3033 ca-

1918 3080 2159 3131 nonum,
2183 3080 2310 3121 ecce
2334 3065 2583 3136 legalium
2612 3068 2747 3121 scita
2771 3064 3077 3123 litterarum
3106 3066 3415 3124 firmissime
3434 3070 3534 3123 ho-

1935 3174 2123 3216 norem
2150 3160 2500 3216 ecclesiarum
2526 3160 2730 3216 Christi
2757 3161 2811 3215 in
2838 3161 3156 3231 patrociniis
3181 3160 3533 3233 fugitivorum

228 3223 821 3329 relegauiFT-‘Pé‘gimr
860 3227 913 3329 ξη
965 3226 1176 3329 (rosio:
1219 3229 1356 3329 1⁵Ψο
1384 3245 1479 3294 ν¹¹υ
1519 3230 1584 3329 δεῖ
1610 3228 1829 3329 Alarin
1857 3263 1909 3329 ο
1937 3252 2249 3306 conservari
2280 3248 2491 3316 jnhent.
2537 3249 2819 3320 Nunquam
2842 3223 3121 3306 credimus
3164 3258 3224 3305 ut
3243 3223 3532 3308 vChristia-

229 3326 384 3387 rege,
417 3315 510 3386 qui
560 3314 786 3370 Romam
829 3319 1059 3383 obsedit,
1112 3320 1326 3389 irrupit,
1373 3321 1627 3386 vastavit,
1680 3323 1826 3392 quali

226 3401 539 3459 intentione
584 3406 719 3462 locis
760 3410 964 3464 sanctis
1002 3409 1143 3464 idem
1184 3426 1427 3482 paganus
1472 3425 1562 3465 rex
1601 3427 1830 3481 parcere

227 3492 412 3566 jussit,
466 3505 528 3552 ut
564 3499 754 3554 eadem
784 3502 949 3557 verba
991 3517 1255 3572 ponamus
1308 3503 1504 3576 [Edit.,
1553 3505 1827 3579 ponimus]

234 3604 359 3663 quae
402 3590 547 3647 idem
580 3592 872 3653 historicus
894 3597 977 3650 vir
1001 3597 1200 3668 posuit,
1240 3596 1330 3670 qui
1366 3606 1488 3668 post
1532 3615 1829 3672 congruam

232 3696 422 3739 rerum
460 3693 730 3756 gestarum
780 3688 977 3743 seriem
1026 3688 1221 3745 litteris
1252 3692 1571 3763 Sl‘iljUDXII:
1609 3712 1627 3745 ι
1661 3694 1833 3750 Adest

233 3770 507 3840 Alaricus,
567 3776 831 3846 trepidam
879 3777 1108 3833 Romam
1156 3780 1387 3846 obsidet,
1448 3784 1831 3853 turltatamqu'e

232 3862 516 3936 irrumpit,
555 3866 683 3923 dato
714 3878 894 3925 tamen
933 3880 1205 3944 praecepto
1241 3873 1414 3943 prius,
1443 3884 1502 3929 ut
1545 3877 1589 3930 si
1624 3876 1747 3945 quis
1776 3876 1831 3932 in

234 3965 431 4013 sancta
454 3958 589 4024 loca,
616 3962 882 4032 praecipue
910 3962 962 4017 in
991 3973 1301 4020 sanctorum
1333 3968 1700 4037 apostolorum
1730 3967 1831 4025 Pe-

234 4049 309 4104 tri
341 4057 395 4104 et
416 4049 566 4106 Pauli
594 4053 844 4109 basilicas
868 4054 1215 4126 confugisset,
1240 4057 1339 4112 hos
1366 4058 1629 4129 imprimis
1660 4061 1832 4116 invio-

235 4141 382 4198 latos
422 4158 643 4200 securos
680 4161 799 4203 esse
843 4147 1102 4204 sinerent.
1136 4170 1154 4202 ι
1196 4149 1263 4205 Et
1293 4168 1399 4222 quo
1446 4152 1651 4207 honore
1700 4170 1831 4209 vasa

234 4245 431 4292 sancta
460 4246 739 4309 reportare
762 4239 1017 4310 jussisset
1053 4241 1268 4298 inventa
1314 4245 1381 4298 ad
1414 4244 1688 4307 ecclesias.
1740 4245 1830 4300 ille

232 4325 436 4403 [Codd.
479 4327 598 4383 Vat.
626 4340 672 4384 et
701 4329 845 4396 Sal.,
876 4331 995 4405 ibi],
1034 4333 1124 4403 qui
1162 4334 1303 4388 scire
1330 4334 1621 4400 desiderat,
1651 4334 1832 4406 legere

231 4419 459 4487 poterit.
490 4416 547 4474 Si
571 4419 736 4495 [quis]
776 4422 892 4478 haec
919 4439 1039 4493 quae
1065 4425 1344 4493 posuimus
1370 4441 1636 4481 canonum
1672 4434 1729 4481 et
1754 4426 1832 4483 le-

226 4521 368 4578 gum
419 4510 731 4567 testimonia
782 4513 1023 4571 minores
1081 4530 1203 4571 esse
1255 4516 1611 4579 auctoritates
1666 4514 1824 4590 [Cod.

229 4597 378 4663 διάη
422 4598 491 4654 de
538 4603 836 4660 canonibus
870 4605 956 4661 vel
1020 4605 1137 4675 lege
1185 4605 1429 4661 Romana
1457 4646 1473 4661 .
1508 4647 1523 4661 .
1558 4648 1573 4660 .
1604 4609 1830 4665 minoris
1858 4612 1910 4675 υ

224 4703 359 4746 esse
384 4693 744 4768 auctoritatis]
772 4696 1023 4765 aestimet,
1058 4696 1203 4770 legat
1224 4697 1394 4767 ipsius
1420 4699 1632 4754 Domini
1654 4702 1719 4755 de
1749 4699 1834 4755 fu-

301 4860 332 4890 ι
375 4847 965 4924 Cod._Salisburgensis
984 4853 1088 4909 hoc
1106 4852 1322 4909 locoita
1346 4853 1523 4924 pergit
1547 4872 1560 4907 :
1593 4873 1612 4905 ‹
1635 4853 1694 4908 In
1718 4864 1837 4910 tan-

224 4926 377 4997 tum,
405 4929 472 4997 ut_
502 4920 569 4974 de
602 4923 777 4976 servis
792 4920 1051 4997 'fugitivis
1090 4925 1143 4979 in
1182 4920 1601 4997 Denteronomio
1636 4924 1837 4997 legitur

222 4989 618 5078 denuntiasse,
653 5001 711 5078 ut
744 5009 847 5047 non
875 4989 1233 5078 redderentur
1261 4996 1497 5078 dominis
1524 4989 1743 5078 prop-tEr
1776 4995 1839 5050 ti-

223 5074 460 5136 morenl
477 5071 885 5136 tormentorum.
935 5065 1136 5120 Eadem
1166 5068 1351 5131 verba,
1381 5082 1500 5134 quae
1527 5065 1839 5136 ’ihi’legun-

224 5137 323 5207 tat
354 5146 369 5184 :
397 5131 533 5207 ‘Non
564 5133 738 5207 trades
763 5151 966 5207 servum
995 5136 1204 5192 domino
1230 5154 1351 5203 suo,
1386 5131 1475 5207 qui
1514 5136 1581 5190 ad
1624 5147 1673 5190 te
1707 5131 1839 5192 ἓοη-

227 5201 459 5281 {ugerin
488 5203 580 5256 sed
610 5202 861 5281 habitabit
889 5215 1057 5259 tecum
1086 5209 1141 5260 in
1170 5206 1301 5281 loco,
1339 5201 1434 5279 qui
1478 5208 1522 5260 ei
1559 5208 1835 5281 placuerit,

223 5273 538 5348 diutum
584 5273 1049 5348 urbiumituaram
1091 5273 1398 5348 requiescet,
1440 5293 1533 5330 nec
1559 5273 1839 5332 “contristes

224 5358 351 5395 eum
386 5342 571 5410 (Deut.
606 5360 761 5409 χχιιι,
798 5346 883 5410 15,
916 5345 1025 5413 16).
1071 5342 1194 5403 Hmc
1234 5348 1450 5403 Domini
1492 5357 1615 5402 sunt
1654 5348 1837 5413 verba,

224 5427 341 5489 non
371 5414 766 5489 alterius,_qt.tze
789 5418 936 5471 omni
969 5420 1317 5474 veneratione
1347 5418 1691 5489 intelligenda
1716 5428 1843 5474 sunt

224 5482 298 5564 gd
326 5482 1051 5564 observandumsecnndum
1077 5490 1335 5564 temporis
1357 5482 1838 5564 opportunitatem.

222 5550 341 5606 Sed
375 5561 438 5632 et
461 5554 515 5607 in
544 5556 783 5632 historiis
811 5569 1053 5614 veterum
1084 5550 1278 5632 legitur
1306 5561 1360 5616 in
1396 5550 1718 5632 civitatibus
1745 5573 1839 5630 pe-

220 5635 298 5677 ne
342 5624 552 5703 ubique
584 5628 791 5703 asylum
826 5646 946 5685 esse
982 5624 1204 5702 proptér
1239 5632 1510 5703 refugium
1552 5624 1843 5703 scelerato-

221 5697 612 5784 ium‘tetihoc
641 5697 1047 5784 aputupagan'os
1078 5697 1478 5784 qliantomagis
1504 5702 1661 5784 apud
1682 5702 1847 5784 Chri-

220 5770 449 5820 stianos
487 5770 873 5827 misericordiae
886 5770 1067 5828 'causa
1094 5770 1355 5832 Ecclesia:
1390 5770 1597 5833 deberit
1645 5774 1847 5829 habere

222 5833 506 5917 honorem
528 5854 691 5917 suum
724 5841 781 5895 in
803 5842 1155 5917 fugitivorum
1196 5845 1528 5917 solatiumh
1578 5842 1689 5901 Hic
1725 5843 1847 5914 ﬁnis

222 5860 506 5891 murem
534 5860 691 5895 suum
724 5860 781 5895 In
810 5860 864 5897 lu
906 5860 1155 5913 lttvorum
1196 5860 1446 5904 Soranum
1467 5860 1528 5915 η

216 5914 307 5963 ut
348 5906 589 5977 epistola
624 5911 690 5971 in
716 5912 833 5977 cod.
869 5860 1282 5987 galisburgemi.
1476 5916 1479 5919 ’
1558 5918 1570 5927 ’

1939 3344 2197 3399 nissimus
2221 3351 2275 3397 et
2300 3342 2679 3398 serenissimus
2716 3344 3011 3413 imperator
3044 3343 3275 3399 domnus
3307 3343 3534 3401 Carolus

1938 3435 2214 3505 Augustus
2238 3435 2397 3489 aliter
2421 3434 2713 3503 praecipiat,
2742 3434 2846 3488 nisi
2866 3442 2925 3488 ut
2954 3443 3265 3491 sanctorum
3287 3451 3532 3492 censum

1936 3541 2206 3582 canonum
2235 3538 2290 3581 et
2314 3525 2560 3596 legalium
2583 3524 2781 3597 [edicta
2809 3525 3113 3581 litterarum
3134 3542 3194 3582 se
3224 3527 3444 3590 habent,
3478 3534 3534 3582 et

1928 3628 2001 3675 ut
2028 3626 2402 3675 antecessores
2423 3619 2506 3673 sui
2535 3625 2861 3682 statuerunt,
2884 3634 2988 3674 nec
3006 3625 3209 3674 sancta:
3230 3618 3325 3673 Dei
3349 3618 3535 3674 Eccle-

1936 3710 2035 3767 siae
2061 3712 2251 3775 honor,
2284 3725 2385 3765 nec
2411 3709 2492 3763 sui
2519 3708 2697 3780 magni
2718 3709 2956 3765 nominis
2972 3709 3275 3765 reverentia
3297 3717 3350 3763 et
3372 3708 3535 3763 timor

1938 3805 2119 3859 minor
2142 3803 2301 3858 debet
2328 3817 2449 3857 esse
2476 3802 2530 3856 in
2557 3816 2722 3871 regno
2746 3801 3201 3857 excellentissimo
3228 3809 3283 3855 et
3309 3801 3535 3870 imperio

1937 3897 2331 3967 potentissimo,
2363 3895 2447 3947 vel
2474 3894 2527 3948 in
2559 3894 2737 3963 aliqua
2764 3894 3023 3964 dignitate
3043 3900 3097 3946 et
3115 3894 3320 3947 honore
3341 3890 3535 3956 minui,

1939 3990 2035 4046 sed
2063 4003 2278 4058 semper
2306 3988 2509 4057 augeri,
2542 3987 2610 4040 ad
2637 3986 2849 4039 laudem
2870 3992 2924 4039 et
2943 3984 3168 4054 gloriam
3194 3983 3408 4038 Domini
3438 3999 3536 4038 no-

1932 4084 2035 4139 stri
2066 4083 2193 4136 Jesu
2223 4082 2444 4145 Christi,
2469 4082 2558 4150 qui
2584 4096 2707 4134 eum
2739 4095 2899 4148 super
2924 4094 3112 4133 omnes
3140 4078 3276 4133 alios
3301 4092 3456 4146 reges
3480 4084 3536 4131 et

1936 4171 2294 4241 imperatores
2320 4170 2595 4240 sapientiae
2624 4169 2819 4225 decore
2844 4168 3146 4234 honoravit,
3181 4173 3238 4223 et
3262 4167 3415 4237 regni
3440 4180 3537 4237 po-

1936 4262 2109 4318 tentia
2136 4261 2398 4315 exaltavit
2426 4260 2476 4333 εί
2509 4259 2560 4315 ά.

2330 4397 2491 4474 174,
2535 4411 2558 4439 θ
2586 4398 2920 4456 EPISTOLA
2960 4399 3179 4457 CLVIII.

2032 4528 2101 4568 AD
2140 4527 2371 4568 ALBINO!
2410 4527 2716 4569 κλοιετιιωι
2750 4529 2819 4571 ΕΤ
2860 4529 2927 4571 AD
2962 4526 3440 4569 CONGBEGA’I'IONEII

2328 4599 2651 4640 NONASTEIIII
2684 4599 2871 4639 SANCTI
2897 4600 3121 4640 IABTINI
3130 4623 3143 4638 ο

1941 4695 2409 4768 Congregationem
2445 4694 2505 4752 S.
2551 4695 2772 4750 Martini
2813 4696 3136 4767 reprehendit
3177 4698 3239 4751 ob
3277 4696 3539 4767 defensio-

2014 4854 2045 4895 1»
2081 4853 2209 4907 Hiat
2237 4867 2449 4907 sensus.
3156 4888 3163 4893 -

2017 4936 2039 4962 ο
2086 4923 2249 4997 Uncis
2282 4924 2488 4997 inclusa
2530 4937 2597 4977 ex
2640 4923 2759 4977 cod.
2810 4922 2933 4978 Vat.
2968 4922 3367 4997 restituuntur,
3414 4939 3535 4997 quae

1942 4995 2168 5051 deerant
2209 4994 2261 5049 in
2302 4994 2487 5063 codice
2524 5008 2632 5063 quo
2671 5008 2803 5048 usus
2844 5000 2925 5048 est
2968 4993 3235 5049 Baluzius.

2012 5065 2039 5105 ἀ
2081 5064 2241 5119 Juvat
2264 5062 2397 5127 bnic
2417 5062 2677 5133 epistolae,
2701 5065 2770 5135 ob
2790 5080 2986 5135 nexum
3006 5065 3345 5132 historicum,
3372 5062 3539 5135 subji-

1944 5152 2067 5191 cere
2106 5134 2500 5206 responsoriam
2530 5134 2709 5191 Caroli
2742 5133 2916 5206 Magni
2949 5134 3313 5205 imperatoris.

2022 5218 2045 5245 ε
2075 5204 2249 5275 Magni
2283 5206 2562 5276 momenti,
2592 5206 2765 5276 inquit
2791 5204 3042 5260 Baluzius
3067 5207 3122 5262 in
3150 5207 3291 5262 notis
3317 5206 3431 5261 suis
3463 5205 3533 5261 ad

1944 5274 2275 5349 Capitularia
2304 5284 2435 5349 tom.
2466 5274 2525 5349 II,
2553 5274 2685 5349 pag;
2712 5276 2871 5349 £062,
2900 5285 2982 5331 est
3012 5276 3114 5332 ista
3137 5277 3313 5334 Caroli
3336 5277 3537 5349 epistog

1945 5345 2081 5412 la,*a
2108 5363 2303 5418 magno
2324 5345 2576 5418 principe
2585 5345 2644 5418 et
2664 5345 2869 5416 jurium
2908 5349 3197 5403 sacerdotii
3237 5357 3291 5403 et
3321 5345 3536 5418 imperii

1944 5417 2277 5491 peritissimo
2307 5418 2528 5487 scripta.
2558 5417 2666 5491 Hic]
2705 5419 2853 5491 vides
2877 5417 3133 5474 clericum
3178 5421 3245 5475 ab
3284 5417 3537 5491 episcopo

1947 5487 2046 5544 suo
2077 5488 2371 5545 secundum
2394 5504 2631 5544 canones
2654 5487 2968 5558 iudicatum,
2995 5498 3049 5544 et
3074 5490 3124 5543 in
3145 5487 3387 5544 custodia
3410 5487 3536 5558 pro-

1945 5569 2069 5632 pter
2090 5576 2183 5615 sua
2207 5560 2399 5632 merita
2436 5560 2723 5632 inclusum,
2751 5560 2950 5632 ruptis,
2978 5568 3038 5632 ut
3070 5560 3145 5614 ita
3178 5560 3377 5632 dicam,
3416 5575 3538 5632 car-

1948 5629 2089 5686 ceris
2111 5631 2361 5696 vinculis,
2389 5631 2441 5686 in
2465 5631 2748 5687 ecclesiam
2783 5631 2953 5685 sancti
2987 5629 3201 5686 Martini
3230 5629 3536 5700 confugisse

1948 5711 2003 5759 et
2033 5705 2260 5758 abusum
2303 5704 2587 5758 sanctitate
2612 5702 2747 5767 loci,
2784 5713 2851 5773 ut
2877 5715 3092 5773 pinnam
3117 5703 3387 5768 evaderet,
3414 5717 3535 5773 qua:

1949 5773 2006 5828 in
2033 5789 2155 5830 eum
2177 5774 2383 5845 optimo
2398 5772 2596 5843 iudicio
2620 5771 2915 5845 constituta
2938 5771 3132 5828 fuerat.
3151 5773 3314 5835 Vides
3337 5771 3535 5845 deinde

1950 5846 2268 5909 monachos,
2311 5843 2527 5913 ut'asyli
2565 5844 2648 5899 sui
2693 5843 3005 5913 religionem
3056 5853 3106 5897 et
3152 5844 3533 5900 auctoritatem

1951 5860 2268 5909 monachos,
2311 5860 2369 5899 ut
2394 5860 2454 5899 as
2492 5860 2527 5899 ιι
2565 5860 2648 5899 ευι
2693 5860 3005 5913 ιωιειοιιοιη
3056 5860 3106 5897 et
3152 5860 3531 5900 aucrornatem

1951 5915 2315 5981 venditarcnt,
2347 5860 2569 5971 latebris
2609 5914 2757 5969 iilum
2806 5914 2921 5970 suis
2955 5913 3277 5983 occultasse,
3304 5916 3531 5989 ejusque
