4064 6342
550 404 661 463 415

1402 392 1466 448 B.
1501 388 1563 447 F.
1599 382 1829 444 ALBINI
1865 380 2000 441 seu
2037 375 2316 437 ALCUINI
2350 372 2633 435 OPERUM
2668 371 2850 432 rans
2880 354 2929 427 ἰ.

3720 368 3825 430 ιιο

618 534 736 576 nem
768 515 1046 589 cujusdam
1074 512 1150 569 rei
1176 508 1351 589 clerici
1369 508 1439 562 ad
1451 508 1595 589 ipsos
1615 501 1984 589 confugimus,
2006 515 2132 589 φη·
2157 497 2210 562 Δ
2232 495 2432 553 missus
2454 500 2557 561 est,
2582 500 2638 550 et
2656 492 2724 550 de
2752 490 2910 563 175
2937 486 3094 561 cujus
3119 487 3363 546 custodia
3391 485 3589 558 evasit,
3623 491 3823 561 praeci-

620 570 731 647 Iri"
750 570 1058 643 sementium
1108 583 1192 639 sui
1238 570 1488 654 episcopi,
1523 585 1572 632 et
1603 570 1789 630 contui
1824 570 2132 626 mandatum

619 663 783 734 ipsius
813 660 966 730 regis,
1004 668 1101 711 etc.

622 731 679 807 lin
708 751 923 807 nomine
944 745 1145 808 Patris.
1172 750 1227 799 et
1248 740 1394 807 Filii,
1417 746 1470 797 et
1490 738 1723 811 Spiritus
1741 734 1935 792 sancti.
1973 731 2136 788 Caro-

555 846 659 913 lus,
699 852 754 900 et
787 842 1015 912 reliqua,
1053 836 1246 893 Albino
1281 831 1575 890 venerabili
1614 828 1870 901 magistro
1905 832 1961 883 et
1985 822 2134 881 omni

556 933 953 1009 congregationi
986 927 1299 986 monasterii
1328 925 1497 982 sancti
1522 921 1758 978 Martini.

624 1031 804 1088 Pridie
823 1043 985 1099 quam
1013 1025 1080 1079 ad
1104 1031 1344 1078 nostram
1368 1018 1711 1090 praesentiam
1740 1031 1772 1071 a
1798 1014 1953 1070 vobis
1970 1012 2136 1069 missa

554 1125 790 1180 venisset
801 1118 1047 1191 epistola,
1061 1116 1236 1171 allatae
1259 1112 1414 1169 nobis
1434 1119 1558 1167 sunt
1579 1110 1773 1165 littera:
1793 1105 2135 1162 aTheodulfo

554 1215 807 1285 episcopo
853 1209 1049 1275 missae,
1086 1203 1453 1278 querimonias
1496 1201 1834 1257 continentes
1877 1198 1945 1253 de
1981 1198 2137 1253 inho-

554 1306 833 1362 noratione
872 1301 1153 1359 hominum
1207 1312 1449 1362 suorum,
1503 1303 1557 1350 et
1599 1309 1708 1348 non
1757 1300 1871 1347 tam
1919 1290 2137 1346 illorum

554 1415 714 1473 quam
739 1395 976 1469 episcopi
994 1391 1154 1463 hujus
1169 1390 1422 1455 civitatis,
1444 1387 1529 1443 vel
1551 1391 1863 1456 contemptu
1875 1381 2138 1453 jussionis

454 1488 459 1491 ⁷
552 1470 762 1561 imperii
794 1487 998 1553 nostri;
1031 1500 1192 1556 quam
1214 1481 1514 1551 jussionem
1545 1478 1611 1534 de
1632 1476 1932 1532 redditione
1965 1470 2138 1541 cujus-

552 1582 678 1639 dam
702 1580 885 1637 clerici
919 1578 986 1635 dc
1021 1574 1265 1632 custodia
1296 1573 1466 1643 ipsius
1503 1570 1691 1642 elapsi,
1733 1577 1789 1625 et
1823 1569 1879 1623 in
1913 1566 2137 1643 basilica

551 1675 724 1739 sancti
749 1672 965 1729 Martini
1000 1669 1263 1726 latitantis
1289 1668 1389 1723 sub
1418 1665 1588 1721 nostri
1626 1662 1859 1719 nominis
1895 1660 2136 1716 auctori-

549 1775 664 1823 tate
702 1764 1049 1823 conscribere
1079 1761 1371 1832 jussimus;
1405 1755 1559 1827 cujus
1583 1754 1744 1810 etiam
1775 1752 1932 1808 nobis
1957 1765 2140 1807 exem-

546 1860 720 1935 plaria
749 1858 973 1915 misistis
996 1853 1090 1929 [F.
1119 1853 1272 1909 vobis
1392 1846 1680 1921 misimus],
1725 1846 1781 1901 in
1817 1845 2013 1916 quibus
2036 1858 2137 1899 nos
2166 1865 2214 1927 Β

549 1966 890 2022 nequaquam
916 1947 1111 2018 injuste
1132 1944 1336 2014 aliquid
1360 1939 1684 2004 decrevisse,
1705 1945 1768 1993 ut
1790 1937 1943 1992 vobis
1962 1936 2138 1991 visum

550 2044 684 2108 fuit,
710 2052 983 2115 putamus.
1025 2039 1132 2096 Sed
1153 2054 1277 2095 cum
1305 2044 1562 2106 utrasque
1589 2032 1876 2104 epistolas,
1900 2037 2139 2085 vestram

551 2138 759 2197 scilicet
779 2177 796 2203 ,
843 2144 900 2192 et
954 2132 1254 2200 Theodulli,
1302 2130 1460 2187 nobis
1510 2128 1750 2199 relegere
1801 2124 2137 2191 fecissemus,

550 2232 794 2303 asperior
826 2229 997 2285 multo
1031 2228 1189 2283 nobis
1239 2232 1294 2282 et
1346 2239 1470 2280 cum
1519 2219 1798 2278 iracundia
1843 2217 2143 2287 composita

547 2334 727 2382 vestra
745 2366 759 2391 ,
783 2338 945 2395 quam
969 2318 1249 2377 Theodulli
1270 2316 1555 2373 videbatur
1578 2312 1804 2384 epistola
1822 2352 1837 2377 ,
1866 2318 1920 2366 et
1940 2311 1996 2364 in
2020 2308 2143 2363 nul-
2168 2370 2174 2375 ο

549 2416 602 2472 lo
623 2430 750 2486 erga
776 2413 926 2469 illum
950 2410 1236 2467 charitatis
1258 2407 1602 2464 condimento
1623 2417 1901 2473 respersa;
1927 2399 2022 2457 sed
2046 2416 2143 2472 po-

549 2508 657 2563 tius
687 2504 841 2577 quasi
879 2519 1032 2559 reum
1070 2500 1381 2565 defendens,
1421 2505 1476 2553 et
1510 2497 1825 2567 episcopum
1858 2508 2137 2560 accusans,

549 2609 605 2656 et
630 2599 729 2655 sub
751 2596 1020 2653 velamine
1047 2594 1280 2664 quodam
1304 2591 1465 2647 celati
1486 2589 1723 2645 nominis
1748 2587 2033 2644 continens
2055 2585 2143 2640 vel

550 2696 733 2762 posset
757 2688 842 2745 vel
864 2685 1076 2743 admitti
1100 2685 1169 2740 ad
1194 2682 1593 2739 accusationem
1617 2678 1869 2744 deberet;
1894 2692 2017 2733 cum
2037 2677 2144 2733 hoc

550 2782 773 2839 omnino
800 2786 855 2835 et
880 2777 1060 2834 divina
1083 2783 1139 2833 et
1162 2777 1400 2831 humana
1426 2772 1544 2843 lege
1568 2770 1839 2827 sancitum
1861 2769 1952 2835 sit,
1975 2779 2002 2807 ι
2023 2765 2144 2823 nul-

550 2873 590 2932 li
612 2873 903 2930 criminoso
933 2869 1165 2925 alterum
1191 2865 1481 2923 accusandi
1510 2865 1627 2920 dari
1659 2863 1952 2928 licentiam,
1976 2875 2145 2931 quan-

550 2979 716 3037 quam
740 2980 773 3020 a
799 2962 949 3019 vobis
972 2960 1041 3016 ad
1065 2960 1170 3015 hoc
1196 2956 1448 3015 defensus
1473 2963 1531 3012 et
1556 2962 1908 3012 conservatus
1938 2953 2011 3009 sit
2041 2954 2143 3009 sub

552 3058 776 3113 obtentu
800 3051 1061 3124 jussionis
1088 3049 1323 3105 nominis
1349 3047 1555 3115 nostri,
1582 3054 1644 3102 ut
1668 3047 1761 3117 qui
1781 3046 1894 3117 jam
1922 3057 2145 3099 accusa-

553 3156 659 3214 tus,
690 3154 744 3203 et
768 3147 797 3188 b
828 3146 883 3201 in
910 3150 1199 3217 conspectu
1235 3139 1691 3213 populi;,civitatis
1728 3152 1840 3194 suae
1868 3135 2142 3205 judicatus

552 3251 639 3301 est
655 3284 670 3311 ,
699 3239 988 3298 accusandi
1009 3237 1187 3292 locum
1210 3235 1411 3291 habere
1434 3234 1669 3291 Caesarei
1701 3231 1934 3288 nominis
1962 3229 2142 3301 appel-
2163 3220 2215 3284 Ο

554 3335 757 3390 latione
793 3331 1031 3394 deberet,
1070 3328 1139 3384 ad
1174 3326 1482 3397 exemplum
1518 3327 1662 3382 beati
1696 3323 1847 3380 Pauli
1885 3321 2132 3393 apostoli,

555 3429 651 3501 qui
678 3427 818 3498 apud
841 3424 1113 3496 principes
1134 3420 1331 3478 Iudaea
1358 3437 1388 3475 a
1413 3429 1571 3493 gente
1598 3436 1695 3476 sua
1719 3425 2021 3484 accusatus,
2046 3417 2141 3474 sed

556 3522 795 3579 nondum
815 3518 1108 3589 judicatus,
1132 3514 1400 3571 Caesarem
1426 3512 1731 3583 appellavit,
1758 3519 1814 3566 et
1843 3511 1911 3565 ab
1936 3509 2140 3566 eisdem

555 3614 892 3689 principibus
911 3611 981 3666 ad
1003 3610 1270 3665 Caesarem
1296 3606 1622 3677 iudicandus
1649 3604 1847 3660 missus
1882 3610 1968 3658 est
2002 3601 2139 3675 (Act.

558 3724 691 3771 xxv,
713 3706 801 3772 10,
832 3704 945 3776 ll),
972 3702 1115 3773 quod
1144 3713 1480 3770 nequaquam
1505 3695 1755 3767 praesenti
1776 3694 1989 3764 negotio
2014 3708 2144 3749 con-

557 3799 725 3855 venit.
766 3795 965 3850 Paulus
988 3793 1133 3848 enim
1152 3790 1424 3862 apostolus
1447 3804 1477 3843 a
1503 3787 1701 3843 Iudaeis
1724 3793 2024 3853 accusatus,
2049 3785 2144 3841 sed

559 3907 666 3948 non
698 3889 992 3961 judicatus,
1023 3886 1293 3942 Caesarem
1319 3883 1625 3954 appellavit,
1652 3890 1707 3937 et
1728 3881 1875 3936 adire
1910 3880 2143 3952 permis-

560 3999 653 4042 sus
679 3991 780 4041 est.
823 3981 923 4039 llic
957 3996 1087 4038 vero
1124 3979 1342 4036 infamis
1383 3979 1630 4045 clericus,
1675 3986 1730 4033 et
1769 3985 2052 4033 accusatus
2088 3980 2146 4030 et

555 4075 848 4149 judicatus,
880 4076 1015 4133 etin
1044 4074 1289 4131 custodia
1312 4073 1529 4139 missus,
1559 4080 1612 4127 et
1645 4073 1709 4128 de
1746 4071 1990 4127 custodia
2028 4069 2144 4124 ela-

558 4186 706 4243 psus,
730 4169 1033 4235 basilicam,
1059 4180 1220 4237 quam
1241 4165 1346 4221 nisi
1372 4172 1493 4235 post
1522 4162 1895 4234 paenitentiam
1936 4158 2147 4230 ingredi

561 4276 670 4317 non
696 4258 970 4325 debuerat,
1004 4265 1192 4313 contra
1226 4256 1400 4326 legem
1436 4255 1727 4326 ingressus,
1767 4260 1821 4306 et
1851 4252 2047 4316 adhuc,
2085 4256 2148 4304 ut

563 4352 766 4416 fertur,
798 4364 1047 4421 perverse
1075 4347 1256 4402 vivere
1276 4361 1384 4402 non
1409 4360 1627 4401 cessans
1643 4385 1658 4411 ,
1681 4350 1742 4398 ut
1766 4341 1945 4398 dicitis
1961 4381 1975 4407 ,
2007 4340 2149 4397 sicut

564 4441 760 4497 Paulus
780 4441 1052 4511 apostolus
1070 4437 1340 4494 Caesarem
1352 4435 1655 4506 appellavit,
1670 4434 1765 4489 sed
1784 4448 2144 4504 nequaquam,

562 4540 625 4588 ut
668 4532 885 4597 Paulus,
931 4530 1199 4586 Cmsarem
1237 4529 1482 4582 aditurus
1522 4535 1623 4581 est.
1666 4523 1749 4579 Illi
1795 4526 1959 4591 enim,
2005 4520 2193 4597 apud;

2232 589 2430 661 pimus,
2460 594 2522 642 ut
2547 585 2821 652 reddatur,
2850 589 2907 639 et
2932 582 3024 639 ille
3059 597 3184 638 eum
3221 579 3291 638 ad
3319 589 3563 637 nostram
3601 580 3828 638 audien—

2232 682 2387 748 tiam,
2425 681 2539 738 sive
2574 694 2702 734 vera
2739 678 2853 734 sive
2894 674 3032 731 falsa
3074 673 3367 742 dicentem,
3408 672 3661 741 adducat,
3700 674 3829 745 quia

2234 791 2344 831 non
2367 776 2542 841 decet,
2570 780 2633 828 ut
2653 779 2875 843 propter
2898 766 3062 824 talem
3087 768 3367 825 hominem
3400 776 3604 824 nostra),
3636 768 3827 839 prima:

2227 863 2486 934 jussionis
2504 862 2614 918 ulla
2639 860 2733 916 flat
2758 859 3082 917 immutatio.
3130 856 3240 915 Sed
3261 870 3318 915 et
3340 858 3499 914 valde
3525 858 3826 927 miramur,

2235 971 2334 1013 cur
2357 956 2512 1011 vobis
2542 953 2670 1010 solis
2694 953 2872 1008 visum
2897 950 2968 1008 sit
2994 957 3195 1007 nostra:
3216 949 3558 1006 auctoritatis
3585 949 3830 1007 sanctio-

2234 1048 2293 1103 ni
2323 1054 2379 1102 et
2412 1045 2631 1101 decreto
2665 1042 3115 1109 contraeundum,
3152 1057 3280 1099 cum
3314 1041 3520 1113 liquido
3547 1049 3737 1113 pateat
3773 1050 3831 1100 et

2236 1155 2304 1196 ex
2340 1139 2728 1196 consuetudine
2764 1137 2935 1194 veteri
2956 1177 2972 1204 ,
3013 1144 3069 1193 et
3104 1150 3174 1193 ex
3210 1135 3599 1193 constitutione
3646 1135 3830 1208 legum

2238 1229 2474 1306 [regum]
2504 1230 2721 1286 decreta
2759 1236 2909 1285 recta
2950 1225 3072 1302 [Ρη
3110 1224 3254 1300 rata]
3293 1238 3415 1283 esse
3454 1216 3676 1293 debere,
3727 1240 3834 1283 nec
3911 1257 3919 1261 ~

2238 1325 2492 1396 cuiquam
2514 1324 2840 1396 permissum
2870 1321 3087 1378 illorum
3122 1319 3297 1377 edicta
3333 1318 3421 1375 vel
3459 1326 3665 1375 statuta
3697 1334 3832 1377 con-

2236 1424 2498 1474 temnere.
2540 1416 2608 1471 Et
2642 1416 2699 1471 in
2736 1417 2841 1472 hoc
2877 1415 3011 1471 satis
3046 1414 3238 1471 mirari
3274 1413 3643 1485 nequivimus,
3682 1412 3833 1485 quod

2239 1510 2384 1566 illius
2420 1492 2668 1566 scelerati
2702 1508 2936 1564 hominis
2964 1507 3249 1578 precibus,
3288 1522 3455 1578 quam
3489 1513 3690 1563 nostrae
3730 1520 3829 1562 au-

2239 1602 2508 1659 ctoritatis
2551 1601 2885 1673 jussionibus
2933 1600 3311 1670 obtemperare
3356 1597 3624 1654 maluistis
3646 1636 3663 1663 ,
3703 1612 3831 1653 cum

2239 1715 2383 1757 nunc
2411 1698 2712 1755 clarissime
2739 1695 2962 1766 liqueat,
2986 1711 3110 1751 cum
3132 1694 3322 1750 eodem
3340 1692 3562 1748 homine
3586 1706 3832 1748 amorem

2242 1794 2522 1852 discordiae
2548 1809 2617 1849 ex
2643 1789 2946 1861 irruptione
2968 1787 3249 1845 charitatis
3277 1785 3344 1843 de
3370 1786 3477 1842 hoc
3506 1785 3628 1841 loco
3655 1783 3833 1841 vetuit

2241 1889 2326 1964 [L.
2364 1886 2552 1958 veluti]
2586 1884 2792 1956 egredi.
2841 1881 2949 1953 Ipsi
2984 1881 3180 1952 quippe
3216 1879 3389 1936 nostis
3411 1918 3427 1945 ,
3466 1877 3561 1948 qui
3596 1891 3832 1950 congre-

2236 1981 2383 2055 gatio
2410 1978 2571 2049 hujus
2596 1974 2913 2033 monasterii
2937 1989 3002 2031 ac
3025 1971 3171 2029 servi
3193 1971 3291 2028 Dei
3312 1970 3390 2045 [et
3408 1970 3616 2026 utinam
3635 1983 3769 2026 vere
3792 1966 3831 2043 !]

2239 2071 2501 2137 dicimini,
2543 2069 2776 2141 qualiter
2802 2065 2917 2137 jam
2954 2065 3147 2123 crebro
3183 2065 3296 2120 vita
3340 2068 3524 2119 vestra
3566 2076 3598 2116 a
3645 2060 3835 2119 multis

2239 2162 2514 2219 dill‘amata
2561 2169 2666 2228 est,
2712 2166 2769 2216 et
2810 2174 2919 2216 non
2964 2160 3169 2229 absque
3213 2171 3294 2211 re.
3335 2153 3639 2225 Aliquando
3684 2151 3831 2209 enim

2240 2256 2553 2320 monachos,
2593 2253 2880 2323 aliquando
2917 2249 3227 2317 canonicos,
3259 2247 3547 2318 aliquando
3576 2253 3833 2303 neutrum

2239 2364 2336 2404 vos
2372 2362 2491 2404 esse
2530 2345 2809 2403 dicebatis.
2852 2344 2921 2399 Et
2957 2358 3056 2399 nos
3093 2339 3423 2399 consulendo
3460 2338 3631 2403 vobis,
3672 2345 3731 2393 et
3766 2336 3836 2395 ad

2240 2440 2437 2497 malam
2477 2439 2680 2494 famam
2715 2437 3033 2494 abolendam
3064 2447 3086 2476 ο
3122 2434 3442 2506 magistrum
3474 2439 3530 2486 et
3564 2438 3837 2486 rectorem

2241 2532 2497 2589 idoneum
2532 2531 2688 2587 vobis
2734 2529 3027 2602 elegimus,
3066 2535 3122 2582 et
3158 2527 3225 2584 de
3259 2522 3569 2597 longinquis
3611 2521 3838 2593 provin-

2240 2623 2342 2679 ciis
2397 2621 2765 2687 invitavimus,
2815 2620 2909 2691 qui
2955 2627 3012 2678 et
3052 2618 3233 2674 verbis
3274 2624 3331 2672 et
3377 2613 3838 2672 admonitionibus

2241 2722 2449 2771 rectam
2475 2714 2643 2768 vitam
2668 2713 2960 2779 instruere,
2990 2718 3068 2778 et,
3099 2710 3227 2782 quia
3252 2708 3538 2781 religiosus
3560 2714 3703 2772 erat,
3740 2705 3839 2761 ho-

2241 2823 2327 2863 na:
2352 2803 2779 2863 conversationis
2805 2803 3051 2876 exemplo
3072 2802 3338 2877 potuisset
3365 2799 3684 2857 informem.
3728 2797 3838 2855 Sed

2240 2899 2379 2971 proh
2402 2897 2555 2954 dolor
2578 2898 2592 2952 l
2628 2896 2887 2954 aliorsum
2914 2902 3108 2952 cuncta
3129 2908 3391 2952 conversa
3411 2899 3567 2958 sunt;
3596 2898 3655 2947 et
3680 2888 3840 2946 ddia-

2240 2993 2399 3050 holus
2416 3008 2515 3049 vos
2535 2992 2689 3063 quasi
2711 2990 2989 3047 ministros
3007 3004 3136 3046 suos
3153 2984 3613 3044 ad-seminandam
3631 2982 3841 3040 discor-

2244 3086 2409 3152 diam,
2443 3085 2585 3141 inter
2623 3099 2760 3156 quos
2799 3082 3023 3138 minime
3064 3081 3310 3146 decebat,
3354 3076 3582 3143 invenit,
3629 3074 3841 3131 scilicet

2244 3180 2388 3237 inter
2402 3180 2675 3250 sapientes
2702 3184 2758 3232 et
2783 3177 3034 3233 doctores
3056 3172 3330 3238 Ecclesiae,
3354 3179 3410 3228 et
3433 3170 3526 3242 qui
3546 3176 3841 3241 peccantes

2245 3275 2519 3345 corrigere
2555 3279 2610 3328 et
2644 3271 2910 3341 castigare
2945 3269 3264 3333 debuerunt,
3303 3264 3498 3336 cogitis
3543 3261 3609 3317 ad
3644 3274 3843 3330 pecca-

2245 3374 2360 3422 tum
2396 3364 2611 3420 invidias
2647 3370 2808 3433 atque
2846 3358 3139 3416 iracundiae
3174 3368 3547 3428 prorumpere.
3586 3349 3697 3407 Sed
3732 3349 3839 3416 illi,

2246 3459 2358 3516 Deo
2394 3457 2707 3522 miserante,
2745 3467 3086 3524 nequaquam
3125 3463 3405 3506 assensum
3442 3444 3640 3502 vestris
3678 3439 3841 3497 malis

2243 3540 2681 3623 suggestionibus
2706 3544 2987 3617 praebituri
3014 3550 3160 3600 sunt.
3198 3541 3308 3598 Vos
3336 3547 3517 3595 autem
3536 3576 3551 3603 ,
3579 3533 3675 3607 qui
3705 3550 3839 3591 eon-

2249 3650 2542 3712 temptores
2566 3645 2767 3695 nostra
2785 3635 3045 3707 jussionis
3069 3631 3376 3697 exstitistis,
3407 3629 3523 3684 sive
3563 3624 3840 3691 canonici,

2247 3735 2360 3790 sive
2387 3730 2638 3788 monachi
2664 3728 2951 3792 vocamini,
2980 3726 3048 3781 ad
3084 3723 3342 3795 placitum
3379 3727 3647 3805 nostrum,
3681 3716 3838 3788 juxta

2247 3828 2393 3901 quod
2426 3822 2665 3896 praesens
2701 3823 2899 3878 missus
2940 3828 3126 3876 noster
3162 3818 3315 3875 vobis
3353 3804 3629 3879 indixerit,
3681 3811 3839 3867 nobis

2247 3936 2345 3977 vos
2382 3919 2634 3975 assistere
2669 3915 2882 3972 scitote.
2923 3914 2992 3969 Et
3027 3911 3275 3983 quamvis
3314 3908 3381 3964 ad
3417 3922 3518 3963 nos
3548 3906 3715 3961 missa
3750 3903 3839 3959 hic

2248 4012 2407 4069 factae
2444 4008 2725 4066 seditionis
2759 4023 2857 4064 vos
2891 4012 3112 4062 excuset
3135 4000 3383 4074 epistola,
3414 3999 3596 4057 venite
3621 4005 3679 4053 et
3703 4011 3838 4054 eon-

2250 4103 2410 4176 digna
2439 4100 2804 4160 satisfactione
2828 4099 3066 4154 inustum
3095 4096 3302 4152 crimen
3326 4091 3511 4148 eluite.

2654 4189 2814 4262 173
2841 4200 2865 4229 θ
2891 4183 3226 4243 EPISTOLA
3251 4181 3429 4240 CLIX.

2856 4285 2923 4324 AD
2959 4278 3229 4324 ABNONEI.

2250 4365 2587 4426 Commendat
2601 4362 2683 4420 illi
2700 4360 3014 4434 discipulum
3035 4356 3390 4483 gr‘ammaticw
3406 4394 3421 4420 ,
3443 4368 3597 4426 quem
3618 4350 3840 4407 vitulum

2956 4447 3083 4483 voca
3112 4468 3126 4482 .

2956 4447 3126 4486 vocat.

2321 4526 2682 4585 Dilectissimo
2706 4523 2913 4596 Aquilae
2941 4520 3170 4578 Albinus
3213 4515 3621 4574 matricularius
3642 4529 3840 4586 perpe-

564 4636 726 4694 quem
751 4628 1050 4686 accusatus,
1081 4626 1135 4675 et
1155 4634 1187 4673 a
1213 4633 1321 4689 quo
1337 4615 1613 4687 judicatus
1640 4623 1803 4687 atque
1824 4617 1878 4672 in
1901 4590 2147 4673 custodia
2174 4590 2229 4654 D
2251 4627 2357 4676 tuae
2376 4616 2727 4675 beatitudinis
2746 4590 2802 4671 in
2824 4613 3043 4672 Christo
3067 4610 3317 4667 salutem.

568 4754 934 4811 defensionem
961 4754 1033 4808 ita
1056 4754 1329 4825 suscipere
1350 4768 1523 4825 ausos,
1536 4755 1793 4825 adversus
1813 4750 2145 4825 episcopum,

567 4833 628 4881 ut
664 4826 828 4905 etiam
873 4824 923 4878 ei
952 4823 1234 4905 plurimas_
1257 4824 1610 4905 contumelias
1630 4823 1862 4905 ‘publicc
1906 4824 2149 4905 impone-

569 4895 871 4978 rent..Qu:e
895 4908 1003 4977 res.
1025 4896 1157 4978 adeo
1202 4896 1422 4950 demens
1463 4903 1517 4978 et
1543 4894 1738 4950 stolida
1783 4894 1899 4948 visa
1933 4902 2018 4978 est
2042 4908 2149 4976 .sa-

567 4966 904 5037 picntissimo
922 4965 1265 5037 principi,rut
1292 4981 1399 5019 non
1440 4966 1614 5021 solum
1635 4979 1823 5037 eorum
1862 4964 2145 5037 stultitiam

568 5035 917 5108 castigaverit
939 5036 1306 5108 asperioribus
1321 5037 1528 5108 verbis,
1569 5036 1663 5092 sed
1689 5036 1853 5090 etiam
1889 5035 2149 5108 clericum

569 5105 732 5164 illuni
743 5105 1131 5179 episcoposqu
1142 5106 1292 5161 reddi
1312 5105 1558 5179 jusserit,
1584 5107 1875 5179 monachos
1895 5121 2059 5179 porro
2080 5105 2150 5161 ad

570 5194 633 5237 se
656 5176 856 5243 venire,
880 5176 943 5232 ut
980 5176 1244 5246 condigna
1277 5176 1643 5232 satisfactione
1667 5176 1905 5246 inustum
1944 5176 2149 5231 crimen

570 5250 812 5307 eluerent
984 5245 1249 5303 Caeterum
1271 5248 1413 5318 quod
1450 5248 1538 5301 hic
1563 5245 1867 5318 Theodull‘o
1907 5246 2151 5318 Aurelia-

570 5321 725 5377 nensi
769 5320 1019 5389 episcopo
1065 5318 1263 5374 accidit
1291 5316 1406 5389 sub
1450 5318 1675 5388 imperio
1698 5316 1874 5389 Garoli
1903 5317 1971 5371 Μ.
2005 5317 2148 5373 idem

570 5336 725 5377 nenSI
765 5336 1019 5444 lepiscopo
1065 5336 1263 5374 acolult
1306 5336 1406 5373 sun
1450 5336 1675 5388 Imperio
1698 5336 1874 5372 uarou
1903 5336 1971 5371 lu.
2005 5336 2148 5373 luem

570 5391 740 5447 ferme
815 5392 1053 5446 incmaro
1078 5388 1368 5445 Rhemensi
1391 5384 1794 5456 archiepiscopo
1817 5398 2002 5456 postea
2027 5404 2149 5446 eve-

570 5463 670 5527 nit,
695 5471 755 5516 ut
778 5460 934 5518 docet
957 5460 1316 5523 Flodoardus,
1344 5459 1466 5513 libr.
1492 5475 1550 5513 ιιι
1581 5458 1717 5512 Hist.
1764 5458 1980 5523 Rhem.,
2026 5474 2146 5528 cap.

571 5532 662 5596 2|,
704 5532 795 5587 ubi
840 5546 1125 5588 recensens
1167 5530 1423 5600 epistolas
1450 5528 1725 5600 Hincmari
1765 5527 1872 5581 ait:
1907 5547 1925 5578 ί
1977 5527 2149 5600 Eboni

570 5604 823 5674 episcopo
859 5603 1112 5658 Ecclesiae
1152 5598 1475 5674 Rhemcnsis
1498 5599 1736 5674 _alumno
1777 5613 1876 5666 pro
1915 5598 2150 5674 quodam

571 5669 856 5729 fratre'ab
896 5674 1001 5729 hac
1046 5674 1275 5729 ecclesia
1322 5670 1447 5741 fuga
1482 5669 1672 5741 lapso
1684 5676 1743 5741 et
1788 5669 1928 5741 apud
1974 5672 2151 5739 Ipsum

573 5752 960 5824 commorante,
988 5753 1047 5799 ut
1087 5738 1587 5815 quantociusiillum
1626 5738 1865 5811 diligenti
1907 5738 2037 5794 cura
2061 5754 2150 5795 re-

573 5814 790 5868 mittere
813 5814 1042 5871 studeat.
1080 5836 1096 5868 ι

647 5884 900 5941 Baluzius
952 5887 1090 5942 hanc
1133 5885 1414 5955 epistolam
1441 5886 1675 5955 primum
1697 5898 1762 5941 ex
1785 5881 1954 5939 veteri
1981 5879 2145 5940 Codi-

2249 4767 2313 4809 ce
2332 4768 2434 4808 ms.
2462 4752 2802 4809 bibliothecae
2827 4748 3152 4807 Colbertinaa
3182 4746 3351 4803 edidit
3373 4755 3507 4802 tom.
3532 4775 3554 4801 ι
3573 4743 3839 4811 Capitul.,

2247 4838 2372 4949 pag.
2398 4822 2526 4890 M3,
2552 4839 2779 4893 eamque
2822 4824 3080 4893 scriptam
3123 4826 3276 4903 putat
3301 4834 3444 4873 anno
3478 4816 3621 4883 805;
3650 4816 3844 4899 Mabilc

2268 4911 2426 4949 omus
2470 4910 2600 4949 vero
2643 4909 2785 4949 anno
2814 4892 3160 4949 praecedenti.
3209 4881 3646 4949 (AnudFroben.
3675 4896 3839 4949 epist.

2268 4881 2426 4952 onius
2470 4881 2600 4950 vero
2643 4881 2785 4950 anno
2814 4881 3160 4964 praecedenti.
3209 4881 3646 4962 (ApudFroben.
3675 4888 3839 4959 epist.

2289 4966 2526 5117 Ῐὲἳνιιιζί
2562 5037 2863 5117 crimingso.
2889 5035 3113 5117 Legitur
3158 5032 3304 5117 istud
3326 5031 3383 5087 in
3424 5028 3846 5117 Capitulis_An-

2253 5104 2520 5175 gilramni,
2548 5122 2667 5176 cap.
2706 5106 2776 5161 45
2815 5115 2874 5163 et
2911 5101 3036 5161 inde
3085 5104 3141 5161 in
3181 5104 3306 5161 libr.
3348 5120 3384 5176 v
3421 5101 3840 5176 Capitularium,

2403 5177 2524 5233 187.
2552 5174 2688 5232 Vide
2711 5178 2873 5231 etiam
2896 5177 3017 5232 libr.
3044 5192 3144 5241 vn,
3166 5191 3286 5246 cap.
3318 5174 3408 5231 85.
3433 5174 3637 5230 Banuz.

2383 5246 2441 5286 1η
2473 5255 2745 5286 ρηηρηρι-ι..
2774 5247 2950 5286 sanust“
2996 5247 3094 5286 ιιςρ
3138 5247 3289 5286 Inmic
3330 5245 3486 5286 valda.
3533 5245 3637 5286 in...

2375 5246 2441 5302 In
2473 5255 2749 5328 conspectu
2774 5247 2973 5328 populi.
2996 5247 3097 5328 llic
3138 5247 3289 5303 locus
3330 5245 3486 5301 valde
3533 5245 3848 5301 illustratur

2250 5332 2473 5401 excap.
2634 5317 2728 5372 lib.
2752 5317 3099 5401 v'Capitular.

2325 5399 2348 5459 9
2379 5388 2712 5459 Magistrum.
2740 5388 3026 5444 Alcuinum
3053 5388 3273 5459 utique?

2283 5528 2295 5540 .
2321 5456 2349 5497 ἀ
2377 5456 2631 5540 Diabolus
2652 5475 2738 5515 vos
2751 5456 3209 5540 quasina-timaret
3233 5476 3376 5540 sues.
3416 5458 3509 5515 lvo
3539 5456 3850 5540 Galznoten-

2252 5528 2655 5613 sis.cpisc0pu_s,
2682 5528 2839 5613 epist.
2877 5530 3001 5596 266,
3026 5530 3271 5613 loquens
3295 5529 3362 5585 de
3398 5528 3682 5613 monachis
3722 5545 3850 5612 ina-

2245 5601 3082 5684 pris-monasteriiIurenensis
3107 5620 3120 5656 :
3168 5620 3187 5652 ι
3222 5602 3469 5657 Monachi
3506 5601 3847 5656 dmmoniaca

2252 5671 2453 5727 invidia
2477 5673 2631 5727 moti.
2666 5693 2684 5725 ι
2727 5672 2949 5739 BALUZ.,
2974 5672 3105 5727 ibid.

2328 5753 2351 5781 ο
2378 5741 2638 5825 Ineditam
2653 5745 2916 5825 hactenus
2938 5744 3407 5825 descripsimusex
3428 5743 3641 5825 duobus
3675 5741 3843 5825 codd.

2251 5827 2384 5869 mss.
2411 5811 2607 5869 Salisb.
2632 5822 2687 5869 et
2717 5812 2774 5869 S.
2818 5811 3164 5869 Emmeranii.
3201 5815 3365 5871 Uncis
3391 5815 3600 5870 inclusa
3626 5813 3682 5869 in
3719 5812 3849 5868 solo

2252 5884 2431 5955 priore
2454 5884 2738 5941 habentur.
2767 5882 2945 5963 [Apud
2965 5884 3199 5945 Froben.
3224 5886 3384 5956 epist.
3412 5885 3559 5951 1‘20).
