4064 6342
303 373 414 442 417

1767 375 2144 437 EPISTOLE.

3446 375 3557 441 4η

373 497 554 554 Direxi
608 497 681 553 ho
725 493 858 568 [Al.,
898 493 956 571 ο]
1001 494 1200 553 animal
1240 484 1468 552 vitulum
1509 495 1868 551 Encheridion
1895 493 1951 556 Α
1973 489 2260 546 naturam?
2287 489 2571 546 Sciendum
2597 486 2754 561 177
2776 495 2860 546 εει
2890 489 3035 561 quod
3056 473 3303 545 essentia'
3335 491 3557 562 pmprie

300 605 506 656 meum,
545 596 607 644 ut
651 589 870 659 adjuves
898 589 1048 645 illum
1073 598 1128 645 et
1152 589 1352 659 eripias
1392 605 1514 644 eum
1539 587 1604 642 de
1626 589 1877 646 manibus

301 681 646 738 inimicorum
667 696 908 747 suorum,
933 690 988 735 et
1012 681 1204 751 adjuva
1227 686 1486 750 quantum
1517 678 1698 734 valeas
1725 678 1875 751 [quia

297 770 621 826 venerabilis
659 771 942 840 episcopus
985 771 1212 825 multum
1259 769 1412 824 ardet
1449 784 1612 839 super
1655 784 1770 833 nos,
1823 767 1875 823 id

295 869 402 929 est,
437 874 463 902 α
489 859 891 933 Theodulplus].
921 860 1040 916 Misi
1062 877 1273 932 quoque
1296 861 1350 915 in
1390 876 1483 915 ora
1519 860 1670 930 pueri
1695 860 1872 931 hujus,

295 953 546 1022 quamvis
564 952 767 1008 vitulus
795 960 985 1010 contra
1003 962 1254 1008 naturam
1277 953 1539 1009 rationale
1559 953 1629 1008 sit
1653 952 1871 1018 animal,

292 1044 439 1113 quod
464 1043 579 1115 ipse
601 1043 655 1098 in
684 1044 905 1098 auribus
929 1044 1228 1100 sanctitatis
1246 1052 1436 1099 vestra:
1460 1044 1623 1099 habet
1644 1044 1871 1112 mugire.

291 1135 504 1210 [Habeo
528 1135 746 1209 [Habui]
793 1137 934 1191 enim
962 1136 1112 1191 illum
1136 1137 1204 1191 ad
1232 1135 1582 1191 erudiendum
1608 1135 1718 1190 Deo
1763 1151 1876 1190 me—

285 1252 414 1293 cum
439 1238 498 1292 in
523 1239 683 1293 domo
705 1252 823 1292 mea
853 1245 908 1293 et
961 1239 1162 1308 poterit
1209 1238 1493 1309 proiicere,
1538 1238 1649 1293 Deo
1689 1239 1868 1302 dante,

285 1328 343 1384 in
365 1328 618 1385 lectionis
643 1330 820 1384 studio
847 1343 941 1384 seu
966 1331 1332 1400 grammatica:
1359 1330 1494 1384 artis
1512 1328 1794 1398 disciplina
1816 1329 1872 1384 in

250 1421 451 1514 'domo
483 1423 657 1478 sancti
681 1422 943 1496 Martini].
971 1422 1016 1480 Ο
1039 1422 1262 1493 Aquila!
1290 1423 1344 1477 hi
1378 1423 1432 1476 in
1482 1423 1719 1476 curribus
1746 1430 1792 1476 et
1819 1422 1874 1476 hi

279 1511 336 1566 in
360 1514 536 1584 equis,
577 1530 670 1568 nos
701 1523 875 1568 autem
916 1515 974 1570 in
1021 1515 1228 1568 nomine
1280 1513 1494 1568 Domini
1540 1515 1703 1568 nostri
1757 1530 1873 1568 ma-

276 1602 854 1673 gnificabimur(Psal.
905 1619 1021 1673 nx,
1051 1603 1128 1676 8).
1179 1603 1386 1671 Valeas,
1431 1603 1614 1674 vigeas
1659 1616 1874 1673 semper

277 1690 338 1747 in
363 1700 659 1750 aeternum.

781 1785 809 1827 ι)
840 1784 1178 1842 EPISTULA
1214 1784 1369 1843 CLX.

1001 1897 1069 1935 AD

632 1969 802 2023 Amici
824 1969 1067 2024 charitati
1093 1986 1148 2024 se
1175 1968 1521 2025 commendat.

351 2077 718 2136 Dilectissimo
749 2081 918 2148 Patri,
961 2083 1178 2154 egregio
1203 2083 1464 2152 pontiﬁci.
1507 2083 1647 2139 Leve
1679 2082 1868 2155 jugum

274 2177 507 2236 portare
534 2170 773 2240 cupiens,
814 2171 872 2227 in
915 2170 1068 2240 cujus
1099 2174 1306 2228 unitate
1348 2183 1500 2244 optat
1541 2177 1694 2232 vobis
1727 2177 1870 2232 salu-

275 2267 419 2316 tem.

351 2354 520 2408 Omni
543 2354 698 2410 melle
719 2354 988 2411 dulciores
1017 2357 1174 2412 nobis
1219 2373 1317 2427 per
1358 2357 1584 2413 fratrem
1626 2368 1870 2415 nostrum

275 2445 491 2500 littera:
512 2443 701 2501 delatae
727 2455 884 2513 sunt,
908 2463 1139 2516 quarum
1182 2450 1342 2504 seriei
1372 2451 1499 2504 dum
1547 2451 1872 2520 respondere

273 2536 498 2606 paravi,
527 2540 835 2608 supervenit
861 2539 1007 2596 ﬁlius
1050 2558 1222 2610 meus,
1259 2543 1412 2614 cujus
1447 2546 1754 2616 gratissima
1795 2546 1874 2600 vi-

274 2627 472 2683 sitatio
517 2644 549 2683 a
600 2629 858 2699 longioris
906 2634 1271 2703 responsionis
1305 2651 1554 2692 sermone
1596 2637 1872 2706 paululum

275 2736 372 2777 me
396 2723 694 2792 suspendit.
719 2722 836 2779 Non
862 2731 1041 2781 tamen
1065 2727 1172 2782 ulla
1209 2731 1394 2784 saeculi
1419 2730 1644 2785 ambitio
1687 2746 1717 2784 a
1744 2731 1873 2786 cha-

275 2811 467 2868 ritatis
489 2814 755 2870 suavitate
773 2831 866 2872 cor
884 2833 1064 2874 meum
1099 2821 1426 2890 suspendere
1468 2823 1683 2892 poterit.
1709 2822 1873 2890 Quin-

275 2903 392 2961 imo
441 2907 614 2978 magis
633 2915 795 2979 atque
839 2912 1014 2984 magis
1037 2922 1249 2970 crescat
1291 2915 1356 2970 de
1390 2915 1479 2970 die
1507 2916 1560 2969 in
1607 2917 1769 2981 diem,
1818 2924 1873 2971 et

277 2995 448 3065 pleno
471 2996 751 3055 cbaritatis
770 3001 875 3057 mei
903 3002 1083 3058 modio
1116 3004 1389 3059 cumulum
1426 3005 1665 3074 quotidie
1700 3006 1867 3060 addit.

276 3085 645 3158 Omnipotens
667 3091 829 3160 Deus,
855 3094 946 3163 qui
962 3096 1215 3165 prmsenti
1236 3110 1334 3150 nos
1357 3096 1620 3150 charitate
1649 3093 1872 3164 conjun-

278 3179 375 3246 xit,
417 3191 680 3251 perpetua
726 3199 826 3240 nos
869 3186 1134 3241 charitate
1180 3187 1506 3261 conjungere
1526 3188 1776 3260 dignetur
1813 3189 1870 3244 in
1895 3201 1941 3266 ο

277 3279 570 3329 aeternum.

775 3380 799 3407 ιε
827 3368 1161 3425 EPISTOLA
1195 3369 1374 3427 CLXI.

899 3478 968 3517 AD
992 3477 1262 3518 ARNONEI.

283 3549 522 3624 Exponit
578 3553 836 3622 quomodo
872 3553 1185 3622 substantia,
1225 3556 1447 3611 essentia
1469 3596 1485 3623 ,
1536 3557 1872 3614 subsistentia

678 3633 725 3679 et
749 3634 939 3679 natura
978 3625 1042 3679 de
1077 3625 1189 3681 Deo
1218 3626 1483 3682 dicantur.

346 3715 588 3771 Albinus
612 3715 820 3787 Aquilae
842 3717 1094 3774 salutem.

351 3810 532 3865 Miror
555 3812 824 3881 quomodo
843 3828 928 3867 me
949 3814 1050 3868 sub
1071 3814 1230 3870 unius
1253 3813 1512 3871 momenti
1544 3815 1790 3887 angustia
1817 3813 1873 3870 in

283 3901 443 3958 brevi
465 3903 658 3958 tabella
683 3903 807 3959 vita:
834 3911 1050 3960 aeternae
1072 3904 1299 3961 formam
1343 3907 1629 3977 depingere
1669 3907 1869 3978 poscis.

286 3995 435 4063 Quid
459 4006 543 4051 est
561 3996 824 4054 catholica
849 3997 1001 4065 fides,
1027 3999 1073 4053 si
1095 4013 1193 4068 per
1215 3999 1558 4055 dilectionem
1597 4007 1870 4070 operatur,
1915 4045 1918 4047 λ

287 4087 388 4143 nisi
418 4087 533 4142 vita
571 4087 806 4142 aeterna?
826 4085 1041 4158 Aliquid
1087 4089 1231 4155 inde,
1273 4106 1342 4144 ne
1383 4089 1696 4146 inobediens
1737 4104 1876 4158 prte—

287 4180 467 4253 ceptis
512 4181 621 4237 tuis
653 4181 936 4248 viderer,d
963 4181 1116 4236 brevi
1158 4197 1407 4238 sermone
1452 4182 1670 4237 dictavi.
1722 4179 1877 4247 Quod

290 4290 421 4331 vero
471 4289 560 4330 me
607 4274 942 4345 interrogare
981 4280 1220 4329 vestram
1262 4274 1598 4349 sanctitatem
1649 4273 1872 4343 placuit,

288 4366 426 4436 quid
453 4366 524 4421 sit
562 4366 704 4421 inter
741 4366 1119 4432 substantiam,
1157 4366 1471 4432 essentiam,
1498 4373 1553 4420 et
1573 4365 1875 4420 subsisten-

289 4457 463 4515 tiam?
507 4465 620 4522 aut,
665 4457 712 4513 si
753 4457 858 4513 dici
903 4455 985 4513 fas
1007 4457 1078 4512 sit
1117 4463 1360 4514 sanctam
1399 4455 1718 4511 Trinitatem
1756 4470 1876 4511 esse

263 4653 273 4664 ,
358 4609 388 4637 ιι
441 4591 783 4662 Theodulfus.
833 4592 955 4649 Vid.
1005 4607 1070 4716 er

292 4674 344 4716 et
363 4662 783 4716 Nathanaelem.
817 4663 903 4716 An
920 4663 1070 4716 vitui

292 4674 344 4723 et
363 4661 783 4721 Natbanaelem.
817 4663 903 4717 An
920 4661 1118 4718 vitulus
1141 4663 1243 4717 iste
1277 4663 1349 4717 sit
1369 4661 1458 4716 ille
1487 4676 1614 4716 reus
1629 4675 1727 4730 pro
1769 4675 1875 4729 quo

293 4754 323 4793 a
375 4735 788 4791 Turonensibus
822 4742 1019 4789 contra
1077 4733 1386 4802 episcopum
1434 4731 1876 4794 Aurelianensem

295 4808 655 4877 disceptatum
682 4812 782 4870 est,
810 4812 870 4877 ut
891 4805 944 4858 in
971 4805 1244 4877 prioribus
1269 4802 1510 4874 epistolis
1534 4802 1784 4868 vidimus,
1809 4816 1877 4857 ex

294 4875 582 4935 brevi—hac
605 4876 795 4932 charta
817 4875 1032 4930 decerni
1053 4875 1193 4929 haud
1218 4883 1415 4944 potest.

364 4949 397 4989 ι)
426 4947 554 5002 Haec
574 4945 797 5017 epistola
818 4944 1004 5017 ultima
1034 4955 1115 5000 est
1137 4947 1192 5001 in
1217 4941 1338 5017 eod.
1363 4959 1464 4999 ms.
1489 4941 1880 5017 Emmeramia-

297 5035 388 5086 no,
413 5012 778 5088 praeter-missa
801 5031 832 5069 a
853 5015 1178 5088 Mabillonio.
1206 5015 1418 5088 Alcuini
1443 5031 1674 5086 pennam
1712 5012 1882 5088 stylus

296 5081 514 5160 prodit;
545 5104 614 5160 an
648 5102 776 5142 vero
821 5088 888 5160 ad
922 5085 1170 5160 Aquilam
1220 5102 1316 5141 seu
1357 5081 1684 5160 Αιῂοηειιιμ
1702 5081 1775 5160 an
1814 5081 1884 5137 ad

302 5153 466 5216 alium
495 5153 730 5229 amicum
757 5158 954 5229 scripta
979 5153 1068 5224 sit,
1102 5158 1387 5212 incertum.
1427 5155 1604 5226 (Apud
1645 5153 1879 5208 Froben.

303 5228 886 5377 )epistolam
923 5300 1186 5377 hactenus
1212 5298 1468 5377 ineditam
1499 5313 1529 5352 e
1565 5296 1750 5352 codice
1775 5309 1880 5377 ms.

305 5369 650 5429 bibliothecai
681 5371 939 5427 Caesarea:
959 5369 1388 5426 Vindobonensis
1409 5383 1533 5422 saec.
1567 5385 1620 5421 χι
1644 5407 1658 5433 ,
1700 5369 1789 5435 qui
1831 5369 1886 5419 in

228 5487 232 5508 ε
309 5444 486 5500 classe
518 5442 817 5511 theologica
841 5458 896 5496 n.
929 5442 1025 5496 l3l
1058 5448 1274 5495 notatus
1293 5447 1394 5511 est,
1425 5440 1568 5492 eruit
1593 5445 1886 5511 etniecum

218 5501 240 5541 ί
309 5501 728 5570 communicavit
745 5513 828 5567 vir
853 5512 924 5567 cl.
947 5513 1011 5566 Ι).
1046 5511 1272 5566 Mathias
1299 5501 1559 5564 Reiberer
1583 5507 1794 5576 collegii
1825 5505 1886 5561 S.

311 5582 360 5638 J.
394 5585 616 5640 Viennae
636 5584 1080 5638 bibliothecarius
1099 5590 1152 5637 et
1187 5581 1507 5645 historicus,
1545 5596 1573 5634 a
1617 5577 1769 5644 cujus
1799 5577 1887 5630 in-

315 5656 519 5730 dustria
556 5653 858 5730 respublica
894 5653 1157 5730 litteraria
1187 5651 1640 5730 continuationem
1662 5649 1890 5730 Germa-

316 5726 416 5781 nia:
460 5721 664 5791 sacrae;
684 5741 715 5778 a
735 5725 853 5780 viro
875 5724 1225 5781 celeberrimo
1261 5724 1322 5777 D.
1348 5721 1601 5776 ﬂansizio
1623 5721 1732 5788 jam
1762 5721 1893 5774 insi-

389 5798 490 5853 iter
532 5804 764 5861 ornate,
797 5796 1006 5864 magnis
1052 5794 1333 5852 desideriis
1381 5800 1674 5864 exspectat.
1718 5791 1895 5864 (Apud

389 5811 490 5853 iter
532 5811 764 5861 ornatae,
797 5811 883 5850 ma

317 5811 548 5927 Fioben.
579 5867 737 5940 epist.
768 5811 920 5941 1223

1975 581 2042 638 de
2064 584 2176 638 Deo
2201 583 2416 648 dicitur,
2449 584 2540 654 qui
2567 599 2782 654 semper
2816 593 2899 639 est
2919 585 3062 654 quod
3104 591 3206 650 est,
3238 585 3346 653 'qui
3388 585 3557 657 Moysi

1975 676 2088 730 ait:
2122 676 2233 748 Ego
2265 693 2380 730 sum
2405 678 2494 748 qui
2539 693 2655 730 sum
2691 675 2890 748 (Exod.
2937 693 3021 744 ιιι,
3054 676 3174 747 14);
3224 676 3366 731 Deus
3411 679 3554 732 enim

1975 769 2122 823 solus
2169 784 2296 823 vere
2340 777 2438 832 est,
2484 769 2609 838 quia
2641 769 3096 825 incommutabilis
3134 776 3246 835 est;
3296 768 3557 839 quidquid

1974 861 2118 914 enim
2141 860 2397 914 mutabile
2418 871 2522 926 est,
2547 861 2781 930 quodam
2808 861 2968 916 modo
3001 876 3126 916 vere
3153 876 3259 915 non
3280 870 3382 927 εει,
3429 863 3554 932 quia

1973 966 2092 1007 esse
2107 953 2303 1021 poterit
2327 951 2470 1022 quod
2495 969 2599 1007 non
2618 961 2720 1020 est,
2744 953 2829 1009 vel
2853 969 2959 1008 non
2981 969 3100 1009 esse
3125 954 3268 1023 quod
3295 963 3396 1010 est.
3417 953 3558 1010 Sub-

1973 1047 2172 1099 stantia
2216 1061 2346 1100 vero
2394 1061 2678 1100 commune
2719 1053 2802 1100 est
2844 1060 3039 1100 nomen
3081 1047 3321 1100 omnium
3373 1062 3554 1102 rerum

1973 1149 2092 1204 qum
2117 1145 2239 1190 sunt
2269 1154 2280 1190 :
2311 1136 2527 1202 coelum,
2557 1135 2660 1202 sol,
2683 1135 2834 1202 luna,
2865 1145 3028 1204 terra,
3076 1138 3321 1205 arbores,
3351 1139 3552 1204 herbae,

1973 1226 2243 1290 animalia,
2270 1227 2503 1282 viventia
2525 1243 2766 1297 quicque,
2802 1227 3046 1283 homines
3084 1228 3269 1295 etiam,
3311 1231 3558 1285 substan-

1973 1318 2062 1373 tiae
2087 1320 2364 1384 dicuntur;
2397 1335 2540 1382 nam,
2572 1319 2713 1388 quod
2753 1319 2900 1372 nulla
2945 1321 3248 1375 substantia
3275 1331 3376 1388 est,
3422 1321 3558 1376 nihil

1973 1412 2191 1467 omnino
2237 1421 2339 1477 est,
2372 1414 2672 1468 substantia
2719 1428 2844 1484 ergo
2876 1407 3078 1483 aliquid
3101 1431 3222 1471 esse
3247 1425 3331 1473 est
3359 1435 3372 1471 :
3412 1418 3556 1473 Deus

1972 1501 2139 1572 igitur
2165 1506 2460 1559 substantia
2482 1513 2584 1571 est,
2612 1515 2666 1560 et
2706 1521 2916 1560 summa
2942 1508 3242 1563 substantia
3284 1517 3339 1564 et
3379 1510 3555 1579 prima

1971 1597 2292 1662 substantia,
2333 1607 2387 1652 et
2423 1599 2662 1652 omnium
2712 1598 3134 1656 substantiarum
3183 1603 3375 1671 causa,
3430 1606 3555 1674 quia

1971 1691 2216 1746 omnium
2249 1707 2425 1746 rerum
2473 1701 2688 1748 creator
2725 1701 2827 1748 est.
2879 1693 3032 1750 Unde
3057 1703 3246 1751 contra
3291 1712 3556 1753 venenum

1971 1782 2188 1838 Arianae
2223 1784 2464 1855 perfidiae
2488 1786 2723 1841 solemus
2750 1785 2954 1855 dicere,
2984 1788 3222 1856 Patrem,
3256 1798 3309 1845 et
3337 1789 3554 1858 Filium,

1897 1848 2026 1928 Bet
2074 1874 2335 1945 Spiritum
2383 1883 2631 1932 sanctum
2680 1878 2840 1934 unius
2865 1893 2986 1934 esse
3036 1881 3387 1937 substantia:
3431 1848 3557 1951 quia

1970 1964 2150 2032 Pater,
2176 1976 2230 2022 et
2251 1967 2440 2034 Filius,
2477 1978 2532 2023 ει
2566 1968 2800 2041 Spiritus
2823 1981 3045 2028 sanctus
3065 1990 3173 2029 una
3205 1983 3287 2030 est
3307 1977 3558 2030 substan-

1971 2055 2065 2122 tia,
2087 2073 2213 2112 nam
2237 2059 2540 2113 substantia
2567 2060 2785 2128 dicitur,
2809 2063 2932 2132 quia
2955 2063 3217 2120 subsistit.
3237 2066 3362 2121 Ideo
3383 2065 3557 2122 ρι’ωεί

1971 2148 2145 2203 solent
2193 2149 2371 2206 dicere
2422 2151 2487 2206 de
2537 2152 2646 2208 Deo
2688 2169 2842 2208 :una
2887 2154 3036 2221 Usia,
3088 2165 3199 2213 tres
3242 2158 3561 2229 hypostases

1973 2240 2124 2312 [Ms.,
2170 2241 2486 2315 Ypostatis],
2520 2245 2574 2299 id
2604 2254 2705 2311 est,
2736 2262 2844 2301 una
2873 2248 3193 2315 substantia,
3228 2258 3338 2305 tres
3381 2251 3561 2306 subsi-

1972 2334 2182 2388 stentia:
2206 2333 2359 2406 [Ms.,
2383 2337 2780 2410 subsistentias]
2813 2357 2824 2393 :
2860 2341 3002 2409 quod
3035 2341 3192 2395 beato
3232 2340 3558 2413 Hieronymo

1970 2437 2078 2477 non
2115 2423 2336 2492 placuit,
2386 2427 2578 2481 melius
2619 2442 2739 2482 esse
2767 2428 3053 2483 dicendum
3076 2431 3362 2485 arbitranti
3396 2431 3550 2503 [Ms.,

1973 2514 2288 2588 arbitratus]
2326 2517 2535 2576 ,Latino
2585 2519 2800 2589 eloquio
2856 2538 2869 2574 :
2917 2537 3022 2575 una
3068 2521 3389 2589 substantia,
3447 2533 3559 2580 tres

1972 2619 2236 2674 personae.
2269 2606 2532 2663 Dicuntur
2560 2610 2701 2663 enim
2726 2608 2898 2681 [Leg.,
2924 2612 3112 2684 etiam]
3138 2614 3338 2668 usitato
3385 2615 3558 2670 nomi-

1971 2712 2041 2752 ne
2084 2698 2284 2752 divitiae
2331 2701 2675 2768 substantim,
2719 2702 2860 2756 sicut
2902 2701 2968 2756 de
3016 2704 3240 2774 prodigo
3276 2703 3472 2773 legitur
3502 2706 3559 2760 in

1973 2788 2261 2858 Evangelio
2280 2809 2292 2844 :
2309 2791 2594 2861 Dissipavit
2617 2794 2961 2847 substantiam
2979 2812 3128 2848 suam
3153 2796 3301 2866 (Luc.
3327 2813 3418 2863 xv,
3442 2797 3553 2869 15),

1971 2881 2027 2936 id
2049 2891 2130 2937 est
2150 2882 2388 2939 divitias.
2418 2886 2676 2940 Naturam
2699 2903 2827 2942 vero
2844 2887 2938 2942 Dei
2962 2889 3132 2944 libera
3152 2907 3282 2946 voce
3304 2893 3554 2959 dicimus,

1972 2976 2096 3044 quia
2119 2977 2294 3032 omnis
2333 2987 2520 3032 natura
2565 2989 2758 3034 natura
2782 2989 2886 3046 est,
2924 2989 2978 3036 et
3007 2983 3241 3038 maxime
3294 2984 3386 3038 illa
3430 3001 3552 3055 quae

1972 3069 2084 3124 sola
2109 3087 2237 3126 vera
2256 3081 2338 3128 est
2358 3081 2574 3140 natura,
2598 3075 2722 3144 quia
2754 3060 2969 3146 semper
2999 3084 3082 3131 est
3109 3077 3251 3147 quod
3291 3087 3393 3144 est,
3425 3079 3554 3148 quia

1971 3161 2280 3217 nullatenus
2309 3163 2383 3218 de
2412 3177 2474 3218 ea
2505 3172 2719 3230 natura,
2749 3180 2856 3234 qua
2897 3182 3112 3236 semper
3153 3175 3252 3230 est,
3287 3168 3560 3224 mutabilis

1973 3260 2057 3308 est
2076 3252 2130 3306 in
2152 3252 2312 3306 aliam
2333 3254 2632 3324 quamlibet
2653 3264 2904 3311 naturam
2929 3276 2941 3311 :
2963 3259 3105 3326 quod
3121 3259 3318 3329 smpius
3338 3260 3389 3313 in
3405 3258 3560 3315 libris

1975 3342 2365 3398 catholicorum
2393 3344 2615 3400 Patrum
2661 3346 2950 3414 invenitur,
2978 3348 3214 3416 Patrem,
3257 3359 3311 3406 et
3337 3351 3556 3418 Filium,

1970 3441 2028 3489 et
2086 3433 2348 3504 Spiritum
2390 3444 2635 3492 sanctum
2681 3439 2840 3494 unius
2868 3455 2988 3496 esse
3013 3449 3240 3497 naturm.
3283 3441 3396 3498 Hoc
3431 3458 3558 3498 vero

1973 3525 2115 3596 quod
2140 3543 2235 3583 vos
2259 3528 2452 3599 legisse
2493 3530 2674 3586 dicitis
2713 3529 2917 3586 dictum
2970 3534 3024 3587 in
3067 3533 3340 3603 opusculis
3383 3535 3556 3592 sancti

1971 3623 2276 3695 Augustini,
2308 3627 2452 3696 quod
2475 3627 2616 3682 Deus
2639 3643 2740 3684 nec
2760 3629 3108 3695 necessitate,
3152 3644 3254 3685 nec
3283 3631 3559 3686 voluntate

1972 3715 2168 3772 Filium
2217 3719 2509 3790 genuisset,
2540 3719 2633 3776 sed
2655 3729 2845 3776 natura
2877 3741 2891 3776 :
2923 3723 3059 3778 bene
3107 3724 3435 3780 arbitramur
3477 3722 3559 3778 di-
3601 3747 3608 3750 ·

1973 3818 2139 3875 ctum,
2164 3811 2306 3879 quod
2328 3820 2521 3866 natura
2546 3811 2708 3867 Pater
2732 3814 3007 3883 genuisset
3031 3813 3246 3879 Filium,
3266 3817 3392 3884 quia
3416 3813 3560 3883 ejus-

1972 3898 2094 3954 dem
2128 3908 2334 3955 naturaa
2368 3908 2452 3955 est
2479 3901 2669 3968 Pater,
2725 3911 2780 3958 et
2821 3903 3014 3970 Filius,
3057 3920 3164 3959 non
3210 3907 3556 3972 necessitate.

1973 4006 2075 4046 nec
2097 3991 2372 4045 voluntate
2400 4009 2412 4044 :
2439 3993 2579 4060 quod
2607 3995 2894 4061 quemdam
2919 3995 3234 4050 hmreticum
3270 3996 3432 4067 impie
3473 3998 3558 4055 in-

1974 4095 2253 4153 terrogare
2288 4084 2514 4155 legimus
2551 4083 2936 4152 Christianum,
2965 4095 3146 4142 utrum
3172 4089 3313 4145 Deus
3337 4089 3557 4158 Filium,

1974 4178 2182 4242 volens,
2212 4191 2279 4230 an
2307 4175 2458 4248 [Ms.,
2491 4175 2577 4249 ac]
2610 4176 2797 4232 nolens
2823 4180 3127 4249 genuisset?
3154 4188 3241 4246 ut,
3271 4181 3318 4236 si
3358 4182 3562 4237 diceret

1976 4267 2155 4324 nolens
2177 4284 2197 4323 :
2222 4269 2516 4324 necessitas
2556 4270 2612 4324 in
2641 4270 2810 4326 Deum
2839 4273 3088 4334 caderet:
3117 4273 3162 4328 si
3207 4289 3338 4329 vero
3382 4273 3558 4329 volens

1977 4358 2197 4425 diceret,
2229 4359 2411 4413 statim
2440 4362 2810 4431 responderet,
2854 4362 3146 4417 voluntatis
3194 4378 3312 4418 esse
3337 4363 3557 4431 Filium,

1977 4467 2087 4508 non
2129 4459 2354 4507 naturas.
2384 4450 2456 4506 At
2486 4451 2826 4509 Christianus
2873 4453 3281 4524 vigilantissimc
3319 4454 3559 4510 vicissim

1074 4592 1161 4647 ist.
1187 4590 1424 4663 priorem
1463 4588 1532 4645 ad
1576 4589 1873 4645 Candidum
1902 4563 1956 4625 Ῑ)
2049 4587 2076 4627 ά
2106 4589 2260 4663 Brevi
2303 4605 2538 4663 sermone
2579 4584 2792 4663 dictavi.
2839 4589 2967 4646 Haec
3006 4592 3170 4646 verba
3219 4591 3469 4663 intelligo,
3494 4592 3560 4648 de

1979 4658 2238 4734 opusculo
2273 4659 2340 4713 ab
2369 4661 2469 4713 hac
2507 4660 2763 4734 epistola,
2776 4662 2836 4734 in
2851 4676 2956 4734 qua
2983 4677 3089 4734 non
3110 4658 3420 4734 depingitur
3447 4662 3560 4718 for-

1979 4724 2067 4785 nia
2089 4730 2212 4801 vita:
2240 4737 2476 4794 aeternae,
2507 4724 2602 4801 sed
2627 4730 2692 4783 ad
2717 4724 2884 4785 aliam
2905 4733 2972 4786 ab
2998 4724 3084 4786 illa
3109 4724 3559 4801 longe'diversam

1979 4800 2337 4872 quaestionem
2362 4800 2740 4872 respondetur,
2777 4802 3047 4858 distincto.
3082 4802 3135 4858 Id
3164 4800 3278 4872 ipse
3303 4803 3562 4859 Alcuinus

1980 4869 2252 4944 insinuare
2291 4869 2518 4934 videtur,
2549 4871 2676 4924 dum
2701 4871 2775 4944 ita
2815 4873 2990 4944 pergit
3018 4891 3032 4929 :
3065 4891 3084 4923 ι
3125 4869 3274 4940 Quod
3304 4888 3452 4944 ivero
3474 4887 3563 4928 me

1980 4941 2316 5012 interrogare
2336 4947 2568 4994 vestram
2589 4941 3161 5012 sanctitatem'placuit,
3190 4943 3314 5012 quid
3330 4943 3402 4996 sit
3424 4944 3564 4998 inter

1981 5011 2353 5073 substantiam,
2393 5029 2411 5061 ι
2440 5016 2571 5075 etc.,
2595 5011 2684 5065 ubi
2709 5011 3228 5080 profecto’Alcuinus
3261 5013 3406 5067 haud
3439 5013 3565 5067 obs-

1983 5099 2114 5137 cure
2140 5081 2444 5151 signiiicare
2468 5081 2654 5146 voluit,
2682 5083 2836 5137 binas
2863 5083 2964 5138 sibi
3017 5085 3084 5138 ab
3131 5085 3349 5137 Arnone
3397 5081 3565 5137 fuisse

1982 5154 2290 5223 propositas
2315 5153 2663 5223 quaestiones,
2689 5162 2743 5207 et
2765 5153 2920 5208 alteri
2947 5168 3005 5208 se
3053 5152 3383 5223 satisfecisse
3412 5153 3563 5207 brevi

1985 5222 2264 5293 sermone;
2301 5222 2454 5277 alteri
2491 5239 2621 5278 vero
2675 5225 3000 5293 respondere
3053 5224 3109 5277 in
3155 5222 3381 5293 epistola
3429 5239 3566 5293 prae-

1986 5303 2166 5349 sente.
2199 5292 2534 5362 Quapropter
2564 5294 2707 5350 haud
2753 5291 2974 5350 necesse
2997 5309 3135 5350 esse
3162 5291 3366 5362 judico,
3423 5291 3566 5363 quod

1987 5365 2233 5418 laudatus
2272 5365 2334 5417 D.
2382 5363 2640 5420 Rieberer
2678 5365 2869 5432 voluit,
2923 5374 2984 5420 ut
3007 5365 3091 5420 vel
3130 5364 3187 5419 in
3225 5365 3405 5419 verbis
3439 5379 3565 5419 mox

1988 5435 2167 5508 citatis
2191 5434 2467 5508 particula:
2494 5452 2610 5490 vero
2633 5437 2990 5508 substituatur
3009 5452 3161 5508 ergo;
3179 5435 3263 5508 vel
3283 5443 3343 5508 ut
3364 5443 3564 5508 textus,

1987 5507 2169 5562 verbis
2191 5505 2509 5578 quibusdam
2539 5507 2896 5578 transposnis,
2927 5508 3047 5562 aliis
3069 5505 3350 5577 suppletis,
3392 5506 3464 5578 ita
3492 5506 3568 5560 le-

1990 5587 2149 5648 gatur
2179 5595 2190 5630 :
2220 5595 2238 5626 ε
2265 5577 2451 5642 Miror,
2479 5576 2745 5648 quomodo
2773 5593 2859 5632 me
2879 5579 2978 5632 sub
3000 5578 3159 5632 unius
3175 5576 3438 5648 momenti
3473 5592 3568 5648 an-

1992 5646 2188 5720 gustia,
2225 5648 2278 5702 in
2309 5648 2454 5701 brevi
2472 5646 2700 5720 tabella,
2731 5648 2855 5720 vitm.
2873 5657 3089 5720 (eterna:
3109 5647 3338 5703 formam
3383 5646 3569 5720 depin-

1993 5717 2117 5790 gere
2139 5719 2567 5790 etisqcratissimq
2594 5717 2881 5790 divinitatis
2908 5719 3066 5788 adyta
3100 5735 3329 5790 reserare
3351 5718 3564 5790 poscis.

1992 5788 2210 5859 Aliquid
2246 5789 2387 5852 inde,
2442 5803 2510 5842 ne
2549 5789 2859 5844 inobediens
2881 5789 3164 5859 praeceptis
3187 5789 3293 5842 tuis
3311 5789 3521 5842 viderer
3548 5826 3564 5851 ,

1994 5858 2146 5917 brevi
2169 5872 2416 5914 sermone
2435 5859 2652 5916 dictavi.
2675 5862 2811 5928 Quid
2846 5868 2928 5917 est
2943 5860 3207 5916 catholica
3220 5859 3373 5925 tides,
3409 5877 3428 5911 ι
3459 5864 3562 5914 etc.
