4062 6436
544 422 651 491 619

1390 421 1451 476 Β.
1488 419 1551 476 F.
1589 416 1817 475 ALBINI
1853 412 1985 473 SEU
2020 402 2301 472 ALCUINI
2338 410 2624 468 OPERUM
2658 408 2838 468 PARS
2875 410 2917 467 l.

3697 407 3804 477 4'20

542 537 793 612 quaesivit
808 537 879 595 ab
897 551 965 594 eo
986 542 1168 591 utrum
1193 536 1336 591 Deus
1355 534 1514 589 Pater
1536 533 1724 588 volens
1744 548 1813 587 an
1838 530 2027 586 nolens
2049 528 2121 584 sit
2144 533 2196 591 Α
2222 524 2442 595 aliquid.
2470 525 2578 582 Sed
2603 525 2763 580 modo
2788 524 3067 580 videamus
3105 522 3297 579 horum
3347 522 3659 578 distantiam
3710 540 3807 581 no-

544 631 721 691 Deus?
742 639 822 698 ut,
849 647 896 687 ει
934 629 1281 700 responderet
1304 624 1501 689 nolens,
1547 632 1863 693 sequeretur
1899 621 2119 677 miseria

543 724 901 789 necessitatis,
953 737 1115 793 quam
1163 721 1228 774 de
1263 719 1373 774 Deo
1419 717 1639 773 credere
1667 731 1860 784 magna
1911 711 2120 767 insania

543 824 660 883 est;
684 815 729 871 si
755 822 934 869 autem
982 812 1184 867 diceret
1201 808 1394 882 volens,
1427 808 1840 877 responderetur
1892 804 1962 867 ei,
1993 817 2120 874 ergo

543 918 599 964 et
614 910 730 980 ipse
756 906 1028 963 voluntate
1051 919 1146 958 sua
1168 903 1307 957 Deus
1331 909 1428 965 est,
1462 916 1569 956 non
1592 908 1804 954 natura.
1827 896 1964 964 Quid
1990 910 2120 965 ergo

542 1002 786 1057 restabat
831 997 960 1071 [ηε.
1006 994 1291 1067 restabit],
1338 996 1442 1050 nisi
1487 1001 1547 1048 ut
1597 993 2014 1054 obmutesceret,
2066 996 2122 1043 et

544 1108 641 1150 sua
691 1090 1108 1160 interrogatione
1154 1087 1447 1158 obligatum
1492 1082 1759 1140 insolubili
1803 1081 2016 1138 vinculo
2061 1095 2120 1137 se

544 1182 783 1236 videret?
810 1180 974 1250 igitur
995 1178 1138 1232 Deus
1186 1178 1384 1232 natura
1407 1184 1492 1231 est
1517 1175 1681 1241 Deus,
1712 1183 1767 1230 et
1813 1173 1981 1229 Filius
2024 1187 2120 1225 na-

545 1281 665 1327 tura
688 1281 770 1326 est
795 1270 983 1335 Filius,
1009 1277 1066 1324 et
1108 1268 1340 1339 Spiritus
1365 1275 1585 1322 sanctus
1605 1274 1799 1321 natura
1842 1274 1926 1319 est
1952 1264 2122 1334 Spiri-

541 1371 630 1419 tus
657 1370 897 1429 sanctus,
924 1369 979 1416 et
1010 1370 1098 1417 est
1128 1376 1236 1416 una
1281 1369 1478 1414 natura
1508 1359 1700 1414 borum
1745 1356 1929 1421 trium,
1982 1356 2122 1409 sicut

542 1472 649 1511 una
668 1463 754 1509 est
779 1454 1036 1521 essentia,
1068 1460 1258 1508 et'una
1284 1450 1697 1522 omnipotentia,
1728 1457 1783 1502 et
1806 1464 1912 1502 una
1931 1446 2122 1501 divini-

542 1554 647 1604 tas.
674 1547 942 1603 Caeterum
960 1560 1059 1617 pro
1084 1544 1313 1600 diversis
1353 1542 1635 1598 eventibus
1660 1537 1839 1594 multa:
1868 1545 1994 1593 sunt
2022 1536 2120 1591 tri-

540 1624 845 1709 bulationes
894 1637 1167 1703 ﬁdelium,
1195 1644 1253 1692 et
1303 1648 1636 1706 unaqureque
1663 1646 1894 1703 persona
1949 1638 2121 1685 tenta-

541 1731 777 1787 tionibus
826 1729 1069 1800 subjaeet
1108 1729 1163 1784 in
1190 1729 1296 1784 hoc
1322 1726 1544 1791 mundo,
1572 1726 1699 1795 quia
1743 1722 1988 1780 exsilium
2014 1730 2117 1787 est,

542 1824 633 1880 ubi
682 1826 932 1892 vivimus,
980 1838 1086 1879 non
1145 1821 1354 1893 patria;
1384 1820 1675 1876 admonent
1723 1818 1867 1873 enim
1909 1831 2008 1873 nos
2037 1817 2120 1873 lite

2226 616 2449 671 minum.
2493 615 2820 671 Immortalis
2871 615 3015 670 enim
3067 612 3156 670 illa
3205 614 3403 669 dicitur
3447 622 3643 669 natara
3687 628 3806 687 quae

2223 706 2360 763 mori
2392 726 2497 763 non
2525 714 2721 779 potest,
2748 724 2855 763 non
2882 720 3057 763 tamen
3086 716 3298 777 semper
3343 704 3723 775 immutabilis,
3756 704 3809 768 id

2223 812 2326 868 est,
2352 816 2470 873 quae
2507 800 2702 856 mutari
2741 818 2847 857 non
2875 801 3043 872 possit
3077 819 3089 855 :
3125 800 3264 856 sicut
3296 801 3474 856 anima
3524 802 3763 859 humana
3789 846 3804 873 ,

2222 909 2341 964 qua:
2376 893 2695 950 immortalis
2721 903 2905 949 creata
2930 904 3036 961 est,
3084 893 3180 949 sed
3222 892 3577 951 immutabilis
3622 897 3808 967 procul

2222 984 2384 1040 dubio
2405 1002 2511 1040 non
2539 994 2641 1052 est,
2673 983 2798 1055 quia
2812 986 2878 1041 de
2899 983 3079 1057 pejore
3102 986 3153 1039 in
3181 986 3391 1052 melius,
3406 987 3492 1042 vel
3512 988 3577 1042 de
3600 988 3809 1044 meliori

2222 1068 2277 1131 in
2305 1075 2477 1147 pejus,
2507 1085 2563 1132 et
2588 1077 2653 1132 de
2680 1074 2861 1148 pejore
2886 1075 2940 1131 in
2965 1075 3118 1149 pejus
3139 1077 3224 1133 vel
3249 1076 3314 1134 de
3340 1077 3562 1134 meliore
3596 1080 3654 1134 in
3700 1096 3810 1137 me-

2221 1156 2326 1223 lius
2346 1167 2542 1223 mutari
2565 1174 2761 1238 potest,
2789 1164 2927 1222 sicut
2950 1166 3151 1224 dictum
3181 1176 3264 1224 est
3297 1182 3312 1222 :
3342 1166 3502 1223 Ibunt
3532 1156 3709 1224 sancti
3750 1170 3810 1227 de

2221 1260 2409 1314 virtute
2458 1260 2513 1314 in
2545 1259 2785 1315 virtutem
2836 1256 3009 1330 (Psal.
3050 1276 3280 1325 Lxxxm,
3324 1260 3402 1332 8).
3453 1259 3617 1316 Solus
3664 1244 3811 1319 Deus

2220 1362 2347 1406 vere
2377 1349 2698 1406 immortalis
2744 1360 2798 1405 et
2838 1350 3206 1418 immutabilis,
3258 1352 3384 1422 quia
3410 1352 3555 1407 solus
3600 1366 3728 1408 vere
3763 1360 3814 1409 et

2220 1442 2437 1514 preprie
2463 1449 2716 1507 mternus,
2747 1453 2801 1497 et
2826 1441 2967 1512 quod
2988 1456 3201 1513 semper
3226 1448 3328 1509 est,
3360 1443 3425 1500 de
3446 1458 3552 1514 quo
3576 1441 3811 1515 ApoSto—

2222 1533 2307 1589 lus
2343 1551 2355 1587 :
2386 1532 2489 1599 Qui
2509 1534 2651 1589 solus
2671 1532 2820 1589 habet
2844 1534 3307 1590 immortalitatem.
3346 1532 3401 1608 (Ι
3426 1532 3563 1591 Tim.
3591 1551 3675 1604 vt,
3703 1519 3833 1610 l6)...

2220 1618 2583 1681 Immortalem
2605 1624 2784 1697 posuit
2806 1639 2905 1696 pro
2924 1622 3245 1681 immutabili
3277 1626 3440 1698 ;quia
3463 1618 3609 1697 quod
3638 1637 3813 1682 mutas

2220 1717 2328 1774 bile
2371 1727 2475 1784 est,
2525 1718 2920 1788 quodammodo
2968 1716 3203 1772 moritur
3226 1726 3291 1773 eo
3338 1718 3483 1789 quod
3518 1724 3627 1785 est,
3686 1720 3811 1775 dum

2223 1807 2369 1862 aliud
2411 1808 2615 1878 aliquid
2652 1807 2841 1878 incipit
2870 1823 2991 1863 esse
3015 1808 3158 1877 quod
3197 1823 3306 1864 non
3349 1814 3487 1864 erat.
3522 1802 3635 1865 Sed
3679 1810 3811 1865 abn-

540 1916 803 1973 molestiae
831 1916 1188 1972 tentationum
1226 1914 1461 1985 patriam
1500 1928 1766 1983 quaerere,
1796 1919 1854 1967 et
1877 1912 2121 1982 quietam

2228 1901 2338 1956 sive
2366 1914 2508 1969 saepe
2536 1902 2787 1955 wternu’m
2819 1897 3017 1971 legitur
3045 1898 3266 1966 dictum,
3290 1901 3433 1970 quod
3470 1902 3707 1972 tempori
3730 1902 3810 1957 vel

545 2010 730 2076 vitam,
754 2026 872 2081 quae
897 2008 1200 2065 nullatenus
1223 2008 1310 2062 hic
1330 2007 1560 2063 inveniri
1584 2006 1807 2078 poterit,
1826 2006 1931 2062 nisi
1952 2004 2007 2060 in
2027 2018 2123 2077 spe

541 2111 758 2160 aterna:
782 2104 979 2175 quietis
1012 2102 1229 2157 viventi.
1260 2100 1508 2172 Explicit.

920 2211 1082 2283 ηε
1127 2221 1154 2252 ι
1191 2208 1528 2265 EPISTULA
1553 2207 1755 2264 CLxu.

1066 2316 1132 2361 ΔΙ)
1160 2315 1378 2356 νοιωωι
1408 2312 1606 2355 REGE“.

1109 2392 1286 2465 (Anno
1308 2392 1562 2464 incerto.)

544 2487 777 2562 Eeponit
798 2504 916 2560 quae
942 2487 1009 2543 sit
1030 2486 1329 2562 differentia
1353 2488 1489 2562 inter
1509 2496 1759 2562 aeternum
1786 2494 1833 2540 et
1856 2493 2127 2556 sempiter-

614 2556 759 2626 num,
785 2556 1085 2632 perpetuum
1105 2556 1157 2614 et
1210 2558 1524 2624 immortale,
1559 2556 1843 2644 saeculum,
1872 2573 2038 2613 terum
2066 2563 2124 2629 .et

617 2644 835 2703 tempus.

613 2723 839 2779 Domino
863 2722 1048 2789 David,
1084 2720 1282 2778 rectori
1336 2721 1558 2791 optimo,
1611 2718 1804 2777 victori
1863 2717 2122 2787 maxime,

544 2810 770 2874 Flaccus
792 2814 1018 2870 Albinus
1052 2822 1202 2885 optat
1228 2813 1475 2869 salutem.

616 2906 691 2961 De
719 2904 1074 2975 quorumdam
1100 2903 1375 2959 nominum
1397 2903 1747 2974 proprietate,
1777 2911 2057 2959 revertens
2094 2919 2126 2960 a

543 2998 699 3055 nobis
717 2996 824 3072 [AL
852 2995 1028 3070 vobis]
1057 2996 1085 3037 ιι
1113 2995 1385 3052 Candidus
1402 2997 1946 3067 noster,qua:stiones
1973 2996 2127 3052 nobis

543 3094 858 3168 proposuit:
893 3091 958 3148 de
984 3091 1178 3164 quibus
1212 3098 1271 3145 ut
1303 3105 1368 3145 ex
1398 3096 1639 3159 tempore
1669 3088 1976 3160 diligentius
2004 3104 2127 3160 per-

543 3195 902 3253 scrutaretur,
932 3184 1147 3241 interim
1181 3190 1361 3239 tacere
1381 3182 1639 3254 diSposui.
1672 3179 1778 3237 Sed
1814 3181 1904 3237 ille
1931 3189 2126 3237 vestra:

2226 1993 2577 2050 mutabilitati
2624 1992 2916 2048 obnoxium
2970 1998 3052 2049 est
3081 2031 3098 2060 ,
3148 2007 3251 2049 nec
3301 2008 3517 2065 semper
3566 1992 3811 2063 ejusdem

2226 2086 2374 2142 modi
2392 2094 2493 2152 est,
2524 2095 2579 2141 et
2604 2083 2723 2140 ideo
2749 2094 3001 2139 teternum
3026 2100 3136 2141 non
3185 2093 3332 2141 recte
3379 2085 3600 2141 dicitur.
3655 2086 3810 2154 Quod

2224 2176 2369 2232 enim
2394 2184 2653 2242 mutatur,
2684 2190 2794 2230 non
2826 2183 3009 2231 manet
3034 2194 3047 2231 :
3073 2175 3257 2248 quue,
3284 2185 3344 2232 ut
3361 2190 3525 2248 supra
3546 2174 3805 2243 diximus,

2226 2268 2368 2324 inter
2392 2266 2684 2323 immortale
2704 2276 2757 2323 et
2798 2276 3050 2323 internum
3103 2277 3190 2323 est
3232 2268 3582 2337 discriminis,
3623 2267 3811 2343 [quod]

2226 2374 2386 2415 omne
2426 2367 2711 2426 aeternum,
2761 2358 3067 2416 immortale
3103 2368 3218 2425 est;
3247 2369 3305 2415 et
3354 2375 3462 2415 non
3500 2375 3687 2416 omme
3710 2361 3812 2415 im-

2227 2453 2474 2519 mortale,
2497 2452 2629 2508 satis
2650 2440 2937 2519 subtiliter,
2955 2453 3121 2509 etiam
3138 2460 3400 2509 cternum
3421 2451 3625 2509 dicitur
3648 2470 3664 2509 :
3690 2455 3814 2529 quia

2227 2546 2329 2602 etsi
2358 2532 2569 2616 aliquid
2610 2557 2824 2615 semper
2848 2545 3015 2612 vivat,
3047 2550 3225 2601 tamen
3256 2544 3351 2619 [si]
3397 2545 3815 2602 mutabilitatem

2224 2640 2455 2712 patitur,
2502 2653 2609 2693 non
2634 2638 2850 2709 proprie
2883 2646 3144 2693 mternum
3178 2639 3513 2711 appellatur;
3541 2638 3673 2710 quia
3709 2650 3817 2695 non

2224 2746 2440 2803 semper
2486 2731 2790 2801 bujusmodi
2840 2740 2941 2795 est,
2998 2733 3245 2803 quamvis
3305 2733 3632 2802 immortale,
3688 2733 3815 2805 quia

2227 2840 2444 2897 semper
2464 2824 2620 2890 vivit,
2648 2832 2793 2879 recte
2819 2824 2925 2879 dici
2951 2824 3141 2895 possit.
3178 2822 3418 2882 Vocatur
3443 2834 3629 2882 tamen
3650 2833 3815 2883 ater-

2225 2932 2378 2984 num,
2410 2916 2678 2971 interdum
2702 2914 2889 2980 etiam,
2929 2915 3072 2985 quod
3128 2916 3433 2971 immortale
3472 2924 3602 2973 est:
3659 2925 3818 2973 arter-

2226 3023 2356 3064 num
2384 3008 2529 3063 enim
2571 3020 2695 3061 cum
2740 3006 2961 3076 proprie
3009 3002 3226 3070 dicitur,
3289 3020 3468 3078 neque
3518 3007 3817 3079 quidquam

2226 3098 2559 3173 praeteritum
2592 3092 2791 3163 habet,
2819 3111 2921 3154 nec
2954 3095 3225 3165 futurum;
3257 3099 3352 3153 sed
3406 3099 3673 3169 quidquid
3709 3104 3814 3165 est,

2229 3206 2441 3262 semper
2459 3197 2562 3255 est,
2600 3190 2745 3259 quod
2769 3190 2915 3245 solus
2933 3196 3020 3245 est
3058 3190 3232 3256 Deus;
3259 3197 3315 3245 et
3348 3189 3470 3246 ideo
3498 3190 3647 3246 solas
3673 3190 3817 3246 Deus

544 3281 835 3338 voluntatis
852 3280 1049 3336 nimius
1076 3287 1298 3335 exactor
1338 3285 1393 3332 et
1420 3277 1757 3347 importunus
1797 3276 2085 3350 inquisitor
2105 3319 2119 3343 ,
2151 3276 2199 3343 C
2228 3294 2462 3342 aremus
2480 3293 2563 3340 est
2583 3284 2878 3339 secundum
2892 3284 3278 3355 proprietatem
3302 3282 3643 3337 aeternitatis.
3660 3281 3817 3349 Quod

544 3388 726 3431 moras
762 3387 847 3426 me
883 3370 1061 3427 facere
1102 3386 1210 3425 non
1248 3368 1478 3425 sinebat.
1524 3368 1864 3441 Quapropter
1928 3386 2128 3442 paucas

545 3463 859 3520 eorumdem
899 3461 1176 3517 nominum
1218 3462 1454 3519 rationes
1486 3463 1769 3534 repentino
1821 3469 1877 3519 et
1923 3458 2127 3518 inculto

551 3555 721 3631 [Edit.
759 3557 812 3612 in
841 3555 1076 3630 occulto]
1105 3556 1287 3611 notavi
1328 3570 1605 3623 sermone;
1643 3564 1881 3611 vestrum
1926 3556 1991 3612 de
2044 3552 2128 3610 bis

548 3668 668 3724 quae
693 3652 833 3707 dicta
853 3652 996 3715 sunt,
1022 3650 1159 3706 sicut
1191 3659 1245 3705 et
1266 3649 1332 3706 de
1373 3649 1509 3705 meis
1544 3651 1793 3706 omnibus
1839 3649 2000 3705 dictis
2043 3648 2127 3703 vel

548 3743 786 3813 scriptis,
830 3748 1077 3813 spectans
1111 3741 1393 3813 judicium.
1448 3740 1585 3798 Nam
1612 3742 1869 3799 obediens
1916 3742 2129 3798 devotio

446 3852 453 3855 '
550 3835 819 3893 laudanda
840 3844 944 3903 est,
974 3837 1020 3892 si
1054 3836 1373 3892 auctoritate
1406 3834 1646 3905 jubentis
1670 3836 1949 3907 probatur.
2004 3833 2131 3890 Hice

548 3945 679 4001 ergo
720 3938 803 3986 est
835 3928 1181 4000 interrogatio
1209 3970 1224 3995 ,
1257 3945 1376 3999 quae
1405 3930 1560 3986 nobis
1596 3931 1664 3985 ab
1707 3929 1895 3985 eodem
1951 3927 2129 3983 oblata

550 4030 655 4089 est,
679 4020 927 4077 scilicet:
965 4020 1094 4091 quid
1122 4020 1193 4075 sit
1234 4016 1565 4077 discriminis
1595 4021 1736 4076 inter
1790 4032 2041 4076 aeternum
2081 4027 2130 4074 et

550 4114 953 4185 sempiternum,
1025 4121 1328 4184 perpetuum
1359 4121 1413 4168 et
1464 4109 1791 4177 immortale,
1847 4108 2128 4175 strculum,

552 4222 715 4261 a’wm
727 4213 780 4260 et
792 4204 1021 4275 tempus?
1039 4202 1277 4258 Primum
1290 4204 1433 4259 enim
1448 4204 1725 4259 sciendum
1736 4212 1820 4258 est
1834 4203 1973 4273 quod
1990 4203 2131 4259 idem

555 4286 707 4370 [Cod.
728 4292 866 4360 Vat.,
880 4291 1070 4365 unum]
1095 4293 1397 4362 signiﬁcare
1417 4294 1626 4350 videtur
1648 4304 1899 4349 teter-num
1921 4303 1975 4350 et
2000 4312 2134 4349 sem-

552 4388 811 4462 piternum
825 4404 846 4453 ;
875 4395 929 4442 et
956 4386 1182 4458 simplex
1202 4403 1321 4443 esse
1349 4403 1545 4444 nomen
1572 4398 1855 4455 aeternum;
1874 4391 2135 4462 sempiter-

556 4496 681 4533 num
704 4495 831 4535 vero
844 4479 1198 4551 compositum
1222 4496 1289 4536 ex
1312 4481 1567 4537 adverbio
1592 4499 1816 4553 semper,
1842 4492 1896 4538 et
1918 4483 2134 4538 nomine

2228 3394 2357 3435 vero
2383 3379 2450 3434 de
2472 3385 2673 3433 aeterno
2701 3378 2951 3441 diximus,
2980 3376 3085 3432 hoc
3123 3378 3265 3432 idem
3316 3376 3441 3431 licet
3481 3375 3710 3445 intelligi
3753 3375 3818 3430 de

2228 3471 2576 3541 sempiterno.
2593 3470 2697 3524 Sed
2722 3468 2851 3538 quid
2886 3476 2969 3524 est
2996 3467 3139 3538 quod
3159 3465 3451 3539 Apostolus
3475 3467 3607 3524 dicit
3631 3484 3646 3520 :
3684 3469 3817 3521 Ante

2228 3569 2461 3633 tempora
2512 3571 2709 3616 aeterna
2756 3560 2932 3631 (Rom.
2969 3575 3080 3627 xvr,
3106 3558 3199 3625 25,
3229 3569 3279 3614 et
3300 3558 3364 3614 II
3390 3557 3524 3614 Tim.
3554 3574 3595 3617 ι.
3625 3558 3730 3631 9)?
3764 3557 3821 3615 Si

2228 3653 2372 3708 enim
2406 3661 2657 3725 tempora,
2697 3653 2965 3723 quomodo
2998 3661 3229 3719 eterna;
3276 3664 3397 3708 cum
3428 3656 3675 3721 ﬁempora
3715 3660 3821 3705 non

2230 3754 2378 3813 sunt,
2400 3745 2506 3802 nisi
2533 3746 2588 3800 in
2610 3744 2921 3801 creaturis?
2947 3744 3050 3799 nisi
3074 3742 3213 3801 forte
3244 3754 3365 3799 ante
3382 3744 3560 3798 omnia
3586 3754 3823 3815 tempora

2230 3837 2454 3909 intelligi
2492 3838 2680 3891 voluit.
2719 3836 2948 3892 Αῖιενηα
2982 3844 3170 3892 autem
3213 3835 3404 3893 maluit
3431 3837 3615 3892 dicere
3660 3850 3820 3907 quam

2231 3928 2427 3994 omnia,
2464 3927 2694 3984 fortasse
2721 3928 2841 3985 ideo
2862 3929 2986 3999 quia
3013 3936 3222 4001 tempus
3251 3945 3357 3985 non
3385 3930 3552 4001 cmpit
3584 3943 3656 3985 ex
3685 3934 3820 3985 tem-

2229 4033 2363 4094 pore
2390 4037 2405 4086 ;
2435 4028 2638 4075 aeterna
2676 4020 2823 4076 enim
2844 4028 3083 4092 tempora
3106 4034 3280 4076 aevum
3304 4021 3635 4093 signiﬁcant.
3677 4019 3821 4079 inter

2232 4127 2398 4167 cvum
2447 4120 2628 4166 autem
2654 4118 2709 4167 et
2734 4120 2933 4184 tempus
2962 4112 3063 4168 hoc
3091 4112 3257 4167 distat
3295 4110 3438 4182 quod
3464 4112 3598 4167 illud
3623 4112 3815 4168 stabile

2232 4211 2337 4271 est,
2360 4212 2572 4274 tempus
2598 4212 2781 4259 autem
2807 4204 3089 4260 mutabile.
3139 4203 3407 4262 chulum
3453 4216 3586 4260 vero
3625 4205 3823 4261 dicitur

2232 4303 2354 4365 post
2382 4302 2593 4351 creatas
2643 4292 2777 4367 [Al.,
2835 4292 3088 4350 dicuntur
3148 4294 3321 4365 primo
3366 4294 3588 4367 creata]
3641 4309 3822 4352 rerum

2234 4386 2460 4458 Species,
2491 4394 2545 4442 et
2567 4386 2622 4440 in
2648 4386 2890 4442 diversas
2935 4396 3236 4459 temporum
3277 4386 3671 4446 mutabilitates
3713 4386 3822 4447 dis-

2237 4479 2417 4534 tinctae
2440 4494 2454 4545 ;
2478 4476 2796 4547 videturque
2834 4477 3084 4533 saxulum
3113 4487 3168 4535 et
3205 4487 3436 4549 tempora
3496 4476 3656 4535 simul
3715 4494 3822 4537 em—

559 4581 832 4625 retentum.
850 4569 973 4626 Ideo
993 4585 1151 4628 omne
1169 4583 1429 4629 aeternum
1452 4581 1631 4643 potest
1652 4572 1755 4628 dici
1775 4582 1829 4628 et
1855 4574 2135 4643 sempiter-
2170 4642 2185 4643 ί
2236 4570 2399 4641 pisse.
2434 4568 2541 4624 Sed
2582 4569 2764 4624 multis
2803 4568 2957 4636 locis,
3008 4571 3259 4626 saxulum
3305 4573 3469 4628 etiam
3524 4573 3577 4627 in
3634 4584 3822 4630 saneta

554 4676 1034 4730 num;econverso
1047 4666 1401 4722 ordineomne
1413 4642 1794 4734 sempiternum
1808 4642 2137 4720 etiamiazter-
2167 4642 2215 4702 Ῐ)
2240 4659 2522 4729 Scriptura
2551 4658 2749 4728 legitur
2774 4675 2875 4731 pro
2899 4663 3231 4733 sempiterno,
3275 4672 3338 4719 ut
3381 4664 3581 4720 dicitur
3611 4679 3627 4719 :
3663 4666 3823 4737 179

557 4773 705 4813 num.
723 4756 1049 4830 Perpetuam
1075 4775 1202 4816 vero
1230 4759 1444 4815 videtur
1464 4757 1809 4832 (derivatum)
1832 4772 1951 4816 esse
1978 4773 2045 4813 ex
2070 4774 2135 4815 eo

560 4850 797 4918 quodest
817 4868 1017 4923 perper,
1032 4861 1086 4907 et
1101 4851 1406 4924 signiﬁcare
1432 4851 1574 4921 quod
1593 4851 1739 4907 nullo
1750 4851 2024 4908 dirimitur
2049 4851 2134 4907 in-

558 4941 804 5011 tervallo,
822 4943 919 5000 sed
930 4959 1145 5016 semper
1156 4944 1343 5000 eodem
1359 4944 1517 4999 modo
1535 4948 1743 5015 perstat
1754 4960 1862 5015 quo
1874 4954 1974 5001 est.
1993 4945 2138 5001 Inter

561 5043 809 5088 a’ternum
864 5042 1043 5091 autem
1084 5043 1139 5090 et
1173 5034 1466 5089 immortale
1495 5032 1600 5090 hoc
1644 5035 1846 5091 distare
1900 5034 2134 5103 videtur,

561 5123 704 5193 quod
753 5140 913 5181 omne
963 5134 1226 5180 mternnm
1260 5124 1586 5190 immortale,
1627 5140 1734 5181 non
1763 5137 1944 5181 tamen
1978 5142 2138 5183 omne

563 5213 867 5272 immortale
930 5224 1187 5271 aeternum
1229 5225 1377 5271 recte
1422 5215 1637 5271 dicitur.
1694 5216 1839 5273 inter
1878 5233 2044 5273 cuum
2084 5227 2139 5274 et

548 5298 811 5362 saeculum
842 5306 917 5364 ita
964 5307 1195 5364 discerni
1238 5314 1432 5377 potest,
1481 5306 1625 5377 quod
1673 5322 1839 5363 aevum
1886 5308 2139 5378 quiddam

564 5406 826 5457 atternum
872 5407 1051 5473 potest
1099 5398 1344 5468 intelligi,
1393 5395 1646 5453 saxulum
1668 5414 1798 5455 vero
1849 5401 2141 5471 temporale

508 5596 519 5605 η-
582 5649 598 5653 Α
640 5591 665 5620 ι
691 5577 843 5636 Hanc
867 5577 1146 5653 epistolam
1172 5578 1555 5653 Quereetanus
1568 5580 1715 5653 inter
1742 5595 1907 5653 opera
1931 5582 2142 5637 Alcuini

564 5649 871 5731 dogmatica
902 5649 1109 5731 primo“
1131 5650 1461 5731 edidit.p.a_g.
1494 5650 1619 5717 765,
1653 5649 2144 5731 ‘post’eahleetiones

570 5719 880 5778 dill‘erentes
908 5719 963 5775 ét
988 5721 1237 5774 meliores
1260 5719 1464 5774 addidit
1486 5736 1612 5794 pag.
1646 5719 1798 5777 l3l‘2.
1845 5722 2029 5779 Galliae
2057 5724 2144 5778 lit-

573 5794 787 5847 terariae
809 5793 1100 5850 scriptores
1120 5799 1342 5845 consent
1362 5793 1605 5847 eamdem
1632 5796 1831 5850 rectius
1852 5796 1990 5849 inter
2011 5795 2144 5850 alias

574 5864 827 5935 epistolas
871 5863 1073 5915 Alt-uini
1124 5878 1283 5935 quam
1336 5864 1478 5916 inter
1520 5863 1817 5935 dogmatica
1869 5865 2140 5921 collocari.

575 5933 814 6007 Quorum
843 5934 1099 5989 monitum
1120 5934 1288 5991 secuti
1317 5950 1518 5993 sumus.
1545 5933 1733 5994 Eistal
1753 5952 1876 5996 cum
1896 5938 2147 5996 emenda-

2238 4747 2500 4815 Quoniam
2522 4749 2578 4803 in
2619 4749 2869 4805 saculunt
2904 4752 3265 4808 misericordia
3296 4755 3432 4826 ejus.
3464 4754 3643 4829 (Ptol.
3670 4772 3761 4823 cv,
3786 4773 3821 4826 ι,

2236 4848 2283 4895 et
2298 4854 2464 4906 cxvu,
2485 4840 2510 4896 1
2528 4842 2659 4912 seq.)
2679 4841 2745 4896 In
2764 4842 3035 4911 smculum,
3053 4844 3259 4901 scilicet
3280 4846 3334 4901 in
3354 4856 3659 4919 perpetuum
3672 4850 3822 4915 dicit,

2236 4935 2487 5002 quoniam
2534 4934 2904 4993 misericordia
2931 4937 3101 5009 ipsius
3143 4947 3345 4995 aeterna
3397 4950 3455 4996 et
3506 4940 3825 4999 indeﬁciens

2235 5033 2343 5080 est.
2375 5024 2642 5080 Saeculum
2665 5036 2750 5082 est
2769 5029 2934 5084 etiam
2979 5030 3161 5085 mundi
3188 5032 3323 5087 ordo
3362 5032 3677 5099 decurrens,
3734 5035 3825 5106 qui

2238 5116 2305 5172 ad
2341 5115 2520 5172 futura
2547 5118 2774 5173 tendens
2798 5119 3072 5188 praeterita
3098 5122 3318 5188 deserit,
3347 5130 3402 5179 et
3455 5123 3577 5179 ideo
3627 5126 3826 5182 saecula

2238 5211 2379 5268 dicta
2416 5227 2537 5268 esse
2573 5220 2814 5283 putatur,
2870 5213 2997 5285 quia
3034 5214 3089 5269 in
3138 5231 3198 5272 se
3230 5216 3434 5288 jugiter
3481 5217 3827 5275 resolvuntur

2240 5302 2334 5377 [F.
2362 5303 2731 5376 revolvuntur]
2757 5313 3018 5377 tempora.
3070 5302 3185 5363 Sed"
3203 5306 3513 5365 differentia
3567 5319 3675 5377 est,
3696 5313 3826 5368 dum

2239 5392 2455 5458 dicitur,
2482 5411 2515 5449 a
2541 5392 2733 5449 swculo
2757 5410 2771 5454 :
2796 5393 2875 5450 ret
2923 5397 3052 5452 dum
3111 5396 3331 5465 dicitur,
3353 5400 3412 5454 in
3452 5398 3717 5474 mulo];
3774 5410 3827 5458 et

2241 5578 2479 5721 ἱίἓὲξῗυε
2522 5578 2578 5634 in
2617 5580 2741 5636 cod.
2780 5596 2893 5653 reg.
2917 5582 3040 5640 Vat.
3070 5581 3162 5639 69.
3192 5581 3369 5656 (Apud
3395 5584 3633 5643 Froben.
3661 5584 3821 5657 epist.

2314 5721 2342 5761 δ
2369 5718 2659 5776 Candidus.
2694 5720 2862 5795 Cujus
2888 5737 3054 5795 opera
3083 5725 3278 5795 saepius
3305 5727 3383 5781 uti
3410 5726 3619 5783 solebat
3643 5725 3824 5781 Alcui-

2243 5806 2368 5867 nus,
2400 5798 2461 5867 ut
2485 5800 2634 5860 patet
2664 5806 2725 5845 ex
2762 5793 3300 5867 pluribus'epistolis,
3342 5798 3397 5851 in
3436 5798 3630 5867 quibus
3674 5798 3823 5852 illum

2245 5862 2528 5938 aliquoties
2573 5870 2731 5938 vocat
2772 5862 3085 5920 ll’izonemI
3117 5866 3193 5923 De
3230 5862 3337 5938 quo
3375 5862 3483 5924 vid.
3526 5866 3669 5923 Gali.
3711 5868 3817 5924 litt.

2245 5942 2376 5989 toni.
2406 5932 2470 5999 Υ,
2500 5948 2622 6003 pag.
2656 5933 2720 5988 l0
2745 5949 2859 6005 seq.
