4064 6342
227 418 325 477 421

1713 405 2095 473 EPISTOLIE.

3370 388 3478 489 λάε

208 535 348 599 dum
406 527 624 593 dicitur,
662 526 722 584 in
752 521 1004 585 sarculum
1031 527 1231 585 seculi.
1278 528 1452 585 Adam
1497 544 1729 600 namque
1771 539 1805 583 α
1828 531 1885 591 Α
1908 536 2122 586 aeternae
2151 546 2258 587 non
2288 540 2445 600 sunt,
2473 534 2568 589 sed
2594 530 2725 590 illud
2747 534 2891 607 quod
2920 534 3037 595 ista;
3061 539 3277 613 syllaba:
3306 522 3476 615 signi-

221 622 415 681 saeculo
437 621 567 687 fuit;
598 620 655 676 id
677 628 761 677 est
790 619 845 675 in
870 620 1136 693 principio
1190 620 1388 675 saeculi.
1434 620 1627 677 Ceteri
1670 637 1798 677 vero

219 725 435 787 patres,
472 713 605 781 Noe,
631 712 902 769 Abraham
930 716 987 769 in
1013 714 1221 781 saeculo,
1251 715 1347 772 sed
1371 730 1478 771 non
1522 732 1555 770 a
1604 711 1797 771 sw'culo

218 807 478 864 fuerunt:
514 807 654 863 sicut
676 820 867 862 omnes
884 806 1105 862 humani
1135 806 1349 879 generis
1396 808 1569 863 series
1615 808 1670 863 in
1699 822 1799 864 su:-

218 900 341 959 culo
363 897 602 965 fuerunt,
634 898 720 954 vel
749 906 894 966 sunt,
925 897 1015 953 vel
1061 897 1254 954 futurae
1274 906 1420 954 sunt.
1449 898 1518 955 In
1547 897 1796 954 saxulum

216 1006 347 1047 vero
373 989 575 1051 seculi,
617 987 861 1045 futurum
886 996 972 1044 est
1018 989 1293 1057 saxulum,
1345 992 1487 1061 quod
1529 999 1653 1064 post
1694 991 1798 1047 hoc

210 1090 320 1140 ent
348 1081 628 1148 saeculum,
657 1083 803 1151 quod
828 1092 881 1137 et
904 1082 960 1136 in
983 1081 1178 1137 secula
1198 1082 1512 1137 saeculorum
1537 1082 1691 1157 (Tob.
1716 1099 1793 1149 ιι,

212 1173 303 1246 il)
335 1173 555 1231 dicitur.
584 1172 721 1228 Nam
745 1173 1066 1245 quibusdam
1098 1173 1153 1227 in
1177 1173 1310 1230 locis
1337 1175 1394 1230 in
1422 1173 1672 1230 siccatum
1696 1190 1796 1229 sis-

208 1261 318 1318 culi
355 1262 710 1321 aeternitatem
763 1262 977 1319 Domini
1038 1264 1281 1320 absolute
1319 1265 1606 1336 signiﬁcat,
1656 1281 1793 1337 quo-

207 1355 358 1409 niam
390 1353 479 1409 ille
505 1361 560 1409 et
588 1354 755 1409 etiam
793 1363 920 1411 ante
952 1355 1231 1422 steculum,
1274 1363 1329 1412 et
1374 1356 1433 1411 in
1479 1356 1699 1424 saeculo,
1741 1364 1796 1413 et

205 1454 333 1517 post
360 1445 491 1500 illud
514 1445 772 1502 saeculum
799 1447 1111 1517 misericors
1148 1462 1269 1504 esse
1320 1456 1671 1504 monstratur.
1727 1447 1796 1505 Et

202 1536 331 1603 ideo
392 1537 591 1593 dicitur
620 1538 686 1593 de
739 1551 844 1594 eo:
875 1537 1249 1595 Misericordia
1301 1552 1477 1596 autem
1498 1540 1712 1596 Domini
1760 1559 1795 1596 α

199 1628 400 1684 πενία
440 1638 491 1684 et
542 1647 704 1702 usque
754 1632 809 1686 in
850 1631 1102 1689 secndum
1148 1650 1304 1705 super
1356 1636 1592 1689 timentes
1652 1652 1790 1691 eum.

200 1720 383 1793 (Psal.
415 1738 509 1787 cu,
542 1723 655 1796 17.)
693 1724 825 1780 Item
865 1744 878 1779 :
911 1725 980 1781 In
1009 1726 1259 1782 saeculum
1301 1728 1480 1785 seculi
1512 1729 1686 1802 (Psal.
1715 1748 1787 1795 ιι,

196 1813 248 1879 6,
275 1822 328 1868 et
354 1830 411 1879 x,
437 1813 520 1879 16,
546 1814 670 1888 etc.)
698 1824 921 1889 pmpter
949 1817 1056 1872 duo
1085 1817 1429 1875 Testamenta
1475 1836 1618 1894 smpe
1655 1823 1789 1893 legi-

195 1917 291 1963 tur
319 1909 575 1979 positum,
616 1910 733 1980 {uia
759 1910 865 1966 hoc
914 1908 1123 1965 Novum
1154 1911 1558 1970 Testamean
1585 1917 1783 1988 prioris
1810 1923 1860 1984 B

192 2001 388 2056 saeculi
416 2001 674 2058 saeculum
723 2008 824 2067 est,
867 2002 1009 2057 sicut
1048 2011 1104 2058 et
1152 2003 1395 2060 futurum
1445 2007 1603 2063 istius
1647 2025 1784 2079 prai-

187 2093 373 2158 sentis
427 2094 551 2149 erit.
581 2094 855 2150 Invenitur
883 2111 1097 2168 quoque
1146 2097 1397 2167 saeculum
1448 2115 1550 2170 pro
1605 2102 1786 2172 cujus-

185 2183 334 2240 libet
378 2186 639 2257 temporis
694 2186 802 2242 ﬁne
862 2188 1010 2258 poni.
1067 2188 1203 2244 Nam
1254 2190 1311 2245 in
1372 2188 1516 2263 Lege
1570 2193 1784 2265 Domini

184 2277 396 2333 dicitur
430 2293 447 2334 :
489 2278 573 2335 Sit
599 2280 691 2335 tibi
711 2298 888 2351 seruus
921 2284 976 2337 in
1012 2284 1266 2338 sceculum
1313 2284 1512 2357 (Exod.
1555 2304 1670 2355 ιιι,
1702 2290 1780 2362 6),

182 2368 239 2425 id
296 2378 405 2437 est,
458 2387 629 2443 usque
672 2373 728 2429 in
765 2371 1044 2444 jnbilzeum
1082 2391 1303 2430 annum.
1359 2376 1465 2433 Sed
1504 2379 1783 2437 sciendum

178 2471 275 2520 est
325 2465 473 2533 quod
512 2474 765 2529 internum
811 2467 985 2524 tribus
1040 2469 1216 2524 modis
1273 2470 1331 2525 in
1363 2479 1551 2527 sancta
1602 2472 1785 2544 Scrip-

175 2564 319 2611 tura
348 2555 455 2627 legi
481 2558 636 2613 solet.
669 2557 869 2626 Primo,
919 2562 1062 2631 quod
1116 2575 1243 2618 vere
1281 2571 1336 2618 et
1369 2564 1587 2635 proprie
1627 2574 1785 2622 acter-

176 2659 325 2702 num
358 2648 575 2715 dicitur,
603 2651 751 2705 omni
774 2649 1175 2725 [mutabilitate]
1217 2670 1428 2720 carens,
1471 2656 1612 2711 sicut
1636 2657 1783 2714 solus

178 2737 340 2797 Deus
366 2750 470 2798 est.
491 2742 644 2798 Alter
666 2759 798 2801 vero
822 2748 1013 2802 modus
1038 2756 1141 2815 est,
1174 2764 1296 2803 cum
1326 2764 1392 2804 ea
1446 2765 1534 2806 res
1576 2761 1781 2809 asterna

181 2831 411 2900 dicitur,
440 2848 561 2903 quce
600 2836 715 2907 ipsa
745 2838 962 2907 quidem
987 2855 1084 2910 per
1105 2855 1165 2896 se
1188 2849 1392 2897 aeterna
1421 2860 1528 2901 non
1558 2855 1659 2913 est,
1686 2849 1782 2905 sed

183 2923 339 2995 quod
362 2924 649 2996 signiﬁcat,
681 2936 944 2985 aeternum
963 2939 1079 2998 est;
1116 2933 1283 2988 veluti
1308 2935 1410 2991 hoc
1438 2938 1578 3005 quod
1608 2937 1795 2994 Abra-‘

184 3019 270 3074 ha:
302 3018 507 3074 dicitur
535 3035 549 3074 :
583 3019 731 3075 Dabo
756 3023 849 3076 tibi
874 3031 923 3077 et
960 3026 1146 3083 semini
1177 3035 1269 3081 tuo
1310 3037 1505 3084 terram
1550 3032 1687 3086 lianc
1723 3035 1779 3087 in

179 3110 570 3182 possessionem
584 3121 834 3167 eternam
855 3113 1009 3185 (Gen.
1028 3133 1161 3183 xvu,
1176 3119 1256 3190 8).
1276 3118 1411 3175 Cum
1428 3135 1527 3175 nec
1540 3122 1652 3191 ipsa
1672 3130 1778 3178 ter-

183 3214 268 3266 ra,
299 3214 406 3255 nec
446 3199 564 3270 ejus
588 3203 923 3261 habitatores
949 3209 1135 3264 aeterni
1163 3224 1285 3266 esse
1308 3213 1631 3282 potuissent,
1682 3218 1777 3272 sed

1901 620 2086 690 ﬁcant,
2117 624 2442 682 omnimodis
2468 635 2728 683 aeternum
2757 639 2860 686 est.
2901 632 3077 689 Verba
3106 635 3251 691 enim
3281 636 3478 708 quibus

1899 711 2188 783 loquimur,
2221 715 2357 772 nihil
2397 717 2541 775 aliud
2583 728 2708 775 sunt
2752 720 2856 777 nisi
2898 722 3050 795 signa
3080 742 3260 782 rerum
3286 726 3477 787 earum

1899 819 2034 874 quas
2061 816 2240 863 mente
2266 808 2618 880 concipimus,
2646 813 2841 883 quibus
2866 814 2932 870 ad
2956 817 3313 885 cognitionem
3339 819 3474 876 alio-

1898 911 2017 951 rum
2063 898 2248 954 venire
2296 900 2581 958 volumus:
2634 918 2754 974 quae
2802 905 2963 961 verba
3015 924 3286 979 nunquam
3330 900 3476 967 recte

1896 985 2264 1056 proferuntur,
2294 991 2397 1047 nisi
2427 994 2706 1049 veritatem
2738 995 3059 1065 signiﬁcent.
3091 998 3304 1057 Veritas
3330 1002 3473 1059 enim

1896 1077 2041 1145 omni
2082 1079 2288 1136 homini
2317 1084 2577 1140 naturalis
2603 1095 2686 1142 est
2714 1088 2769 1143 in
2801 1098 3040 1159 tantum,
3080 1101 3140 1148 ut
3166 1094 3343 1152 nullus
3371 1112 3473 1152 un-

1896 1183 2058 1239 quam
2093 1186 2192 1242 pro
2217 1174 2443 1231 veritate
2478 1174 2671 1233 falsum
2710 1181 2896 1238 audire
2922 1184 3083 1252 velit,
3123 1201 3188 1242 eo
3222 1188 3380 1243 modo
3414 1194 3475 1242 ut

1896 1258 2010 1329 ipse
2037 1277 2223 1319 verum
2256 1274 2406 1336 putet
2430 1269 2573 1337 quod
2602 1268 2794 1326 falsum
2823 1282 2933 1341 est,
2973 1275 3078 1331 nisi
3107 1277 3221 1346 ipse
3248 1277 3474 1332 nimium

1894 1351 2076 1406 varius
2122 1351 2275 1427 (Cod.
2330 1353 2444 1412 Vat.
2488 1358 2678 1432 vanus]
2728 1359 2799 1415 sit
2845 1371 2899 1418 et
2943 1364 3011 1420 ab
3055 1367 3201 1422 omni
3243 1368 3472 1424 veritate

1895 1456 2137 1499 aversus.

1967 1531 2074 1589 Sed
2103 1536 2225 1604 quia
2253 1538 2319 1592 ad
2347 1538 2509 1594 ﬁnem
2536 1541 2793 1599 chartulae
2826 1555 3081 1615 properat
3110 1550 3299 1617 series,
3326 1550 3475 1608 vides

1895 1632 1984 1679 tur
2008 1635 2182 1683 ratum
2212 1629 2411 1700 aliquid
2438 1634 2502 1688 de
2528 1634 2642 1705 ipso
2670 1637 2773 1691 line
2796 1636 2995 1694 dicere.
3030 1640 3123 1697 Est
3151 1644 3293 1698 enim
3323 1645 3475 1704 locus

1892 1717 1981 1771 ubi
2010 1718 2132 1773 ﬁnis
2154 1722 2294 1789 quod
2320 1722 2437 1776 sine
2459 1723 2565 1779 ﬁnc
2588 1734 2668 1780 est
2692 1727 2977 1797 signiﬁcat,
3000 1740 3058 1785 ut
3079 1732 3131 1786 in
3152 1733 3469 1807 Evangelio:

1893 1803 2023 1860 Cum
2051 1808 2314 1865 dilexisset
2341 1830 2444 1878 eos,
2486 1816 2577 1885 qui
2614 1827 2761 1872 erant
2792 1818 2847 1873 in
2875 1821 3089 1888 mundo,
3130 1825 3185 1878 in
3210 1825 3367 1896 linem
3392 1816 3475 1882 dio

1891 1894 2015 1950 [erit
2043 1917 2127 1953 eos
2157 1900 2338 1972 (Joan.
2369 1920 2487 1970 xm,
2524 1905 2617 1977 l),
2651 1907 2704 1961 id
2739 1918 2849 1974 est,
2894 1912 2947 1966 in
2987 1921 3249 1984 aeternum
3288 1917 3474 1973 dilexit

1888 2003 1999 2045 eos.
2050 1990 2145 2046 Est
2173 2002 2335 2048 etiam
2362 1996 2452 2050 uhi
2480 1996 2867 2067 perfectionem
2896 2003 3183 2077 signiﬁcat,
3217 2017 3275 2063 ut
3299 2026 3312 2061 :
3349 2009 3472 2077 ﬁnis

1884 2088 2021 2141 enim
2050 2087 2176 2159 legis
2206 2100 2279 2145 est
2306 2090 2542 2148 Christus
2576 2094 2751 2166 (Rom.
2782 2114 2835 2162 Χ,
2864 2097 2943 2167 4),
2989 2099 3041 2154 id
3069 2109 3172 2167 cst,
3214 2101 3475 2172 perfectio

1885 2177 2042 2249 legis.
2084 2181 2182 2235 Est
2210 2197 2446 2253 quoque,
2475 2185 2563 2240 ubi
2598 2186 2768 2255 ipsum
2798 2185 3064 2259 significat
3090 2190 3383 2261 Christum,
3412 2203 3474 2250 ut

1885 2269 1939 2324 in
1986 2272 2307 2342 quibusdam
2355 2277 2689 2346 psalmorum
2738 2280 2949 2337 titulis:
2998 2284 3053 2337 in
3100 2283 3257 2354 ﬁnem
3302 2286 3472 2341 David

1885 2358 2057 2431 (Psal.
2083 2380 2156 2429 ιι,
2181 2381 2276 2430 ιιι,
2304 2374 2352 2419 et
2380 2365 2503 2438 aL),
2540 2367 2591 2421 id
2622 2377 2727 2435 est,
2760 2369 2815 2424 in
2842 2370 3135 2428 Christum.
3168 2374 3471 2446 Aliquando

1883 2453 2047 2508 etiam
2078 2455 2201 2510 ﬁnis
2233 2457 2500 2527 signiﬁcat
2529 2456 2691 2515 ﬁnem
2737 2461 3023 2532 cujuslibet
3051 2466 3128 2522 rei
3153 2467 3237 2522 vel
3269 2477 3472 2539 tempo-

1883 2544 1993 2610 ris;
2034 2553 2091 2600 ut
2129 2546 2183 2601 in
2224 2548 2484 2604 Daniele:
2538 2550 2593 2604 in
2634 2552 2740 2620 ﬁne
2785 2564 2958 2609 autem
3005 2556 3210 2615 dierum
3254 2558 3467 2615 illorum

1885 2640 2048 2712 (Dan.
2075 2659 2150 2709 1v,
2172 2643 2283 2715 5i).
2319 2644 2429 2700 Nec
2452 2646 2585 2701 mihi
2610 2647 2895 2705 multitudo
2919 2652 3207 2707 verborum
3232 2662 3287 2708 et
3314 2654 3471 2711 char-

1883 2732 2010 2786 tulae
2038 2732 2316 2805 longitudo
2345 2734 2646 2804 objicienda
2681 2747 2799 2805 est,
2848 2742 2973 2815 quia
3013 2742 3294 2815 longitudo
3336 2754 3464 2802 tem-

1880 2823 2049 2889 Doris,
2069 2824 2152 2879 vel
2172 2826 2343 2897 magis
2366 2827 2493 2882 illud
2516 2830 2659 2898 quod
2680 2836 2889 2901 tempus
2909 2847 3014 2887 non
3037 2834 3222 2900 habet,
3240 2835 3468 2906 plurima

1881 2914 2058 2984 poscit
2083 2916 2275 2981 verba,
2313 2917 2509 2987 quibus
2536 2919 2934 2975 demonstretur
2960 2924 3105 2992 quod
3130 2924 3220 2979 vix
3249 2926 3461 2984 demon-

1881 3008 2041 3060 strari
2070 3009 2229 3078 180
2250 3009 2435 3079 possit.
2484 3009 2591 3065 Sed
2616 3010 2858 3069 calamus
2898 3013 2955 3069 in
2995 3013 3143 3071 fonte
3186 3018 3468 3075 charitatis

1880 3097 2099 3165 tinctus,
2144 3101 2298 3157 dulce
2326 3102 2489 3159 habet
2515 3120 2638 3159 cum
2663 3120 2729 3160 eo
2756 3106 2931 3177 loqui,
2976 3110 3064 3164 cui
3106 3110 3286 3165 omnia
3326 3115 3465 3168 bona

1882 3190 2056 3246 dulcia
2094 3201 2247 3261 sunt;
2287 3194 2375 3250 cui
2413 3195 2555 3252 Deus
2590 3206 2852 3254 aeternam
2890 3202 3188 3259 concedere
3214 3204 3466 3279 dignetur

183 3298 339 3345 terra
363 3291 681 3361 viventium,
712 3312 832 3366 quae
859 3313 958 3368 per
986 3300 1125 3356 hanc
1170 3281 1370 3359 terram
1413 3304 1772 3377 signiﬁcatur,

1880 3281 2236 3339 dulcedinem.

183 3393 397 3440 aeterna
424 3395 536 3454 est;
595 3398 651 3445 et
678 3390 1010 3450 habitatores
1059 3396 1203 3456 illius
1227 3401 1435 3466 aeterni,
1469 3402 1535 3457 de
1578 3404 1775 3473 quibus

183 3475 392 3531 dicitur
417 3495 431 3530 :
456 3478 607 3534 Beati
626 3482 793 3549 mites,
817 3488 1066 3554 quoniam
1082 3489 1183 3559 ipsi
1201 3492 1537 3561 possidebunt
1556 3504 1770 3552 terram.

187 3565 426 3638 (Humi.
470 3586 525 3635 v,
558 3572 639 3644 Δ.)
681 3574 895 3633 Tertius
931 3580 1120 3637 modus
1165 3591 1265 3647 est,
1319 3589 1534 3657 quando
1575 3605 1638 3645 ea
1685 3607 1775 3648 res

183 3669 396 3717 aeterna
418 3664 728 3733 appellatur,
750 3669 845 3724 cui
876 3669 1000 3727 ﬁnis
1047 3688 1153 3729 non
1176 3679 1545 3746 constituitur,
1583 3691 1678 3739 aut
1698 3686 1773 3741 ita

185 3748 246 3806 ﬁt
269 3761 340 3808 ut
359 3754 614 3827 deinceps
644 3773 753 3815 non
780 3761 851 3816 sit
885 3762 1151 3833 facienda,
1173 3778 1433 3839 quantum
1477 3777 1545 3832 ad
1586 3794 1771 3835 curam

183 3844 265 3904 vel
285 3844 364 3900 ad
384 3855 707 3918 potestatem
730 3851 999 3925 facientis,
1036 3870 1130 3917 aut
1152 3862 1383 3921 dicentis
1424 3870 1674 3939 pertinet,
1708 3889 1773 3930 eo

180 3948 388 4006 genere
412 3937 716 4011 locutionis,
756 3961 864 4016 quo
889 3951 1111 4018 quidam
1146 3953 1314 4012 Poeta
1350 3937 1521 4016 dicit:

309 4074 521 4127 Serviet
543 4083 801 4144 mternum,
828 4084 913 4146 qui
939 4096 1089 4147 parvo
1111 4092 1302 4142 nesciet
1326 4093 1398 4143 uti

179 4168 297 4230 Non
349 4178 493 4233 enim
532 4188 712 4250 potest
750 4191 1013 4242 aeternum
1056 4193 1281 4260 servire,
1320 4192 1474 4265 cujus
1514 4197 1632 4267 ipsa
1658 4198 1769 4254 vita

179 4275 389 4322 aeterna
416 4284 537 4325 esse
560 4288 666 4327 non
694 4282 890 4344 potest.
933 4278 1040 4335 Sed
1066 4283 1203 4338 mira
1233 4283 1363 4357 [Al.,
1394 4288 1585 4361 magis]
1617 4306 1765 4361 qua:-

177 4355 301 4413 dam
330 4358 632 4418 differentia
656 4374 739 4421 est
760 4367 903 4424 inter
922 4375 1210 4431 essentiam
1236 4355 1762 4453 omnipotentis—Dei,

176 4456 230 4503 et
253 4451 531 4508 volventia
558 4454 805 4513 humanae
838 4460 963 4517 vitae
1000 4472 1263 4538 tempora.
1320 4471 1575 4543 Legimus
1620 4451 1763 4531 enim

177 4541 277 4596 tria
307 4553 554 4616 tempora
583 4563 722 4615 esse,
768 4551 820 4607 id
850 4563 953 4622 est,
997 4559 1353 4631 prmteritum,
1395 4541 1665 4636 prmsens,
1708 4578 1764 4625 et

1952 3395 2074 3469 [Det
2102 3397 2200 3453 tibi
2226 3408 2539 3469 perpetuam
2568 3403 2809 3461 clemens
2837 3406 2891 3461 in
2920 3408 3080 3465 saecla
3108 3410 3337 3469 salutem

2020 3489 2089 3546 Et
2118 3492 2285 3549 decus
2308 3494 2541 3565 imperii,
2578 3497 2746 3555 David
2773 3508 2974 3569 amate,
3001 3501 3192 3578 Deus.]

2339 3622 2366 3653 ει
2386 3611 2719 3671 EPISTOLA
2770 3616 2995 3677 CLXIII.

2478 3721 2547 3761 AD
2586 3724 2852 3767 CAROLUM.

1874 3784 2111 3872 Exponit
2128 3799 2324 3872 textum
2348 3793 2407 3849 S.
2427 3794 2586 3872 Lucro
2611 3815 2727 3872 cap.
2748 3814 2885 3864 xm,
2909 3803 2995 3865 56,
3020 3815 3143 3872 etc.,
3171 3806 3235 3863 de
3258 3808 3459 3868 duobus

1945 3858 2157 3955 gladiis:
2204 3862 2555 3955 Conqueritur:
2587 3869 2652 3924 de
2674 3858 3000 3955 'quibusdem

1942 3930 2252 4014 presbyteris
2275 3930 2580 4014 et'diaconis
2607 3930 2797 4014 manus
2818 3930 3458 4014 ρηεάἰοὰιῗὸῶἶὶἦίόῖἶε

1943 3999 2119 4055 uolunt
2135 4020 2155 4068 ,°
2186 4014 2233 4058 et
2259 4004 2324 4059 de
2348 4007 2715 4076 profanatione
2743 3999 3013 4072 alt'arium.

1941 4116 2169 4174 Domino
2206 4121 2636 4179 desiderabiliter
2664 4128 2958 4185 venerabili
2996 4138 3051 4186 et
3078 4132 3456 4191 venerabiliter

1871 4209 2212 4267 desiderabili
2251 4214 2419 4270 David
2448 4218 2594 4286 regi;
2636 4218 2692 4274 iu
2722 4218 2828 4278 ﬁde
2853 4231 2908 4278 et
2938 4223 3204 4281 charitate
3230 4226 3456 4286 Flaccus

1871 4298 2142 4376 [Albinus]
2169 4304 2419 4361 salutem.

1938 4393 2162 4452 Litteris
2196 4408 2391 4455 vestra:
2428 4400 2778 4460 nobilissimae
2814 4405 3037 4476 pietatis
3073 4409 3348 4480 acceptis,
3394 4410 3450 4467 in

1866 4486 2063 4555 quibus
2089 4497 2326 4545 vestram
2356 4492 2516 4548 nobis
2544 4494 2697 4549 valde
2726 4496 3018 4555 amabilem
3048 4500 3360 4570 sanitatem,
3394 4512 3452 4560 et

1866 4588 2062 4635 cuncto
2088 4581 2509 4641 Christianitatis
2548 4587 2774 4658 imperio
2810 4595 3273 4660 pernecessariam
3298 4606 3437 4667 ‘pro-

1340 4628 1348 4631 _
1395 4628 1413 4636 _
1652 4628 1663 4635 .
1870 4628 2056 4635 ---ηπ
2095 4628 2509 4641 -------.............
2548 4628 2773 4658 ....,.......
2811 4628 3273 4660 μιυσυωοαιιιιι.
3314 4628 3437 4667 νιν-

172 4628 457 4756 fut'urum;
503 4639 599 4694 sed
634 4640 709 4696 ita
748 4650 807 4698 ut
846 4661 984 4716 pene
1024 4650 1159 4705 nihil
1198 4655 1352 4711 nobis
1384 4672 1621 4729 prtesens
1651 4662 1756 4730 sit,
1789 4652 1837 4716 Ι)
1863 4670 2173 4740 speritatem
2219 4690 2551 4746 cognoscens
2581 4678 2698 4751 [F.,
2728 4683 3002 4756 cognovi],
3049 4693 3222 4741 totum
3267 4687 3448 4746 cordis

173 4724 264 4778 sed
291 4729 483 4785 omnia
522 4733 797 4800 praeterita
841 4743 895 4791 et
937 4736 1134 4796 futura.
1169 4724 1425 4816 [Verbum
1456 4752 1599 4806 enim
1631 4724 1757 4809 dum

171 4812 307 4880 dico,
347 4816 586 4908 priorem
613 4821 738 4879 dum
769 4826 903 4901 dixi]
944 4812 1203 4900 syllabam
1247 4832 1377 4908 [AI.,
1410 4838 1569 4896 Verbi
1613 4845 1757 4899 enim

170 4915 291 4960 eum
332 4907 451 4963 dixi
490 4910 731 4982 priorem
777 4916 1056 4988 syllabam,
1084 4923 1232 4997 etc.],
1276 4928 1547 4997 posterior
1574 4931 1755 4992 futura

168 4992 308 5052 fuit:
349 5007 405 5054 et
437 5002 565 5057 dum
588 5007 942 5075 posteriorem
969 5011 1109 5080 dico,
1138 4992 1400 5085 praeteriit
1427 5023 1592 5092 prior.
1642 5024 1759 5083 Deo

166 5100 298 5144 vero
326 5091 465 5150 nihil
492 5100 828 5164 praeteritum
867 5108 921 5156 et
959 5101 1232 5172 futurum,
1278 5109 1374 5164 sed
1401 5091 1582 5167 omnia
1611 5130 1753 5185 prae-

165 5184 347 5238 sentia
385 5193 546 5254 sunt,
590 5190 680 5260 qui
715 5208 872 5250 servo
911 5211 1008 5251 suo
1034 5195 1202 5270 Moysi
1232 5202 1343 5258 ait:
1376 5204 1491 5276 Ego
1520 5184 1637 5263 sum
1663 5212 1754 5282 qui

162 5282 303 5327 sum.
346 5275 416 5332 Et
439 5296 452 5332 :
486 5279 640 5336 Dices
667 5282 795 5353 ﬁliis
822 5285 1030 5343 Israel:
1056 5292 1145 5361 qui
1168 5303 1264 5360 est,
1291 5298 1431 5373 misit
1460 5316 1541 5356 me
1565 5303 1636 5357 ad
1664 5275 1752 5360 uos

162 5360 370 5437 (Exod.
400 5386 489 5437 ιιι,
525 5373 635 5448 Η).
688 5374 794 5432 Sed
836 5379 881 5433 si
924 5360 1174 5440 subtilius
1215 5368 1458 5457 quaerere
1501 5393 1747 5466 incipias,

158 5459 336 5517 etiam
374 5464 503 5535 ipsa:
528 5468 645 5523 duae
671 5469 917 5542 syllabae,
962 5474 1088 5530 dum
1117 5477 1265 5533 dixi:
1314 5480 1455 5538 Deus
1501 5459 1745 5555 aeternus,

231 5636 260 5665 ι
287 5624 545 5710 (Froben.
570 5632 729 5710 epist.
747 5634 895 5710 124.)
927 5636 1069 5710 Edit.
1099 5638 1348 5707 Quercet.
1370 5643 1424 5710 6,
1448 5646 1631 5704 Canis.
1654 5650 1743 5704 12.

158 5689 471 5783 autem
492 5689 688 5783 manliis
703 5703 837 5760 locis
866 5689 1184 5783 castigath
1203 5716 1383 5783 prodit
1501 5689 1620 5775 cod.
1640 5689 1741 5776 ms.

156 5761 506 5858 ξιξξιιιοὲιεεςε
531 5769 979 5858 salisbiirgeiisis,
1007 5761 1742 5858 Bhi‘liidturmtili:

153 5830 244 5927 ius
271 5837 636 5927 :jlffrplanatio
660 5830 1078 5927 gladiorumiqni
1094 5830 1349 5927 dicunlnr
1376 5830 1446 5911 ina
1477 5861 1738 5927 passione.

152 5903 218 5968 In
245 5902 416 5967 editis
456 5926 587 5971 vero
612 5933 625 5971 :
655 5902 735 5971 De
762 5933 821 5974 eo
843 5921 980 5992 quod
1001 5902 1742 6000 inVDrniipelio

1860 4766 1969 4820 mei
1995 4765 2263 4823 affectum,
2281 4770 2334 4824 in
2365 4772 2664 4842 gratiarum
2699 4774 2942 4832 actiones
2967 4775 3187 4835 Christo
3212 4779 3447 4837 clemen-
3525 4826 3545 4839 .

1861 4857 2071 4914 tissimo
2096 4862 2211 4931 regi
2235 4861 2434 4918 eﬁ'udi:
2472 4864 2614 4920 illius
2652 4867 2839 4922 sedula
2868 4870 3115 4926 oratione
3150 4870 3444 4942 deprecans

1856 4950 2113 5021 pietatem
2130 4994 2147 5020 ,
2194 4971 2316 5011 cum
2352 4957 2605 5014 omnibus
2634 4969 2837 5017 nostra
2863 4962 3164 5020 devotionis
3190 4980 3445 5036 coopera-

1857 5044 2099 5110 toribus,
2149 5055 2416 5117 quatenus
2458 5058 2696 5107 vestram
2736 5053 3018 5123 paciﬁcam
3060 5062 3116 5113 et
3154 5057 3439 5114 amabilem

1854 5136 2175 5206 potentiam,
2216 5139 2283 5192 ad
2320 5140 2705 5199 exaltationem
2734 5153 2936 5202 sanctae
2959 5162 3072 5203 sua
3098 5147 3353 5204 Ecclesiae
3384 5158 3440 5205 et

1856 5226 1886 5267 Β
1910 5229 2263 5284 sacratissimi
2292 5232 2654 5300 gubernacula
2683 5235 2897 5307 imperii
2940 5237 3180 5309 longaeva
3219 5252 3442 5311 prospe~

1852 5320 2015 5375 ritate
2039 5322 2331 5389 custodire,
2369 5338 2556 5396 regere
2582 5334 2638 5382 et
2666 5327 2894 5384 dilatare
2920 5329 3187 5400 dignetur.
3235 5329 3294 5384 In
3320 5330 3440 5400 qui-

1850 5411 1954 5467 hus
1994 5412 2352 5471 laudabilibus
2391 5430 2606 5487 quoque
2643 5427 2838 5475 vestrae
2875 5421 3153 5490 sapientiae
3193 5421 3435 5490 apicibus

1850 5518 2029 5559 meam
2048 5544 2062 5571 ,
2109 5513 2170 5560 ut
2197 5504 2342 5562 soliti
2371 5508 2525 5576 estis,
2557 5510 2839 5581 segnitiem
2864 5527 2961 5582 per
2985 5512 3435 5585 interrogationes

1845 5657 2472 5755 mi‘neéduo‘gladiimic.
2545 5738 2577 5755 μ
2628 5736 2696 5755 m
2731 5738 2803 5755 ἢ-
2850 5753 2892 5755 Η
2956 5750 2969 5755 Δ
3046 5754 3052 5755 7
3264 5750 3285 5755 ἡ
3333 5739 3349 5755 θ

1922 5729 1960 5807 δ.
1981 5729 2344 5807 sacratissimi
2370 5736 2597 5807 imperii.
2628 5736 2707 5793 De
2731 5738 3000 5805 Romano,
3031 5738 3306 5807 existimo,
3331 5739 3435 5797 im-

1844 5800 1998 5868 perio
2028 5802 2142 5890 haec
2167 5819 2289 5861 esse
2316 5800 2901 5890 intelligenda.“Unde
2947 5800 3098 5890 hanc
3145 5800 3431 5885 epistolam

1844 5884 1953 5923 non
1984 5881 2108 5930 ante
2138 5889 2340 5933 artuum
2389 5877 2592 5936 Christi
2634 5880 2740 5937 800
2788 5881 2975 5941 datam
3022 5877 3194 5943 fuissé
3241 5898 3431 5951 cense-

1820 5955 1989 6001 ἸΙΙυῆ
2056 6008 2059 6011 γ
