4062 6440
593 472 703 539 423

1442 462 1502 520 Β.
1542 459 1604 519 F.
1647 458 1872 516 ALBINI
1909 451 2041 514 SEU
2076 447 2355 511 ALCUINI
2390 446 2674 510 OPERUM
2707 441 2886 503 PARS
2908 440 2954 499 1.

3745 425 3856 491 ηι

591 580 1040 661 prudentissimas
1083 573 1348 649 sagaciter
1385 572 1538 646 [Cod.
1570 569 1711 638 Sal.,
1745 565 2160 640 prudentissima
2187 566 2242 628 Α
2265 562 2572 634 allegorias,
2599 568 2660 614 ut
2687 555 2943 612 studiosis
2965 551 3260 608 lectoribus
3278 548 3444 661 facile
3471 555 3557 605 est
3581 548 3857 661 iqvenire.

597 659 914 753 sagacitate]
942 674 1178 731 excitare
1200 669 1337 725 velle
1367 666 1566 721 inveni.
1597 663 1709 719 lmo
1735 677 1833 732 per
1863 659 2163 729 inquisitio-

597 750 695 829 nes
722 769 916 843 [magis
942 767 1161 829 docere,
1209 773 1371 831 quam
1402 751 1904 828 ignorata'discere]
1935 750 2164 820 agnovi;

597 864 721 935 quia
749 862 1006 932 sapienter
1023 858 1361 924 interrogare,
1384 851 1566 904 docere
1595 858 1687 910 est,
1709 845 1875 901 veluti
1901 845 1956 898 in
1975 849 2171 898 vestra:

599 934 934 1007 auctoritatis
979 944 1174 1016 pagina
1215 941 1474 1011 scriptum
1519 938 1857 1008 reperimus;
1914 934 2005 988 ubi
2049 940 2172 1003 post

600 1055 894 1113 congruam
942 1033 1264 1092 sententiam
1312 1029 1548 1085 veridico
1595 1041 1842 1082 sermone
1891 1029 2172 1078 exaratum

599 1129 1057 1202 perspeximus“:
1105 1143 1124 1175 ι
1171 1122 1471 1192 Cognoscat
1521 1117 1686 1188 igitur
1734 1113 1995 1170 industria
2041 1120 2171 1178 tua,

601 1201 629 1262 1)
657 1219 972 1277 charissime
998 1217 1054 1271 in
1077 1213 1291 1270 Christo
1314 1217 1634 1282 przeceptor,
1659 1206 1991 1277 propositam
2023 1201 2178 1257 nobis

599 1327 629 1367 a
659 1311 890 1382 quodam
921 1323 1030 1362 non
1060 1305 1281 1369 clerico,
1320 1301 1415 1358 sed
1441 1302 1580 1356 laico
1614 1299 1679 1354 de
1708 1295 1997 1368 Evangelia
2029 1308 2176 1363 quae-

597 1406 852 1469 stionem,
889 1400 975 1456 cui
1006 1408 1135 1454 tunc
1163 1407 1342 1452 tamen
1372 1410 1403 1449 a
1430 1394 1586 1450 nobis
1615 1407 1782 1463 usque
1809 1389 1912 1463 [in]
1942 1402 2178 1461 praesens

598 1503 681 1552 est
712 1495 876 1551 dilata
904 1490 1223 1562 responsio:
1264 1486 1381 1542 Non
1411 1486 1536 1557 quia
1567 1483 1723 1553 juxta
1759 1482 1902 1552 quod
1940 1481 2175 1535 interro-

599 1587 782 1658 gavit,
834 1581 1161 1654 respondere
1206 1594 1315 1635 non
1357 1577 1741 1640 valuissemus,
1775 1595 1793 1627 ι
1849 1580 1905 1629 et
1950 1571 2177 1641 reliqua.

600 1677 738 1732 Vere
779 1685 834 1730 et
873 1675 1029 1729 valde
1073 1679 1286 1744 gratum
1325 1669 1501 1725 habeo
1543 1666 1708 1723 laicos
1751 1664 2072 1736 quandoque
2113 1661 2182 1717 ad

601 1771 939 1842 cvangelicas
964 1767 1261 1822 efﬂoruisse
1291 1762 1692 1833 inquisitiones,
1741 1760 1867 1814 dum
1895 1757 2182 1829 quemdam

2267 657 2526 728 Abyssus,
2550 652 2885 732 immensitas
2912 661 3205 718 aquarum;
3246 645 3491 715 abyssus,
3513 641 3860 713 profunditas

2270 731 2702 818 Scripturarum;
2732 741 3000 814 [abyssus,
3024 735 3312 794 ineffabilia
3325 732 3532 803 judicia
3554 733 3650 788 Dei
3673 731 3858 806 (Psal.

2268 853 2433 904 xxxv,
2465 838 2518 903 7,
2548 846 2596 890 et
2625 834 2778 889 Rom.
2800 849 2878 898 ιιι,
2901 828 3052 903 55)];
3082 829 3331 900 abyssus,
3361 826 3664 896 sapientia;
3701 824 3862 896 abys-

2271 942 2384 992 sus,
2427 925 2592 981 corda
2633 923 2914 979 hominum
2958 918 3260 990 signiﬁcat;
3310 923 3368 971 et
3407 914 3580 970 multa
3625 914 3758 968 talia
3806 914 3859 970 in

2272 1016 2567 1086 Scripturis
2595 1014 2797 1069 sanctis
2825 1012 3194 1076 inveniuntur,
3238 1023 3357 1079 quae
3395 1007 3697 1064 secundum
3725 1021 3888 1076 qua»

2273 1107 2452 1163 litates
2488 1107 2728 1162 locorum
2763 1105 2943 1160 varias
2970 1101 3172 1158 habent
3215 1097 3613 1170 intelligendas.
3667 1096 3862 1153 Sermo

2274 1201 2486 1256 Domini
2513 1199 2762 1255 oculosus
2789 1204 2894 1264 est,
2923 1205 2978 1252 et
3003 1195 3239 1265 undique
3262 1191 3529 1264 perforari
3554 1200 3768 1262 potest,
3807 1199 3864 1248 et

2276 1293 2384 1348 alta
2428 1290 2766 1362 profunditas
2811 1287 3193 1358 mysteriorum
3238 1285 3354 1340 Dei.
3406 1283 3538 1351 Quis
3567 1283 3753 1338 omnia
3779 1297 3864 1338 so-

2277 1393 2426 1440 creta
2467 1383 2676 1438 illorum
2720 1381 3043 1452 investigare
3080 1377 3300 1449 potest?
3347 1376 3514 1448 Igitur
3551 1382 3610 1430 et
3654 1374 3862 1446 gladius

2277 1473 2570 1531 multifarie
2598 1472 2905 1545 signiﬁcare
2930 1470 3164 1526 videtur.
3204 1467 3342 1524 Nam
3369 1477 3425 1523 et
3446 1475 3746 1523 venenatas
3773 1465 3864 1520 Ju-

2279 1567 2517 1622 daeorum
2556 1563 2963 1620 maledictiones
3000 1562 3055 1617 in
3083 1560 3360 1630 Christum
3389 1557 3731 1633 [signiﬁcat],
3773 1557 3862 1613 ubi

2280 1659 2412 1714 dicit
2435 1677 2448 1714 :
2483 1657 2587 1725 Qui
2615 1665 2932 1712 exacuerunt
2960 1665 3016 1709 ut
3043 1654 3276 1725 gladium
3306 1653 3513 1724 linguas
3539 1668 3666 1706 snas
3689 1650 3858 1724 (Psal.

2281 1772 2438 1823 LXIII,
2467 1754 2545 1826 4).
2577 1753 2756 1809 Etiam
2781 1759 2836 1808 et
2862 1759 3095 1807 mortem
3123 1747 3413 1821 signiﬁcat,
3441 1747 3532 1803 ubi
3557 1745 3732 1801 dicit:
3764 1744 3862 1810 Qui

602 1836 781 1917 audivi
815 1862 992 1916 virum
1031 1857 1350 1929 prudentem
1383 1853 1670 1924 aliquando
1702 1851 1880 1908 dicere
1907 1865 1922 1904 :
1962 1849 2185 1904 clerico-
2211 1925 2248 1929 _
2284 1847 2516 1902 liberasti
2536 1845 2708 1900 David
2736 1861 2939 1900 servum
2970 1853 3116 1896 tuum
3144 1842 3208 1896 de
3234 1840 3411 1913 gladio
3437 1836 3860 1929 maligno(Psal.

602 1967 722 2007 rum
766 1966 886 2006 esse
924 1925 1270 2018 Evangelium
1303 1943 1535 2017 [discere
1563 1942 1757 2015 (Edit.,
1787 1936 2136 2010 discernere)]
2161 1979 2177 2004 ,
2211 1925 2259 1987 Β
2283 1955 2471 2005 cxun,
2490 1936 2600 2010 10).
2633 1935 2852 1992 Scilicet
2872 1943 2928 1991 et
2947 1933 3346 1990 tribulationem
3369 1931 3643 2004 passionis
3665 1928 3864 1985 Christi

602 2057 711 2098 non
740 2041 1021 2096 laicorum.
1074 2038 1214 2105 Quid
1253 2037 1320 2091 ad
1362 2035 1519 2091 haec?
1552 2033 1744 2089 Omnia
1771 2044 1970 2104 tempus
1995 2031 2185 2085 habent

603 2131 803 2207 (Eccle.
831 2149 916 2198 ιιι,
959 2131 1034 2203 1),
1083 2139 1137 2185 ct
1179 2144 1320 2199 saepe
1350 2129 1616 2198 posterior
1662 2125 1815 2180 affert
1863 2126 1994 2179 hora
2043 2122 2188 2193 quod

602 2227 751 2299 prior
776 2242 882 2282 non
910 2232 1142 2295 poterat.
1185 2222 1387 2280 Tamen
1423 2226 1524 2280 iste
1554 2222 1742 2285 laicus,
1775 2219 2022 2290 quisquis
2051 2217 2183 2284 fuit,

603 2317 818 2386 sapiens
840 2323 922 2372 est
943 2317 1126 2381 corde,
1150 2316 1250 2370 etsi
1275 2315 1521 2370 manibus
1545 2313 1720 2375 miles,
1746 2311 1932 2381 quales
1952 2317 2188 2364 vestram

605 2407 1057 2477 sapientissimam
1087 2407 1468 2461 auctoritatem
1497 2405 1758 2476 plurimos
1783 2403 1984 2457 habere
2013 2400 2188 2473 [decet

607 2499 800 2571 (Edit.,
829 2499 1055 2570 debet)].
1093 2497 1200 2554 Sed
1227 2499 1294 2553 ad
1322 2498 1726 2568 responsionem
1753 2493 2189 2566 interrogationis

604 2600 880 2647 vertamus
907 2593 1126 2662 stylum,
1157 2592 1223 2646 ad
1249 2589 1686 2646 satisfaciendum
1716 2587 2048 2659 inquisitoris
2075 2585 2191 2641 ani-

604 2700 714 2751 mo,
755 2684 1238 2740 sLtamennostra
1267 2683 1506 2754 parvitas
1535 2690 1647 2736 tam
1681 2680 1944 2753 prmclaro
1975 2677 2189 2750 ingenio

606 2776 921 2832 satisfacere
949 2775 1110 2832 valet.

677 2871 860 2925 Nodus
884 2885 1015 2925 vero
1045 2869 1333 2939 propositae
1362 2867 1692 2938 quaestionis,
1721 2865 1886 2920 veluti
1916 2864 1968 2918 in
1997 2870 2191 2916 vestra:

606 2959 938 3014 excellentia:
986 2959 1182 3013 litteris
1231 2959 1452 3022 inveni,
1516 2956 1823 3026 hujusmodi
1869 2955 2193 3011 constrictus

608 3051 729 3116 fuit,
760 3057 819 3104 ut
848 3050 1037 3105 eadem
1064 3064 1328 3118 ponamus
1352 3049 1516 3103 verba
1545 3063 1665 3117 quae
1693 3047 1749 3100 in
1780 3047 1887 3101 illis
1913 3045 2150 3116 legebam
2175 3063 2188 3098 :

615 3162 634 3195 ι
667 3144 762 3198 Est
803 3144 947 3198 enim
976 3142 1127 3198 locus
1153 3141 1430 3212 Evangelii
1470 3141 1762 3196 secundum
1807 3140 2007 3194 Lucam
2039 3138 2189 3209 (Cap.

605 3250 744 3299 xxu,
765 3233 856 3301 56,
881 3234 971 3299 38,
995 3233 1108 3304 50),
1127 3233 1216 3288 ubi
1245 3233 1504 3288 Dominus
1525 3231 1773 3287 Christus
1798 3231 1863 3284 ad
1885 3230 2194 3300 passionem

607 3334 892 3391 venturus,
943 3325 1182 3380 tunicam
1225 3339 1289 3380 ac
1331 3339 1519 3396 peram
1545 3323 1809 3389 vendere,
1852 3321 2196 3394 gladiumque

609 3431 796 3473 emere
839 3416 1129 3486 discipulos
1169 3414 1350 3484 jussit.
1399 3415 1498 3470 Cui
1539 3429 1662 3470 cum
1691 3429 2010 3485 responsum
2055 3419 2200 3467 esset

607 3505 764 3562 binos
793 3507 867 3562 ibi
893 3522 1017 3562 esse
1047 3507 1270 3578 gladios,
1300 3507 1455 3572 dixit,
1487 3507 1619 3562 satis
1645 3522 1785 3562 esse.
1826 3506 2063 3573 Quorum
2091 3520 2197 3560 uno

607 3596 831 3654 Petrum
869 3599 922 3653 in
965 3598 1294 3654 abscissione
1331 3597 1582 3654 auricola:
1609 3597 1801 3651 Malchi
1845 3613 2000 3650 usum
2031 3595 2199 3650 fuisse

609 3697 902 3761 putamus:
945 3689 1042 3745 Cui
1082 3699 1139 3745 et
1180 3698 1308 3745 tunc
1346 3705 1377 3743 a
1418 3689 1644 3743 Domino
1670 3689 1870 3744 dictum
1899 3695 2021 3743 est:
2056 3687 2197 3742 Con-

612 3793 750 3836 verte
777 3780 1010 3852 gladium
1038 3791 1186 3835 tuum
1222 3781 1278 3834 in
1307 3783 1569 3852 vaginam.
1609 3779 1798 3835 Omnes
1829 3781 1968 3833 enim
1993 3779 2081 3850 qui
2111 3795 2201 3832 ac-

616 3872 842 3942 ceperint
887 3871 1142 3942 gladium,
1182 3871 1359 3941 gladio
1390 3872 1629 3942 peribunt
1659 3869 1873 3942 (Matth.
1905 3885 2054 3935 xxvr,
2083 3867 2197 3939 52).

615 3965 894 4032 Quomodo
923 3966 1025 4020 sibi
1052 3965 1304 4021 convenit
1325 3963 1476 4038 [Cod.
1503 3964 1642 4030 Sal.,
1666 3963 1994 4033 conveniat],
2023 3971 2084 4018 ut
2108 3965 2199 4033 qui

615 4065 742 4112 tunc
765 4058 998 4113 vendere
1029 4058 1297 4124 tunicam,
1340 4073 1521 4112 emere
1561 4057 1796 4129 gladium
1833 4056 2105 4126 jusserat,
2154 4057 2200 4111 is

615 4149 797 4204 statim
829 4150 1154 4219 accipientes
1184 4149 1419 4220 gladium
1447 4149 1624 4219 gladio
1651 4149 1854 4203 diceret
1891 4161 2012 4203 esse
2054 4148 2200 4219 peri-

617 4241 815 4295 turos?
854 4241 914 4297 Si
943 4241 1150 4312 gladius
1177 4251 1251 4296 est
1278 4242 1484 4297 verbum
1514 4242 1609 4296 Dei
1643 4242 1856 4315 (Ephes.
1885 4259 1962 4307 vi,
1991 4242 2102 4314 17),
2148 4250 2203 4296 et

619 4333 876 4388 Dominus
926 4333 1080 4403 181
1131 4333 1346 4402 quando
1392 4333 1629 4404 gladium
1675 4348 1856 4388 emere
1905 4334 2198 4404 prmccpit,

615 4424 840 4477 verbum
862 4422 958 4478 Dei
980 4424 1334 4494 signiﬁcavit;
1368 4425 1638 4496 quomodo
1660 4427 1928 4497 congruit,
1945 4434 2006 4480 ut
2027 4427 2201 4481 omnis

619 4515 710 4583 qui
757 4515 986 4584 accipiat
1012 4515 1236 4570 verbum
1278 4515 1395 4582 Dei,
1427 4516 1593 4570 verbo
1634 4516 1727 4570 Dei
1757 4517 1985 4586 pereat?
2018 4535 2036 4568 ι
2094 4516 2202 4570 Sed

621 4604 795 4658 facilis
819 4612 904 4658 est
930 4603 1147 4672 solutio,
1191 4607 1238 4662 si
1279 4607 1610 4678 singulorum
1638 4608 2012 4662 consideratur
2038 4622 2201 4661 evan-

620 4695 931 4766 gelistarum
959 4695 1084 4750 huic
1107 4695 1228 4753 loco
1253 4699 1682 4766 circumstantia,
1711 4707 1766 4754 et
1791 4699 2018 4754 diversae
2043 4699 2200 4754 intel-

617 4785 854 4859 liguntur
881 4788 1040 4859 gladii
1083 4791 1521 4861 signiﬁcationes.
1572 4791 1691 4846 Non
1733 4793 1878 4848 enim
1923 4792 2201 4864 aequaliter

619 4880 818 4950 ubique
862 4881 1069 4952 gladius
1111 4885 1398 4956 signiﬁcat.
1451 4885 1676 4958 [ltaque,
1719 4888 1858 4943 sicut
1896 4887 2005 4942 Leo
2046 4888 2202 4941 aliter

621 4972 933 5045 signiﬁcat,]
979 4975 1067 5029 ubi
1111 4976 1342 5032 dicitur:
1386 4977 1520 5032 Ecce
1548 4979 1667 5032 vicit
1694 4978 1773 5032 leo
1800 4979 1864 5033 de
1892 4979 2030 5032 tribu
2056 4979 2200 5032 Juda

621 5063 806 5134 (Apoc.
834 5083 888 5131 v,
929 5065 1020 5137 5);
1071 5067 1229 5123 aliter
1270 5069 1360 5124 ubi
1409 5070 1640 5124 dicitur:
1681 5069 1876 5124 Circuit
1911 5072 2060 5140 quasi
2097 5070 2199 5138 leo,

620 5170 858 5224 qmerens
883 5173 1034 5226 quem
1064 5157 1270 5212 devoret
1298 5157 1352 5228 (Ι
1375 5157 1518 5212 Petr.
1542 5175 1597 5224 v,
1619 5159 1695 5230 8).
1728 5159 1818 5213 llle
1846 5159 1930 5213 leo
1955 5159 2203 5216 Christus

619 5253 730 5309 est;
760 5246 882 5311 iste,
911 5247 1156 5302 diabolus
1183 5265 1196 5302 :
1228 5249 1330 5303 etsi
1359 5249 1560 5303 eisdem
1587 5251 1858 5304 scribatur
1880 5252 2075 5308 litteris
2096 5253 2199 5320 leo,

621 5352 728 5390 non
773 5346 954 5392 tamen
997 5339 1199 5395 eisdem
1238 5342 1486 5412 congruit
1521 5343 2019 5413 signiﬁcationibus.
2065 5345 2202 5402 Nam

621 5437 678 5483 ct
718 5431 947 5502 abyssus
991 5432 1045 5486 in
1089 5430 1382 5500 Scripturis
1428 5435 1631 5488 sanctis
1674 5436 1998 5493 multifarias
2040 5437 2206 5494 habet

697 5586 837 5660 {illic
863 5587 982 5642 ﬁnis
1013 5597 1097 5643 est
1115 5588 1354 5660 epistolae
1386 5590 1525 5660 apud
1548 5591 1842 5649 Canisium.

694 5657 722 5696 ι)
751 5656 1375 5737 ςίιᾳνὶεδίηιειιίϐΙιι-ἱδῑο
1401 5656 1704 5737 praeceptor.
1753 5667 1833 5719 Ex
1878 5667 1984 5732 his,
2035 5667 2204 5737 ipsius

625 5724 803 5810 Caroli
835 5729 963 5810 imp.
1019 5724 1775 5810 confessique,"conﬁrmatur
1835 5724 2200 5792 testiinonium

625 5794 940 5880 Eginhardi,
971 5801 1242 5880 narrantis
1266 5800 1518 5880 Carolum
1542 5805 1600 5880 in
1651 5808 1862 5862 caeteris
1902 5809 2200 5878 disciplinis

626 5865 1008 5946 (prseterquam
1067 5869 1123 5946 in
1183 5874 1558 5946 grammatica)
1615 5876 1900 5932 Alcuinum
1947 5865 2203 5933 habuisse

625 5945 1034 6011 przeccptorem.
1059 5938 1174 6007 Quo
1189 5938 1356 5998 etiam
1377 5938 1621 6016 spectant
1634 5964 1823 6005 versus
1843 5951 2202 6022 epigramma-

2285 2028 2571 2101 signiﬁcat,
2600 2027 2689 2082 ubi
2711 2025 2870 2080 dicit:
2894 2025 2964 2079 Et
2992 2033 3136 2078 tuam
3161 2023 3326 2094 ipsius
3349 2023 3580 2077 animam
3600 2027 3864 2091 pertrans-

2284 2123 2377 2176 ibit
2402 2121 2609 2193 gladius
2636 2119 2787 2193 (Luc.
2820 2135 2882 2185 ιι,
2909 2118 3034 2190 55);
3065 2116 3117 2171 id
3151 2124 3264 2184 est,
3296 2115 3573 2170 tribulatio
3597 2113 3864 2185 passionis

2286 2215 2428 2272 illius
2472 2223 2620 2269 tuam
2669 2212 2954 2283 torquebit
2984 2211 3238 2265 animam.
3288 2208 3618 2264 Divisionem
3657 2219 3863 2277 quoque

2287 2309 2585 2382 signiﬁcat,
2632 2309 2722 2363 ubi
2768 2307 2932 2362 dicit:
2967 2305 3091 2361 Non
3138 2306 3251 2360 veni
3298 2304 3500 2358 mittere
3527 2317 3734 2373 pacem,
3781 2298 3862 2354 sed

2286 2401 2518 2472 gladium
2547 2399 2757 2472 (Matth.
2790 2415 2842 2464 ιι,
2873 2397 3010 2469 54),
3056 2397 3110 2452 id
3155 2404 3237 2452 est
3262 2436 3276 2463 ,
3323 2408 3579 2465 separare
3624 2392 3797 2446 bonos
3834 2405 3863 2445 a

2287 2491 2464 2547 malis.
2516 2491 2623 2546 Sed
2650 2489 2748 2562 [et]
2776 2490 3013 2544 vindicta
3060 2489 3221 2560 gladii
3270 2488 3486 2542 nomine
3533 2484 3861 2556 intelligitur,

2287 2584 2378 2639 ubi
2404 2584 2598 2656 legitur
2620 2601 2634 2637 :
2663 2583 2786 2638 Non
2809 2583 2944 2637 enim
2968 2582 3165 2652 frustra
3190 2581 3423 2652 gladium
3448 2587 3660 2650 portat;
3692 2578 3865 2633 vindex

2289 2685 2362 2731 est
2391 2676 2526 2730 enim
2565 2676 2620 2730 in
2657 2691 2742 2730 eos
2777 2676 2865 2746 qui
2895 2683 3178 2745 operantur
3204 2671 3399 2727 malum
3431 2670 3612 2744 (Rom.
3643 2687 3766 2735 xm,
3793 2669 3862 2742 4).

2288 2769 2558 2826 Judicium
2587 2784 2799 2841 quoque
2827 2769 2922 2824 Dei
2952 2767 3114 2840 gladii
3143 2768 3358 2821 nomine
3395 2765 3592 2837 legitur
3618 2764 3863 2836 designa-

2291 2876 2405 2922 tum
2450 2879 2465 2918 :
2516 2861 2813 2917 Inebriatus
2865 2871 2939 2916 est
2986 2862 3041 2915 in
3091 2859 3215 2914 caelo
3262 2859 3468 2931 gladius
3514 2875 3664 2913 meus
3717 2856 3861 2928 (Isai.

2291 2972 2478 3022 xxxrv,
2509 2955 2586 3028 5).
2636 2956 2770 3010 Item
2800 2954 2962 3024 quia,
3009 2952 3284 3008 Exacuunt
3327 2960 3384 3006 ut
3430 2950 3612 3022 fulgur
3639 2951 3864 3022 gladium

2292 3065 2484 3112 meum,
2515 3057 2561 3103 et
2586 3056 2702 3117 aget
2716 3046 2979 3116 judicium
3007 3061 3192 3098 manus
3219 3059 3334 3098 mea
3363 3042 3543 3114 (Deut.
3563 3058 3740 3108 xxxu,
3761 3040 3864 3111 41).

2294 3141 2363 3195 Ει
2384 3139 2538 3210 juxta
2563 3138 2896 3208 Apostolum,
2925 3137 3149 3191 verbum
3175 3136 3270 3190 Dei
3305 3133 3618 3205 intelligitur
3647 3133 3864 3205 gladius.

2368 3231 2474 3288 Sed
2499 3231 2726 3286 forsitan
2753 3229 2840 3286 ille
2865 3228 3055 3294 laicus,
3079 3229 3169 3299 qui
3196 3227 3249 3281 in
3274 3241 3380 3282 uno
3404 3225 3613 3280 solebat
3632 3239 3867 3296 pugnare

2298 3325 2492 3397 gladio,
2524 3338 2688 3378 unam
2721 3337 2844 3378 eum
2871 3321 3097 3393 putabat
3124 3321 3323 3375 habere
3353 3320 3864 3390 interpretationem,

2297 3431 2405 3470 non
2441 3416 2789 3471 considerans
2832 3413 2981 3468 illum
3025 3413 3234 3484 ipsum,
3283 3427 3444 3482 quem
3493 3427 3660 3465 manu
3697 3419 3863 3477 tenet,

2297 3507 2587 3578 ancipitem
2611 3521 2769 3561 esse:
2812 3505 2865 3558 in
2895 3518 3000 3574 quo
3028 3511 3080 3558 et
3112 3503 3328 3558 inimico
3357 3502 3522 3557 vitam
3556 3500 3772 3556 auferre
3795 3499 3866 3554 ni-

2298 3601 2448 3665 titur,
2501 3605 2558 3654 et
2604 3613 2759 3653 suam
2808 3595 3097 3651 defendere
3145 3595 3361 3667 gaudet.
3413 3593 3539 3649 ldeo
3584 3593 3865 3649 secundum

2299 3689 2459 3744 aliam
2506 3688 2955 3759 signiﬁcationem
3001 3687 3055 3741 in
3103 3684 3352 3740 Matthmo
3398 3685 3659 3740 Dominus
3706 3683 3863 3739 dixit:

2301 3781 2491 3838 Omnes
2509 3782 2598 3853 qui
2620 3781 2908 3852 acceperint
2932 3779 3185 3850 gladium,
3208 3778 3385 3850 gladio
3406 3778 3646 3850 peribunt
3665 3776 3862 3850 (lauit.

2297 3891 2447 3940 xxvi,
2472 3873 2585 3946 52).
2639 3872 2800 3928 Juxta
2847 3871 3005 3926 aliam
3032 3887 3162 3927 vero
3191 3871 3245 3926 in
3273 3871 3417 3926 Luca
3442 3887 3456 3925 :
3491 3869 3600 3926 Sed
3628 3887 3766 3924 nunc
3788 3867 3866 3940 qui

2297 3969 2448 4023 habet
2475 3966 2764 4032 sacculum,
2796 3964 2947 4020 tollat
2981 3965 3221 4020 similiter
3246 3973 3292 4020 et
3320 3981 3518 4036 peram.
3560 3963 3630 4017 Et
3659 3964 3749 4034 qui
3777 3977 3867 4016 non

2298 4060 2481 4123 habet,
2527 4058 2713 4114 vendat
2744 4059 2976 4113 tunicam
3015 4074 3165 4111 suam
3185 4067 3255 4111 τι
3296 4067 3431 4110 emat
3461 4054 3697 4126 gladium
3727 4052 3865 4125 (Luc.

2298 4168 2433 4218 xxn,
2459 4151 2573 4221 56).
2622 4150 2729 4206 Istc
2756 4166 2884 4206 vero
2923 4150 3131 4222 gladius
3159 4149 3372 4203 videtur
3399 4147 3449 4203 ei
3477 4145 3765 4218 placuisse,
3792 4142 3868 4198 ille

2299 4245 2480 4314 itaque
2518 4243 2874 4314 displicuisse.
2923 4243 3048 4297 Ideo
3079 4242 3225 4297 illum
3255 4241 3495 4298 converti
3526 4240 3580 4294 in
3607 4240 3866 4312 vaginam,

2298 4335 2460 4391 istum
2487 4336 2590 4390 emi
2621 4335 2897 4405 praecepit.
2950 4333 3159 4389 Idcirco
3189 4332 3493 4404 diligentius
3533 4331 3870 4386 consideran-

2299 4428 2426 4482 dum
2455 4435 2539 4482 est
2567 4427 2694 4497 quid
2721 4435 2948 4496 uterque
2977 4425 3273 4497 signiﬁcet:
3319 4431 3373 4480 et
3400 4423 3538 4478 sacri
3567 4431 3868 4478 sanctorum

2298 4518 2519 4574 Patrum
2545 4496 2852 4590 proferendi
2883 4526 3008 4573 sunt
3034 4496 3344 4583 sensuls,'ne
3371 4516 3499 4584 quid
3523 4522 3712 4570 nostra
3738 4513 3870 4586 [par-

2300 4610 2440 4664 vitas
2467 4607 2597 4681 (ΑΔ,
2635 4607 2921 4682 pravitas)]
2952 4615 3375 4678 praesumptuose
3402 4606 3583 4661 dicere
3609 4605 3864 4660 videatur.

2299 4701 2547 4755 llle'vero
2577 4699 2783 4770 gladius
2822 4699 3116 4754 secundum
3147 4699 3452 4754 Matthceum
3477 4697 3772 4753 vindictam
3799 4697 3868 4751 inc

2292 4793 2562 4863 juriarum
2589 4805 2897 4849 nostrarum
2928 4795 3241 4866 intelligitur
3266 4795 3568 4866 designare,
3598 4810 3760 4865 quam
3786 4792 3864 4862 qui

2300 4888 2631 4957 exsequitur,
2675 4887 2729 4942 in
2773 4887 2884 4944 suis
2922 4887 3195 4958 periturus
3242 4889 3349 4943 erit
3393 4887 3719 4955 sceleribus,
3761 4888 3864 4957 ipsa

2301 4975 2510 5030 dicente
2533 4975 2812 5030 Veritate:
2857 4977 2901 5030 si
2942 4993 3046 5030 non
3093 4977 3395 5031 remiseritis
3429 4978 3727 5031 hominibus
3757 4991 3862 5047 pec-

2299 5079 2418 5123 cata
2439 5086 2556 5134 sua,
2583 5087 2672 5123 nec
2695 5069 2857 5126 Pater
2875 5079 3038 5124 vester
3056 5069 3270 5123 celestis
3291 5070 3509 5124 dimittet
3532 5070 3672 5124 vobis
3692 5068 3863 5122 delicta

2299 5169 2468 5214 vestra
2500 5157 2692 5230 (Marc.
2720 5175 2798 5223 ιιι,
2826 5157 2936 5229 26).
2989 5157 3329 5228 Quapropter
3366 5167 3420 5212 et
3456 5159 3601 5213 hunc
3641 5153 3864 5213 converti

2300 5252 2356 5307 in
2375 5251 2622 5321 vaginam
2649 5250 2828 5304 cordis
2853 5250 3114 5319 praecipit,
3145 5257 3204 5303 ut
3230 5249 3323 5315 ibi,
3340 5248 3494 5318 juxta
3516 5250 3861 5320 evangelicam

2302 5345 2530 5400 duorum
2578 5357 2857 5398 servorum
2906 5343 3217 5413 parabolam
3267 5340 3418 5415 (Luc.
3464 5359 3562 5409 vn,
3612 5344 3676 5397 41
3725 5338 3862 5411 seq.),

2299 5435 2669 5506 unusquisque
2694 5437 2935 5491 remittat
2953 5435 3106 5490 fratri
3135 5452 3232 5491 suo
3258 5437 3323 5491 de
3343 5439 3503 5493 corde
3530 5452 3648 5492 suo.
3680 5437 3745 5491 Et
3761 5436 3864 5490 hzec

2533 5566 2690 5694 (:liqs
2720 5569 2840 5641 199)
2867 5568 3079 5624 Alcuini
3119 5569 3185 5624 ad
3232 5567 3432 5626 fratres
3485 5570 3858 5631 Eboracenses,

2378 5657 2431 5694 ιι
2513 5657 2543 5694 c
2581 5658 2635 5694 Ill
2693 5658 2705 5694 :

2378 5658 2392 5694 1
2416 5657 2490 5694 lla
2513 5657 2662 5694 call".
2693 5658 2705 5694 2

2425 5773 2558 5843 Talia
2587 5789 2795 5837 namque
2822 5761 3201 5843 placent'vestro
3225 5780 3337 5838 quia
3360 5791 3564 5830 munera
3585 5780 3738 5843 Patri,

2431 5837 2523 5895 Qui
2549 5851 2675 5886 nunc
2697 5837 2931 5897 egregias
2955 5840 3204 5898 regalibus
3229 5837 3418 5892 insonat
3441 5849 3574 5892 artes

2427 5900 2655 5961 Auribus,
2675 5906 2726 5952 et
2746 5899 2939 5950 Patrum
2965 5903 3093 5952 ducit
3118 5915 3210 5966 per
3234 5909 3368 5967 prata
3391 5911 3706 5969 sequentem,
3726 5908 3818 5956 etc.
3857 5957 3859 5962 .
