4064 6342
198 343 294 400 ηδ

1657 329 2035 388 EPISTOLJS.

3346 317 3453 374 426

197 460 272 507 cst
298 457 610 506 nostrorum
639 446 964 518 indulgentia
991 445 1329 510 delictorum,
1361 450 1422 498 ut
1449 444 1502 497 in
1527 457 1626 497 nos
1648 456 1775 512 pec-
1804 447 1852 504 Α
1878 447 1980 504 cst,
2003 453 2100 492 cur
2123 434 2419 492 auriculam
2445 433 2673 493 abscidit
2698 432 3052 497 adversantis,
3079 432 3206 486 dum
3232 431 3458 487 verbum

198 541 440 598 cantibus
480 539 836 604 dimittamus,
881 539 994 608 ipsa
1033 543 1323 591 attestante
1352 535 1629 590 Veritate:
1672 533 1772 586 Di-

197 630 378 685 mittite
406 637 455 682 et
484 628 774 681 dimittetur
799 626 938 681 vobis
966 625 1118 697 (Luc.
1145 638 1220 689 vn,
1251 622 1363 694 57).

260 723 373 778 Sed
401 722 680 776 videamus
717 721 846 790 quid
886 719 973 773 ille
1018 717 1314 772 secundum
1344 715 1502 769 Luca:
1528 714 1775 783 Evange—

196 817 321 871 lium
348 814 558 886 gladius
587 812 894 883 signiﬁcare
923 811 1114 881 possit,
1138 809 1204 862 de
1234 819 1340 877 quo
1369 807 1530 860 totius
1555 805 1780 874 inquisi-

197 907 355 960 tionis
383 904 661 960 oriebatur
679 904 870 958 series.
906 901 999 955 Ille
1023 909 1108 954 est
1130 899 1386 952 nimirum
1407 896 1628 950 verbum
1660 895 1776 960 Dei,

197 1010 357 1065 quem
383 994 616 1049 venditis
643 993 892 1047 omnibus
933 988 1206 1044 szecularis
1235 987 1356 1040 vita:
1385 985 1782 1055 impedimentis

197 1085 350 1141 nobis
379 1099 562 1140 emere
589 1097 812 1137 necesse
840 1089 954 1147 est,
995 1088 1051 1134 et
1090 1077 1318 1132 viriliter
1344 1075 1397 1128 in
1426 1089 1492 1128 eo
1541 1087 1781 1144 pugnare

195 1184 386 1233 contra
414 1190 601 1229 omnes
630 1174 833 1242 antiqui
871 1171 1139 1241 serpentis
1168 1167 1410 1222 insidias.
1460 1165 1632 1232 Quem
1670 1164 1782 1235 gla-

194 1264 343 1319 dium
371 1263 623 1318 Salvator
647 1270 832 1317 noster
854 1276 978 1315 cum
1009 1259 1282 1328 triumpho
1305 1255 1488 1327 gloria:
1508 1254 1578 1308 ad
1601 1263 1784 1322 pater-

196 1373 324 1412 nam
371 1357 584 1412 rediens
621 1356 805 1410 sedem
829 1395 844 1420 ,
893 1351 1168 1422 discipulis
1209 1349 1322 1403 suis
1365 1347 1513 1402 dedit
1555 1346 1777 1401 dicens:

195 1448 309 1513 Ite,
359 1449 539 1502 docete
585 1463 763 1500 omnes
811 1454 985 1516 gentes
1034 1442 1250 1514 (Matth.
1282 1455 1472 1502 xxviii,
1509 1437 1615 1509 l9).
1667 1437 1782 1492 Non

191 1541 363 1611 igitur
400 1538 468 1593 ad
512 1537 671 1606 hujus
715 1536 876 1609 gladii
927 1536 1112 1597 ictum,
1159 1532 1300 1585 sicut
1341 1527 1786 1582 extraordinaria:

191 1629 360 1700 hujus
408 1629 698 1698 inquisitor
737 1624 1047 1696 qumstionis
1091 1620 1476 1683 arbitrabatur,
1527 1617 1786 1672 Dominus

189 1721 513 1792 respondit:
545 1719 794 1776 Converte
819 1717 1056 1789 gladium
1096 1715 1152 1768 in
1185 1715 1426 1784 vaginam
1469 1732 1643 1778 suam,
1690 1711 1785 1768 sed

1875 530 1970 584 Dei
2014 546 2080 585 ex
2128 531 2312 584 auditu
2351 530 2418 584 ad
2459 537 2670 583 secreta
2709 527 2888 582 cordis
2931 524 3127 580 cubilia
3173 524 3460 595 pervenire

1877 621 2051 687 solet;
2097 631 2158 676 ut
2198 622 2269 675 ibi
2312 621 2436 676 ﬁdei
2472 619 2707 677 fructum
2734 618 3052 682 centesimo,
3099 615 3460 686 sexagesimo,

1877 712 1962 766 vel
1992 712 2264 766 tricesimo
2293 710 2432 766 {erat
2455 709 2648 765 eﬂ‘ectu
2675 709 2890 782 (Matth.
2909 725 3029 772 xm,
3047 707 3139 780 8)?
3168 705 3308 773 Quid
3333 705 3462 771 ista,

1879 803 2145 869 obsecro,
2193 801 2462 872 signiﬁcat
2510 802 2808 867 abscissio,
2860 800 2962 856 nisi
3004 808 3066 854 ut
3111 797 3466 872 [inﬁdelitatis

1883 898 2077 969 (Edit.,
2108 896 2470 968 infoeditatisﬂ
2500 896 2745 950 auricula
2775 895 3144 958 abscindatur,
3188 901 3246 947 ut
3273 891 3467 948 divina:

1883 1000 2026 1046 tactu
2057 993 2243 1062 gratiae
2270 1007 2408 1045 nova
2436 999 2674 1054 sanetur,
2706 999 2761 1044 et
2785 990 2982 1044 veteris
3012 989 3246 1043 hominis
3274 1003 3468 1057 exspo-

1880 1082 2030 1136 liatio
2055 1084 2109 1136 in
2139 1098 2288 1136 novre
2312 1081 2712 1136 reformationis
2738 1089 2980 1136 transeat
3005 1080 3271 1164 gloriam?
3314 1078 3472 1135 Unde

1880 1181 1936 1228 et
1961 1173 2060 1226 iste
2083 1187 2272 1226 servus
2296 1171 2535 1225 Malchus
2557 1171 2854 1226 dicebatur.
2884 1171 3122 1226 Malchus
3147 1171 3200 1224 in
3222 1168 3468 1224 Latinam

1882 1266 2120 1336 linguam
2149 1266 2379 1320 vertitur
2417 1279 2512 1318 rex
2550 1263 2633 1318 vel
2663 1272 3005 1334 regnaturus.
3054 1263 3334 1329 Quomodo
3376 1277 3469 1316 rex

1884 1363 1939 1409 et
1968 1369 2180 1418 servus,
2223 1353 2328 1408 nisi
2367 1354 2495 1423 quia
2536 1352 2590 1407 in
2617 1361 2800 1408 vetere
2838 1354 3056 1408 homine
3095 1355 3236 1408 servi
3275 1352 3476 1422 fuimus

1883 1447 2124 1517 peccati;
2178 1446 2232 1500 in
2279 1461 2418 1500 novo
2448 1445 2630 1514 itaque
2660 1445 2872 1503 Domini
2903 1444 2997 1502 Dei
3043 1443 3244 1515 [sanati
3272 1443 3474 1516 (Edit.,

1886 1535 2108 1608 sancti)]
2135 1535 2310 1605 gratia
2330 1575 2345 1599 ,
2376 1550 2532 1605 reges
2559 1543 2614 1590 et
2644 1534 2919 1604 reguaturi
2943 1534 3149 1589 erimus
3175 1550 3299 1589 cum
3320 1533 3480 1590 Chri-

1886 1637 1970 1684 sto
1991 1629 2012 1682 ?
2042 1628 2182 1694 Quid
2207 1636 2292 1683 est
2311 1629 2456 1698 quod
2478 1629 2592 1698 ipse
2612 1628 2874 1683 Dominus
2894 1637 3297 1698 persecutorem
3319 1643 3480 1684 suum

1888 1723 2142 1787 sanavit,
2192 1723 2296 1776 nisi
2347 1723 2492 1792 quod
2540 1723 2718 1778 omnis
2761 1724 3085 1793 prtedicator
3131 1726 3184 1780 in
3234 1723 3481 1780 Ecclesia

187 1817 261 1873 ad
316 1815 461 1872 illius
505 1816 597 1884 qui
644 1815 698 1868 in
747 1812 999 1866 Matthaeo
1025 1810 1236 1881 legitur.
1287 1809 1369 1864 Ad
1397 1811 1552 1866 istius
1579 1809 1786 1882 [itaque
1818 1824 1862 1884 Β
1890 1813 2090 1869 Christi
2122 1829 2223 1868 nec
2253 1828 2381 1868 suos
2409 1814 2574 1868 verbo
2617 1815 2835 1884 pietatis
2873 1830 3070 1870 sanare
3107 1814 3361 1869 inimicos
3387 1814 3482 1869 dc—

189 1907 332 1980 (ΑΙ.,
359 1905 565 1978 atque“
588 1905 748 1960 dixit:
777 1903 946 1958 Sinite
965 1919 1126 1972 usque
1143 1903 1244 1956 huc
1263 1900 1416 1972 [Cod.
1432 1901 1567 1965 Sal.,
1591 1899 1786 1972 adhuc}

188 1998 353 2069 (Luc.
371 2012 540 2061 .xxui,
569 1994 678 2064 5i).
734 1994 1010 2061 Quatenus
1048 2000 1276 2061 uterque
1319 2007 1472 2046 suam
1515 1991 1792 2061 propriam

186 2088 404 2143 habere
431 2086 694 2162 potuisset
729 2084 1198 2155 signiﬁcationem.
1246 2083 1384 2137 Nam
1420 2082 1702 2152 aliquoties
1738 2082 1792 2135 in

1891 1907 2088 1962 sistat?
2116 1905 2269 1961 Unde
2288 1914 2343 1960 et
2362 1907 2475 1976 ipse
2493 1906 2754 1961 Dominus
2789 1915 3030 1976 tempore
3054 1906 3323 1976 passionis
3350 1920 3482 1970 suae,

1891 2013 2059 2068 opera
2085 1997 2252 2052 etiam
2285 1997 2338 2051 in
2369 2012 2494 2052 suos
2519 2005 2898 2068 persecutores
2938 2011 3045 2050 non
3073 1997 3314 2051 deseruit
3340 1996 3486 2050 sani-

1895 2087 2044 2141 tatis.
2079 2086 2158 2140 Ac
2188 2086 2308 2141 ideo
2337 2085 2565 2141 forsitan
2593 2087 2888 2157 permissus
2918 2094 3003 2139 est
3031 2084 3272 2139 Malclius
3299 2083 3487 2139 vulne-

185 2194 307 2234 uno
349 2178 494 2233 facto
533 2177 760 2231 aliorum
794 2177 953 2246 182
998 2174 1144 2230 salus
1187 2182 1241 2230 et
1288 2175 1517 2228 aliorum
1564 2173 1794 2243 perditio
1896 2176 2028 2238 rari,
2060 2182 2119 2228 ut
2142 2174 2286 2229 Petri
2309 2176 2688 2229 ostenderetur
2711 2173 3020 2230 constantia
3045 2182 3104 2228 et
3125 2173 3338 2227 Domini
3372 2172 3485 2227 cla-

184 2267 503 2342 [provenit;
536 2267 646 2331 AL,
666 2264 956 2336 pervenit].
1001 2265 1074 2319 Ut
1100 2265 1154 2318 in
1186 2272 1297 2318 tota
1317 2264 1518 2318 Christi
1545 2264 1796 2332 passione
1898 2273 2136 2320 rescerct
2148 2251 2415 2334 pietas,let
2435 2266 2588 2320 nobis
2608 2265 2677 2318 ad
2697 2280 2886 2318 omnes
2909 2263 3035 2317 boni
3063 2264 3244 2333 operis
3264 2263 3488 2318 daretur

181 2355 515 2412 Iudaeorum
545 2366 630 2412 est
656 2354 907 2424 ρει·ὀίιὶον
954 2361 1141 2406 nostra
1183 2360 1367 2406 autem
1399 2351 1590 2405 salus:
1631 2352 1706 2405 ita
1744 2356 1801 2404 el-
1898 2356 2236 2426 exemplnm,
2280 2365 2549 2428 quatenus
2588 2355 2778 2411 salutis
2805 2365 3020 2410 :eterine
3065 2354 3487 2425 [medicamenta

179 2446 412 2502 factum
441 2444 750 2513 aPOSlOlifXB
775 2443 1016 2496 audacia?
1047 2443 1199 2511 juxta
1231 2441 1500 2510 allegoria:
1529 2439 1797 2494 subtilila-
1903 2445 2101 2517 (Edit.,
2123 2446 2364 2518 munus)]
2395 2448 2558 2502 etiam
2586 2447 2821 2501 inimicis
2849 2454 3236 2517 prmstaremus
3262 2447 3486 2504 nostris.

177 2543 313 2590 tem
339 2533 625 2602 dupliciter
643 2547 708 2587 ex
733 2533 902 2602 ipsius
922 2531 1134 2586 Domini
1155 2531 1334 2585 verbis
1361 2530 1582 2601 intelligi
1603 2538 1797 2601 potest.
1972 2535 2081 2590 Cur
2117 2536 2222 2591 duo
2257 2535 2420 2607 gladii
2461 2537 2516 2591 in
2556 2535 2834 2591 Dominica
2866 2535 3263 2606 [tantummodo
3290 2534 3490 2607 (Edit.,

180 2625 533 2693 Quaeratquc
563 2623 670 2688 ille,
711 2623 958 2692 quisquis
985 2630 1090 2688 est,
1127 2637 1226 2676 cur
1251 2623 1305 2676 in
1335 2621 1442 2676 alio
1468 2621 1801 2691 evangelista
1901 2626 2289 2698 postmodum”
2322 2627 2570 2697 passione
2599 2626 2800 2681 inventi
2830 2634 2976 2691 sunt,
2998 2633 3054 2680 et
3075 2627 3127 2680 in
3150 2641 3258 2681 uno
3283 2636 3492 2697 aposto-

183 2716 470 2773 Dominus
497 2715 815 2785 prtecipcret
841 2715 1048 2784 virgam
1076 2714 1421 2783 portandum,
1450 2713 1504 2767 in
1531 2713 1640 2767 alio
1668 2729 1804 2782 prae-
1903 2716 2008 2771 lica
2035 2718 2294 2788 pugnavit
2321 2718 2550 2782 ﬁducia;
2597 2717 2761 2772 alium
2792 2717 3000 2788 vagina:
3037 2726 3344 2790 exemptum
3385 2735 3494 2773 non

185 2809 416 2878 ciperet
457 2820 564 2859 non
605 2805 969 2874 portandam:
1019 2812 1075 2858 et
1120 2811 1249 2858 tunc
1293 2803 1594 2872 intelligat,
1639 2802 1796 2873 gladii

1903 2809 2170 2880 legimus?
2216 2812 2450 2866 diximus
2492 2810 2628 2865 duos
2671 2809 2880 2880 gladios
2908 2823 3108 2880 corpus
3153 2818 3212 2865 et
3252 2811 3494 2866 animam

187 2897 460 2952 diversas
487 2910 607 2949 esse
634 2893 1076 2964 signiﬁcationes.
1904 2899 2210 2968 signiﬁcare
2236 2917 2247 2951 :
2295 2915 2416 2968 qua:
2459 2899 2619 2952 ambo
2646 2914 2746 2968 per
2771 2913 2938 2952 unam
2969 2898 3130 2953 ﬁdem
3155 2900 3371 2970 operari
3402 2900 3494 2956 de-

265 2986 393 3041 Sed
421 2985 870 3041 considerandum
900 2992 1013 3047 est,
1045 2989 1340 3038 secundum
1363 2994 1557 3037 vestrae
1585 2982 1802 3052 sapien-
1903 2985 2052 3053 bent,
2091 2996 2152 3042 ut
2184 2987 2340 3052 ﬁdes,
2367 3004 2486 3057 quae
2517 2988 2569 3042 in
2602 2989 2781 3044 anima
2811 2988 2962 3053 latet,
2997 2988 3144 3044 foras
3173 3006 3270 3060 per
3295 3005 3495 3061 corpus

189 3081 287 3136 tia:
344 3077 654 3134 venerabile
697 3085 1059 3147 praaceptum,
1100 3094 1120 3126 ‹
1160 3075 1290 3145 quid
1333 3075 1602 3146 signiﬁcet
1643 3072 1804 3142 hujus
1905 3077 2226 3133 ostendatur
2254 3079 2307 3134 in
2335 3093 2518 3149 opere.
2567 3079 2653 3133 Ea;
2682 3079 3008 3133 abundantia
3035 3079 3210 3134 cordis
3237 3095 3294 3134 os
3320 3079 3494 3150 loqui-

193 3174 474 3248 [emptio;
505 3173 695 3244 (Edit.,
725 3171 1040 3243 exemptio)]
1089 3171 1268 3241 gladii,
1313 3170 1442 3238 quid
1489 3168 1766 3223 sacculum
1787 3206 1802 3233 ,
1832 3170 1880 3236 ο
1909 3179 1996 3222 tur
2021 3163 2235 3240 (Matth.
2262 3187 2361 3234 xu,
2389 3170 2502 3242 '54).
2556 3170 2709 3227 Unde
2754 3179 2811 3224 et
2856 3169 3102 3240 discipuli
3142 3170 3282 3225 dona
3318 3169 3497 3224 sancti

194 3265 345 3334 quid
372 3278 526 3333 pera,
554 3262 683 3331 quid
712 3261 914 3325 tunica,
944 3275 1043 3314 cur
1068 3267 1344 3338 postremo
1374 3257 1428 3311 in
1457 3256 1667 3311 duobus
1692 3257 1806 3326 gla-
1909 3260 2142 3332 Spiritus
2173 3262 2228 3316 in
2264 3262 2436 3332 igneis
2463 3263 2660 3334 linguis
2687 3262 3016 3332 accipientes
3055 3261 3202 3332 loqui
3243 3261 3498 3316 dicuntur

197 3357 309 3412 diis
339 3355 478 3409 satis
498 3369 618 3408 esse
639 3352 928 3407 dicatur?»
965 3350 1040 3404 De
1062 3349 1414 3404 conversione
1438 3348 1620 3414 itaque
1643 3345 1806 3416 gladii
1906 3353 2176 3425 ηιαρηαιία
2213 3353 2312 3409 De;
2341 3354 2479 3426 (Αει,
2519 3371 2582 3420 ιι,
2625 3353 2735 3425 Μ),
2790 3353 2927 3420 Quia
2972 3353 3065 3408 ubi
3113 3352 3355 3408 Charitas
3399 3367 3498 3422 per

195 3449 256 3504 in
284 3448 551 3518 vaginam
580 3460 733 3500 suam
759 3452 816 3500 et
839 3444 906 3498 de
933 3443 1174 3513 periculo
1202 3441 1536 3511 accipientis,
1563 3439 1681 3494 loco
1706 3452 1796 3492 suo

1907 3448 2110 3503 donum
2137 3448 2313 3502 sancti
2345 3447 2578 3518 Spiritus
2612 3448 2759 3501 intus
2787 3447 3025 3502 ardescit
3051 3446 3105 3500 in
3134 3445 3338 3509 animo,
3371 3459 3497 3500 mox

197 3542 476 3596 dilimus-
531 3537 744 3606 Εῐηβιίο
783 3535 1049 3605 Siquidem
1095 3533 1253 3604 huius
1295 3532 1457 3604 gladii
1499 3538 1585 3586 εει
1625 3529 1806 3584 εωθυίί
1907 3538 2055 3595 foras
2085 3541 2140 3594 in
2166 3540 2332 3595 verbo
2358 3540 2608 3594 clarescit
2642 3539 3060 3609 praedicationis.
3106 3535 3340 3593 Possunt
3365 3551 3498 3607 quo-

198 3629 581 3692 renuntiatio,
625 3627 692 3680 de
730 3641 836 3696 qua
876 3626 992 3695 ipse
1032 3625 1290 3679 Dominus
1330 3623 1505 3677 dixit:
1555 3621 1659 3687 Qui
1701 3637 1796 3675 non

1907 3647 2012 3701 que
2059 3647 2165 3688 non
2214 3633 2658 3688 inconvenienter
2686 3631 2792 3686 duo
2837 3630 3036 3701 gladii,
3087 3627 3222 3684 ﬁdes
3266 3636 3322 3684 et
3364 3643 3501 3700 opus

1909 3726 2130 3797 intelligi
2157 3745 2170 3780 :
2202 3727 2290 3782 illa
2323 3728 2376 3781 in
2405 3727 2566 3782 wrde
2591 3727 2783 3790 latens,
2813 3723 2958 3779 istud
2987 3725 3040 3778 in
3067 3722 3210 3779 facto
3240 3726 3292 3778 in
3321 3723 3498 3794 palam

1910 3819 2226 3890 procedens.
2294 3819 2362 3872 Et
2409 3818 2717 3889 diligentius
2767 3815 3132 3871 consideranti
3181 3831 3282 3884 par
3327 3815 3498 3882 priori

1911 3911 2289 3982 signiﬁcationi
2313 3911 2430 3965 lich
2451 3897 2663 3979 quoque
2686 3908 2976 3970 invenitur,
2996 3908 3125 3974 quia
3149 3906 3282 3959 ﬁdes
3303 3905 3500 3960 anima:

1911 4009 2024 4066 est,
2066 4017 2202 4070 opus
2229 4017 2358 4055 vero
2397 4000 2660 4069 corporis.
2717 3998 2869 4052 Unde
2913 4005 2969 4050 et
3011 3996 3383 4064 unusquisque
3429 3997 3500 4050 ad

201 3717 595 3773 renuntiaverit
625 3715 865 3770 omnibus
891 3730 1008 3785 quae
1037 3713 1286 3784 possidet,
1325 3730 1428 3766 non
1460 3721 1626 3784 potest
1660 3727 1806 3766 meus

198 3827 317 3865 esse
369 3806 658 3878 discipulus
702 3805 853 3877 (Luc.
902 3821 1013 3869 xw,
1060 3805 1170 3877 53).
1228 3803 1341 3859 Hoc
1387 3811 1511 3859 est:
1566 3803 1809 3858 avaritia:

198 3910 463 3958 sectator
499 3915 622 3954 non,
644 3906 822 3970 potest
846 3898 1090 3952 veritatis
1129 3912 1251 3952 esse
1289 3898 1630 3968 praedicator,
1681 3896 1808 3966 quia

200 3994 366 4064 quod
395 4007 494 4046 ore
520 3991 797 4062 praedicat,
833 4004 994 4059 opere
1020 3989 1266 4043 destruit.
1314 3990 1481 4060 Igitur
1510 3990 1563 4044 in
1592 3988 1810 4043 sacculo

201 4085 435 4141 occulta
467 4083 774 4138 divitiarum
802 4081 1103 4136 substantia
1128 4095 1142 4134 :
1174 4081 1225 4134 in
1256 4096 1405 4151 pera,
1431 4081 1645 4150 publica
1671 4081 1796 4135 desi-

1911 4092 2094 4147 cordis
2125 4094 2208 4146 sui
2236 4090 2536 4161 penetralia
2575 4089 2772 4158 dirigat
2809 4087 3160 4141 intentionem
3181 4124 3196 4150 ,
3239 4093 3296 4139 et
3321 4085 3505 4141 videat

201 4177 372 4248 gnari
421 4181 620 4246 potest.
672 4174 729 4228 In
777 4173 956 4227 tunica
1002 4171 1238 4226 carnalis
1279 4170 1564 4226 delectatio
1592 4171 1814 4225 demon-
1849 4183 1853 4186 '
1913 4185 1968 4239 ίη
1999 4199 2084 4249 eo,
2114 4192 2375 4253 quantum
2401 4182 2586 4252 diligat
2624 4180 2822 4244 Deum,
2869 4186 2925 4234 οι
2962 4177 3212 4233 eamdem
3241 4176 3338 4232 Dei
3364 4175 3502 4232 (me.

202 4273 453 4320 strator.
503 4262 632 4329 Qua:
660 4263 840 4317 omnia
872 4260 1113 4315 funditus
1141 4261 1448 4325 vendenda,
1484 4262 1536 4316 id
1565 4269 1651 4316 est
1679 4258 1814 4328 abji-
1916 4274 2150 4329 οιεοηρηι
2186 4271 2426 4344 profer“
2467 4273 2520 4327 in
2561 4287 2714 4341 opus.
2767 4271 2836 4324 Ει
2861 4269 3096 4323 maxime
3118 4268 3504 4339 pmdicamm

200 4357 414 4412 εῖθῐιάδ
449 4362 594 4418 ειωῑν
624 4361 685 4408 ιη
712 4354 902 4424 (“Emis
932 4349 1031 4424 [ίη]
1064 4351 1241 4423 gladio
1266 4351 1415 4406 verbi
1445 4352 1539 4406 θεῖ
1577 4358 1816 4406 εθοῐίιῐοτ
1917 4363 2174 4418 Ecclesiae
2200 4363 2399 4419 Christi
2430 4363 2753 4418 charitatem
2780 4360 3155 4431 Redemptoris
3194 4359 3365 4415 nostri
3405 4373 3505 4432 per

201 4446 426 4502 Christi
483 4442 747 4501 emCiaml‘
794 4444 969 4500 miles.
1035 4444 1190 4511 Ωυοίί
1237 4446 1418 4499 autem
1464 4443 1708 4513 (Ῐίεοῖρυιί
1760 4441 1815 4498 id
1917 4455 2082 4512 verba
2108 4453 2304 4510 sedulae
2331 4455 2727 4525 praedicationis
2763 4452 2974 4524 populis
2999 4451 3306 4507 Ostendam.
3343 4448 3502 4520 183

205 4539 524 4594 dixerunt:
558 4536 694 4591 Ecce
721 4537 825 4590 duo
856 4536 1020 4607 gladii
1058 4537 1141 4588 hic
1181 4544 1323 4601 sunt,
1351 4541 1406 4590 et
1434 4534 1691 4590 Dominus
1727 4550 1796 4589 re-

1919 4545 2280 4602 Sintlucernaa
2297 4546 2534 4600 ardentes
2565 4545 2718 4617 (Luc.
2743 4561 2845 4610 xu,
2870 4544 2961 4615 55)
2987 4543 3042 4597 in
3069 4544 3229 4598 domo
3253 4541 3502 4597 Domini:

203 4629 483 4700 spondit:
516 4628 644 4681 satis
673 4637 786 4692 est;
829 4627 935 4681 duo
961 4624 1122 4698 gladii
1153 4633 1279 4680 sunt
1314 4642 1511 4697 corpus
1533 4635 1589 4682 et
1614 4626 1791 4680 anima

1922 4639 2030 4694 sint
2058 4636 2305 4693 civitates
2331 4636 2501 4691 ﬁrmae
2529 4637 2581 4690 in
2611 4635 2881 4690 montibus
2901 4634 3164 4686 virtutum
3185 4633 3427 4697 consitae,
3451 4639 3508 4688 ct

202 4721 261 4775 in
306 4719 520 4790 quibus
562 4719 932 4789 unusquisque
960 4719 1254 4775 secundum
1282 4719 1382 4773 sibi
1428 4734 1458 4772 a
1499 4719 1608 4773 Deo
1637 4720 1820 4774 datam
1923 4735 2112 4782 contra
2135 4740 2324 4780 omnes
2347 4725 2568 4779 insidias
2586 4722 2798 4778 hostilis
2819 4722 3087 4775 exercitus
3109 4721 3504 4775 munitissimae.

201 4814 465 4885 gratiam
511 4811 566 4865 in
610 4811 821 4865 Domini
846 4811 942 4864 Dei
968 4811 1251 4881 voluntate
1270 4809 1501 4880 prmliari
1531 4809 1708 4865 debet.
1754 4809 1823 4863 Et
1925 4817 2047 4872 Sim
2090 4824 2334 4885 pastores
2381 4814 2624 4884 providi,
2671 4827 2889 4882 gregem
2934 4809 3134 4864 Christi
3182 4825 3281 4878 per
3308 4825 3510 4879 pascua

203 4907 360 4959 satis
390 4904 500 4960 erit
517 4903 779 4957 voluntati
810 4903 927 4968 Dei,
952 4902 997 4958 si
1019 4917 1243 4972 corpore
1267 4911 1323 4956 et
1345 4902 1526 4956 animo
1555 4900 1694 4956 illius
1722 4902 1822 4956 im-
1923 4910 2048 4964 vim
2075 4916 2291 4962 aciei-me
2319 4908 2598 4969 ducentes,
2640 4912 2906 4973 quatenus
2934 4917 3057 4956 cum
3084 4900 3366 4971 multiplici
3392 4901 3510 4954 ani-

199 4998 521 5068 plebuntur
545 5001 834 5066 praecepta.

1925 5019 2138 5060 marum
2187 5001 2362 5069 fructu
2416 4999 2610 5070 gaudia
2661 4997 2870 5052 Domini
2919 4995 3013 5050 Dei
3065 4995 3148 5049 sui
3197 5000 3511 5047 mereantur

1925 5093 2154 5164 ingredi.
2189 5091 2321 5163 [llos
2349 5099 2442 5144 tua
2473 5078 2668 5161 (Edit.,
2695 5089 2893 5152 hostia,
2925 5084 3212 5157 mendose)]
3240 5082 3506 5140 excellen—

1926 5186 2137 5240 tissima
2164 5184 2396 5254 dignitas
2440 5191 2495 5237 et
2538 5182 2879 5237 sanctissima
2922 5181 2976 5234 in
3012 5178 3212 5234 Christi
3244 5177 3511 5231 charitatc

1927 5275 2176 5330 voluntas
2205 5288 2418 5342 semper
2443 5273 2766 5336 admoneat,
2809 5273 2916 5326 imo
2944 5269 3278 5324 suavissimis
3307 5267 3508 5322 exhor—

1930 5367 2222 5422 tationibus
2252 5367 2318 5420 ad
2344 5365 2742 5436 praedicationis
2767 5363 3007 5433 impellat
3029 5360 3222 5425 ofﬁcia,
3247 5369 3513 5428 quatenus

1937 5462 1988 5515 in
2016 5460 2102 5515 die
2131 5473 2326 5529 magno
2353 5457 2563 5512 Domini
2603 5457 2774 5511 nostri
2812 5454 2937 5509 Jesu
2963 5453 3162 5508 Christi
3196 5461 3259 5507 tu
3299 5464 3515 5521 quoque

1938 5551 2222 5607 amabilem
2252 5548 2513 5605 mercaris
2551 5548 2737 5602 audire
2774 5545 3133 5601 sententiam:
3174 5542 3342 5612 Euge,
3371 5558 3514 5595 serve

284 5110 412 5165 Sed
459 5117 515 5164 et
553 5110 670 5164 haec
697 5105 974 5179 proposita
1012 5105 1239 5177 qumstio
1283 5105 1510 5176 alteram
1555 5105 1819 5170 advocat,

202 5203 354 5269 quia
390 5201 612 5270 abyssus
642 5200 884 5270 abyssum
913 5201 1116 5253 invocat
1149 5196 1318 5268 (Psal.
1343 5213 1453 5261 xu,
1481 5196 1557 5266 8).
1602 5196 1670 5250 Et
1697 5196 1821 5249 dum

201 5293 460 5367 [nodum
493 5292 687 5362 (Edit.,
719 5290 984 5364 modum)]
1015 5289 1204 5344 validae
1250 5289 1633 5359 complexionis
1677 5287 1823 5342 solu-

198 5396 335 5440 tum
373 5383 642 5439 aastimavi
661 5424 674 5448 ,
712 5398 839 5438 ecce
867 5381 1122 5454 [alterum
1151 5396 1217 5436 ex
1247 5379 1416 5434 latere
1445 5378 1670 5434 occultae
1697 5392 1827 5432 con-

196 5475 535 5536 strictionis
596 5473 799 5546 (Edit.,
850 5474 902 5526 in
951 5471 1178 5526 alteram
1226 5486 1292 5524 ex
1341 5469 1510 5524 latere
1557 5468 1827 5523 occultam

196 5564 726 5637 constructionis)]
780 5563 980 5619 ollendi
1009 5603 1024 5628 ,
1076 5577 1237 5631 quem
1285 5575 1392 5615 non
1442 5559 1582 5614 laico
1628 5559 1828 5629 prioris

200 5658 607 5731 inquisitionis
642 5634 869 5719 auctori,
903 5655 995 5709 sed
1025 5662 1213 5708 vestrm
1242 5652 1560 5707 venerandae
1586 5650 1829 5720 dignitati
1942 5646 2069 5700 bone
2103 5653 2149 5696 et
2181 5641 2376 5711 ﬁdelis,
2415 5641 2539 5710 quia
2577 5656 2731 5709 super
2755 5654 2924 5708 pauca
2956 5636 3102 5706 fuisti
3131 5634 3320 5704 ﬁdelis,
3354 5649 3516 5704 supra

202 5722 536 5807 exsolvam.
595 5746 651 5801 Si
692 5746 900 5815 gladius
933 5745 1057 5807 iste,
1104 5751 1164 5798 ut
1201 5743 1456 5806 diximus,
1485 5740 1710 5796 verbum
1739 5739 1834 5793 Dei
1941 5733 2107 5788 multa
2136 5743 2183 5786 te
2213 5734 2543 5796 constituant,
2594 5731 2733 5782 intra
2783 5729 2835 5781 in
2885 5726 3132 5796 gaudium
3181 5724 3391 5777 Domini
3438 5722 3516 5777 tui

653 5844 929 5901 Parnm.
983 5839 1052 5899 C.
1575 5921 1578 5924 ἢ

3050 5817 3120 5876 lit
