4064 6342
573 370 678 424 H7
695 379 698 382 ’

577 485 790 558 (Matth.
821 495 950 546 xxv,
977 476 1089 549 21).

576 540 661 637 vel
690 574 899 635 clericis
924 540 1247 625 audiendum
1272 561 1344 616 ibi
1366 554 1664 613 arbitreris,
1689 549 1785 604 sed
1808 546 1972 601 etiam
1993 540 2148 594 bonis

575 632 729 727 laicis
769 675 825 722 et
857 665 997 722 bene
1035 660 1088 714 in
1132 668 1294 727 opere
1330 649 1425 704 Dei
1460 640 1831 699 laborantibus
1867 632 2149 691 dicendum

576 854 667 910 siti
709 857 838 907 sunt
877 842 1058 900 saeculi
1100 832 1484 907 dignitatibus,
1535 839 1766 896 quorum
1812 815 2152 875 conversatio

574 907 717 1002 bona
745 953 801 999 et
821 941 944 995 vitae
972 932 1230 990 sanctitas
1257 935 1312 980 et
1338 919 1694 978 admonitoria
1725 924 1940 970 aeterna:
1964 907 2151 965 salutis

572 1000 763 1099 verba,
805 1030 917 1086 suis
953 1021 1208 1091 subjectis
1248 1012 1558 1089 praedicatio
1593 1007 1793 1081 poterit
1827 1017 1966 1059 esse.
2016 1000 2152 1099 Nam

572 1123 946 1194 unusquisque
981 1117 1047 1171 de
1080 1111 1310 1184 pecunia
1338 1103 1539 1163 domini
1570 1101 1685 1165 sui,
1716 1113 1877 1168 quam
1912 1092 2150 1194 accepit,

574 1182 843 1272 ratioriem
860 1182 1182 1264 redditurus
1210 1200 1317 1258 erit
1347 1199 1402 1252 in
1435 1196 1522 1251 die
1545 1189 1753 1261 judicii.
1800 1188 1868 1242 Et
1905 1186 1997 1255 qui
2035 1182 2154 1253 plus

574 1306 812 1369 laborat,
841 1301 961 1372 plus
989 1293 1255 1352 mercedis
1279 1287 1525 1358 accipiet.
1561 1274 2155 1372 QuapropterAdilectis:

570 1398 713 1453 sime
740 1363 1129 1449 ethonorande
1154 1379 1522 1438 Ecclesiarum
1552 1367 1797 1446 [Christi]
1825 1363 2078 1421 defensor
2104 1366 2159 1413 et

576 1493 779 1549 rector,
797 1490 902 1536 tuae
927 1475 1283 1535 sanctissima:
1303 1467 1576 1539 sapientia:
1597 1458 1900 1518 venerabile
1920 1454 2156 1511 studium

578 1576 714 1633 alios
740 1544 1079 1629 admonendo
1103 1565 1438 1625 exhortetur,
1481 1556 1614 1612 alios
1644 1548 1959 1620 castigando
1982 1544 2155 1600 corri-

579 1678 693 1743 gat,
723 1667 857 1723 alios
876 1663 1002 1718 vitae
1030 1654 1327 1726 disciplinis
1349 1649 1594 1711 erudiat,
1634 1652 1696 1698 ut
1717 1634 2157 1743 omnibus‘otpnia

579 1726 755 1832 factus
783 1755 836 1828 (Ι
863 1753 985 1809 Cor.
1012 1765 1089 1815 ix,
1110 1748 1227 1819 22),
1256 1760 1322 1799 ex
1349 1739 1601 1797 omnibus
1629 1730 1931 1832 mercedem
1948 1726 2159 1832 habere

580 1816 844 1908 inerearis
871 1816 1205 1915 perpetuam.
1240 1835 1312 1891 Ut
1338 1847 1460 1889 cum
1488 1840 1681 1898 magna
1709 1831 1766 1877 et
1786 1816 2041 1915 laudabili
2068 1828 2161 1915 po:

583 1942 829 2015 pulcrum
865 1902 1205 1991 multitudine
1233 1925 1497 1998 gloriosus
1535 1920 1589 1975 in
1624 1918 1914 1983 conspectu
1946 1902 2163 1962 Domini

584 2031 681 2088 Dei
709 2031 787 2086 tui
816 2038 1101 2099 appareas.

654 2122 828 2177 Audio
849 2095 1020 2175 etiam
1044 2130 1140 2185 per
1170 2109 1444 2167 Ecclesias
1463 2101 1665 2161 Christi
1693 2095 1982 2169 quamdam
2036 2104 2167 2145 con-

586 2212 926 2270 suetudinem
947 2222 1054 2262 non
1081 2204 1214 2259 satis
1240 2197 1585 2260 laudabilem,
1626 2204 1787 2261 quam
1832 2192 2011 2239 vestra
2040 2194 2168 2249 pru—

585 2302 901 2362 dentissima
928 2297 1224 2353 auctoritas
1250 2291 1408 2347 facile
1436 2286 1726 2343 emendare
1770 2285 1967 2351 potest,
1992 2275 2038 2328 si
2082 2281 2165 2326 ta-

587 2411 710 2452 men
737 2407 864 2447 vera
893 2397 975 2444 est
1002 2387 1202 2457 opinio,
1235 2391 1289 2438 et
1330 2395 1438 2435 non
1469 2377 1640 2447 magis
1685 2372 1818 2427 falsa
1869 2363 2166 2427 excusatio,

588 2482 814 2554 utquod
837 2480 1016 2535 facere
1039 2453 1152 2531 non
1189 2472 1378 2527 volunt
1407 2463 1731 2539 presbyteri,
1779 2460 1892 2515 suis
1927 2453 2171 2524 injiciant

588 2551 871 2647 episcopis.
899 2570 1036 2625 Nam
1056 2567 1244 2622 dicunt
1268 2564 1335 2618 ab
1357 2558 1625 2632 episcopis
1658 2551 2005 2609 interdictum

589 2638 918 2738 presbyteris
977 2668 1034 2715 et
1076 2655 1393 2713 diaconibus
1442 2649 1743 2722 praedicare
1792 2644 1845 2698 in
1887 2638 2168 2701 ecclesiis,

590 2728 720 2813 ilum
744 2728 799 2811 in
827 2749 1146 2824 Apocalypsi
1171 2745 1417 2819 [legiturz
1437 2740 1670 2811 Spiritus
1695 2745 1743 2789 et
1758 2748 1951 2805 sponsa
1972 2728 2167 2824 (E-dil-Z,

590 2846 801 2919 legatur
827 2817 1095 2913 episcopis
1121 2817 1428 2905 etrsponsae,
1454 2828 1601 2899 etc.)
1626 2826 1646 2899 ]
1672 2826 1852 2879 dicunt
1886 2841 1902 2876 .-
1932 2819 2067 2919 veni.
2103 2817 2173 2919 lit

591 2907 682 3008 qui
723 2907 931 2997 audiut,
962 2907 1125 2992 dicat,
1174 2925 1307 2980 veni.
1347 2922 1450 2987 Qui
1483 2921 1614 2984 sitit,
1654 2916 1846 2977 veniat,
1894 2911 1984 2982 qui
2041 2907 2171 2971 vult,

593 3003 815 3097 accipiat
840 3037 1032 3095 aquam
1078 3019 1194 3074 vita:
1237 3016 1420 3085 (Apoc.
1462 3026 1599 3074 xxii,
1644 3008 1756 3077 l7).
1810 3003 1922 3058 Nec
1966 3016 2073 3097 non
2099 3007 2177 3097 -et

592 3090 926 3187 Apostolus:
959 3108 1112 3176 Quod
1137 3107 1183 3161 si
1208 3104 1301 3159 alii
1332 3100 1610 3156 revelatum
1627 3090 2175 3167 fuerttsedentimrior

595 3179 786 3262 taceat.
818 3201 1042 3257 Potestis
1071 3199 1207 3252 enim
1232 3211 1325 3265 per
1350 3188 1582 3262 singulos
1617 3186 1926 3258 prophetare
1950 3180 2014 3255 (1
2047 3179 2169 3235 Cor.

594 3311 712 3362 11v,
740 3294 832 3359 50,
854 3293 968 3361 3|),
998 3290 1051 3345 id
1070 3297 1156 3344 est
1178 3288 1403 3342 docere.
1422 3283 1555 3338 Item
1579 3281 1649 3335 ad
1671 3278 2050 3333 Timotheum:
2071 3271 2175 3339 Qui

598 3388 727 3444 bene
744 3392 973 3459 pra'sunt
998 3378 1298 3453 presbyteri,
1330 3373 1526 3447 duplici
1554 3373 1752 3427 honore
1773 3369 1921 3439 digni
1948 3365 2179 3420 habean-

597 3487 688 3535 tur
712 3457 984 3532 {maxime
1008 3473 1099 3543 qui
1152 3469 1393 3523 laborant
1422 3468 1480 3520 in
1507 3464 1658 3520 verbo
1687 3470 1736 3519 et
1784 3461 2026 3515 doctrina
2081 3457 2182 3511 Dei

600 3570 657 3643 (1
685 3570 819 3626 Tim.
849 3583 904 3632 v,
935 3564 1048 3635 l7).
1069 3564 1267 3617 Dicant
1294 3560 1443 3643 enim
1467 3559 1519 3612 in
1542 3555 1739 3627 quibus
1770 3552 2069 3609 canonibus
2094 3551 2181 3605 in-

601 3638 888 3718 terdictum
908 3658 980 3711 sit
998 3638 1332 3726 presbyteris
1358 3648 1689 3722 praedicare?
1717 3646 1858 3714 Quin
1888 3644 2061 3715 magis
2104 3643 2185 3696 le-

601 3758 734 3824 gant
779 3757 835 3803 et
871 3746 1190 3816 intelligant,
1246 3741 1316 3796 ab
1369 3740 1522 3795 initio
1582 3736 1858 3792 nascentis
1900 3733 2182 3796 Ecclesiae,

604 3844 794 3916 quanti
815 3851 1045 3911 etquam
1066 3837 1346 3894 mirabiles
1376 3850 1442 3889 ex
1479 3833 1696 3889 diverso
1725 3828 2053 3885 clericorum
2094 3840 2187 3879 or-

604 3937 728 3994 dine
756 3949 856 4006 per
885 3941 1055 3988 totam
1080 3931 1268 3986 mundi
1299 3926 1637 3982 latitudinem
1668 3925 1818 3979 fuere
1869 3920 2188 3993 praedicato-

602 4040 718 4092 res,
744 4025 909 4080 etiam
934 4030 991 4077 et
1024 4019 1319 4091 apostolica
1344 4018 1398 4073 in
1421 4018 1664 4073 diversas
1687 4023 1871 4085 partes
1894 4012 2185 4068 transmis-

604 4117 651 4175 si
681 4114 1002 4170 auctoritate
1035 4129 1048 4165 :
1073 4116 1133 4166 et
1152 4110 1405 4166 desinant
1424 4107 1661 4178 speciale
1691 4106 1917 4171 habere,
1940 4105 2081 4175 quod
2119 4105 2188 4159 ad

605 4204 784 4276 majus
812 4204 1117 4258 animarum
1147 4200 1360 4255 lucrum
1386 4198 1743 4268 plurimorum
1786 4198 1990 4268 poterit
2041 4211 2186 4251 esse.

605 4295 745 4351 Nam
768 4302 825 4351 et
846 4295 962 4365 ipse
977 4292 1238 4347 Dominus
1268 4299 1454 4345 noster
1469 4288 1628 4343 Jesus
1654 4288 1905 4343 Christus
1930 4285 2191 4356 apostolis

607 4390 722 4444 suis
746 4388 813 4444 ad
840 4387 1240 4459 praedicationis
1273 4383 1450 4440 cilicia
1500 4383 1723 4438 secundi
1773 4381 1980 4436 ordinis
2039 4381 2189 4434 viros

1418 352 1476 406 Β.
1520 349 1581 404 F.
1622 341 1845 400 ALBlNl
1880 336 2012 394 εει]
2054 326 2331 388 Αιιϐυιδι
2380 324 2663 384 OPERUM
2703 322 2880 378 PARS
2916 321 2958 376 l.

1140 473 1251 528 Nec
1278 469 1424 526 enim
1467 467 1570 519 hoc
1614 459 1744 514 solis
1784 447 2153 510 sacerdotibus
2183 444 2227 504 Α
2254 441 2323 496 Et
2342 456 2450 496 non
2477 439 2845 509 evangelicum
2878 455 2892 491 :
2921 434 3075 500 Quod
3116 434 3170 487 in
3200 446 3329 486 aure
3355 428 3598 491 audistis,
3626 425 3824 497 ριπάί-

3715 308 3816 367 428

2249 541 2362 585 cate
2381 548 2536 601 super
2560 540 2696 583 tecta
2730 526 2944 596 (Matth.
2988 540 3043 583 ι.
3079 523 3206 593 27)?
3254 520 3397 575 Dicit
3442 518 3585 573 enim
3637 516 3826 571 beatus

2248 623 2605 693 Hieronymus
2628 617 2938 689 in-epistola
2966 615 3077 689 (52)
3109 615 3177 668 ad
3207 613 3566 683 Nepotianum
3602 608 3826 680 presby-

2250 722 2446 777 terum,
2492 713 2584 767 ubi
2623 726 2749 767 eum
2792 710 2860 764 de
2904 704 3307 779 praedicationis
3345 700 3522 758 ofﬁcio
3548 700 3825 755 instituit:

2258 822 2275 851 ι
2310 801 2568 856 Pessimae
2594 795 2997 853 consuetudinis
3026 802 3133 861 est,
3163 794 3215 848 in
3236 791 3561 862 quibusdam
3573 787 3831 843 Ecclesiis

2252 902 2437 948 tacere
2457 891 2828 961 presbyteros,
2859 894 2916 942 et
2942 884 3299 957 praesentibus
3319 881 3590 953 episcopis
3628 895 3737 934 non
3757 877 3835 932 lo-

2252 982 2344 1053 qui
2378 999 2391 1035 :
2418 980 2576 1051 quasi
2604 986 2699 1033 aut
2721 976 3000 1034 invideant
3020 983 3117 1031 aut
3143 990 3250 1030 non
3296 974 3586 1045 dignentur
3626 972 3833 1026 audire.

2255 1073 2320 1127 Et
2356 1074 2403 1127 si
2427 1071 2540 1136 alii,
2573 1070 2745 1140 inquit
2781 1068 2981 1123 Paulus
3024 1065 3323 1137 apostolus,
3352 1064 3511 1134 fuerit
3556 1061 3836 1117 revelatum

2254 1165 2475 1229 sedenti,
2523 1164 2669 1234 prior
2714 1169 2902 1216 taceat.
2972 1158 3200 1214 Potestis
3259 1157 3398 1212 enim
3452 1172 3547 1227 per
3606 1150 3838 1224 singulos

2254 1256 2579 1327 prophetare,
2613 1263 2666 1307 ut
2688 1268 2865 1306 omnes
2892 1251 3097 1305 discant
3122 1249 3312 1321 [Edit.,
3334 1258 3383 1302 et
3408 1263 3586 1302 omnes
3614 1244 3837 1316 dicant],

2256 1357 2303 1402 et
2326 1363 2501 1401 omnes
2527 1345 2860 1400 consolentur
2888 1343 2943 1417 (Ι
2968 1343 3090 1397 Cor.
3123 1359 3236 1407 xw,
3294 1341 3387 1407 30,
3415 1340 3529 1412 3i).
3557 1340 3627 1395 Et
3671 1358 3685 1392 :
3726 1339 3853 1409 Spir

2258 1439 2390 1493 ritus
2411 1439 2778 1509 prophetarum
2803 1435 3064 1506 prophetis
3086 1434 3347 1505 subjectus
3387 1442 3499 1495 est;
3551 1449 3660 1485 non
3710 1433 3840 1484 enim

2258 1527 2599 1581 dissensionis
2620 1535 2695 1579 est
2717 1524 2878 1587 Deus,
2898 1523 2989 1577 sed
3014 1524 3158 1593 pacis
3194 1521 3383 1592 (Ibid,
3414 1537 3548 1576 vers.
3581 1520 3677 1584 52,
3735 1517 3840 1583 35).

2261 1618 2445 1673 Gloria
2471 1619 2636 1689 patris
2660 1625 2737 1671 est
2782 1615 2925 1685 ﬁlius
2966 1613 3383 1685 sapiens'(Prov.
3412 1629 3469 1678 ι,
3497 1611 3576 1683 1).
3603 1611 3845 1666 Gaudeat

2261 1714 2549 1784 episcopus
2570 1711 2777 1781 judicio
2805 1725 2924 1773 suo,
2957 1724 3081 1764 cum
3124 1708 3262 1762 tales
3316 1704 3581 1779 [Christo]
3630 1704 3847 1775 elegerit

2192 1787 2239 1847 Β
2264 1805 2596 1860 sacerdotes.
2635 1800 2796 1875 184
2818 1800 3081 1874 [Docente
3105 1809 3159 1855 te
3179 1800 3233 1854 in
3259 1798 3494 1854 ecclesia
3518 1796 3721 1868 (Edit.,
3753 1795 3847 1850 Do-

2263 1903 2448 1950 centes
2474 1895 2526 1948 in
2548 1891 2802 1963 ecclesia)
2837 1890 2856 1963 ]
2888 1906 2992 1945 non
3016 1890 3224 1945 clamor
3247 1888 3431 1960 p0puli
3478 1888 3575 1943 sed
3612 1886 3845 1958 gemitus

2263 1988 2579 2042 suscitetur.
2606 1985 2888 2054 Lacrymae
2922 1984 3230 2037 auditorum
3284 1980 3471 2035 laudes
3499 1988 3607 2034 tua:
3662 1979 3790 2035 sint.
3825 1996 3841 2030 ι

2265 2078 2391 2133 Haec
2427 2085 2612 2133 tantus
2638 2084 2693 2130 et
2743 2074 3079 2130 admirabilis
3118 2075 3308 2129 doctor
3361 2072 3490 2128 huic
3540 2078 3653 2125 tam
3701 2069 3846 2125 mala

2266 2168 2645 2226 consuetudini
2674 2168 2945 2237 opposuit.
2974 2166 3214 2222 Plurima
3235 2166 3431 2220 exmde
3461 2164 3571 2219 dici
3598 2171 3845 2234 possunt,

2266 2262 2361 2316 sed
2383 2260 2613 2331 sapienti
2634 2274 2809 2329 pauca
2837 2257 3132 2314 sufﬁciunt.
3159 2256 3270 2313 Nec
3296 2263 3499 2311 nostra:
3528 2252 3848 2309 rusticitatis

2266 2360 2369 2417 est,
2399 2359 2596 2407 vestrae
2627 2349 2912 2405 laudabilis
2936 2349 3218 2419 sapientiae
3264 2361 3427 2402 aures
3477 2345 3729 2417 plurimis
3766 2359 3851 2414 ag-

2269 2456 2497 2516 gravare
2524 2441 2736 2505 verbis;
2768 2441 2864 2495 sed
2888 2448 3094 2497 tantum
3122 2438 3351 2508 supplici
3379 2436 3669 2492 deprecari
3696 2435 3848 2490 devo-

2269 2535 2436 2598 tione,
2457 2539 2520 2587 ut
2537 2530 2669 2586 talia
2712 2538 2939 2601 paterna
2967 2529 3276 2600 provisione
3313 2525 3576 2595 iubeatis,
3633 2527 3684 2581 si
3732 2540 3848 2579 vera

2270 2626 2400 2689 sint,
2423 2623 2735 2679 emendare.
2768 2624 3045 2687 {Quatenus
3066 2619 3295 2675 sublime
3356 2617 3556 2688 regalis
3596 2616 3851 2687 potentia:

2272 2718 2512 2788 regimen
2533 2716 2787 2771 omnibus
2809 2714 3008 2782 ubique
3028 2712 3281 2784 proficiat
3301 2712 3368 2766 ad
3397 2711 3655 2774 salutem,
3690 2717 3749 2765 et
3769 2708 3852 2762 tibi

2274 2825 2397 2864 cum
2418 2807 2633 2864 Christo
2661 2806 2891 2861 Domino
2914 2806 3027 2860 Deo
3055 2813 3242 2860 nostro
3262 2811 3319 2859 et
3343 2802 3552 2857 sanctis
3571 2799 3695 2869 eius
3720 2814 3852 2872 pra:-

2275 2900 2382 2954 mia
2411 2896 2660 2968 perpetui
2689 2895 2914 2950 honoris
2944 2901 3266 2964 augeantur.

2348 2987 2594 3042 Vidimus
2622 2999 2839 3056 quoque
2885 2983 3153 3053 aliquibus
3199 2983 3253 3036 in
3292 2981 3427 3036 locis
3483 2976 3857 3053 [negligentes]

2280 3079 2472 3134 altaria
2496 3078 2593 3132 Dei
2617 3077 2823 3147 absque
2849 3084 3015 3140 tecto,
3040 3076 3223 3129 :m'um
3254 3072 3591 3133 stercoribus
3643 3073 3734 3129 vel
3775 3087 3862 3127 ca-

2281 3184 2411 3224 num
2440 3169 2607 3223 mictu
2637 3168 2857 3223 foedata.
2887 3165 3041 3233 Quod
3069 3165 3228 3220 facile
3249 3173 3433 3219 vestra
3450 3163 3765 3218 veneranda
3810 3163 3860 3216 in

2280 3261 2393 3315 Deo
2412 3259 2661 3314 voluntas
2681 3275 2780 3329 per
2797 3259 3082 3328 episcopos
3105 3256 3398 3311 emendare
3425 3256 3605 3310 valet:
3627 3263 3695 3309 ut
3745 3268 3861 3310 cum

2279 3351 2485 3407 honore
2510 3350 2777 3420 condigno
2806 3356 3026 3402 maneat
3053 3360 3239 3402 mensa
3268 3346 3480 3401 Domini
3506 3346 3563 3400 in
3591 3345 3719 3400 loco
3751 3360 3860 3407 suo,

2279 3442 2361 3497 vel
2386 3449 2635 3511 portetur
2656 3440 2708 3493 in
2731 3437 3022 3493 ecclesiam
3047 3437 3331 3506 majorem,
3382 3435 3689 3491 secundum
3742 3448 3861 3488 san-

2281 3541 2427 3588 etam
2453 3531 2801 3587 sacerdotum
2853 3528 2948 3583 Dei
2994 3529 3423 3599 providentiam;
3471 3535 3529 3582 et
3571 3524 3864 3582 honoriﬁco

2285 3630 2548 3677 tractetur
2567 3634 2661 3675 seu
2691 3619 2864 3674 altare
2883 3618 3108 3682 Christi,
3137 3632 3235 3673 seu
3259 3617 3601 3672 consecratio
3626 3616 3864 3687 corporis

2284 3722 2340 3767 et
2376 3711 2653 3783 sanguinis
2684 3710 2847 3775 illius,
2877 3717 2933 3764 et
2958 3709 3289 3780 prtecipuum
3324 3706 3517 3762 salutis
3551 3715 3756 3761 nostra
3788 3719 3866 3760 sae

2285 3813 2626 3861 crumentum
2646 3804 2795 3859 omni
2815 3803 3166 3858 veneratione
3185 3809 3560 3867 consecretur,
3587 3801 3866 3862 habeatur,

2286 3906 2342 3950 et
2365 3896 2723 3953 custodiatur.
3652 3907 3656 3911 ‘

2754 3997 2780 4025 ³
2809 3982 3139 4039 EPISTOLA
3180 3981 3411 4037 CLXIV.

2674 4072 2742 4111 Αι)
2791 4071 3038 4111 ολιιοιωι
3085 4066 3490 4108 ΙΙΡΕΙΔΤΟΒΕΠ.

2292 4147 2586 4219 Respondet
2615 4147 2686 4201 ad
2712 4148 3034 4219 interrogata
3065 4147 3129 4200 de
3151 4147 3342 4219 Itytnno
3365 4152 3480 4215 post
3513 4160 3714 4198 ctenam
3739 4140 3870 4195 dicto

2656 4217 2797 4290 apud
2826 4214 3138 4271 Matt/tivum
3162 4214 3210 4269 et
3244 4214 3507 4268 Marcum.

2363 4308 2495 4380 Regi
2536 4308 2685 4381 [Leg.
2718 4308 2887 4382 Rege]
2921 4325 3110 4382 regum
3135 4309 3246 4367 Deo
3273 4308 3495 4364 Christo
3521 4308 3761 4363 donante
3780 4304 3874 4360 Ca.

2294 4397 2409 4453 rolo
2439 4400 2572 4469 regi,
2604 4399 2917 4469 imperatori
2937 4399 3199 4470 Augusto,
3228 4399 3453 4469 Optimo,
3472 4398 3739 4462 maximo,
3761 4410 3876 4466 per-

610 4480 906 4550 subjunxit,
934 4489 997 4535 ut
1022 4481 1077 4533 in
1098 4479 1245 4533 Luca
1265 4477 1606 4548 apertissime
1624 4476 1823 4547 legitur
1849 4494 1861 4528 :
1914 4474 2041 4528 Pos.’
2078 4473 2189 4526 huic

2294 4488 2731 4556 petuo;bumilis
2771 4489 3177 4544 matricularius
3221 4488 3445 4544 Albinus
3492 4490 3878 4558 sempiternam

610 4583 785 4629 autem
813 4570 1099 4639 designavit
1129 4568 1384 4623 Dominus
1417 4575 1466 4620 et
1493 4565 1625 4619 alios
1670 4567 2000 4636 septuaginta
2037 4566 2191 4631 duos,

610 4672 661 4717 et
686 4661 824 4715 misit
849 4659 967 4712 illos
993 4659 1141 4712 binos
1167 4667 1292 4712 ante
1316 4656 1506 4725 facient
1528 4673 1680 4711 suam
1704 4656 1855 4729 (Luc.
1881 4673 1938 4722 x,
1996 4656 2073 4728 l).
2129 4657 2197 4710 Et

612 4751 775 4822 paulo
795 4757 954 4820 post:
990 4749 1093 4814 Qui
1122 4765 1209 4804 vos
1235 4748 1406 4814 audit,
1430 4765 1512 4803 me
1537 4749 1719 4814 audit;
1749 4759 1799 4804 et
1830 4750 1920 4821 qui
1951 4766 2038 4804 vos
2050 4766 2196 4820 sper-

613 4844 713 4907 nit,
740 4856 823 4897 nte
843 4844 1069 4912 spernit;
1096 4851 1144 4896 et
1172 4842 1259 4912 qui
1305 4856 1387 4894 me
1437 4841 1656 4911 spernit,
1691 4842 1887 4912 spernit
1942 4858 2060 4895 eum
2104 4841 2194 4912 qui

610 4949 695 4987 me
721 4934 862 4986 misit
917 4932 1104 5004 (Πήίι.⁷
1136 4932 1246 5005 l6).
1280 4933 1349 4987 Et
1374 4941 1573 4987 caetera
1592 4948 1713 5001 qua:
1747 4932 1822 4987 ibi
1861 4934 1929 4988 de
1972 4935 2193 5004 dispen-

612 5025 825 5079 satione
851 5025 1000 5079 verbi
1029 5025 1126 5080 Dei
1164 5026 1435 5097 leguntur.
1467 5024 1647 5097 Quare
1674 5020 1729 5082 in
1765 5027 2025 5083 Ecclesiis
2080 5028 2198 5083 ubi-

615 5129 722 5184 que
745 5114 814 5169 ab
837 5115 984 5169 omni
1019 5115 1209 5170 ordine
1226 5094 1239 5097 ἡ
1261 5094 1586 5171 clericorum
1636 5118 1869 5173 homiliae
1906 5117 2198 5189 leguntur?

615 5204 757 5273 Quid
780 5214 866 5261 est
893 5206 1135 5271 humilia,
1162 5206 1267 5261 nisi
1291 5207 1604 5275 praedicatio
1622 5207 1649 5260 ?
1670 5206 1863 5263 Mirum
1915 5218 2001 5264 est
2052 5209 2198 5280 quod

618 5296 798 5368 legere
822 5297 971 5363 licet,
994 5306 1050 5352 et
1070 5298 1414 5368 interpretari
1440 5313 1547 5353 non
1567 5298 1715 5364 licet,
1749 5298 1852 5372 [ut]
1868 5299 1937 5354 ab
1947 5302 2198 5357 omnibus

619 5387 992 5474 intelligatur?
1021 5388 1159 5456 Quid
1183 5397 1269 5444 est
1296 5389 1440 5444 aliud
1460 5430 1475 5455 ,
1506 5391 1612 5446 nisi
1656 5400 1717 5446 ut
1741 5392 2021 5448 audientes
2077 5393 2196 5447 sine

616 5475 801 5533 fructu
830 5478 983 5544 ﬁant,
1013 5487 1071 5533 et
1097 5479 1387 5550 impleatur
1406 5479 1762 5550 Virgilianum
1793 5481 1953 5537 illud:
2102 5486 2109 5493 “

868 5568 962 5619 Dat
979 5572 1090 5619 sine
1114 5578 1282 5621 mente
1307 5584 1552 5622 sonos.....

626 5744 639 5757 ο
693 5687 719 5715 ι
744 5675 872 5759 Haec
898 5660 1131 5759 epistola
1160 5679 1209 5734 in
1242 5681 1477 5759 editione
1506 5681 1823 5759 Quercetani
1866 5682 1967 5737 106
1996 5690 2100 5750 est,
2131 5686 2199 5742 ab

623 5750 742 5816 ipso
765 5750 941 5817 primo
978 5750 1118 5805 edita
1149 5767 1213 5806 es
1246 5754 1431 5809 coice
1465 5769 1565 5808 ms.
1597 5751 1808 5823 Scripta
1834 5764 1917 5809 est
1942 5765 2063 5825 post
2099 5775 2198 5813 an-

2299 4578 2536 4633 cmlestis
2562 4578 2744 4649 gloriae
2770 4580 3020 4635 salutem.

2368 4667 2627 4723 Mirabilis
2647 4670 2926 4739 sapientia:
2953 4680 3148 4727 vestra:
3174 4671 3481 4725 litterarum
3529 4672 3678 4725 serie
3710 4679 3881 4741 perte.

2296 4765 2406 4822 cta,
2429 4757 2730 4813 invenimus
2759 4775 2854 4813 eas
2883 4760 3199 4830 eloquentia:
3227 4763 3401 4816 nitore
3447 4759 3789 4830 splendidas,
3834 4766 3886 4812 et

2298 4848 2660 4918 profunditate
2682 4865 2937 4905 sensuum
2981 4850 3382 4915 subtilissimas,
3420 4860 3476 4905 et
3519 4849 3887 4920 inquisitionis

2298 4939 2471 5010 gratia
2486 4939 2931 5009 jucundissimas.
2967 4940 3118 4996 Unde
3138 4949 3389 5012 patenter
3416 4941 3638 5011 agnosci
3666 4939 3887 5010 poterit,

2298 5045 2404 5085 non
2429 5040 2638 5120 tantum
2680 5034 3083 5103 imperatoriam
3136 5044 3335 5090 vestrae
3370 5036 3676 5105 prudentiae
3743 5042 3892 5105 pote-

2299 5129 2495 5177 statem
2521 5138 2550 5176 a
2582 5122 2695 5178 Deo
2718 5124 2785 5178 ad
2807 5124 2980 5180 solum
3002 5125 3186 5181 mundi
3209 5127 3471 5198 regimen,
3504 5127 3603 5182 sed
3651 5125 3890 5180 maxime

2300 5213 2369 5267 ad
2393 5209 2653 5269 Ecclesiae
2673 5216 2981 5285 przesidium
3008 5226 3065 5272 et
3094 5219 3377 5289 sapientiae
3401 5218 3660 5274 decorem
3724 5217 3893 5273 coita-

2299 5314 2433 5370 tam,
2463 5313 2517 5359 et
2537 5305 2795 5377 juvenum
2824 5316 3031 5364 mentes
3082 5310 3319 5379 quadam
3379 5312 3588 5367 inertia:
3637 5310 3894 5383 rubigine

2298 5394 2562 5450 obductas
2584 5396 2651 5451 ad
2677 5411 2906 5453 acumen
2930 5398 3127 5469 ingenii
3168 5415 3266 5471 per
3310 5411 3549 5456 vestram
3610 5399 3899 5457 sanctissio

2301 5500 2445 5541 mam
2474 5487 2749 5542 solertiam
2772 5488 3094 5543 elimandas.
3133 5489 3190 5545 Si
3221 5491 3440 5561 quidem
3469 5500 3673 5563 prteler
3725 5491 3899 5562 impe-

2299 5577 2462 5631 riales
2491 5586 2548 5633 et
2566 5579 2811 5649 publicas
2837 5596 3019 5646 curas,
3043 5584 3385 5654 evangelicas
3415 5585 3751 5655 quaestiones
3775 5596 3905 5638 aca-

2299 5706 2430 5766 num
2464 5690 2568 5766 80_0
2594 5691 2659 5766 ad
2678 5691 2940 5766 Δ(ξιιμ-οιιιιι]
2964 5692 3077 5764 jam
3118 5694 3521 5766 imperatorem.
3558 5694 3742 5764 (Apud
3771 5692 3882 5747 Fro

2299 5761 2424 5814 ben.
2456 5762 2612 5831 epist.
2638 5760 2784 5833 125.)
