4064 6342
210 404 316 484 429
1677 407 2050 465 rarissumi.
2363 416 2369 426 ο
3368 406 3473 464 ιδο

210 544 436 601 demicis
458 539 650 595 vestris
676 552 708 591 a
734 535 891 591 nobis
910 530 1576 601 enucleandasinquiritis.
1600 529 1786 595 Quan-
1818 542 1866 598 Α
1893 525 2045 593 Quod
2073 538 2201 578 vero
2226 520 2579 593 Evangelistte
2600 519 2883 575 dixerunt:
2909 518 2978 574 Et
3000 521 3193 591 hymno
3223 522 3361 575 dicto
3386 540 3477 577 ea:-

209 648 373 707 quam
422 639 620 685 vestrze
658 625 977 697 prudentiae,
1030 631 1093 677 ut
1129 622 1184 677 id
1238 620 1463 692 epistola
1507 619 1787 691 dignitatis
1885 619 2058 707 ierunt
2087 613 2300 707 (Matth.
2326 628 2473 707 xxvi,
2500 609 2606 707 so;
2648 609 2827 707 βίαι-ε..
2858 626 2966 707 xiv,
2991 609 3105 707 26)Γ
3147 627 3178 664 a
3202 610 3476 707 plerisque

208 699 406 782 θεειτπ
426 724 644 788 dicitur,
675 721 894 777 easdem
933 719 1261 788 (ιιιωειίοηρς
1304 716 1618 771 notissimas
1667 730 1789 771 esse
1887 704 2206 777 simpliciter
2234 704 2468 758 traditur
2510 703 2621 757 ita:
2676 699 2857 755 Laude
2901 700 3009 755 Deo
3046 701 3187 755 dicta
3214 701 3473 757 exierunt.

209 813 477 878 sciamus;
503 820 682 867 tamen
699 827 765 867 ne
780 810 965 865 senilis
981 804 1791 877 taceatsegnitics,quihusdam
1887 795 2119 864 Quidam
2155 794 2338 863 itaque
2359 799 2555 862 putant
2577 833 2592 857 ,
2634 807 2723 846 XXI
2763 791 2952 862 psalmi
2983 805 3199 845 versum
3226 805 3322 845 eos
3348 805 3478 845 can-

211 906 695 976 interrogationum
733 902 965 959 stimulis
1003 900 1365 970 somnigeram
1404 897 1545 951 illius
1603 912 1792 951 socor-

211 998 358 1053 diam
384 997 623 1052 excitare
643 987 906 1051 voluistis.
932 993 1087 1049 Unde
1112 992 1276 1046 etiam
1300 1006 1443 1044 nunc
1492 989 1663 1059 magis
1700 988 1795 1041 do-

212 1102 339 1143 cere
368 1087 565 1141 vestris
599 1083 940 1140 insitionibus
967 1081 1117 1156 [Leg.
1148 1079 1610 1152 inquisitionibus]
1638 1078 1797 1134 intel-

213 1179 340 1252 ligo,
372 1193 537 1248 quam
574 1185 767 1232 vestra:
798 1175 1000 1245 aliquid
1042 1173 1465 1229 ailluentissimre
1519 1172 1797 1242 sapientiae

212 1286 279 1326 ex
311 1285 433 1325 mea
463 1268 584 1325 addi
617 1285 776 1339 posse
799 1269 1167 1340 responsione.
1203 1266 1339 1321 Nam
1392 1266 1667 1336 sapienter
1710 1266 1795 1320 in-

215 1373 517 1432 terrogare,
548 1361 743 1416 docere
762 1369 864 1415 est.
890 1361 1057 1432 Igitur
1078 1360 1374 1430 prudenter
1414 1374 1659 1429 quaerere
1709 1357 1799 1412 via

211 1459 301 1507 est
330 1452 667 1518 inveniendi;
708 1451 871 1505 veluti
901 1449 1092 1515 fertur,
1135 1450 1498 1521 Pythagoram
1536 1448 1801 1503 ordinatis

215 1541 730 1613 interrogationibus
756 1556 985 1612 puerum
1022 1540 1311 1610 quemdam
1361 1540 1429 1594 de
1471 1539 1801 1612 geometrica

216 1634 392 1706 plagis
420 1634 690 1698 docuisse,
722 1649 886 1704 quam
907 1633 1118 1691 discere
1140 1633 1268 1703 quid
1297 1632 1365 1686 ab
1385 1648 1451 1687 eo
1471 1631 1651 1687 vellet.
1677 1630 1801 1686 Sic—

216 1734 280 1778 ut
316 1732 374 1778 et
415 1723 701 1777 Dominum
728 1723 781 1779 in
811 1721 1101 1793 Evangelio
1153 1721 1476 1793 quibusdam
1528 1720 1802 1792 parabolis

215 1814 399 1885 egisse
423 1811 673 1884 legimus.

296 1924 455 1996 185
490 1924 599 1980 Sed
627 1932 688 1979 ut
713 1924 783 1980 ad
809 1924 1065 1995 inquisita
1087 1923 1463 1992 respondeam,
1485 1930 1648 1993 prout
1670 1937 1806 1977 mea:

218 2015 570 2086 inspiraverit
593 2017 759 2072 menti
788 2017 962 2088 gratia
982 2016 1146 2081 illius,
1167 2016 1235 2071 de
1259 2012 1413 2084 cujus
1439 2030 1687 2071 sermone
1708 2015 1808 2069 hu-

211 2108 311 2179 jus
336 2106 702 2179 inquisitionis
741 2116 864 2164 orta
899 2116 982 2163 est
1013 2107 1401 2177 interrogatio:
1434 2106 1682 2177 quamvis
1718 2121 1812 2160 ve-

215 2207 353 2255 εει-ω
376 2198 607 2254 claritati
630 2200 716 2253 vix
756 2214 877 2254 mea
918 2197 1119 2269 aliquid
1157 2197 1377 2266 dignum
1414 2196 1654 2266 parvitas
1681 2210 1811 2250 con-

216 2289 370 2347 ferre
391 2290 588 2357 valeat,
616 2272 744 2360 quia
768 2306 875 2345 non
902 2290 1027 2345 talis
1054 2288 1187 2344 mihi
1225 2289 1367 2343 inest
1392 2286 1579 2342 forma:
1605 2285 1688 2341 vel
1714 2300 1808 2340 co-

215 2383 547 2456 gitationum
570 2383 784 2447 ﬁducia,
816 2383 958 2438 sicut
985 2381 1181 2451 legitur
1210 2381 1276 2436 de
1308 2380 1607 2435 Zenocrate
1633 2378 1813 2433 archi-

214 2479 396 2535 tecto,
417 2470 511 2539 qui
531 2469 757 2539 populea
786 2469 976 2524 fronde
1012 2476 1332 2533 coronatus,
1375 2476 1431 2523 et
1466 2466 1605 2537 pelle
1643 2466 1814 2522 leonis

215 2560 460 2615 vestitus
488 2560 629 2614 inter
656 2561 841 2615 turbas
870 2560 1052 2630 populi
1098 2560 1318 2615 incessit
1352 2567 1540 2615 contra
1580 2557 1815 2613 tribunal

213 2648 525 2721 Alexandri
561 2648 772 2719 Magni,
817 2660 875 2705 et
914 2652 1199 2720 quaesitum
1236 2658 1321 2706 est
1362 2651 1431 2706 ab
1469 2665 1536 2705 eo
1576 2651 1699 2720 quis
1731 2649 1815 2704 vel

216 2738 374 2795 unde
393 2741 570 2794 esset?
597 2741 669 2795 At
694 2741 801 2806 ille,
830 2759 849 2792 ι
885 2742 1241 2806 Zenocrates,
1287 2743 1479 2812 inquit,
1508 2757 1609 2812 ego
1634 2742 1815 2797 archi-

219 2838 409 2886 tectus
437 2829 676 2897 Macedo,
699 2833 793 2902 qui
813 2833 882 2888 ad
910 2841 963 2888 te
989 2833 1341 2904 cogitationes
1376 2841 1434 2888 et
1469 2832 1673 2888 formas
1708 2841 1816 2889 tua:

219 2923 467 2978 claritati
493 2924 789 2996 condignas
828 2924 1014 2981 aﬂ‘ero.
1055 2947 1073 2979 ι
1115 2926 1219 2983 Sed
1252 2928 1417 2983 talem
1463 2928 1597 2983 mihi
1637 2927 1815 2982 inesse

223 3015 561 3071 voluntatem
611 3017 678 3072 de
718 3027 913 3074 vestra:
955 3018 1287 3075 excellentiae
1320 3019 1612 3074 Platonicis
1636 3019 1812 3081 video,

222 3106 409 3178 qualis
431 3107 486 3162 in
513 3106 787 3179 Aristippo
819 3108 1139 3181 philosopho
1164 3110 1443 3174 scribitur,
1468 3109 1564 3177 qui
1596 3107 1816 3163 naufra-

225 3200 324 3270 gio
348 3199 574 3270 perditis
595 3201 846 3257 omnibus
882 3203 968 3256 vix
997 3203 1153 3258 vivus
1191 3203 1364 3259 evasit
1401 3203 1469 3257 ad
1504 3202 1688 3267 littus,
1734 3201 1817 3257 di-
1841 3233 1889 3297 ε

228 3291 383 3345 xisse
405 3291 518 3345 suis
544 3291 778 3363 legitur:
817 3312 835 3344 ι
865 3294 942 3348 lte
977 3295 1224 3359 Athenis,
1253 3304 1310 3351 et
1346 3296 1512 3351 dicite
1539 3294 1819 3366 discipulis

230 3381 440 3436 nostris
457 3397 551 3437 eas
573 3398 904 3455 congregare
938 3386 1155 3441 divitias
1180 3402 1300 3455 quae
1332 3385 1615 3458 naufragio
1642 3387 1822 3456 perire

231 3488 347 3529 non
391 3481 648 3542 possunt;
696 3495 715 3528 ι
764 3476 1085 3546 sapientiam
1124 3478 1310 3533 volens
1348 3477 1664 3549 intelligere.
1712 3476 1823 3532 Nec

231 3568 405 3622 etiam
444 3568 560 3625 haec
601 3569 803 3624 veteris
838 3570 1172 3625 monimenta
1206 3571 1444 3625 historiae
1486 3569 1819 3641 proferrem,

233 3655 345 3710 nisi
368 3664 566 3711 vestra:
586 3658 924 3713 auctoritatis
960 3658 1141 3730 apices
1173 3659 1242 3714 ad
1269 3659 1712 3731 philosophorum
1737 3673 1825 3715 me

235 3745 463 3800 nomina
485 3755 862 3816 provocarent.

302 3856 411 3912 Bis
434 3857 760 3926 przelihatis,
791 3859 860 3913 ad
888 3859 1367 3931 interrogationem
1402 3860 1705 3916 litterarum
1736 3876 1826 3915 ve-

237 3946 458 4002 niamus
483 3955 808 4012 vestrarum,
834 3948 887 4002 in
914 3948 1107 4017 quibus
1126 3957 1248 4017 post
1272 3964 1563 4019 congruam
1588 3948 1827 4018 epistolae

237 4036 615 4106 prmfationem
641 4037 902 4106 scriptum
932 4038 1232 4093 invenimus
1252 4078 1267 4103 ,
1295 4048 1354 4092 ut
1380 4038 1582 4095 eisdem
1612 4047 1829 4092 utamur

241 4126 463 4181 verbis:
505 4144 523 4177 ι
557 4125 828 4196 Hymnum
852 4135 973 4195 post
1003 4142 1215 4181 cmnam
1240 4127 1523 4198 mysticam
1549 4126 1633 4182 vel
1662 4128 1828 4183 disci-

242 4217 398 4286 pulos
433 4216 518 4270 vel
546 4216 726 4285 potius
753 4216 928 4286 ipsum
965 4216 1251 4271 Dominum
1288 4216 1521 4281 dixisse,
1564 4230 1630 4270 ex
1662 4216 1829 4284 ipsius

241 4323 414 4364 sacra:
444 4307 684 4363 historite
720 4306 952 4364 lectione
991 4305 1089 4379 [et]
1130 4306 1453 4361 auctoritate
1478 4306 1826 4377 collegimus;

243 4412 307 4452 ac
332 4405 559 4467 propter
592 4398 696 4453 hoc
716 4411 901 4452 sumus
927 4411 1033 4451 non
1064 4395 1321 4451 mediocri
1342 4403 1558 4465 stupore
1575 4394 1828 4465 perculsi,

243 4505 342 4544 cur
371 4497 540 4545 tantm
567 4488 864 4544 dulcedinis
906 4489 1138 4559 hymnus
1179 4486 1264 4542 vel
1307 4487 1376 4542 ah
1421 4487 1537 4557 ipso
1565 4486 1792 4541 Domino
1813 4526 1827 4551 ,

1893 897 2073 944 tasse:
2117 885 2571 940 Handucaverunt
2604 894 2650 939 et
2681 885 3026 939 adoraverzmt
3060 901 3233 939 omnes
3259 885 3477 956 pingues

1893 988 2045 1032 terra:
2089 972 2262 1048 (Psal.
2292 992 2405 1040 χιι,
2428 975 2555 1046 30);
2592 983 2646 1029 et
2676 975 2778 1029 hoc
2816 990 2881 1029 ex
2920 975 3309 1030 commentario
3354 990 3480 1029 san-

1892 1068 1968 1123 cti
1997 1065 2308 1135 llieronymi
2332 1065 2695 1134 suspicantur,
2723 1062 2813 1132 qui
2851 1064 2965 1116 ait:
3013 1082 3030 1112 ε
3071 1063 3136 1117 Et
3162 1064 3364 1134 hymno
3400 1062 3481 1118 di-

1896 1166 2007 1223 clo,
2028 1158 2131 1212 hoc
2150 1162 2254 1219 est,
2276 1154 2420 1224 quod
2443 1155 2495 1208 in
2520 1153 2727 1224 psalmo
2746 1153 3003 1224 legimus.
3030 1152 3087 1207 Μ
3091 1154 3481 1209 anducaverunt

1894 1259 1945 1303 et
1972 1248 2321 1303 adoranerunt
2347 1262 2524 1300 omnes
2549 1247 2763 1316 pingues
2786 1256 2960 1301 teme.
2997 1267 3014 1299 ι
3045 1246 3183 1302 Sunt
3204 1248 3366 1302 etiam
3387 1249 3481 1317 qui

1898 1344 1953 1398 in
1983 1341 2166 1412 priore
2191 1355 2350 1395 versu
2375 1339 2517 1393 hanc
2542 1336 2755 1392 laudem
2786 1346 2971 1406 aptare
2995 1339 3200 1406 volunt,
3232 1340 3323 1394 ubi
3347 1340 3480 1395 dici-

1900 1432 2025 1489 tur’:
2062 1432 2235 1487 Edent
2270 1447 2521 1502 pauperes
2550 1440 2598 1484 et
2639 1429 3048 1495 saturabuntur,
3098 1440 3147 1485 et
3193 1432 3484 1487 laudabunt

1903 1524 2211 1587 Dominum,
2238 1523 2327 1593 qui
2371 1522 2639 1591 requirunt
2682 1537 2800 1574 eum
2848 1519 3025 1591 (Ibid.
3058 1539 3188 1577 vers.
3219 1519 3343 1593 27).
3376 1521 3485 1578 Sed

1902 1616 2018 1671 ﬁeri
2044 1622 2239 1684 potest,
2254 1612 2467 1668 Judzeos
2487 1613 2689 1667 habere
2713 1611 2767 1666 in
2786 1613 3178 1668 consuetudine
3199 1615 3487 1685 aliquando

1903 1708 2268 1779 bymnidicam
2311 1714 2434 1776 post
2478 1720 2687 1761 orenam
2717 1706 3008 1761 decantare
3044 1707 3255 1762 laudem
3281 1749 3297 1772 ,
3348 1708 3489 1763 sicut

1905 1797 2150 1853 solebant
2191 1804 2536 1852 transeuntes
2580 1796 2721 1852 viam
2767 1797 2823 1851 in
2866 1812 2998 1866 agro
3036 1797 3345 1854 laborantes
3386 1799 3492 1854 hoc

1834 1890 1880 1952 Β
1907 1904 2066 1944 versu
2092 1887 2406 1943 benedicere
2432 1904 2445 1940 :
2487 1885 2788 1941 Benedictio
2826 1886 3039 1940 Domini
3064 1903 3219 1957 super
3255 1904 3341 1942 vos
3360 1928 3373 1953 ,
3402 1888 3490 1941 be-

1909 1978 2203 2035 nedirimus
2225 1978 2364 2033 vobis
2405 1978 2460 2032 in
2495 1978 2704 2032 nomine
2733 1976 2944 2033 Domini
2967 1976 3139 2050 (Psal.
3160 1993 3387 2044 cxxvm,
3407 1979 3487 2051 8).

1911 2068 2019 2124 Sed
2062 2070 2146 2124 his
2177 2078 2344 2139 atque
2383 2067 2688 2137 huiusmodi
2729 2069 3071 2140 opinionibus
3112 2071 3493 2141 quorumdam,

1911 2160 2158 2230 quamvis
2191 2161 2504 2229 spernendae
2533 2175 2637 2215 non
2681 2159 2819 2226 sint,
2856 2169 2918 2215 ut
2957 2162 3200 2227 videtur,
3244 2162 3492 2227 omissis,

1912 2250 2171 2320 liquidam
2198 2252 2446 2307 veritatis
2466 2253 2767 2322 pandamus
2795 2252 3313 2324 interpretationem.

1985 2362 2329 2419 Consuetudo
2381 2365 2563 2434 itaque
2608 2373 2692 2419 est
2741 2366 3195 2437 evangelistarum
3251 2369 3498 2439 qumdam

1914 2453 2125 2523 plenius
2146 2455 2327 2511 dicere
2345 2471 2468 2525 qum
2494 2456 2584 2511 alii
2618 2458 2837 2513 omnino
2862 2467 3162 2514 tacuerunt.
3195 2460 3347 2528 Quod
3386 2478 3475 2516 ma

1917 2543 2063 2597 xime
2090 2545 2306 2599 beatum
2330 2545 2524 2600 fecisse
2558 2545 2818 2602 Joannem
2842 2550 3226 2619 evangelistam
3253 2566 3500 2623 compro-

1917 2634 2068 2689 bant.
2099 2633 2262 2703 Cujus
2286 2637 2363 2691 rei
2392 2637 2614 2692 idoneus
2643 2636 2811 2693 lector
2848 2639 2902 2693 in
2929 2640 3010 2694 eis
3048 2639 3378 2695 sufﬁcienter
3402 2657 3499 2697 ex-

1917 2723 2094 2794 empla
2123 2726 2361 2795 reperire
2401 2728 2616 2797 poterit,
2651 2743 2772 2798 quae
2798 2746 2898 2785 nos
2921 2731 3225 2801 epistolaris
3267 2734 3501 2787 brevitas

1919 2821 2142 2886 tangere
2163 2817 2431 2886 prohibet,
2461 2819 2567 2874 nisi
2600 2834 2723 2888 qum
2764 2820 2924 2889 hujus
2955 2822 3393 2893 interrogationis
3417 2839 3496 2879 re-

1918 2908 2193 2977 sponsioni
2216 2910 2520 2964 necessaria
2548 2925 2669 2967 esse
2695 2912 2962 2967 videntur.
2984 2914 3151 2984 Igitur
3173 2916 3238 2970 de
3261 2916 3364 2971 hac
3390 2931 3502 2987 my-

1920 2998 2056 3053 stica
2085 2999 2295 3054 Veteris
2324 3000 2408 3055 vel
2439 3002 2564 3056 novi
2602 3002 2933 3059 Testamenti
2955 3022 3109 3061 ccena
3145 3008 3243 3062 toti
3272 3016 3502 3078 quatuor

1921 3089 2192 3155 dixerunt,
2233 3092 2316 3147 vel
2365 3093 2494 3161 quid
2538 3094 2591 3149 in
2633 3109 2696 3148 ea
2724 3104 2931 3164 gestum
2971 3105 3114 3152 esset
3154 3098 3240 3152 vel
3280 3098 3504 3167 dictum,

1920 3182 2117 3251 partim
2143 3182 2412 3248 similiter,
2435 3186 2632 3254 partim
2655 3186 2989 3243 dissimiliter
3009 3189 3369 3259 protulerunt,
3389 3207 3503 3261 qua

1922 3281 2103 3327 tamen
2133 3265 2313 3329 omnia
2344 3290 2473 3329 vera
2513 3291 2635 3332 esse
2669 3280 2977 3335 necessario
3006 3282 3319 3336 creduntur.
3354 3282 3507 3349 Quod

1922 3363 2000 3419 illi
2032 3365 2214 3435 itaque
2238 3375 2349 3423 tres
2378 3369 2444 3423 de
2479 3370 2634 3438 panis
2659 3371 2950 3443 calicisque
2988 3375 3394 3431 consecratione
3430 3377 3487 3430 di

1923 3468 2141 3528 xerunt,
2175 3463 2278 3517 hoc
2303 3460 2540 3519 Joannes
2574 3465 2776 3532 omisit,
2807 3467 3040 3522 maxime
3063 3479 3304 3525 moratus
3336 3470 3389 3524 in
3415 3471 3503 3525 ιιιισ

1922 3553 2153 3610 ιιίιίιειῑθ
2187 3553 2389 3611 Christi
2418 3558 2770 3623 ostendenda,
2802 3575 2908 3629 qua
2936 3561 3099 3630 pedes
3123 3561 3509 3631 discipulorum

1924 3658 2144 3699 suorum
2174 3643 2357 3700 lavare
2384 3645 2639 3717 dignatus
2662 3655 2746 3702 est
2770 3665 2784 3701 :
2817 3656 2978 3719 atque
3003 3647 3315 3720 longissimo
3334 3667 3505 3708 sacra-

1924 3733 2242 3804 tissimoque
2268 3751 2537 3804 sermone,
2566 3752 2749 3808 quem,
2779 3747 3011 3795 exeunte
3033 3741 3144 3797 lilio
3165 3743 3511 3811 perditionis,

1927 3825 2033 3882 illis
2060 3828 2311 3883 undecim
2341 3828 2678 3886 electissimis
2706 3841 2915 3887 secreta
2956 3841 3011 3886 et
3046 3833 3272 3902 spiritali
3302 3833 3512 3906 loquela

1926 3915 2200 3972 disseruit.
2231 3917 2347 3985 Qua
2376 3918 2645 3975 locutione
2675 3921 2960 3975 terminata
2981 3922 3121 3976 idem
3144 3924 3333 3978 beatus
3351 3938 3508 3978 evan-

1927 4006 2118 4076 gelista
2166 4008 2444 4078 subiunxit
2471 4009 2692 4064 dicens:
2750 4010 2876 4065 "(re
2907 4011 3111 4065 loeutus
3143 4022 3218 4066 est
3246 4013 3433 4080 Iesus,
3464 4023 3513 4068 et

1928 4096 2204 4151 sublevatis
2227 4096 2391 4152 oculis
2418 4099 2475 4152 in
2504 4097 2686 4152 emtum
2713 4100 2845 4153 dixit
2883 4101 3061 4171 (Joan.
3093 4115 3204 4155 xvu
3224 4140 3239 4167 ,
3273 4103 3324 4172 l)
3351 4120 3365 4169 ;
3403 4119 3513 4159 non

1930 4186 2103 4241 solum
2146 4186 2235 4240 illa
2276 4187 2564 4258 designans
2590 4189 2756 4244 verba
2784 4205 2906 4260 qua:
2941 4189 3055 4260 ipse
3079 4190 3315 4248 Joannes
3354 4194 3516 4268 186

1930 4275 2218 4331 Dominum
2247 4274 2450 4331 dixisse
2481 4276 2667 4343 refert,
2691 4293 2879 4333 verum
2904 4281 3065 4335 etiam
3107 4289 3161 4336 et
3185 4297 3246 4336 ea
3275 4299 3394 4353 quae
3422 4285 3513 4340 alii

1932 4366 2288 4437 scripserunt,
2326 4382 2451 4422 eum
2481 4368 2534 4423 in
2561 4368 2653 4424 illo
2696 4378 3041 4427 sacrosancto
3081 4374 3328 4429 convivio
3366 4374 3515 4431 locu-

1935 4469 2048 4517 tum
2077 4475 2216 4517 esse.
2248 4460 2403 4528 Quod
2430 4477 2561 4518 vero
2600 4463 2791 4518 beatus
2828 4464 3155 4535 evangelista
3194 4464 3377 4523 Jesum
3406 4468 3517 4524 ele-

245 4578 347 4643 vet,
391 4578 441 4634 si
471 4594 504 4632 a
540 4577 841 4648 discipulis,
881 4553 1247 4647 in'pmsemia
1276 4553 1457 4631 tamex;
1484 4575 1716 4640 Domini,
1752 4575 1832 4631 di,
1861 4587 1913 4647 Β
1934 4553 2076 4648 vatis
2082 4553 2266 4648 oculis
2287 4553 2342 4609 in
2368 4554 2567 4610 cmlum
2595 4555 2798 4648 (ﬁxisse
2820 4557 3083 4648 subinfert
3109 4576 3122 4612 :
3152 4558 3335 4626 Pater,
3357 4560 3518 4615 clari.

246 4677 389 4735 ctus,
430 4669 501 4725 ah
541 4667 883 4739 evangelistis
922 4667 1174 4723 omnibus
1212 4667 1284 4722 sit
1326 4666 1760 4736 prmtermissus?
1807 4685 1825 4718 ι

249 4758 375 4816 Βεεο
394 4769 484 4815 est
504 4760 671 4814 totius
690 4773 899 4813 summa
920 4757 1388 4829 interrogationis;
1425 4772 1526 4812 cur
1546 4756 1742 4811 tacitus
1764 4755 1836 4809 sit

250 4848 318 4904 ab
342 4850 601 4905 omnibus
644 4857 810 4904 tanta:
850 4848 1149 4906 dulcedinis
1191 4849 1424 4918 hymnus
1451 4847 1832 4916 evangelistis;

251 4941 378 4999 dum
423 4940 729 4996 certissime
769 4954 837 4995 es
886 4941 1066 4996 verbis
1108 4955 1280 4995 sacras
1312 4940 1552 4997 historia:
1588 4946 1833 5005 constat,

252 5029 517 5102 hymnum
543 5040 666 5100 post
692 5046 902 5087 coenam
929 5032 1213 5102 mysticam
1242 5032 1444 5087 dictum
1474 5046 1596 5087 esse
1621 5045 1653 5089 a
1677 5031 1839 5086 disci-

252 5121 416 5195 pulis,
444 5122 529 5177 vel
559 5124 739 5193 potius
759 5123 828 5178 ab
855 5122 973 5194 ipso
992 5123 1255 5178 Domino?
1275 5121 1439 5191 Cujus
1459 5123 1640 5194 itaque
1663 5123 1839 5177 omnis

256 5206 375 5281 [F.,
406 5212 664 5285 nominis]
695 5212 1066 5283 interpretatio
1090 5214 1268 5281 primo
1288 5214 1512 5269 dicenda
1536 5221 1640 5269 est.
1674 5214 1841 5285 Igitur

255 5296 507 5355 Caecum
536 5317 732 5357 nomen
781 5311 868 5357 est
907 5304 1150 5372 hymnus,
1179 5312 1233 5358 et
1273 5303 1464 5360 Latine
1494 5304 1839 5374 interpretari

255 5396 459 5454 potest,
489 5390 605 5446 laus
632 5393 899 5447 carminis.
933 5390 1087 5455 Sive,
1134 5399 1192 5445 ut
1219 5393 1410 5447 beatus
1452 5392 1691 5449 Isidorus
1722 5393 1836 5448 ait:

263 5496 282 5528 ι
324 5479 570 5551 Hymnus
596 5491 681 5537 est
715 5484 982 5540 canticum
1010 5483 1367 5549 laudantium,
1394 5484 1535 5553 quod
1559 5499 1628 5539 ex
1653 5484 1842 5542 Graeco

259 5568 314 5626 in
342 5572 594 5628 Latinum
635 5574 749 5631 laus
784 5575 1201 5646 interpretatur,
1248 5590 1346 5644 pro
1370 5590 1435 5631 eo
1459 5576 1601 5645 quod
1627 5576 1697 5631 sit
1724 5592 1844 5632 car-

261 5681 385 5722 men
417 5668 618 5724 lzetitire
648 5678 702 5729 et
728 5670 920 5725 laudis.
959 5690 978 5723 ι
1023 5670 1248 5740 Proprie
1277 5678 1455 5724 autem
1502 5669 1687 5739 hymni
1717 5680 1843 5726 sunt

261 5763 605 5817 continentes
626 5763 839 5827 laudem
876 5762 993 5819 Dei.
1030 5763 1181 5819 Unde
1214 5771 1269 5818 et
1293 5762 1429 5818 liber
1449 5761 1781 5818 Psalmorum
1811 5779 1842 5817 a

263 5854 539 5922 plerisque
588 5853 898 5911 doctoribus
957 5856 1111 5911 Liber
1158 5858 1467 5925 hymnorum
1521 5855 1837 5926 appellatur.

1933 4643 2039 4712 ﬁcu
2074 4642 2273 4698 Filium
2299 4654 2478 4708 tuum,
2506 4653 2562 4699 ut
2599 4644 2773 4700 Filius
2797 4654 2917 4700 tuus
2950 4646 3202 4716 clarificet
3232 4658 3281 4704 te
3324 4649 3515 4723 (Joan.

1934 4750 2068 4799 xvn,
2099 4734 2161 4805 l)
2190 4772 2203 4787 .
2236 4774 2251 4788 .
2279 4774 2294 4788 .
2318 4750 2491 4803 usque
2510 4734 2563 4787 in
2588 4749 2713 4788 eum
2741 4735 2939 4800 locum,
2962 4736 3052 4789 ubi
3080 4738 3181 4792 hac
3207 4739 3517 4809 hymnidica

1936 4827 2224 4880 terminata
2259 4826 2417 4881 laude
2460 4834 2516 4879 et
2554 4825 2897 4881 sanctissima
2939 4826 3185 4882 oratione
3226 4828 3417 4885 ﬁnita:
3460 4841 3521 4885 ut

1935 4918 2166 4983 dilectio,
2191 4935 2297 4989 qua
2322 4916 2548 4972 dilexisti
2576 4934 2679 4981 me,
2713 4918 2770 4971 in
2798 4917 2925 4988 ipsis
2961 4917 3047 4981 sit,
3085 4926 3135 4972 et
3174 4934 3267 4990 ego
3309 4920 3365 4973 in
3392 4921 3519 4991 ipsis

1939 5009 2127 5083 (Ibid.,
2150 5027 2281 5065 vers.
2308 5008 2430 5081 26);
2451 5024 2613 5080 quam
2636 5023 2736 5079 pro
2761 5024 2819 5064 se
2846 5010 3069 5079 suisque
3087 5010 3386 5081 discipulis,
3411 5012 3520 5067 imo

1938 5111 1994 5159 et
2017 5103 2266 5159 omnibus
2291 5102 2553 5166 fidelibus,
2579 5103 2671 5171 qui
2701 5117 2871 5171 usque
2903 5102 2971 5157 ad
3001 5104 3519 5159 consummationem

1940 5195 2124 5251 saeculi
2152 5194 2365 5250 venturi
2408 5201 2608 5255 essent,
2639 5193 2761 5263 pius
2791 5191 3042 5247 Salvator
3068 5191 3185 5247 Deo
3213 5192 3360 5247 Patri
3386 5208 3516 5263 pro-

1941 5284 2098 5341 fudit.

2011 5395 2118 5451 lste
2138 5403 2223 5451 est
2250 5396 2483 5467 hymnus
2504 5393 2904 5450 sacratissimus
2941 5402 2995 5450 et
3021 5392 3437 5465 pulcherrimus,
3467 5404 3523 5451 et

1943 5486 2153 5544 cunctis
2180 5487 2620 5558 pernecessarius
2644 5487 2986 5542 credentibus
3003 5528 3018 5554 ,
3054 5503 3215 5558 quem
3240 5488 3521 5546 advocatus

1944 5589 2119 5635 noster
2138 5580 2188 5652 (1
2212 5579 2372 5634 Joan.
2414 5596 2474 5643 ιι,
2503 5579 2555 5649 l)
2582 5580 2839 5635 Dominus
2864 5588 3047 5635 noster
3070 5578 3229 5635 Iesus
3252 5579 3519 5647 Christus,

1942 5680 2165 5742 peracto
2188 5685 2386 5728 nostrm
2412 5672 2602 5728 salutis
2629 5681 2684 5727 et
2709 5688 2819 5727 sum
2841 5673 3057 5743 pietatis
3090 5674 3337 5728 convivio
3356 5714 3372 5739 ,
3409 5690 3525 5729 ma-

1944 5777 2050 5833 gna
2076 5761 2355 5817 dulcedine
2377 5770 2433 5815 et
2457 5761 2689 5815 mirabili
2727 5762 2992 5816 suavitate
3027 5762 3383 5831 praesentibus
3409 5764 3522 5818 suis

1946 5851 2222 5923 discipulis
2260 5850 2583 5908 decantavit.
2617 5850 2721 5906 Iste
2759 5861 2842 5906 est
2873 5853 3104 5923 hymnus
3140 5868 3298 5921 quem
3334 5865 3521 5909 sancta
