4062 6432
526 382 629 442 431

1414 378 1472 433 Β.
1514 378 1575 432 F.
1617 375 1840 432 ALlllNl
1879 375 2008 430 SEU
2034 371 2307 429 ALCUlNl
2350 369 2631 427 OPEllUM
2669 370 2847 428 PARS
2882 371 2924 426 Ι.

3671 367 3779 423 ιὸὲὶ

529 496 833 580 sollicitudo
855 495 1131 567 sapientia:
1156 501 1349 549 vestrm
1377 490 1618 560 inquirit.
1642 488 1805 543 [stum
1828 495 2104 557 perpetua,
2135 489 2185 547 Α
2285 483 2443 554 187
2472 483 2546 537 De
2570 491 2790 552 peccato
2815 482 3030 552 quidem
3062 481 3339 550 disputans
3366 475 3653 567 Apostolus
3677 477 3785 533 hoc

530 579 837 663 dulcissime
856 592 928 646 mi
961 590 1149 655 David,
1180 588 1234 642 in
1263 587 1474 641 laudem
1503 583 1712 638 Domini
1738 591 1792 637 et
1815 579 2108 635 Salvatoris

529 686 701 744 nostri
722 679 861 742 etin
888 697 982 754 spe
1006 691 1222 737 aeterna:
1249 675 1619 739 beatitudinis,
1646 673 1871 729 teneatis
1908 686 2112 725 memo-

530 766 633 835 ria.
665 775 1010 832 Potuitenim
1032 775 1148 829 haec
1175 772 1361 826 eadem
1386 767 1551 821 verba
1578 765 1901 837 hymnidicaa
1938 762 2112 817 laudis

530 876 588 924 et
612 865 873 925 orationis
913 863 1081 918 Filius
1120 856 1266 914 Patri
1299 857 1519 913 silenter
1562 857 1772 920 dicere,
1817 853 1909 907 sed
1938 851 2112 907 oratio

529 952 651 1012 Filii
689 955 931 1012 doctrina
973 960 1056 1006 est
1083 948 1498 1019 discipulorum,
1544 946 1651 1000 imo
1674 959 1727 999 et
1755 944 1993 998 onmium
2021 940 2113 1010 qui

533 1052 588 1121 in
630 1050 874 1105 oratione
916 1045 1093 1100 laudis
1138 1037 1350 1097 Domini
1400 1032 1682 1109 deprecari
1729 1040 2109 1091 consuescunt.

530 1143 688 1197 Nulla
713 1139 885 1195 oratio
914 1135 1120 1192 dulcior
1146 1142 1413 1203 estquam
1441 1146 1561 1201 quae
1598 1130 1651 1183 in
1682 1128 1875 1183 divinzc
1899 1125 2113 1180 bonita-

532 1234 604 1288 tis
624 1233 781 1286 laude
806 1226 1166 1300 profunditur.
1196 1222 1348 1279 Unde
1374 1230 1429 1277 et
1455 1222 1567 1292 ipse
1587 1219 1845 1273 Dominus
1865 1234 1963 1287 per
1984 1217 2116 1271 Pro-

531 1324 749 1393 phetam
793 1321 906 1376 ait:
947 1318 1281 1386 Sacriﬁcium
1324 1313 1497 1368 laudis
1526 1307 1889 1378 honori/icabit
1930 1325 2038 1370 me,
2068 1316 2113 1360 et

530 1415 639 1471 illic
675 1417 813 1477 iter;
855 1411 995 1485 quod
1056 1408 1322 1464 ostendam
1366 1408 1447 1472 ei,
1483 1404 1715 1459 salutare
1779 1399 1875 1454 Dei
1931 1397 2111 1470 (Psal.

532 1525 688 1573 xux,
717 1507 831 1579 23).

1010 1617 1037 1645 ι
1078 1593 1411 1658 EPISTOLA
1442 1590 1648 1654 CLXV.

1014 1729 1082 1768 Αἰ)
1108 1725 1356 1767 ολιιοιιωί
1386 1720 1625 1763 MAGNUM.

2210 572 2475 628 subinfert
2517 572 2884 627 testimonium
2939 571 3124 626 dicens
3166 588 3179 626 :
3233 570 3481 641 Regnavit
3524 558 3667 622 mors
3719 567 3784 621 ab

2210 665 2379 719 Adam
2407 680 2566 735 usque
2600 664 2669 717 ad
2700 663 2935 735 Moysen.
2970 662 3029 718 Si
3064 664 3129 719 de
3156 673 3333 717 morte
3366 659 3547 715 carnis
3584 657 3788 715 solum-

2212 751 2370 805 modo
2398 749 2798 819 intelligendum
2824 756 3058 819 putaret,
3087 748 3271 817 utique
3293 746 3557 803 dixisset:
3586 744 3793 814 Regna-

2211 842 2289 896 vit
2312 857 2459 895 mors
2479 841 2546 895 ab
2573 838 2743 895 Adam
2776 855 2946 909 usque
2973 839 3038 893 ad
3066 838 3216 893 illum
3241 837 3402 901 diem,
3431 836 3497 891 de
3522 849 3633 906 quo
3659 828 3796 907 [alio

2176 952 2181 958 ’
2213 931 2354 1003 loco]
2396 931 2538 985 idem
2580 931 2694 984 ait:
2726 929 3024 984 Novissima
3058 926 3272 982 inimica
3317 919 3615 981 destruetur
3652 940 3796 977 mors

2214 1021 2265 1094 (I
2289 1020 2413 1076 Cor.
2435 1038 2527 1088 xv,
2549 1020 2662 1094 26),
2699 1036 2859 1091 quam
2889 1018 3064 1074 adhuc
3089 1018 3143 1072 in
3170 1032 3334 1073 carne
3354 1016 3536 1072 nostr‘a
3563 1029 3798 1086 regnare

2213 1115 2475 1170 dolemus.
2511 1113 2663 1170 Unde
2711 1121 2765 1167 et
2811 1113 2924 1182 ipse
2970 1104 3256 1181 Apostolus
3288 1110 3402 1164 ait:
3437 1108 3505 1163 In
3530 1108 3630 1161 hoc
3658 1099 3802 1160 enim

2213 1201 2596 1275 ingemiscimus
2647 1203 2993 1273 prwgravai,
3040 1202 3163 1271 quia
3208 1198 3450 1254 nolumus
3491 1197 3802 1268 exspoliari,

2215 1296 2307 1350 scd
2339 1294 2704 1366 supervestiri,
2758 1301 2813 1346 ut
2852 1292 3191 1346 absorbeatur
3237 1292 3353 1355 hoc,
3398 1290 3538 1362 quod
3579 1285 3807 1342 mortale

2216 1394 2314 1450 est,
2346 1402 2378 1438 a
2402 1387 2504 1439 vita
2531 1382 2617 1455 (ΙΙ
2648 1378 2770 1438 Cor.
2796 1398 2850 1448 v,
2879 1381 2956 1454 ι).
2987 1380 3218 1436 Proinde
3246 1380 3391 1434 aliud
3412 1378 3685 1449 quoddam
3713 1394 3806 1449 ge-

2217 1492 2318 1532 nus
2340 1476 2528 1531 mortis
2550 1476 2637 1530 his
2660 1474 2842 1529 verbis
2862 1471 3178 1544 Apostolum
3202 1470 3508 1542 significare
3527 1478 3808 1540 putamus,

2218 1568 2361 1638 quod
2382 1577 2639 1638 regnasse
2680 1563 2883 1622 dictum
2928 1571 3010 1618 est
3047 1563 3114 1619 ab
3156 1561 3327 1616 Adam
3360 1576 3529 1631 usque
3556 1561 3628 1615 ad
3655 1560 3809 1630 Moy-

2220 1673 2314 1714 sen
2343 1676 2356 1712 :
2390 1658 2442 1713 id
2471 1664 2576 1724 est,
2606 1670 2777 1726 usque
2819 1658 2885 1711 ad
2930 1655 3120 1709 ultima
3166 1661 3409 1722 tempora
3458 1645 3594 1722 legis
3619 1660 3676 1705 et
3706 1644 3810 1704 ini-

2221 1749 2357 1804 tium
2402 1750 2621 1821 gratim,
2673 1763 2794 1819 quze
2846 1747 2950 1802 hoc
2998 1760 3225 1817 regnum
3275 1743 3467 1798 mortis
3513 1743 3807 1799 destruxit.

537 1826 898 1901 Re‘Pandemr
921 1823 991 1878 ad
1020 1815 1569 1907 ίπκννθθηίῗθξθῗῗέξ
1594 1812 1760 1885 mea"
1796 1809 1982 1866 ³⁰ί¹⁴²ί³
2020 1809 2117 1862 ¹¹²¹’
2150 1829 2193 1890 Β
2220 1838 2364 1894 Mors
2391 1809 2540 1902 vero,
2570 1809 2636 1893 de
2661 1809 2766 1907 qua
2800 1837 2996 1893 dicitur
3020 1853 3034 1890 :
3061 1809 3333 1905 Regnavit
3353 1850 3492 1887 mors
3516 1832 3581 1887 ab
3607 1833 3808 1899 Adam,

1022 1888 1324 1956 managcni
1348 1888 1582 1942 daretur.

604 2007 666 2062 In
702 2004 920 2061 nomine
966 2003 1062 2058 Dei
1109 1999 1310 2057 Christi
1358 1994 1658 2052 Salvatoris
1702 1991 1906 2047 mundi.
1956 1988 2125 2043 David

538 2099 757 2158 Christo
777 2096 991 2154 Domini
1032 2093 1259 2150 Albinus
1296 2096 1568 2161 perpetuzc
1592 2086 1743 2157 pacis
1771 2092 1826 2139 et
1851 2080 2122 2153 prosperi-

538 2195 669 2251 tatis
691 2192 745 2247 in
773 2190 1002 2245 Domino
1032 2185 1279 2241 salutem.

613 2282 887 2355 Sapientia
908 2289 1014 2344 est,
1037 2286 1099 2332 ut
1121 2274 1423 2348 philosophi
1450 2270 1795 2333 definierunt,
1823 2266 2127 2321 divinarum

538 2379 1008 2442 humanarumque
1057 2383 1237 2423 rerum
1286 2365 1535 2428 scientia,
1576 2377 1761 2432 quam,
1788 2355 2128 2414 excellentis-

540 2469 676 2525 sime
729 2466 1023 2535 imperator
1048 2501 1062 2525 ,
1118 2456 1521 2529 religiosissima
1568 2460 1760 2506 vestra:
1810 2446 2130 2504 humilitatis

538 2557 830 2631 prudentia
876 2553 1164 2624 diligenter
1188 2549 1257 2604 ab
1281 2545 1592 2603 hominibus
1627 2541 1905 2611 requirere
1943 2550 2130 2591 assue—

539 2628 678 2715 scit,
716 2655 772 2702 ut
799 2644 1042 2701 omnium
1072 2655 1266 2696 sensus
1291 2636 1511 2709 proprio
1538 2633 1719 2689 cordis
1761 2632 2018 2685 thesauro
2047 2628 2130 2681 in-

542 2740 755 2803 fundat,
787 2744 1058 2808 quatenus
1094 2733 1162 2787 de
1187 2732 1293 2788 hoc
1322 2724 1787 2784 abundantissimo
1823 2721 2132 2776 divitiarum

540 2831 926 2907 gazophylacio
944 2826 1099 2897 juxta
1128 2822 1499 2894 evangelicum
1539 2817 1772 2873 scribam
1814 2831 1944 2867 nova
1974 2821 2020 2865 et
2050 2826 2134 2865 ve-

540 2903 655 2979 iera
687 2921 910 2994 (Matth.
959 2934 1055 2972 xui
1079 2957 1092 2979 ,
1124 2914 1224 2985 52)
1250 2910 1497 2984 proferre
1524 2907 1720 2963 valeat.
1746 2903 2009 2994 Quocirca
2040 2915 2134 2954 cu-

534 2993 754 3083 jusdam
774 3010 1034 3082 sapientis
1057 3006 1230 3062 Grmci
1260 2999 1758 3070 interrogationem,
1780 2994 1845 3049 de
1862 2993 2027 3065 pretio
2047 3008 2133 3045 sa-

543 3104 666 3158 lutis
689 3104 955 3164 humanm,
983 3100 1069 3153 cui
1095 3098 1332 3157 daretur,
1362 3089 1687 3160 inquirentis
1723 3093 1919 3140 nostra:
1947 3082 2131 3153 parvi-

544 3197 672 3252 tatis
707 3193 921 3265 iugenio
949 3190 1105 3263 [Cod.
1147 3186 1292 3251 Vat.,
1324 3179 1612 3254 ingeniolo]
1658 3178 1890 3248 dirigere
1918 3174 2128 3265 studui-
2158 3178 2200 3238 (ἶ

544 3288 667 3351 stis,
696 3264 827 3349 non,
855 3293 914 3338 ut
938 3282 1139 3353 optime
1161 3276 1308 3342 novi,
1340 3271 1656 3345 ignorando,
1698 3268 1792 3323 sed
1821 3264 2129 3337 probando,

543 3377 676 3449 quid
713 3382 911 3443 nostra:
937 3369 1222 3442 parvitatis
1267 3364 1569 3420 intellectus
1604 3358 1798 3415 exinde
1839 3354 2130 3416 sensisset,

544 3446 632 3530 vel
653 3483 684 3521 a
705 3463 981 3537 magistris
1002 3458 1297 3518 didicisset.
1323 3454 1478 3523 Quod
1500 3451 1756 3523 pretium,
1781 3447 1869 3537 cui
1889 3446 2133 3537 daretur,

545 3557 766 3628 sapiens
794 3532 881 3608 ille
910 3549 1196 3622 pratdictus
1224 3561 1255 3600 a
1293 3541 1616 3614 quibusdam
1646 3536 1928 3592 catholica:
1956 3532 2137 3587 erudi-

545 3622 713 3714 tionis
741 3648 864 3703 (iliis
892 3646 947 3701 in
974 3642 1173 3714 palatio
1195 3637 1469 3708 inquirere
1493 3631 1689 3688 dicitur
1712 3644 1728 3693 ;
1769 3634 1844 3690 et,
1874 3632 1935 3678 ut
1960 3622 2135 3677 visum

546 3713 634 3797 est
657 3737 775 3808 ejus
802 3735 1123 3809 sapientiam
1163 3726 1503 3786 audientibus
1522 3765 1536 3790 ,
1564 3722 1701 3777 velle
1727 3734 1851 3773 eum
1891 3723 2137 3771 astruere

548 3830 709 3902 hujus
732 3829 893 3901 pretii
920 3823 1280 3896 acceptricem
1312 3833 1434 3874 esse
1471 3823 1739 3877 mortem;
1782 3818 2008 3881 putans,
2047 3821 2137 3860 re-

548 3922 915 3995 demptionem
936 3930 1188 3974 essenon
1215 3928 1396 3984 posse,
1422 3910 1526 3965 nisi
1557 3907 1691 3962 forte
1717 3912 1882 3969 esset,
1905 3902 1996 3971 qui
2017 3914 2139 3970 pre-

549 3994 685 4085 tium
713 4012 1009 4083 recepisset
1049 4008 1117 4064 ab
1141 4015 1385 4077 emptore
1406 4044 1421 4070 ,
1451 4011 1612 4073 atque
1653 3998 1854 4067 aliquid
1895 3996 1976 4051 sui
2000 3994 2141 4063 juris

549 4103 783 4175 emptori
828 4117 925 4173 pro
952 4099 1125 4171 pretio
1171 4095 1485 4152 tradidisset
1526 4099 1780 4160 accepto;
1812 4089 1916 4142 hoc
1964 4087 2139 4156 ipsum

551 4208 765 4266 quoque
795 4190 1104 4262 apostolicm
1142 4186 1481 4242 auctoritatis
1506 4182 1774 4238 sententia
1815 4178 2140 4233 conﬁrmare

552 4266 724 4352 nisus,
752 4286 881 4356 quia
910 4285 1113 4340 dictum
1140 4290 1262 4338 est:
1304 4279 1556 4350 Regnavit
1592 4292 1732 4331 mors
1762 4275 1826 4329 ab
1855 4274 2022 4328 Adam
2053 4287 2143 4325 us-

549 4396 649 4451 que
678 4378 746 4435 ad
778 4377 995 4447 Moysen
1021 4375 1201 4448 (Rom.
1242 4389 1304 4438 v,
1347 4372 1458 4443 Μ).
1500 4369 1585 4426 Ad
1630 4369 1786 4438 cujus
1829 4366 2143 4437 quaestionis

549 4467 994 4541 profunditatem,
1024 4481 1092 4523 ne
1117 4465 1247 4535 quid
1286 4472 1489 4519 temere
1516 4462 1724 4527 dicam,
1756 4459 2003 4515 sensibus
2033 4455 2139 4510 Pa-

2220 1928 2313 1983 illa
2358 1936 2442 1984 est
2490 1928 2607 1983 sine
2653 1926 2837 1991 dubio,
2887 1925 2953 1980 de
2997 1939 3101 1994 qua
3149 1924 3413 1993 propheta
3439 1920 3555 1975 ait:
3587 1921 3809 1988 Anima,

2220 2036 2339 2091 qua:
2364 2012 2670 2090 peccaverit,
2695 2018 2807 2087 ipsa
2833 2016 3087 2070 morietur
3106 2015 3322 2081 (Ezeeh.
3351 2029 3501 2077 mu,
3526 2012 3606 2083 4).
3636 2012 3812 2083 Hujus

2224 2123 2354 2161 vero
2392 2121 2618 2177 regnum
2646 2105 2857 2159 mortis
2895 2103 3070 2174 gratia
3113 2103 3434 2158 adveniente
3475 2102 3815 2168 destructum

2225 2208 2329 2265 est,
2359 2209 2644 2269 postquam
2687 2197 2889 2252 Christi
2926 2196 3147 2267 sanguis
3187 2195 3628 2266 chirographum,
3669 2196 3815 2264 quod

2225 2299 2446 2361 peccata
2475 2298 2657 2359 nostlga
2688 2288 3044 2359 scripserunt,
3077 2287 3274 2342 delevit
3312 2284 3450 2357 (Col.
3476 2301 3541 2350 ιι,
3564 2283 3678 2356 14),
3711 2284 3817 2354 ani-

2228 2402 2354 2455 gens
2390 2382 2524 2437 illud
2562 2383 2704 2437 cruci
2729 2397 2748 2435 :
2777 2380 3097 2449 interﬁciens
3125 2378 3431 2433 inimicitias
3457 2377 3513 2431 in
3540 2377 3818 2446 semetipso

2231 2474 2446 2545 (Ephes.
2478 2488 2535 2535 ιι,
2567 2470 2679 2542 16),
2718 2485 2838 2541 (ιιιιε
2877 2477 3033 2524 erant
3061 2468 3206 2523 inter
3239 2467 3404 2523 Deum
3429 2474 3485 2522 et
3517 2467 3817 2524 hominem.

2232 2566 2339 2620 Sed
2368 2567 2471 2621 hoc
2492 2564 2682 2619 mortis
2704 2578 2874 2634 genus
2893 2563 3099 2616 nullum
3116 2562 3309 2616 habuit
3337 2562 3389 2616 in
3411 2559 3615 2616 Christi
3637 2559 3819 2614 anima

2232 2654 2611 2725 Redemptoris
2640 2652 2812 2707 nostri
2844 2666 3088 2721 regnum,
3116 2650 3241 2719 quia
3276 2662 3551 2718 nunquam
3580 2647 3669 2702 illa
3695 2661 3820 2716 peca

2231 2748 2405 2812 cavit;
2455 2746 2582 2801 ideo
2629 2760 2729 2800 nec
2772 2744 3125 2799 moriebatur.
3158 2742 3217 2797 Si
3258 2758 3386 2797 vero
3412 2734 3665 2797 Christus
3690 2755 3819 2811 pec.

2233 2844 2418 2891 catum
2449 2851 2555 2891 non
2578 2834 2728 2901 fecit,
2758 2834 2901 2906 quod
2929 2841 3014 2888 est
3042 2848 3189 2888 mors
3219 2832 3440 2898 animae;
3475 2838 3532 2887 et
3551 2846 3680 2887 caro
3699 2829 3820 2899 ejus

2233 2927 2489 2981 damnato
2541 2925 2733 2979 mortis
2776 2925 2965 2979 aculeo
3016 2932 3138 2978 cum
3190 2922 3444 2992 triumphi
3484 2921 3655 2993 gloria
3692 2935 3819 2976 sur.

2235 3018 2377 3074 rexit
2429 3019 2495 3073 de
2516 3016 2915 3088 sepulcro:cui
2968 3033 3109 3071 mors
3164 3015 3321 3080 ultra,
3361 3024 3417 3070 ut
3456 3016 3678 3082 dicitur,
3714 3030 3821 3071 non

2234 3104 2590 3162 dominabitur
2635 3102 2814 3180 (Rem.
2858 3123 2932 3173 v1,
2973 3107 3069 3179 9):
3097 3107 3187 3162 ubi
3240 3114 3323 3161 est
3361 3107 3617 3176 pretium,
3675 3107 3821 3177 quod

2236 3214 2384 3254 mors
2408 3199 2512 3253 sibi
2538 3198 2795 3254 traditum
2824 3211 2943 3253 esse
2965 3199 3258 3269 gloriatur?
3287 3198 3463 3266 Quare
3490 3215 3595 3255 non
3627 3199 3824 3265 tenuit,

2237 3290 2281 3344 si
2313 3289 2440 3358 jure
2478 3288 2766 3358 emptionis
2808 3289 3017 3358 accepit
3059 3288 3223 3342 illud?
3249 3287 3359 3342 Nec
3401 3288 3585 3343 statim
3633 3304 3828 3343 conse-

2236 3393 2409 3449 quens
2451 3386 2535 3433 est
2581 3386 2641 3431 ut
2681 3379 2916 3447 pretium
2961 3377 3039 3432 illi
3088 3378 3263 3442 detur,
3310 3393 3338 3432 a
3371 3393 3480 3447 quo
3506 3377 3708 3448 aliquid
3740 3392 3826 3431 re-

2236 3468 2510 3539 demptum
2535 3484 2656 3523 esse
2681 3468 2900 3524 dicitur.
2935 3467 3201 3538 Propheta
3251 3469 3394 3524 enim
3442 3477 3699 3539 precatus
3739 3466 3827 3526 est

2239 3558 2409 3614 Deum
2457 3567 2518 3614 ut
2562 3574 2622 3615 se
2676 3559 2967 3614 redimeret
3018 3560 3088 3615 ab
3129 3560 3392 3629 angustiis
3428 3560 3601 3631 (Patri.
3630 3576 3822 3628 cxvm,

2239 3647 2387 3719 “5),
2421 3664 2523 3704 nec
2550 3657 2728 3704 tamen
2760 3649 2962 3718 aliquid
2989 3649 3121 3714 Deo,
3151 3650 3291 3704 unde
3315 3650 3597 3721 angustiis,
3628 3652 3824 3720 quibus

2238 3740 2503 3811 Propheta
2535 3743 2850 3813 angebatur,
2892 3742 3050 3812 pretii
3079 3743 3364 3798 tradidisse
3407 3743 3694 3799 dicendum
3718 3752 3822 3800 est.

2240 3833 2371 3889 ltem
2393 3833 2592 3889 dicitur
2612 3834 2665 3887 in
2689 3834 2796 3888 alio
2818 3834 3027 3904 psalmo
3052 3851 3065 3888 :
3094 3834 3441 3889 Dicant-nunc
3461 3836 3551 3906 qui
3576 3836 3825 3906 redempti

2241 3938 2359 3980 sunt
2403 3943 2436 3979 a
2482 3926 2726 3991 Domino,
2776 3944 2905 3997 quos
2954 3927 3165 3981 redemit
3199 3927 3263 3981 de
3296 3943 3457 3981 manu
3498 3928 3721 3993 inimici,
3760 3930 3824 3983 de

2244 4016 2540 4087 regionibus
2598 4018 2927 4087 congregavit
2977 4034 3065 4071 eos
3113 4016 3307 4089 (Psal.
3348 4033 3459 4082 ενι,
3488 4017 3587 4089 2).
3643 4017 3826 4088 Neque

2242 4110 2387 4165 enim
2417 4109 2558 4164 Deus
2588 4110 2930 4178 omnipotens
2968 4110 3128 4164 toties
3156 4108 3310 4181 (Cod.
3354 4107 3497 4173 Vat.,
3527 4109 3683 4181 totis]
3709 4124 3828 4179 pre-

2245 4205 2380 4256 tium
2408 4201 2556 4256 dedit
2596 4202 2849 4271 gentibus
2885 4202 2970 4256 vel
3016 4202 3235 4272 regibus
3278 4200 3384 4273 [vel
3412 4200 3669 4274 inimicis]
3698 4216 3826 4271 quo-

2245 4294 2350 4349 ties
2402 4294 2654 4364 populum
2703 4310 2861 4349 suum
2907 4294 3138 4350 redemit
3181 4295 3249 4349 ab
3293 4296 3392 4349 eis.
3440 4294 3570 4351 Item
3622 4296 3678 4350 in
3726 4295 3828 4351 alio

2246 4384 2497 4455 psalmo:
2534 4383 2602 4438 Et
2638 4385 2853 4439 redemit
2904 4402 2998 4440 nos
3044 4385 3109 4439 de
3156 4402 3317 4440 manu
3368 4387 3701 4440 inimicorum
3741 4404 3830 4440 no-

2246 4485 2476 4529 strorum
2525 4474 2697 4545 (Psal.
2755 4491 2949 4539 cxxxv,
2982 4474 3094 4547 24).
3145 4474 3200 4531 Si
3237 4476 3305 4530 ad
3335 4475 3618 4531 historiam
3662 4484 3830 4531 atten—

552 4562 702 4620 trum
716 4560 1041 4630 respondere
1057 4557 1352 4628 ingrediar,
1372 4563 1535 4625 atque
1552 4552 1670 4622 ejus
1692 4551 2075 4608 obscuritatem
2090 4550 2133 4613 ι),

2249 4566 2366 4629 das,
2418 4566 2625 4620 nullum
2671 4567 2903 4635 pretium
2950 4566 3224 4638 Egyptiis
3263 4567 3430 4633 dedit,
3486 4568 3705 4638 quando
3733 4566 3833 4621 lle—

551 4655 597 4709 si
628 4650 954 4722 respondere
981 4649 1101 4715 vel,
1141 4650 1197 4704 in
1234 4646 1327 4721 [Ρ.
1353 4646 1488 4717 lcg.,
1514 4643 1729 4715 vellem]
1775 4640 2144 4712 magnitudine

551 4746 677 4801 libri
719 4760 855 4816 opus
898 4744 1025 4811 erit,
1059 4751 1239 4799 tamen
1282 4743 1357 4797 ita
1396 4740 1712 4812 temperabo
1749 4737 2054 4801 calamum,
2085 4742 2147 4789 ut

551 4836 816 4909 longioris
835 4835 1075 4907 epistolm
1095 4835 1314 4893 modum
1339 4850 1446 4890 non
1472 4835 1717 4889 excedat.

627 4931 812 4995 Primo
840 4930 1192 5001 quaarendum
1217 4944 1340 4993 esse
1363 4929 1522 4985 video
1550 4928 1615 4983 de
1635 4942 1743 4995 qua
1762 4932 1935 4980 morte
1955 4923 2146 4978 beatus

552 5019 843 5091 Apostolus
880 5021 1247 5077 testimonium
1285 5020 1629 5091 protulisset,
1661 5020 1774 5074 sive
1809 5018 1877 5072 de
1908 5016 2144 5082 diabolo,

556 5113 651 5183 qui
680 5127 823 5182 saepe
843 5112 1036 5167 mortis
1065 5113 1285 5168 nomine
1307 5112 1659 5183 designatur;
1698 5110 1782 5164 vel
1803 5110 1869 5164 de
1895 5117 2143 5179 peccato,

557 5203 702 5273 quod
727 5214 814 5259 est
839 5218 987 5268 mors
1018 5204 1213 5259 anima:
1237 5220 1253 5269 ;
1294 5211 1389 5258 aut
1424 5204 1588 5259 etiam
1629 5203 1696 5257 de
1722 5210 1897 5257 morte
1924 5203 2107 5257 carnis
2128 5244 2144 5269 ,

558 5310 679 5364 qua:
706 5302 792 5348 est
815 5310 965 5364 poma
987 5295 1185 5365 peccati
1210 5293 1383 5366 (Rom.
1415 5310 1472 5358 v,
1496 5293 1564 5346 12
1580 5333 1594 5357 ,
1619 5302 1666 5346 et
1691 5308 1769 5355 vn,
1792 5292 1919 5365 25)?
1941 5293 2147 5349 Deinde

556 5382 624 5438 de
655 5383 829 5453 pretio
853 5383 1041 5439 salutis
1071 5390 1291 5449 nostrae,
1313 5383 1573 5453 quidquid
1598 5382 1714 5449 ejus
1748 5383 1922 5453 gratia
1963 5393 2148 5439 nostro

555 5483 795 5617 sduggertt
821 5474 1025 5539 animo,
1051 5474 1142 5545 qui
1168 5488 1268 5545 pro
1306 5473 1461 5529 nobis
1495 5473 1621 5529 illud
1659 5475 1891 5545 pretium
1932 5475 2145 5543 obtulit,

600 5579 829 5617 icemus.

600 5579 829 5619 tcemus.

631 5705 662 5767 ιλ
686 5693 839 5751 Hanc
882 5696 1165 5767 epistolam
1200 5713 1267 5751 ex
1306 5713 1409 5753 ms.
1445 5696 1757 5753 Colbertino
1784 5700 2021 5767 vulgavit
2050 5700 2151 5754 Ba-

560 5762 733 5837 luzius
770 5767 865 5822 lib.
916 5762 931 5820 ἱ
969 5766 1147 5831 Misc.,
1195 5783 1318 5837 pag.
1361 5768 1495 5833 565;
1526 5769 1832 5825 addidimus
1863 5762 2152 5826 nonnullas

559 5833 820 5894 lectiones
850 5838 1120 5893 variantes
1145 5833 1213 5895 ex
1235 5833 1355 5896 eod.
1384 5856 1486 5897 ms.
1502 5840 1633 5898 bibl.
1668 5856 1829 5914 regiae
1856 5842 2147 5898 Vaticanum.

2246 4656 2427 4711 braaos
2452 4657 2517 4711 de
2546 4657 2799 4712 manibus
2841 4673 3061 4722 eorum,
3117 4658 3379 4729 sanguine
3423 4659 3638 4729 mystici
3687 4657 3828 4730 agni,

2246 4743 2482 4801 liberare
2506 4746 2763 4817 dignatus
2781 4755 2866 4802 est
2894 4748 3091 4820 (Exod.
3124 4765 3223 4813 xu,
3254 4749 3364 4823 i5).
3397 4749 3573 4820 Atque
3597 4751 3688 4807 hic
3711 4766 3833 4806 con-

2247 4835 2595 4891 siderandum
2619 4852 2741 4892 esse
2763 4847 3017 4907 putamus
3043 4839 3130 4894 cui
3169 4839 3269 4894 iste
3304 4840 3475 4910 agnus
3508 4841 3558 4893 in
3591 4841 3832 4910 redemp-

2248 4926 2449 4981 tionem
2497 4927 2680 4997 populi
2724 4928 2819 4983 Dei
2869 4929 3179 4985 immolatus
3227 4939 3390 4995 esset,
3440 4930 3673 4986 Domino
3728 4932 3831 4986 Deo

2247 5017 2773 5087 misericordissimo,
2806 5020 2891 5076 vel
2929 5021 3199 5076 Pharaoni
3231 5023 3344 5093 regi
3369 5023 3731 5092 impiissimo?
3759 5021 3834 5077 vel

2247 5124 2385 5179 quos
2422 5110 2641 5181 sanguis
2670 5110 2815 5166 illius
2842 5112 3346 5182 superliminaribus
3379 5113 3544 5167 illitus
3571 5113 3835 5168 defendis-

2248 5207 2331 5254 set
2380 5200 2448 5254 ab
2500 5201 2694 5271 angelo
2727 5202 3063 5271 percutiente
3116 5203 3306 5275 (lbid.,
3339 5220 3470 5259 vers.
3518 5204 3651 5276 25)?
3701 5205 3837 5259 Nun-

2249 5292 2379 5362 quid
2402 5308 2595 5349 carcer
2631 5296 2904 5364 propriam
2937 5297 3100 5351 habet
3127 5298 3180 5351 in
3208 5298 3510 5367 puniendos
3534 5314 3634 5368 per
3655 5314 3718 5353 se
3749 5314 3836 5371 po-

2252 5386 2539 5440 testatem?
2568 5395 2662 5440 aut
2688 5388 2884 5458 aliquis
2914 5392 3120 5446 carceri
3151 5393 3242 5447 dat
3268 5395 3501 5462 pretium
3541 5391 3836 5447 redimendi

2248 5482 2463 5536 vinctos
2491 5498 2558 5537 ex
2605 5484 2708 5555 eo?
2751 5492 2845 5539 aut
2889 5486 3067 5557 gladio
3110 5488 3271 5543 ultori
3313 5489 3576 5545 scelerum
3618 5502 3837 5543 munera

2252 5588 2360 5627 non
2385 5574 2613 5629 nocendi
2637 5574 2839 5630 occidit
2866 5576 3021 5643 (Cod.
3063 5576 3206 5645 Vat.,
3235 5594 3458 5635 munera
3484 5594 3588 5635 non
3619 5578 3833 5643 occidit;

2254 5709 2429 5786 (Apud
2454 5709 2686 5786 Froben.
2717 5712 2873 5782 epist.
2907 5713 3053 5786 ωδ.)

2326 5783 2352 5821 b
2391 5780 2623 5838 Laborat
2649 5780 2881 5854 sensus”
