4064 6342
308 401 410 459 453

1772 398 2147 457 EPISTOL/E.

3456 411 3562 468 43$

305 520 440 592 forte
483 517 606 589 leg.,
654 532 761 573 non
804 517 1018 573 nocenti
1070 533 1292 573 munera
1339 515 1631 591 accidunt],
1678 523 1732 571 et
1771 532 1878 570 non
1910 523 1951 575 Α
1981 532 2047 571 ex
2088 517 2377 589 discipulis,
2410 519 2573 575 etiam
2615 520 2896 577 cicatrices
2919 518 3034 590 ejus
3068 529 3427 588 contrectans,
3468 493 3564 597 cr-

304 607 476 678 magis
497 605 687 676 judici,
736 608 828 677 qui
866 607 1028 663 habet
1073 616 1397 678 potestatem
1438 607 1603 677 ligare
1652 606 1736 661 vel
1776 606 1879 661 sol-

302 712 449 763 vere,
475 696 721 753 occidere
745 706 800 753 et
828 699 1130 755 viviticarc?
1157 698 1215 753 Si
1242 698 1406 770 igitur
1427 706 1649 768 propter
1683 713 1878 753 nomen

302 791 707 862 redemptionis,
753 793 897 862 quod
940 802 1126 848 sancta
1183 793 1320 848 solet
1360 792 1639 862 Scriptura
1685 790 1881 859 smpius

300 901 399 956 pro
437 894 626 940 nostra
654 901 857 957 ponere
892 886 1231 947 liberatione.
1271 886 1385 940 vult
1409 885 1496 939 ille
1523 885 1757 954 sapiens,
1786 900 1880 939 nc-

299 976 590 1031 oessariam
616 991 738 1032 esse
763 976 818 1030 in
850 977 1023 1032 salute
1058 984 1242 1031 nostra
1285 976 1671 1039 venditionem,
1718 982 1879 1043 atque

293 1067 626 1136 emptionem
647 1080 769 1121 cum
791 1073 965 1122 morte
984 1067 1181 1130 dicere,
1209 1067 1301 1122 ubi
1321 1067 1468 1136 prior
1485 1064 1687 1136 emptio
1715 1072 1875 1129 esset,

295 1163 359 1209 ut
390 1171 456 1210 es
485 1171 551 1211 ea
573 1157 756 1226 priore
788 1159 1023 1213 secunda
1053 1159 1316 1229 reemptio
1339 1157 1422 1229 (ut
1444 1159 1531 1213 ille
1564 1158 1880 1228 interpreta-

290 1245 407 1315 tur)
427 1245 574 1315 juste
596 1246 702 1303 dici
726 1248 939 1304 valeat?
977 1247 1154 1319 (Quod
1184 1264 1314 1303 vero
1338 1249 1570 1305 dicimus
1592 1264 1769 1304 recrea.
1781 1249 1873 1312 tio,

290 1336 378 1390 vel
405 1335 740 1404 reformatio,
770 1338 894 1394 ideo
915 1339 1146 1395 dicimus
1169 1341 1296 1409 quia
1331 1339 1431 1397 fuit
1452 1341 1628 1411 prima
1673 1339 1876 1395 creatio

286 1437 345 1483 et
368 1427 643 1495 formatio,
667 1431 881 1500 quando
918 1431 1165 1486 homines
1196 1431 1366 1486 creati
1406 1439 1532 1486 sunt
1564 1438 1726 1500 atque
1766 1428 1876 1483 for-

287 1518 474 1590 mati.)
500 1518 814 1577 Nudatenus
834 1522 907 1579 ita
929 1521 1153 1592 intelligi
1174 1530 1353 1591 potest
1379 1521 1696 1590 redemptio,
1719 1519 1874 1590 quasi

281 1609 538 1679 Quasdam
566 1620 711 1666 esset
745 1612 946 1682 emptio
973 1620 1101 1667 ante
1125 1630 1139 1666 :
1168 1627 1269 1667 nec
1292 1613 1455 1669 etiam
1482 1612 1606 1676 hoc,
1632 1611 1775 1680 quod
1795 1611 1876 1664 di-

279 1698 433 1755 citur
479 1701 819 1771 redemptio,
867 1702 936 1757 ad
985 1702 1313 1771 emptionem
1363 1711 1574 1763 tantum
1617 1702 1870 1770 pertinet,

279 1797 548 1857 quantum
569 1790 640 1846 ad
662 1790 1055 1857 liberationem,
1081 1792 1220 1850 sicut
1242 1792 1489 1862 superius
1507 1792 1867 1858 ostendimus;

1979 606 2231 661 clamavit
2250 608 2433 663 dicens
2462 628 2473 662 :
2508 608 2761 665 Dominus
2786 629 2929 665 meus
2959 623 3006 666 et
3033 610 3173 666 Deus
3199 630 3343 668 meus
3375 613 3557 687 (Joan.

1978 712 2068 761 xx,
2092 695 2204 768 28).
2241 697 2309 751 Et
2340 715 2461 752 cum
2496 699 2637 754 illius
2668 703 2851 757 carnis
2882 711 2993 757 tota
3020 704 3302 774 integritas
3332 720 3562 776 appare-

1980 798 2080 855 ret,
2113 790 2536 846 demonstratum
2582 802 2665 848 cst
2704 792 2757 848 in
2802 810 2887 860 ea,
2927 796 3069 866 quod
3109 811 3237 852 suos
3265 799 3559 854 exhortans

1978 881 2191 936 dixerat
2235 902 2247 935 :
2300 882 2534 954 Capillus
2588 886 2772 955 capitis
2825 889 2979 942 vestri
3028 906 3131 943 non
3175 889 3360 961 peribit
3404 890 3555 959 (Luc.

1977 987 2089 1035 χιιι,
2119 974 2225 1045 18).
2254 974 2455 1029 Verum
2484 976 2529 1031 si
2560 976 2737 1045 capilli
2782 976 3093 1033 sanctorum
3136 996 3241 1034 non
3284 981 3555 1050 peribunt,

1976 1072 2176 1131 quanto
2220 1067 2391 1136 magis
2430 1082 2529 1121 nec
2569 1071 2789 1139 sanguis
2824 1068 3100 1126 Christi?»
3137 1072 3398 1127 Similiter
3431 1072 3560 1128 bea-

1978 1159 2062 1205 tus
2079 1152 2392 1224 Fulgentius
2406 1154 2542 1226 (Lib.
2557 1174 2616 1212 ιιι
2631 1158 2700 1211 ad
2708 1156 3111 1215 Trasimundum
3128 1179 3316 1233 regem,
3332 1181 3448 1235 cap.
3466 1163 3573 1235 54).

1975 1240 2042 1295 de
2073 1251 2181 1297 tota
2210 1244 2546 1301 humanitate
2587 1249 2833 1323 corporis
2879 1250 3079 1306 Christi
3126 1233 3463 1308 ascendentis
3504 1233 3557 1331 in

1975 1332 2173 1387 cmlum’
2214 1336 2577 1394 testimonium
2609 1337 2714 1397 tale
2743 1339 2795 1392 in
2823 1339 2959 1395 libro
2997 1342 3062 1396 de
3110 1340 3215 1397 ﬁde
3246 1341 3556 1397 Christiana

1973 1424 2254 1499 proferens
2278 1445 2290 1484 :
2313 1446 2329 1475 ι
2353 1425 2573 1494 Postea,
2599 1429 2792 1499 inquit,
2822 1446 2984 1498 quam
3012 1433 3193 1506 posuit
3222 1433 3477 1500 animam,
3503 1444 3560 1490 et

1974 1519 2359 1591 resumpsisset
2397 1521 2693 1575 secundum
2732 1527 2900 1575 totam
2942 1523 3334 1579 humanitatem
3380 1540 3555 1592 suam,

1974 1606 2028 1660 in
2082 1608 2276 1663 omium
2326 1609 2586 1677 ascendit,
2634 1619 2689 1665 et
2723 1611 2776 1665 in
2816 1612 3037 1677 dextera
3067 1612 3162 1671 Dei
3193 1614 3424 1669 sedisset
3448 1613 3559 1687 [se-

1974 1699 2092 1775 det}
2123 1741 2137 1755 .
2169 1722 2188 1754 ι
2232 1702 2481 1759 Redemit
2524 1704 2669 1761 enim
2716 1720 2814 1760 nos
2861 1704 3105 1762 diversas
3153 1707 3424 1763 sustinens
3469 1706 3554 1761 in-

1963 1791 2143 1864 jurias
2165 1804 2220 1850 et
2241 1797 2544 1868 passiones,
2569 1797 2782 1853 vincula
2812 1814 3031 1873 passus,
3054 1797 3225 1869 alapis
3244 1813 3434 1864 czesns,
3458 1796 3555 1857 ﬂa-

278 1877 429 1945 quod
471 1885 527 1935 et
565 1877 735 1948 ipsius
775 1879 991 1941 Domini
1044 1881 1221 1939 verbis
1275 1882 1493 1951 probari
1538 1890 1738 1952 potest,
1776 1885 1868 1941 ubi
1903 1862 1946 1921 Β
1973 1862 2126 1955 genus
2152 1862 2469 1942 verberatus
2497 1862 2598 1944 est.
2628 1862 2877 1947 Redemit
2911 1862 3098 1965 usque
3135 1862 3397 1962 sanguine
3421 1862 3553 1963 pas—

273 1967 404 2030 ait:
443 1967 615 2027 Filius
652 1971 876 2031 hominis
904 1989 1009 2029 non
1049 1975 1185 2035 venit
1231 1975 1545 2041 ministrari,
1591 1976 1683 2033 sed
1717 1979 1867 2035 mini-

271 2069 471 2128 strare,
504 2071 554 2116 et
582 2062 714 2121 dare
739 2065 969 2121 animam
1005 2082 1158 2123 suam
1191 2056 1596 2137 redemptionem
1620 2085 1714 2138 pro
1737 2069 1868 2129 mul-

271 2151 347 2209 tis
369 2150 587 2224 (Matth.
614 2169 704 2218 xx,
729 2154 842 2225 28).
877 2154 1009 2221 Quis
1041 2157 1203 2212 audet
1232 2157 1413 2217 dicere
1450 2158 1686 2217 animam
1715 2160 1862 2216 illam

268 2250 544 2309 sanctam,
585 2244 1006 2311 immaculatam,
1052 2257 1388 2318 segregatam
1429 2250 1497 2305 ab
1545 2252 1692 2305 omni
1739 2266 1863 2321 pec-

267 2341 419 2397 cato,
459 2334 623 2389 morti
647 2336 830 2390 datam
860 2338 1017 2395 esse?
1043 2337 1210 2407 Magis
1242 2339 1523 2401 videamus
1547 2342 1636 2396 cui
1665 2343 1782 2398 hmo
1806 2344 1861 2401 in

266 2421 703 2490 redemptionem
730 2433 968 2478 nostram
1000 2426 1236 2481 daretur.
1262 2427 1449 2484 Refert
1471 2430 1663 2489 beatus
1687 2431 1861 2489 Lucas

266 2511 607 2580 evangelista
636 2513 806 2569 Deum
842 2512 1031 2572 Jesum
1058 2518 1114 2572 in
1137 2534 1301 2578 cruce
1343 2519 1613 2581 clamasse
1636 2541 1648 2578 :
1675 2523 1856 2593 Pater,

259 2600 327 2655 in
354 2618 542 2658 manus
567 2612 687 2661 tuas
716 2605 1018 2666 commendo
1043 2603 1285 2677 spiritum
1327 2622 1532 2675 meum;
1562 2622 1611 2666 et
1631 2613 1744 2668 haec
1772 2616 1858 2669 di-

257 2707 394 2746 cens
438 2694 720 2763 exspiravit
767 2696 920 2767 (Luc.
963 2713 1120 2762 XXIII,
1161 2698 1274 2769 46).
1320 2698 1554 2769 Spiritus
1594 2710 1650 2757 et
1677 2689 1859 2759 anima

256 2779 486 2840 diversi
504 2791 637 2840 Sunt
656 2786 873 2845 nomina
895 2802 910 2851 ;
935 2786 1032 2842 sed
1050 2787 1136 2843 his
1166 2789 1486 2844 testimoniis
1517 2790 1727 2847 Domini
1752 2810 1857 2848 una

255 2886 391 2930 esse
428 2887 518 2930 res
561 2877 893 2946 agnoscitur.
937 2876 1054 2933 Non
1096 2879 1260 2949 igitur
1305 2880 1487 2951 aliqua
1533 2884 1856 2939 necessitate

256 2973 507 3031 coactus,
536 2967 634 3022 sed
659 2969 879 3038 propria
907 2969 1199 3035 voluntate,
1234 2973 1478 3039 tradidit,
1507 2974 1635 3029 dum
1663 2975 1851 3042 voluit,

253 3055 535 3125 spiritum.
569 3055 693 3112 Sive
721 3061 957 3114 animam
979 3061 1094 3115 sive
1112 3062 1363 3133 spiritum
1390 3063 1635 3122 dicamus
1660 3082 1674 3125 ;
1703 3063 1852 3123 Patri

254 3146 682 3212 commendavit,
710 3156 766 3202 et
801 3148 1023 3205 tradidit
1049 3151 1103 3205 in
1132 3152 1556 3222 redemptionem
1583 3163 1847 3221 nostram,

250 3236 405 3297 sicut
443 3246 568 3298 ante
604 3239 872 3309 praedixit,
920 3240 1009 3299 ubi
1056 3242 1169 3299 ait:
1204 3242 1522 3302 Potestatem
1547 3244 1712 3301 habeo
1750 3263 1848 3316 po-

249 3326 421 3388 nendi
465 3328 699 3385 animam
742 3346 948 3396 meam,
1000 3340 1049 3385 et
1087 3339 1397 3402 potestatem
1448 3333 1612 3388 habeo
1661 3336 1865 3389 iterum.

247 3420 501 3475 sumendi
521 3437 637 3475 eam
658 3420 842 3493 (Joan.
871 3423 1060 3494 $.18).
1083 3423 1335 3481 Animam
1359 3440 1490 3484 vero
1518 3440 1672 3481 suam
1694 3425 1851 3481 Chri-

247 3517 373 3567 stus
403 3526 504 3580 pro
533 3512 688 3573 nobis
711 3514 914 3583 posuit,
963 3522 1019 3569 et
1064 3516 1282 3585 quando
1320 3515 1511 3582 voluit,
1541 3517 1754 3587 posuit;
1793 3525 1851 3572 et

247 3601 476 3671 quando
499 3602 700 3672 posuit,
725 3601 875 3661 Patri
909 3604 1071 3675 188
1091 3605 1518 3672 commendavit;
1549 3614 1606 3662 et
1625 3606 1843 3671 iterum,

245 3694 474 3765 quando
512 3694 697 3759 voluit,
741 3697 970 3766 sumpsit
1009 3712 1149 3752 eam.
1191 3696 1399 3753 Ponere
1427 3713 1557 3770 ergo
1584 3699 1844 3764 animam,

249 3785 525 3843 moriest.
550 3783 693 3841 Caro
711 3787 892 3856 posuit
916 3787 1173 3853 animam,
1202 3797 1259 3844 et
1284 3804 1413 3845 caro
1434 3790 1631 3844 iterum
1660 3804 1847 3860 sump-

245 3878 321 3932 sit
338 3892 471 3932 eam
500 3885 768 3955 potestate
798 3879 1150 3936 inhabitantis
1178 3868 1339 3936 verbi
1370 3881 1467 3935 Dei
1493 3881 1548 3935 in
1577 3895 1662 3936 eo.
1692 3879 1846 3947 Quod

245 3969 339 4027 hic
360 3970 523 4027 dicit:
541 3969 859 4030 Potestatem
878 3971 1043 4026 habeo
1055 3973 1281 4043 ponendi
1298 3974 1528 4027 animam
1548 3988 1746 4038 meam;
1771 3972 1845 4027 ibi

245 4062 448 4136 [Edit.,
470 4063 586 4138 ubi]
611 4065 815 4122 dictum
836 4071 953 4118 est:
975 4062 1240 4118 Inclinato
1263 4064 1428 4135 capite
1450 4063 1668 4117 tradidit
1689 4063 1846 4133 spiri-

245 4161 359 4209 tum
385 4153 569 4225 (JOan.
594 4168 709 4218 xix.
731 4152 842 4226 50).
862 4152 963 4220 Qui
989 4152 1211 4222 spiritus
1232 4152 1413 4206 anima
1432 4160 1540 4216 est,
1561 4166 1724 4220 quam
1749 4166 1846 4221 po-

247 4245 358 4300 suit
377 4243 630 4305 Christus
647 4244 776 4299 dum
794 4243 982 4298 voluit.
1005 4243 1063 4297 In
1077 4256 1137 4296 se
1152 4242 1296 4297 enim
1316 4250 1560 4312 potestas
1579 4250 1718 4304 erat,
1736 4256 1843 4299 non

247 4338 302 4393 in
331 4345 529 4399 morte,
582 4337 798 4407 quando
836 4344 1064 4407 poneret
1106 4334 1363 4405 animam,
1396 4333 1614 4405 quando
1643 4334 1842 4389 iterum

245 4436 495 4485 sumeret
519 4441 661 4482 eam.
691 4426 830 4494 Quid
854 4441 987 4482 vero
1009 4426 1065 4480 in
1092 4425 1453 4496 Redemptore
1477 4432 1664 4483 nostro
1691 4439 1859 4481 mors.

246 4516 538 4588 potestatis
563 4516 770 4582 habuit,
801 4517 929 4571 dum
954 4516 1137 4571 omnia
1164 4515 1386 4589 propria
1410 4514 1685 4569 voluntate
1714 4530 1839 4589 per-
1870 4525 1921 4622 ὖ

246 4608 392 4675 fecit,
427 4624 549 4679 qua:
574 4617 775 4664 nostra:
802 4608 992 4669 salutis
1021 4623 1185 4666 causa
1214 4609 1484 4667 cannnuni
1510 4624 1633 4664 cum
1659 4608 1836 4681 patria

244 4696 362 4770 [F.,
400 4696 588 4770 Patre]
638 4697 932 4762 voluntate,
980 4713 1170 4769 gerere
1225 4698 1523 4768 disposuit?
1567 4698 1735 4771 Igitur
1772 4698 1837 4753 de

245 4790 569 4845 dormientis
590 4788 762 4845 Adam
792 4789 961 4846 latere
982 4790 1119 4856 Eva,
1147 4804 1269 4860 qua:
1294 4791 1683 4861 interpretatur
1702 4791 1833 4857 vita,

246 4880 486 4937 formata
527 4889 615 4937 est
653 4880 805 4954 (Gen.
837 4897 901 4947 ιι,
923 4880 1049 4954 21);
1078 4882 1158 4945 sic
1185 4882 1251 4938 de
1279 4881 1481 4939 Christi
1509 4882 1681 4940 latere
1708 4883 1836 4939 dor-

248 4977 470 5032 mientis
515 4977 569 5032 in
615 4991 775 5032 cruce
818 4975 1089 5045 prolatum
1140 4984 1227 5031 est
1274 4976 1530 5032 Ecclesiae
1576 4977 1833 5051 pretium.

250 5066 405 5124 Unde
432 5076 489 5122 et
514 5066 631 5137 ipse
677 5081 777 5138 per
818 5065 1145 5136 PrOphetam
1174 5084 1188 5121 :
1215 5067 1328 5142 Ego
1367 5068 1610 5132 dormivi,
1638 5068 1833 5137 inquit,

244 5168 294 5212 et
322 5174 567 5213 somnum
596 5157 729 5227 cepi,
759 5165 807 5211 et
833 5157 1116 5220 resurrexi,
1156 5158 1405 5231 quoniam
1432 5156 1690 5213 Dominus
1719 5175 1837 5212 sus-

246 5249 380 5318 cepit
404 5263 487 5302 me
539 5246 713 5319 (Psai.
750 5262 832 5311 ιιι,
874 5245 950 5318 6).
997 5245 1115 5300 Nisi
1156 5245 1296 5301 forte
1343 5246 1599 5319 quislibet
1640 5247 1839 5301 audeat

247 5340 431 5397 dicere
456 5339 602 5412 quod
630 5340 849 5410 sanguis
885 5338 1110 5403 Christi,
1142 5338 1233 5408 qui
1276 5336 1482 5393 eil‘usus
1525 5345 1611 5391 est
1647 5336 1837 5392 lancea

248 5433 434 5489 militis
460 5433 518 5489 in
546 5441 750 5489 terram
796 5431 974 5503 (Joan.
999 5446 1113 5496 nx,
1139 5428 1252 5500 54),
1284 5437 1458 5485 morte
1506 5426 1624 5501 [F.,
1650 5428 1834 5501 morti]

250 5525 608 5581 remansisset
633 5524 789 5594 quasi
814 5524 1068 5593 pretium.
1101 5521 1299 5591 Audiat
1334 5520 1462 5589 quid
1497 5520 1687 5579 beatus
1720 5520 1834 5576 Au-

247 5616 498 5684 gustinus
542 5617 596 5670 in
635 5616 774 5672 libro
814 5630 869 5670 iv
914 5613 1264 5685 pulcherrimi
1306 5613 1488 5682 operis
1534 5613 1599 5668 de
1645 5621 1835 5667 sancta

252 5705 517 5763 Trinitate
568 5706 720 5779 (Cap.
774 5707 831 5779 5)
877 5707 1093 5763 sentiat.
1146 5704 1288 5760 Dicit
1330 5703 1478 5758 enim
1530 5711 1652 5773 post
1709 5718 1836 5757 con-

255 5812 441 5862 gruam
489 5799 556 5854 de
607 5809 779 5856 morte
818 5799 1017 5855 Christi
1061 5796 1475 5869 disputationem
1509 5813 1521 5848 :
1561 5813 1578 5845 ι
1604 5793 1668 5848 Et
1694 5810 1833 5849 unus

1965 1976 2193 2031 sionem.
2225 1976 2305 2030 Ad
2334 1986 2666 2047 postremum
2688 1978 2919 2035 redemit
2942 1993 3061 2041 nos,
3086 1978 3345 2039 miracula
3372 1995 3556 2035 resur-

1965 2070 2221 2130 rectionis
2267 2071 2593 2137 ostendens,
2651 2071 2792 2127 sicut
2841 2071 2977 2127 dixit
3017 2071 3309 2142 Apostolus
3359 2080 3552 2127 cuncta

1962 2158 2339 2234 complectens.
2378 2179 2391 2214 :
2445 2159 2638 2231 Magno
2682 2161 2847 2232 pretio
2902 2160 3150 2231 redempti
3199 2161 3321 2214 estis
3349 2158 3398 2231 (Ι
3425 2157 3549 2214 Cor.

1961 2249 2177 2320 “,20).
2208 2250 2338 2317 Quis
2366 2266 2496 2306 vero
2536 2250 2665 2306 illud
2711 2251 3011 2321 accepisset
3049 2258 3161 2304 tam
3201 2258 3395 2320 potens
3428 2264 3554 2320 pre-

1963 2340 2119 2405 tium,
2161 2341 2444 2395 audiamus
2485 2341 2611 2410 quid
2639 2339 2997 2394 Cassiodorus
3024 2339 3255 2393 eximius
3283 2339 3553 2409 interpres

1959 2427 2299 2483 Psalmorum
2327 2429 2558 2483 dixisset
2583 2429 2650 2484 de
2678 2444 2743 2484 eo
2772 2443 2932 2483 versu
2957 2447 2970 2481 :
3004 2426 3428 2497 Redemptionem
3454 2428 3553 2481 nti-

1959 2519 2025 2572 sit
2053 2517 2309 2572 Dominus
2343 2519 2533 2590 p0pulo
2556 2536 2651 2574 suo
2676 2518 2849 2591 (Psalt
2882 2536 2968 2586 cx,
3000 2519 3075 2591 9).
3115 2539 3132 2569 ι
3154 2519 3552 2575 Couvenientcr

1959 2608 2124 2674 enim,
2150 2609 2243 2675 ait,
2273 2609 2491 2675 dicitur,
2524 2608 2949 2681 Redemptionem
2980 2611 3140 2676 misit,
3168 2612 3424 2681 quoniam
3446 2600 3551 2667 hoc

1958 2697 2278 2769 videbantur
2312 2699 2553 2772 indigere
2590 2700 2808 2775 captivi.
2848 2698 2954 2758 Sed
3000 2700 3107 2756 tale
3150 2702 3383 2775 pretium
3426 2702 3546 2767 fuit,

1956 2788 2101 2856 quod
2137 2804 2244 2843 non
2279 2796 2543 2865 tyrannus
2581 2798 2839 2854 Sumeret,
2870 2790 2963 2846 sed
2990 2791 3079 2845 ille
3108 2791 3199 2861 qui
3229 2791 3547 2846 abeolveba-

1958 2888 2046 2936 tur
2074 2882 2361 2953 acciperet.
2404 2881 2672 2937 Lucratus
2711 2891 2795 2941 est
2831 2883 3076 2957 captivus
3124 2884 3545 2954 redemptionem

1937 2980 2130 3038 suam,
2161 2980 2217 3028 et
2243 2973 2361 3043 ipse
2401 2974 2573 3044 magis
2614 2973 2740 3028 inde
2768 2974 2991 3039 ditatus,
3021 2974 3114 3045 qui
3138 2973 3422 3029 tenebatur
3450 2975 3546 3030 ob-

1953 3065 2168 3129 noxius,
2199 3072 2255 3120 et
2291 3073 2551 3136 tyrannus
2594 3064 2901 3129 damnatus,
2952 3066 3043 3135 qui
3091 3064 3306 3120 tenebat
3348 3080 3493 3119 eum.
3520 3085 3538 3115 ι

1955 3155 2063 3212 Sed
2109 3157 2457 3227 quierendum
2486 3166 2574 3212 est
2599 3156 2906 3227 diligentius
2937 3164 3098 3225 atque
3128 3154 3319 3208 merito
3348 3154 3542 3208 intuitu

1955 3247 2369 3319 inspiciendum,
2397 3262 2467 3301 an
2480 3245 2687 3316 jusiius
2715 3247 2929 3302 dicatur
2954 3254 3185 3301 mortem
3207 3261 3236 3299 a
3260 3245 3545 3301 Salvatore

1955 3349 2142 3395 nostro
2175 3340 2479 3411 suscepisse
2505 3340 2762 3413 pretium,
2813 3354 2881 3397 an
2926 3339 3098 3410 ipsam
3140 3347 3369 3393 mortem
3413 3352 3542 3410 pre-

1955 3431 2086 3486 tium
2112 3445 2236 3486 esse
2267 3431 2652 3505 redemptionis
2679 3439 2895 3488 nostrae.
2928 3430 3225 3489 Audiamus
3252 3430 3381 3501 quid
3407 3431 3540 3485 bea-

1952 3530 2042 3576 tus
2080 3521 2412 3592 Augustinus
2456 3522 2581 3578 inde
2629 3521 2774 3577 dicat
2822 3519 2977 3597 [Cod.
3023 3518 3161 3587 Vat.,
3210 3520 3433 3591 indicat]
3484 3520 3540 3575 in

1949 3610 2087 3667 libro
2132 3621 2328 3683 quarto
2372 3612 2439 3668 de
2481 3620 2672 3667 sancta
2712 3612 2979 3666 Trinitate
3007 3610 3158 3683 (Cap.
3189 3611 3276 3676 19.,
3304 3612 3359 3666 in
3386 3609 3537 3682 line),

1950 3702 2040 3757 ubi
2077 3702 2312 3773 plurima
2355 3702 2667 3777 disputabat
2707 3703 2773 3758 de
2806 3701 3007 3777 pmnali
3034 3710 3090 3756 et
3107 3700 3408 3771 justissima
3437 3701 3539 3757 mi-

1948 3792 2104 3853 seriae
2128 3800 2343 3857 nostrae,
2371 3801 2427 3847 et
2454 3808 2559 3847 non
2588 3792 2768 3847 debita
2800 3792 3012 3850 Domini
3041 3793 3211 3847 nostri
3232 3790 3358 3847 Jesu
3379 3792 3536 3848 Chri-

1947 3881 2017 3943 sti
2043 3889 2236 3941 morte.
2278 3880 2401 3937 iAd
2440 3888 2693 3949 mortem,
2721 3881 2911 3950 inquit,
2948 3896 3048 3950 per
3078 3889 3359 3950 peccatum
3384 3881 3535 3936 veni-

1947 3987 2090 4038 mus,
2135 3980 2192 4027 et
2228 3971 2316 4026 ille
2354 3986 2453 4045 per
2483 3970 2773 4044 justitiam.
2824 3970 2893 4025 Et
2939 3972 3060 4025 ideo
3100 3986 3224 4025 cum
3273 3972 3344 4026 sit
3385 3986 3534 4027 mors

1945 4073 2131 4135 nostra
2165 4078 2327 4140 pmna
2360 4065 2588 4139 peccati,
2620 4077 2768 4118 mors
2795 4061 2934 4117 illius
2958 4062 3099 4116 facta
3126 4070 3211 4116 est
3231 4062 3404 4117 hostia
3432 4079 3532 4133 pro

1944 4154 2200 4230 peccatis.
2226 4173 2244 4205 ι
2280 4152 2541 4207 Similiter
2585 4152 2690 4207 alio
2737 4151 2971 4221 capitulo
3017 4150 3260 4220 ejusdem
3307 4152 3427 4206 libri
3464 4153 3532 4208 de

1944 4251 2119 4303 morte
2160 4242 2362 4299 Christi
2414 4244 2489 4298 ita
2535 4243 2666 4299 dicit
2709 4240 2861 4314 (Cap.
2913 4243 2999 4309 15,
3041 4259 3094 4296 n.
3136 4241 3263 4316 i7):
3306 4242 3531 4314 «Neque

1943 4336 2087 4396 enim
2116 4335 2433 4407 cujusquam
2451 4334 2575 4405 jure
2594 4334 2879 4405 potestatis
2905 4342 3098 4389 exutus
3126 4342 3210 4389 est
3236 4334 3531 4392 carnaliter

1945 4426 2118 4503 [Leg.,
2140 4425 2350 4498 carne],
2379 4427 2471 4481 sed
2497 4426 2614 4497 ipse
2641 4441 2698 4480 se
2724 4426 2893 4480 exuit.
2922 4423 3059 4479 Nam
3088 4424 3179 4495 qui
3210 4434 3397 4498 posset
3420 4441 3527 4480 non

1943 4520 2081 4574 mori
2112 4519 2157 4574 si
2190 4517 2373 4583 nollet,
2402 4517 2611 4590 [procul
2656 4516 2839 4589 dubio]
2881 4516 3007 4586 quia
3045 4514 3231 4580 voluit,
3278 4525 3527 4571 mortuus

1942 4618 2043 4665 est.
2068 4600 2138 4663 Et
2158 4608 2278 4663 ideo
2298 4609 2631 4679 principatus
2650 4615 2706 4661 et
2722 4614 3022 4676 potestates
3042 4604 3367 4683 exemplavit
3390 4603 3528 4659 [idu-

1940 4699 2149 4753 cialiter
2198 4698 2538 4767 triumphans
2590 4711 2684 4751 eas
2733 4696 2789 4750 in
2836 4695 3146 4771 semetipso.
3206 4695 3376 4751 Morte
3425 4709 3526 4749 sua

1940 4790 2135 4859 quippe
2162 4804 2269 4843 uno
2293 4788 2578 4843 verissimo
2605 4784 2870 4844 sacriﬁcio
2891 4801 2991 4859 pro
3020 4786 3174 4842 nobis
3193 4787 3374 4842 oblato
3394 4804 3441 4854 ;›
3468 4795 3525 4842 et

1940 4889 2135 4935 czetera
2180 4894 2301 4950 quae
2350 4878 2669 4935 mirabiliter
2713 4878 3059 4948 prosequitur
3103 4877 3169 4932 de
3209 4879 3399 4933 eadem
3440 4894 3521 4933 re.

1930 4974 2070 5045 item
2091 4981 2216 5044 post
2236 4986 2429 5041 pauca,
2474 4969 2527 5027 in
2564 4983 2630 5023 eo
2659 4967 2910 5037 capitulo,
2942 4967 3027 5022 cui
3057 4966 3219 5022 talem
3242 4967 3525 5037 proposuit

1940 5062 2199 5137 [titulum]
2230 5080 2241 5115 :
2271 5061 2346 5115 De
2375 5060 2636 5135 sacriﬁcio
2667 5059 2893 5132 perfecto
2913 5068 2961 5113 et
2986 5076 3102 5114 vero
3131 5058 3270 5130 quod
3293 5059 3402 5129 ipse
3425 5075 3521 5130 pro

1939 5155 2084 5209 nobis
2130 5151 2375 5209 Salvator
2414 5152 2628 5223 eﬂectus
2658 5160 2752 5216 est,
2784 5150 3110 5206 lucidissime
3151 5150 3385 5205 ostendit
3426 5151 3521 5222 qui

1916 5253 2084 5309 esset
2124 5243 2378 5298 sacerdos
2420 5251 2475 5296 et
2502 5241 2647 5312 quod
2680 5241 3031 5307 sacrificium,
3060 5256 3158 5312 pro
3184 5241 3397 5312 quibus,
3434 5242 3520 5298 vel

1938 5352 1969 5392 a
1990 5351 2095 5406 quo
2116 5335 2353 5390 oblatum
2374 5341 2538 5390 esset.
2567 5333 2657 5389 A‘it
2675 5335 2818 5390 enim
2841 5333 3106 5407 (August.,
3131 5333 3230 5388 loc.
3262 5337 3374 5399 cit.,
3399 5351 3515 5406 cap.

1938 5427 2057 5500 id):
2087 5445 2104 5478 ‹
2128 5426 2260 5495 Quis
2287 5442 2415 5497 ergo
2440 5425 2740 5496 tamjustus
2759 5432 2815 5480 ct
2828 5434 3047 5480 sanctus
3075 5426 3326 5481 sacerdos
3354 5442 3516 5496 quam

1936 5519 2128 5577 unicus
2164 5517 2261 5572 Dei
2292 5515 2481 5581 Filius,
2526 5516 2753 5586 qui-non
2778 5531 2913 5586 opus
2937 5515 3163 5570 haberet
3185 5531 3284 5586 per
3309 5516 3519 5570 sacriﬁ-

1936 5611 2078 5666 cium
2126 5623 2224 5664 sua
2266 5612 2781 5679 purgarelpeccata,
2826 5620 2926 5660 nec
2968 5605 3271 5676 originalis,
3312 5620 3415 5660 nec
3449 5620 3513 5660 ex

1937 5702 2172 5755 humana
2201 5699 2310 5754 vita
2340 5713 2460 5769 qua:
2489 5696 2801 5757 adduntur?
2834 5696 2903 5751 Et
2929 5695 3057 5773 quid
3082 5705 3192 5751 tam
3217 5711 3520 5768 coagmen-

1938 5801 2021 5847 ter
2047 5791 2115 5846 ab
2142 5789 2461 5847 hominibus
2495 5796 2819 5854 sumeretur,
2867 5787 3009 5858 quod
3051 5802 3152 5860 pro
3179 5790 3258 5845 eis
3294 5788 3519 5846 oii‘erre-
