4064 6342
497 333 506 346 ’
525 348 630 411 εδδ

1396 345 1456 400 Β.
1496 345 1554 399 F.
1586 341 1811 397 ALBINI
1848 340 1982 398 SEU
2018 338 2293 396 ALCUINI
2340 338 2622 396 OPERUM
2659 338 2840 394 PARS
2875 338 2916 393 ι.

3659 331 3761 391 436

528 470 634 528 tur,
681 474 844 532 quam
883 460 1119 516 humana
1165 459 1331 515 caro?
1371 459 1438 517 Et
1467 460 1595 528 quid
1635 467 1742 513 tam
1782 467 1967 529 aptum
2002 458 2103 511 im—
2134 464 2171 515 Α
2202 457 2293 521 95,
2318 456 2407 529 26)
2437 472 2537 527 pro
2567 457 2696 511 suis.
2720 455 2865 510 ldem
2891 455 3004 525 ipse
3026 460 3219 524 potens
3241 466 3363 506 cum
3393 449 3502 505 Deo
3529 450 3692 507 Patre
3715 460 3766 508 et

528 552 826 615 molationi,
872 567 1037 621 quam
1090 565 1218 603 caro
1262 550 1580 605 mortalis?»
1631 550 1699 604 Et
1741 550 1902 621 paulo
1937 556 2099 619 post:

529 662 550 694 ι
572 643 707 710 Quid
739 650 847 697 tam
871 650 1023 712 grate
1050 640 1234 695 oﬁ‘crri
1262 648 1316 693 et
1343 640 1540 711 suscipi
1563 640 1751 710 possit,
1783 655 1945 709 quam
1974 653 2103 693 caro

527 732 777 789 sacriﬁcii
812 731 981 786 nostri
1029 745 1225 801 corpus
1264 730 1512 784 eti‘ectum
1560 730 1860 784 sacerdotis
1900 728 2101 793 nostri;

526 833 584 879 ut
617 825 872 895 quoniam
911 830 1143 893 quatuor
1183 820 1596 875 considerantur
1629 821 1681 875 in
1719 820 1864 875 omni
1890 817 2103 887 sacriﬁo

526 918 629 982 cio,
674 917 759 971 cui
800 915 1079 978 offeratur,
1129 929 1161 968 a
1198 928 1304 982 quo
1341 910 1623 976 offeratur,
1668 912 1796 981 quid
1820 911 2103 977 oII‘eratur,

498 1010 622 1078 'pro
645 1006 840 1077 quibus
865 1004 1140 1066 offeratur,
1192 1002 1334 1056 idem
1378 1001 1494 1071 ipse
1533 1017 1674 1056 unus
1696 1017 1964 1072 verusque
1990 1015 2108 1054 me-

524 1099 703 1154 diator
746 1113 845 1169 per
890 1093 1217 1151 sacriﬁcium
1260 1092 1413 1167 pacis
1464 1093 1819 1148 reconcilians
1860 1107 1960 1147 nos
1994 1091 2106 1146 Deo

525 1206 691 1246 unum
741 1188 897 1262 [Cod.
965 1185 1109 1253 Vah,
1167 1188 1416 1262 unicum]
1472 1201 1593 1241 cum
1649 1185 1740 1240 illo
1794 1184 1965 1248 foret,
2017 1181 2105 1237 cui

523 1280 798 1344 uﬁ'erebat,
848 1296 1013 1333 unum
1045 1279 1099 1333 in
1127 1294 1188 1334 se
1216 1279 1445 1345 faceret,
1473 1293 1572 1349 pro
1598 1277 1793 1346 quibus
1821 1272 2103 1337 offerebat,

523 1388 661 1428 unus
689 1373 803 1444 ipse
832 1380 998 1436 esset,
1050 1373 1141 1442 qui
1180 1372 1442 1426 oﬁ‘erebat
1484 1378 1541 1426 et
1585 1368 1727 1439 quod
1774 1366 2054 1422 oll‘ercbat.
2079 1383 2098 1417 ι

521 1462 707 1521 Nonne
728 1463 1071 1539 perspicuum
1113 1470 1200 1517 est
1239 1462 1326 1517 his
1356 1460 1516 1533 189
1541 1460 1722 1515 verbis
1756 1458 1899 1513 beati
1925 1455 2118 1527 Augu-

492 1553 648 1636 ἐιίηί
688 1553 828 1608 bene
876 1552 1180 1615 intellectis,
1228 1551 1314 1607 cui
1357 1552 1462 1606 hoc
1505 1550 1831 1607 sacriﬁcium
1878 1548 2106 1603 obtulit?

496 1643 636 1727 .Nisi
665 1644 805 1700 forte
834 1645 955 1715 quis
986 1645 1184 1698 audeat
1207 1644 1409 1709 dicere,
1442 1643 1587 1698 aliud
1624 1658 1745 1697 esse
1780 1640 2105 1696 sacriﬁcium

520 1739 665 1819 quod
693 1738 803 1795 Deo
826 1738 974 1793 Patri
1012 1737 1248 1792 oblatum
1277 1744 1380 1802 est,
1411 1735 1554 1790 aliud
1596 1734 1831 1806 pretium
1869 1747 1976 1802 quo
2013 1746 2103 1785 re-

495 1814 723 1913 :dempti
770 1847 972 1891 sumus.
1012 1831 1071 1885 In
1119 1829 1367 1885 omnibus
1412 1828 1641 1897 injuriis,
1694 1825 1996 1897 opprobriis
2042 1840 2107 1879 ac
2139 1828 2180 1887 Β

497 1923 885 2001 φαεείοηίῢυε,
931 1936 1069 1993 quas
1116 1921 1310 1975 unicus
1355 1920 1448 1973 Dei
1492 1918 1661 1973 Filius
1706 1916 1962 1971 sustinuit
2002 1931 2103 1986 pro

522 2013 701 2079 nobis,
756 2012 885 2084 quid
936 2020 1146 2084 gestum
1193 2019 1295 2076 est,
1348 2009 1448 2064 nisi
1498 2008 1697 2064 oblatio
1737 2023 1836 2081 pro
1868 2006 2105 2076 peccatis

521 2108 746 2171 nostris,
789 2107 889 2162 nisi
926 2106 1157 2177 pretium
1199 2104 1583 2174 redemptionis
1625 2102 1860 2157 nostras?
1906 2100 1972 2155 Et
2015 2117 2106 2155 su-

497 2186 785 2274 :perﬁuum
828 2197 1039 2253 videtur
1069 2211 1314 2268 quaerere
1349 2194 1470 2265 quis
1502 2194 1643 2248 hanc
1669 2192 1992 2245 oblationem
2021 2190 2106 2244 vel

522 2291 628 2345 hoc
672 2290 904 2361 pretium
953 2289 1269 2358 accepisset,
1305 2287 1433 2341 dum
1472 2286 1662 2340 beatus
1696 2283 1894 2337 Paulus
1916 2283 1969 2337 in
1998 2291 2108 2337 ter-

522 2381 659 2436 tium
702 2388 889 2450 raptus
932 2379 1127 2434 cmlum
1155 2378 1260 2432 tale
1289 2377 1356 2432 de
1383 2391 1470 2441 eo,
1511 2375 1603 2445 qui
1634 2382 1718 2430 est
1761 2373 2014 2429 sacerdos
2052 2380 2108 2427 et

522 2469 733 2535 hostia,
778 2470 1013 2540 pretium
1063 2477 1119 2523 et
1170 2466 1400 2531 oblatio,
1448 2463 1694 2536 proferre
1742 2462 2107 2518 testimonium

523 2576 631 2616 non
658 2561 857 2625 timuit,
892 2560 981 2631 qui
1010 2559 1358 2629 semetipsum,
1388 2556 1593 2619 dicens,
1633 2572 1727 2626 pro
1766 2554 1912 2607 nobis
1954 2552 2107 2606 obtu-

523 2648 584 2705 lit
611 2650 934 2719 sacriﬁcium
959 2648 1065 2701 Deo
1094 2648 1149 2702 in
1175 2646 1386 2701 odorem
1413 2644 1687 2699 suavitatis
1720 2642 1934 2714 (Ephes.
1954 2658 2007 2706 v,
2025 2640 2102 2714 2).

527 2741 596 2797 Et
626 2741 769 2812 quod
795 2741 907 2795 vita
934 2739 1144 2795 venerit
1171 2740 1236 2793 ad
1268 2746 1497 2793 mortem
1538 2744 1771 2792 testatur
1813 2735 1956 2790 idem
1993 2732 2107 2787 Au-

508 2833 774 2902 gustinus
825 2832 877 2886 in
930 2829 1357 2900 quinquagesimi
1406 2827 1580 2881 octavi
1629 2824 1823 2897 psalmi
1872 2830 2107 2877 tractatu

528 2926 726 2999 (Serm.
750 2925 805 2988 2,
832 2942 887 2979 n.
917 2924 971 2996 4)
1003 2941 1016 2977 :
1047 2944 1064 2974 ι
1087 2923 1226 2991 Quid
1270 2929 1450 2975 autem
1497 2919 1761 2981 fecerunt,
1814 2917 2003 2986 inquit,
2056 2915 2109 2969 in

525 3016 780 3074 Christo?
818 3012 933 3069 Non
981 3014 1168 3079 vitam,
1222 3013 1316 3067 sed
1363 3018 1592 3065 mortem
1638 3008 1966 3063 occiderunt.
1999 3007 2110 3060 Ex-

528 3107 727 3161 stincta
752 3106 949 3175 quippe
974 3111 1170 3168 morte,
1192 3101 1303 3157 vita
1327 3099 1644 3156 resurrexit.
1660 3119 1677 3151 ›
1710 3097 1823 3168 Ipse
1844 3113 1972 3152 vero
1989 3095 2112 3151 Sal-

504 3206 686 3263 ,vator
710 3205 912 3259 noster,
933 3197 987 3250 in
1013 3204 1272 3265 quantum
1297 3193 1565 3249 medicina
1586 3199 1670 3246 est
1695 3198 1749 3244 et
1770 3188 1936 3252 salus,
1959 3187 2113 3241 nobis
2139 3201 2185 3257 ο

506 3289 688 3360 datus
726 3295 832 3353 est,
879 3287 1018 3341 sicut
1046 3286 1241 3341 dicitur
1263 3301 1292 3338 a
1317 3283 1581 3356 propheta
1610 3301 1622 3335 :
1654 3279 1823 3335 Filius
1854 3279 2009 3333 datus
2038 3285 2113 3329 est

534 3375 702 3438 nobis,
737 3387 784 3431 et
816 3377 987 3448 factus
1010 3386 1081 3430 est
1117 3377 1441 3447 principatus
1483 3373 1597 3444 ejus
1640 3387 1797 3441 super
1836 3369 2109 3422 humerum

528 3472 644 3542 ejus
675 3470 829 3541 (lsai.
864 3486 938 3535 ιιι,
969 3469 1044 3540 6).
1078 3468 1296 3523 Scilicet
1334 3468 1488 3521 Isaac
1524 3477 1743 3519 crucem
1782 3460 2018 3531 portavit
2058 3459 2112 3512 in

532 3562 776 3617 humeris
829 3560 898 3615 ad
953 3559 1372 3613 immolationem
1417 3555 1519 3610 sui.
1573 3553 1719 3607 Idem
1769 3549 2018 3606 sacerdos
2061 3556 2118 3605 et

508 3653 859 3725 sacriﬁcium
885 3652 994 3705 Dco
1029 3649 1174 3703 Patri
1205 3666 1235 3702 a
1265 3647 1557 3716 semetipso
1582 3643 1793 3698 oblatus
1818 3655 1917 3711 pro
1943 3638 2115 3692 salute

534 3752 722 3801 nostra
750 3744 803 3797 in
823 3742 1044 3797 odorem
1074 3739 1376 3796 suavitatis.
1408 3736 1486 3791 De
1508 3749 1616 3806 quo
1641 3732 1907 3803 Propheta
1934 3729 2117 3784 Domi-

511 3852 663 3906 ,num
682 3834 895 3904 jurasse
935 3833 1065 3888 dicit
1094 3850 1105 3883 :
1133 3831 1211 3884 Tu
1236 3847 1288 3883 es
1310 3826 1553 3883 sacerdos
1574 3826 1629 3879 in
1654 3833 1902 3879 retentum
1932 3836 2118 3874 secun-

532 3929 659 3983 dum
708 3927 942 3981 ordinem
982 3922 1359 3979 Melchisedech
1406 3916 1601 3992 (Psal.
1653 3932 1761 3980 crx,
1808 3912 1906 3985 4).
1964 3911 2117 3981 Quod

531 4018 901 4074 testimonium
959 4017 1153 4072 beatus
1194 4013 1497 4085 Cyprianus
1535 4010 1725 4064 doctor
1771 4005 2019 4076 egregius
2064 4010 2120 4057 et

533 4116 742 4180 martyr
763 4107 1026 4178 gloriosus
1044 4107 1117 4160 ita
1141 4103 1362 4173 intelligi
1384 4100 1554 4156 voluit
1578 4098 1770 4171 (Epist.
1796 4094 1915 4166 63):
1941 4113 1958 4143 ι
1980 4092 2117 4147 Nam

538 4200 662 4270 quis
699 4199 892 4271 magis,
937 4198 1127 4266 inquit,
1166 4194 1420 4251 sacerdos
1446 4191 1544 4245 Dei
1576 4188 1771 4244 summi
1810 4201 1974 4257 quam
2012 4183 2119 4237 Do-

535 4288 717 4342 minus
760 4294 946 4341 noster
990 4283 1147 4340 Jesus
1190 4282 1460 4346 Christus,
1507 4278 1600 4349 qui
1647 4274 1971 4333 sacriﬁcium
2005 4272 2116 4327 Deo

530 4379 683 4436 Patri
726 4378 940 4443 obtulit,
986 4384 1043 4432 et
1085 4373 1279 4430 obtulit
1325 4375 1429 4428 hoc
1475 4371 1618 4427 idem
1653 4367 1797 4439 quod
1834 4366 2116 4421 Melchise-

535 4469 672 4524 dech
696 4467 984 4531 obtulerat,
1009 4466 1063 4519 id
1095 4472 1179 4520 est
1200 4479 1395 4534 panem
1424 4470 1479 4517 et
1506 4462 1710 4523 vinum,
1737 4456 1939 4530 [suum]
1972 4455 2119 4509 scili-

2206 545 2409 616 Spiritu
2447 554 2636 600 sancto
2681 546 2847 599 vitam
2896 543 3237 598 credentibus
3283 543 3335 596 in
3378 556 3455 596 se.
3486 541 3633 597 Idem
3664 543 3768 599 Deo

2203 645 2260 691 et
2294 638 2418 691 vivo
2459 637 2769 708 unigenitus
2800 635 2894 689 Dei
2916 634 3086 689 Filius
3118 632 3381 688 Dominus
3406 640 3594 687 noster
3617 631 3769 690 Iesus

2200 727 2471 791 Christus,
2508 728 2661 799 cujus
2695 727 2813 783 laus
2838 734 2893 780 et
2922 725 3094 795 gloria
3120 724 3173 778 in
3205 722 3397 778 szccula
3425 723 3768 794 sempiterna.

2272 861 2329 916 In
2359 860 2533 915 Patris
2559 868 2614 916 et
2634 860 2777 925 Nati,
2806 859 3056 914 Paracliti
3084 867 3140 913 et
3168 859 3385 914 nomine
3411 872 3610 927 magno

2347 952 2429 1007 Sit
2465 953 2559 1007 tibi
2586 952 2939 1023 prosperitas,
2967 951 3157 1021 gloria,
3190 950 3318 1014 vita,
3348 949 3514 1004 salus.

2273 1043 2318 1100 Ο
2348 1044 2421 1098 mi
2450 1044 2622 1099 dulcis
2653 1058 2802 1098 amor
2832 1042 3017 1105 David,
3048 1042 3100 1095 in
3123 1040 3265 1096 secla
3290 1040 3487 1095 valeto.

2346 1136 2429 1192 Sit
2458 1136 2595 1202 laus,
2627 1135 2742 1201 lux,
2771 1135 2964 1201 virtus,
2992 1133 3240 1188 Christus
3266 1132 3464 1201 ubique
3488 1131 3609 1189 tibi.

2275 1247 2544 1302 Fortassis
2562 1246 2908 1313 Atheniensis
2926 1246 3165 1315 sophista
3181 1259 3247 1299 ex
3269 1244 3577 1299 academica
3597 1245 3778 1301 schola

2203 1341 2509 1411 huiusmodi
2535 1339 2759 1410 protulit
2782 1338 3162 1407 quastionem;
3208 1353 3330 1393 cum
3357 1353 3465 1409 quo
3495 1338 3783 1396 Platonicis

2202 1431 2480 1503 paulisper
2504 1432 2665 1487 liceat
2694 1430 3026 1499 argumentis
3057 1430 3219 1484 verba
3256 1443 3563 1485 conserere.
3615 1430 3783 1485 Porro

2204 1523 2421 1577 beatum
2475 1521 2698 1576 Paulum
2748 1521 2975 1590 legimus
3013 1536 3135 1576 cum
3175 1521 3363 1576 stoicis
3400 1521 3701 1590 disputare,
3726 1529 3782 1574 ut

2205 1627 2395 1667 eorum
2420 1627 2516 1667 eos
2542 1612 2845 1682 disciplinis
2886 1612 2954 1666 ab
2992 1625 3179 1665 errore
3237 1610 3293 1666 in
3342 1610 3486 1664 viam
3535 1609 3785 1664 veritatis

2207 1703 2599 1758 transduceret.
2656 1703 2791 1756 Nam
2841 1710 2897 1756 et
2946 1702 3179 1771 populus
3202 1702 3322 1767 Dei,
3375 1701 3781 1756 redimendusa

2208 1792 2465 1846 servitute
2489 1792 2801 1857 durissima,
2834 1791 3170 1863 Egyptiacis
3207 1790 3409 1845 ditatus
3432 1792 3656 1856 divitiis,
3683 1792 3785 1847 du-

2207 1898 2325 1938 cem
2355 1899 2385 1937 a
2416 1883 2526 1938 Deo
2552 1883 2813 1937 directum
2841 1891 3076 1947 secutus,
3129 1897 3195 1937 ex
3224 1882 3422 1953 quibus
3450 1881 3502 1935 in
3532 1883 3786 1938 taberna-

2184 1974 2311 2029 ‘culi
2366 1974 2776 2030 aediﬁcationem
2826 1973 3054 2044 plurima
3103 1974 3213 2027 Deo
3260 1972 3400 2027 dona
3426 1973 3643 2027 obtulit.
3680 1970 3788 2027 Cur

2204 2074 2451 2145 nontam
2476 2066 2754 2136 pneclaris
2778 2065 3022 2121 eruditus
3050 2064 3309 2135 exemplis
3354 2062 3671 2119 dialecticos
3714 2062 3785 2118 illi

2204 2158 2591 2227 qumstionario
2636 2158 2986 2227 proponimus
3032 2156 3374 2226 syllogismos
3399 2196 3414 2219 ,
3464 2163 3526 2209 ut
3563 2169 3783 2209 suorum

2206 2248 2480 2303 sauciatus
2522 2248 2690 2302 armis
2732 2248 2787 2302 in
2825 2247 3075 2303 catholici
3107 2248 3381 2302 exercitus
3404 2246 3582 2300 libens
3607 2254 3784 2300 castra

2206 2347 2470 2395 recurrat.
2520 2340 2617 2396 Dic
2645 2380 2662 2406 ,
2707 2340 3000 2410 rogo,-die
3028 2381 3041 2403 ,
3094 2340 3284 2395 doctor
3327 2337 3783 2408 prudentissime!

2208 2441 2463 2489 utrumne
2510 2447 2657 2487 mors
2703 2433 2774 2487 sit
2800 2433 3098 2487 substantia
3120 2434 3145 2486 ’ἔ
3183 2431 3459 2498 Quatenus
3485 2430 3784 2492 videamus,

2210 2527 2255 2580 si
2308 2523 2468 2595 digne
2499 2524 2606 2579 dici
2644 2524 2836 2579 debeat
2871 2531 3078 2578 tantum
3125 2538 3246 2577 eam
3293 2521 3595 2590 suscepisse
3648 2536 3785 2592 pra:-

2211 2618 2378 2673 mium
2409 2615 2565 2688 [Cad.
2599 2614 2743 2683 Vat.,
2779 2616 3016 2686 suscepit
3059 2613 3338 2685 pretium].
3370 2613 3535 2683 Igitur
3565 2613 3613 2669 si
3642 2628 3789 2670 mors

2210 2707 2512 2764 substantia
2556 2717 2659 2772 est,
2690 2715 2936 2761 creatura
2969 2706 3064 2760 Dei
3089 2714 3195 2770 est,
3221 2705 3347 2776 quia
3382 2704 3524 2758 nulla
3553 2712 3639 2759 est
3662 2704 3790 2759 sub-

2212 2799 2426 2861 stantia,
2461 2798 2566 2852 nisi
2595 2807 2688 2852 aut
2715 2798 2829 2867 ipse
2857 2797 2961 2862 sit,
2989 2804 3082 2851 aut
3109 2813 3138 2850 a
3166 2810 3226 2850 se
3250 2802 3456 2850 creata.
3493 2793 3553 2849 Si
3597 2808 3732 2850 vero
3757 2809 3788 2848 a

2213 2891 2324 2947 Deo
2375 2898 2555 2946 creata
2609 2904 2756 2944 mors
2803 2898 2906 2953 est,
2937 2889 3077 2943 inter
3102 2902 3267 2957 opera
3300 2902 3395 2942 sex
3421 2886 3632 2942 dierum
3669 2899 3791 2941 eam

2214 2995 2334 3036 esse
2361 2987 2597 3036 creatam
2626 2980 2826 3035 nemini
2869 2980 3112 3035 dubitare
3140 2978 3302 3042 licet;
3335 2977 3459 3046 quia
3491 2976 3607 3047 ipse
3640 2990 3794 3032 crea—

2216 3079 2320 3136 tor,
2349 3079 2408 3125 ut
2434 3077 2619 3125 sancta
2647 3069 2813 3126 refert
2841 3070 3088 3133 historia,
3114 3075 3272 3124 sexto
3296 3068 3383 3123 die
3398 3066 3795 3123 consummavit

2216 3178 2379 3233 opera
2416 3178 2511 3217 sua
2551 3170 2606 3218 et
2641 3162 2697 3216 in
2725 3162 2954 3233 septimo
2981 3161 3245 3231 requievit
3283 3160 3350 3215 ab
3389 3159 3642 3214 omnibus
3668 3172 3802 3227 ope-a

2222 3255 2368 3309 ribus
2396 3254 2508 3308 suis
2541 3252 2696 3324 (Gen.
2726 3268 2786 3316 η,
2821 3252 2899 3322 2).
2933 3250 2990 3306 Si
3033 3252 3197 3322 igitur
3230 3250 3370 3306 inter
3402 3249 3523 3304 illos
3560 3264 3657 3302 sex
3681 3248 3796 3303 dies

2216 3361 2365 3400 mors
2386 3352 2567 3399 creata
2598 3346 2718 3399 esse
2745 3357 2854 3399 non
2883 3343 3172 3408 invenitur,
3197 3341 3384 3411 utique
3409 3347 3664 3394 creatura
3692 3352 3795 3392 non

2216 3448 2319 3492 est.
2371 3437 2438 3491 Et
2472 3436 2519 3491 si
2569 3442 2817 3490 creatura
2846 3450 2951 3489 non
2978 3441 3061 3489 est
3088 3474 3104 3498 ,
3155 3447 3284 3502 ergo
3313 3447 3413 3488 nec
3440 3430 3644 3500 aliquid
3673 3429 3796 3484 sub-

2217 3528 2435 3582 stantia.
2472 3526 2584 3581 Nec
2610 3524 2790 3595 plane,
2836 3524 3095 3595 quidquid
3126 3523 3340 3578 nomine
3369 3516 3562 3576 mortis
3591 3517 3796 3590 signiﬁ-

2218 3616 2330 3672 cari
2358 3616 2586 3678 videtur,
2614 3615 2767 3684 prius
2807 3612 2909 3668 fuit
2956 3627 3119 3681 quam
3148 3612 3312 3667 homo
3333 3616 3635 3680 peccasset.
3669 3607 3796 3675 Qua

2218 3716 2301 3763 est
2320 3706 2596 3779 originalis
2621 3704 2825 3775 peccati
2846 3718 3025 3773 paena,
3048 3703 3190 3757 inter
3212 3700 3501 3770 originales
3520 3706 3798 3754 creaturas

2221 3798 2680 3867 eandita?Atque
2729 3797 2849 3877 ideo
2888 3810 2989 3851 nec
3037 3802 3184 3850 recte
3222 3801 3472 3848 creatura
3500 3791 3608 3847 dici
3643 3804 3800 3863 posse

2218 3893 2501 3966 probatur.
2533 3889 2592 3945 Si
2614 3904 2744 3944 vero
2768 3888 2926 3959 190
2949 3888 3050 3942 hac
3075 3886 3354 3941 dialectica
3381 3883 3643 3956 praefatus
3691 3897 3802 3938 ma-

2217 3988 2384 4058 gister
2410 3985 2619 4039 ratione
2648 3983 2971 4038 credendum
2997 3997 3102 4038 non
3129 3980 3359 4035 aestimet
3387 4018 3401 4043 ,
3430 3985 3664 4033 mortem
3696 3990 3799 4031 non

2221 4093 2343 4133 esse
2376 4082 2637 4141 creatam,
2665 4074 2757 4130 Dei
2805 4073 2889 4128 vel
2920 4083 3119 4131 sancta:
3149 4070 3442 4140 Scriptura:
3488 4067 3801 4124 testimonio

2222 4167 2427 4229 credat,
2462 4181 2583 4236 quae
2611 4164 2763 4229 dicit,
2791 4172 2851 4217 ut
2881 4162 3078 4234 legitur
3108 4179 3121 4215 :
3154 4160 3414 4215 Dominus
3451 4169 3674 4213 mortem
3701 4171 3803 4210 nou

2223 4260 2344 4331 fecit
2373 4257 2527 4332 (Sap.
2559 4255 2734 4327 1,15).
2765 4254 2933 4327 Igitur
2974 4254 3019 4307 si
3061 4252 3320 4308 Dominus
3345 4264 3465 4303 eam
3493 4263 3604 4303 non
3635 4245 3765 4302 fecit
3785 4283 3802 4310 ,

2220 4351 2427 4420 utique,
2452 4358 2513 4404 ut
2538 4346 2796 4411 diximus,
2828 4360 2927 4400 nec
2951 4352 3198 4400 creatura
3221 4348 3323 4397 est.
3348 4340 3458 4396 Nec
3483 4339 3634 4394 aliud
3658 4337 3808 4394 vide-

2184 4457 2191 4465 '
2223 4451 2312 4497 tur
2332 4455 2451 4496 esse
2476 4447 2730 4503 mortem,
2768 4436 2873 4492 nisi
2901 4434 3223 4489 absentiam.
3260 4431 3397 4498 Quia
3425 4430 3517 4485 ubi
3543 4430 3655 4483 vita
3676 4424 3806 4496 aiu-

532 4566 622 4613 cet
650 4572 846 4628 corpus
878 4563 933 4613 et
961 4524 1295 4627 sanguinem.
1318 4573 1335 4603 ι
1367 4550 1475 4605 Pro
1508 4548 1663 4603 nobis
1691 4524 1901 4611 obtulit,
1920 4524 1991 4599 ut
2016 4559 2114 4599 nos

2219 4541 2442 4589 ventute
2457 4531 2575 4603 [F.,
2592 4529 2827 4602 vivente]
2855 4527 3092 4592 recedet,
3115 4527 3186 4581 ibi
3212 4526 3315 4581 erit
3337 4524 3468 4579 illud
3490 4524 3637 4594 quod
3657 4535 3811 4578 mors
3832 4548 3837 4551 -

520 4664 598 4710 eo
622 4647 912 4702 redimeret
946 4645 1233 4700 sacriﬁcio.
1275 4644 1595 4711 Utrumque,
1626 4648 1680 4695 et
1706 4654 1805 4711 pro
1832 4638 1986 4692 nobis
2022 4636 2118 4691 ob-

534 4740 655 4794 tulit
690 4741 794 4794 hoc
840 4738 1186 4801 sacriﬁcium,
1228 4745 1285 4791 et
1326 4735 1479 4790 nobis
1526 4733 1673 4788 dedit
1714 4733 1768 4786 in
1801 4729 2116 4786 memoriale

533 4829 945 4899 sempiternum,
982 4827 1125 4881 sicut
1151 4826 1204 4880 in
1232 4825 1522 4896 Evangelio
1551 4822 1745 4894 legitur
1770 4840 1781 4874 :
1816 4820 1884 4875 Et
1906 4829 2115 4891 accepto

536 4937 692 4992 parte,
721 4920 896 4990 inquit
916 4918 1265 4989 evangelista,
1290 4917 1487 4986 gratias
1509 4915 1609 4986 egit
1630 4923 1677 4968 et
1700 4913 1872 4984 fregit,
1900 4921 1948 4966 et
1972 4912 2115 4965 dedit

537 5013 616 5067 eis
645 5012 861 5066 dicens:
888 5009 1002 5065 Hoc
1030 5020 1101 5064 est
1132 5025 1317 5079 corpus
1350 5023 1520 5061 meum
1546 5004 1685 5077 quod
1715 5020 1810 5074 pro
1848 5003 1987 5057 vobis
2017 5001 2117 5055 da-

533 5113 638 5158 tur.
668 5102 786 5157 Hoc
811 5103 969 5173 facite
992 5101 1046 5154 in
1068 5115 1235 5152 meam
1261 5096 1821 5151 commemorationem.
1866 5090 2126 5147 Similiter

532 5203 580 5249 et
624 5193 838 5256 calicem
893 5202 1164 5264 postquam
1212 5190 1424 5247 coenavit
1466 5188 1641 5241 dicens
1667 5203 1685 5240 :
1715 5183 1817 5239 Hic
1861 5193 1936 5238 est
1983 5180 2125 5235 calix

537 5283 678 5341 Novi
703 5282 1019 5339 Testamenti
1040 5283 1096 5337 in
1118 5282 1369 5352 sanguine
1397 5296 1531 5342 meo,
1559 5277 1698 5348 quod
1722 5293 1818 5347 pro
1842 5275 1982 5329 vobis
2005 5272 2125 5342 {un-

530 5372 683 5431 detur
704 5373 855 5447 (Luc.
873 5390 1007 5440 χχιι,
1032 5373 1116 5438 I9,
1130 5371 1240 5444 20).
1254 5371 1399 5425 Idem
1417 5371 1597 5438 itaque
1617 5367 1788 5421 victor
1807 5373 1864 5421 et
1879 5364 2121 5426 victima,

532 5472 588 5518 et
615 5464 735 5521 ideo
761 5467 936 5521 vietor
956 5467 1081 5536 quia
1120 5464 1358 5519 victima.
1396 5460 1540 5515 Idem
1576 5459 1758 5526 itaque
1786 5454 2039 5510 sacerdos
2064 5458 2120 5506 et

535 5558 880 5623 sacriﬁcium,
907 5568 960 5614 et
994 5560 1112 5614 ideo
1146 5555 1403 5613 sacerdos
1427 5553 1555 5621 quia
1582 5547 1929 5605 sacriﬁcium.
1963 5545 2020 5598 In
2053 5558 2117 5598 ea

534 5649 729 5719 quippe
772 5658 968 5705 natura
1008 5646 1286 5717 sacerdos,
1317 5636 1445 5714 quia
1482 5638 1826 5701 sacriﬁcium,
1866 5633 2120 5690 excelsior

522 5735 672 5809 '_caelis
715 5736 907 5807 factus,
949 5752 1149 5808 semper
1194 5736 1336 5794 virus
1383 5727 1737 5801 interpellasse
1783 5723 1968 5799 (Hebr.
2016 5740 2114 5792 vn,

2225 4626 2454 4690 dicitur;
2493 4624 2634 4679 sicut
2675 4622 2913 4676 tenebrat
2948 4618 3022 4673 nil
3050 4617 3193 4673 aliud
3229 4626 3375 4680 sunt,
3415 4616 3519 4670 nisi
3558 4612 3809 4691 absentia

2222 4718 2377 4775 lucis.
2406 4717 2476 4771 At
2496 4716 2542 4771 si
2564 4729 2710 4769 mors
2739 4721 2987 4769 creatura
3012 4726 3117 4765 non
3148 4715 3326 4773 est,ut
3349 4720 3476 4761 vere
3498 4706 3808 4761 divinarum

2222 4808 2533 4867 testimonio
2550 4807 2874 4868 litterarum,
2901 4801 2983 4860 vel
3029 4806 3468 4873 argumentorum
3494 4791 3812 4853 rationabili

2223 4901 2549 4978 necessitate
2581 4898 2869 4968 probatum
2911 4902 3013 4958 est,
3045 4892 3319 4962 quomodo
3352 4889 3603 4958 accipere
3629 4885 3814 4957 potuit

2222 4993 2454 5067 pretium
2485 4976 2735 5046 omnibus
2759 4986 3023 5043 creaturis
3043 4982 3410 5041 excellentius.
3442 4977 3720 5048 Quidquid
3756 4976 3814 5029 in

2224 5085 2434 5142 Domini
2473 5082 2767 5138 Salvatoris
2813 5078 2984 5135 nostri
3026 5077 3279 5149 passione
3301 5072 3562 5129 diabolica
3603 5067 3813 5125 invidia

2224 5177 2309 5232 vel
2343 5174 2562 5230 Judaiea
2586 5170 2811 5242 perﬁdia
2843 5179 3049 5241 gestum
3077 5182 3198 5223 esse
3233 5166 3460 5236 legitur,
3488 5162 3596 5216 hoc
3630 5168 3817 5214 totum

2225 5270 2326 5325 fuit
2350 5269 2544 5324 divina:
2570 5265 2788 5335 pietatis
2813 5262 3142 5332 dispensatio
3158 5301 3174 5325 ,
3226 5274 3357 5314 usus
3382 5270 3567 5311 eorum
3598 5251 3819 5308 malitia

2226 5364 2282 5418 in
2310 5377 2368 5417 se
2397 5359 2513 5432 [F.,
2537 5357 2671 5430 suae]
2699 5356 2956 5412 bonitatis
2984 5353 3234 5408 effectum
3280 5356 3584 5415 nostraeque
3611 5342 3820 5398 salutis

2218 5452 2539 5524 profectum.
2570 5449 2641 5504 At
2684 5445 2944 5518 quidquid
2992 5443 3238 5499 diabolus
3283 5456 3380 5512 per
3405 5453 3591 5495 eorum
3624 5432 3822 5491 carni-

2221 5544 2351 5599 ﬁcas
2374 5557 2568 5598 manus
2596 5540 2711 5596 suis
2740 5536 2855 5610 [F.,
2876 5535 3039 5607 juris]
3069 5533 3300 5605 gessisse
3321 5528 3549 5601 putavit,
3591 5527 3703 5580 hoc
3728 5532 3821 5578 to-

2218 5644 2334 5690 tum
2366 5634 2506 5689 illius
2531 5633 2623 5703 qui
2647 5643 2839 5702 passus
2864 5636 2946 5683 est
2964 5666 2980 5690 ,
3019 5624 3316 5680 voluntaria
3346 5620 3448 5675 fuit
3471 5615 3775 5688 permissio
3798 5651 3820 5678 .

2217 5725 2300 5781 vel
2328 5723 2607 5797 dispositio
2634 5763 2648 5789 ,
2693 5735 2800 5777 non
2834 5717 3082 5776 mortalis
3110 5713 3405 5773 dominatio
3433 5707 3817 5766 necessitatis.
