4064 6342
278 343 372 401 457

1649 342 2029 400 EPISTOLE.

3406 353 3512 411 458

275 455 336 510 Et
359 452 555 511 mirum
581 453 847 523 quomodo
873 455 1031 509 morti
1060 455 1189 510 dare
1229 454 1460 525 pretium
1508 464 1789 526 putantur
1818 496 1834 521 ,
1866 462 1911 518 Α
1939 455 2192 511 sistentes
2238 464 2417 512 autem
2462 455 2688 513 viriliter
2719 458 3000 525 obviandi;
3049 461 3197 517 dubii
3249 477 3379 520 vero
3426 466 3512 519 vel

271 544 355 615 qui
376 543 537 597 morti
562 543 698 597 nihil
720 544 935 599 debuit?
965 560 1066 599 nec
1097 560 1243 600 mors
1265 586 1279 609 ,
1325 546 1464 601 sicut
1490 547 1690 602 dictum
1717 556 1799 602 est
1820 587 1835 613 ,

1939 546 2330 603 rationabiliter
2373 549 2697 615 attrahendi,
2729 550 2812 606 vel
2841 552 3231 622 circumspecte
3259 552 3512 612 dissimu-

268 627 564 690 substantia
592 642 696 699 est,
728 643 788 689 ut
815 635 920 690 tale
965 636 1202 705 pretium
1241 637 1364 707 jure
1411 652 1703 707 exposcere
1740 653 1837 708 po-
1936 638 2117 705 landi;
2152 642 2467 709 cunctisque
2512 643 2921 697 monstrandum
2951 683 2965 708 ,
3000 657 3115 725 nec
3133 644 3509 700 auctoritatem

269 727 470 783 tuisset.

717 830 743 858 ι
774 817 1111 874 EPISTOLA
1147 817 1373 876 CLXVI.

262 923 352 963 δῖυ
389 924 723 964 εΑΡιτυιΑιιε
761 926 1144 967 ΛὩΠΟΝΙΤΙΟΝ15
1188 928 1256 966 ΑΙ)
1312 926 1528 967 EUIIDEII
1563 927 1830 967 ῦΑιιοιωι.

323 1000 569 1072 Capitula
596 1019 714 1073 qua:
740 1002 835 1056 tali
862 1004 1095 1059 conveni:
1128 1006 1180 1057 in
1209 1014 1436 1075 tempore
1461 1007 1759 1059 memorari.

323 1093 368 1147 Ι.
406 1092 792 1148 Testamentum
829 1095 886 1148 in
915 1096 1136 1151 mortuis
1162 1095 1529 1163 conﬁrmatur,
1575 1096 1832 1165 Apostolo

252 1191 585 1255 protestante
611 1183 798 1254 (Hebr.
828 1200 904 1249 ix,
939 1186 1050 1256 17).
1083 1186 1313 1255 Ideoque
1350 1196 1472 1257 post
1506 1189 1713 1243 obitum
1759 1198 1832 1243 te-

252 1276 473 1330 statoris
498 1276 860 1331 omnimodam
883 1276 1190 1332 ﬁrmitatem
1213 1278 1463 1334 obtinuit.
1488 1278 1641 1346 Quod
1667 1281 1829 1336 etiam

249 1374 377 1422 ante
422 1374 651 1422 mortem
686 1382 983 1424 consensus
1021 1369 1263 1424 omnium
1307 1369 1664 1425 conﬁrmavit.
1713 1372 1829 1427 Non

248 1456 434 1526 itaque
460 1464 644 1527 postea
668 1458 812 1512 valet
832 1458 1051 1530 infringi
1092 1461 1237 1530 quod
1279 1467 1439 1515 antea
1479 1462 1626 1517 nullo
1668 1464 1829 1519 modo

245 1549 424 1619 potuit
445 1549 759 1618 improbari.

310 1638 380 1693 ll.
413 1638 732 1709 Quicunque
757 1641 1001 1695 testatori
1028 1641 1298 1711 reperitur
1318 1642 1581 1713 ingratus,
1607 1642 1829 1713 insuper

243 1737 298 1782 et
336 1728 760 1784 contumeliosus
794 1730 1013 1795 existat,
1060 1730 1176 1802 ipse
1217 1732 1318 1786 sibi
1373 1732 1526 1788 testis
1570 1740 1653 1787 est
1700 1733 1824 1802 quia

242 1826 571 1875 testamento
618 1819 811 1891 dignus
850 1836 956 1876 non
992 1829 1095 1876 est.
1134 1822 1294 1877 Verbi
1327 1838 1489 1878 causa
1529 1822 1826 1879 :Cbanaan
1860 1804 1902 1865 Β

242 1908 417 1978 patris
438 1908 848 1965 inexhunoratio
870 1924 1087 1966 servum
1111 1911 1419 1977 constituit;
1445 1913 1588 1968 Esau
1608 1922 1826 1983 propter

239 1999 718 2070 intemperantiam
745 2004 1102 2075 primogenita
1140 2004 1399 2075 perdidit;
1439 2005 1625 2062 Ruben
1647 2006 1827 2077 junio-

240 2093 394 2147 ribus
437 2092 694 2149 fratribus
734 2096 1056 2152 contumelia
1102 2106 1325 2167 paterna
1372 2099 1693 2169 postposuit.
1743 2098 1824 2153 Ad

235 2191 572 2254 postremum
611 2201 825 2257 quoque
858 2201 873 2240 :
906 2186 1011 2253 Qui
1059 2188 1388 2243 maledia'erit
1435 2190 1574 2295 μκή
1622 2188 1817 2273 (latori.

235 2287 354 2338 xxi,
388 2275 451 2329 17
477 2291 492 2341 ;
521 2275 640 2331 Lev.
670 2293 762 2341 xx,
789 2275 853 2347 9)
884 2317 898 2341 ,
930 2285 986 2332 et
1009 2278 1234 2347 reliqua.

307 2366 401 2420 111.
433 2366 849 2422 Benedictioues
877 2372 1093 2437 patrum
1131 2370 1184 2422 in
1214 2368 1326 2424 ﬁlio
1380 2369 1701 2425 haereditate
1732 2384 1825 2441 ge—

229 2454 466 2511 nuinum
496 2462 600 2509 est.
646 2454 846 2510 Contra
894 2455 1041 2527 leges
1088 2464 1267 2511 autem
1311 2465 1519 2513 natura
1559 2467 1821 2528 pugnant,

228 2544 332 2613 qui
369 2545 685 2614 parentibus
725 2547 1144 2603 inobedientiam
1173 2563 1267 2604 seu
1305 2552 1697 2605 contumaciam
1728 2567 1823 2620 pa-

226 2643 383 2689 rant.
412 2635 709 2707 Legitimus
747 2639 915 2710 igitur
960 2640 1134 2695 haeres
1160 2641 1297 2708 erit,
1326 2641 1418 2711 qui
1443 2642 1691 2713 praeﬁxos
1731 2657 1820 2698 or-

227 2722 392 2781 dines
425 2739 553 2795 erga
586 2736 837 2795 parentes
866 2730 1120 2784 tenuerit.

300 2814 395 2870 IV.
420 2815 579 2871 Aliud
606 2826 691 2873 est
721 2818 953 2875 indebite
976 2821 1275 2877 clementer
1302 2822 1535 2887 admitti,
1565 2823 1709 2878 aliud
1748 2839 1819 2883 ex

227 2906 419 2963 debito
456 2917 828 2980 competenter
868 2913 1088 2968 ascribi.
1118 2912 1229 2969 Nec
1256 2923 1484 2984 possunt
1521 2931 1589 2970 ex
1632 2915 1817 2973 debito

228 2998 435 3067 repeti,
457 3014 575 3068 quae
610 3015 833 3070 prorsus
857 3002 1094 3058 indebite
1117 3018 1432 3061 concessum
1458 3015 1541 3061 est
1568 3007 1812 3077 adipisci.

226 3082 533 3144 Diversitas
577 3089 841 3159 siquidem
897 3091 1213 3147 meritorum
1275 3095 1615 3154 diversitates
1646 3098 1814 3169 exigit

218 3193 600 3247 prmmiorum.

304 3272 370 3326 V.
401 3272 556 3340 Quod
602 3276 804 3346 optime
858 3287 1037 3343 natus,
1077 3286 1133 3334 et
1170 3278 1541 3335 hereditatem
1575 3278 1813 3350 legitime

219 3374 572 3431 consecutus,
587 3383 760 3437 neque
782 3368 915 3439 legis
934 3370 1170 3439 antiqua:
1188 3384 1280 3427 seu
1304 3385 1457 3426 novae
1476 3379 1814 3440 contemptor

221 3459 277 3511 in
288 3466 502 3523 ventus,
530 3474 630 3514 nec
651 3460 911 3517 adversus
933 3470 1144 3531 patrem
1171 3463 1406 3529 saucius,
1422 3478 1596 3533 neque
1621 3472 1810 3520 contra

220 3548 483 3617 populum
529 3550 870 3617 vulneratus,
915 3568 1165 3624 magnam
1224 3554 1418 3610 debeat
1459 3554 1809 3613 hmreditaudi

221 3654 441 3709 gerere,
470 3640 698 3697 Domino
722 3643 1034 3710 miserante,
1055 3645 1326 3701 ﬁduciam.

301 3733 392 3788 Vl.
412 3733 610 3791 Fracto
630 3736 806 3805 capite
820 3736 1059 3805 subjecta
1082 3753 1308 3808 quaeque
1323 3737 1577 3809 languere
1602 3737 1811 3808 perspi-

224 3841 395 3881 cuum
442 3835 545 3892 est,
574 3843 696 3882 cum
728 3828 792 3883 de
828 3827 1083 3884 ﬁrmitate
1112 3829 1305 3899 capitis
1333 3830 1498 3884 totius
1525 3830 1806 3899 proveniat

225 3920 579 3977 incolumitas
616 3920 891 3990 corporis;
923 3937 1022 3977 nec
1049 3929 1274 3991 possunt
1295 3937 1357 3977 ea
1383 3921 1614 3977 sanitate
1640 3936 1808 3977 mem-

223 4011 325 4066 bra
347 4013 559 4068 subdita
582 4011 822 4084 gloriari,
850 4027 1010 4083 quam
1037 4019 1250 4068 constat
1283 4012 1339 4068 in
1374 4011 1551 4083 capite
1581 4027 1687 4067 non
1715 4012 1807 4067 ha-

225 4102 364 4161 beri.

298 4190 411 4245 Vll.
449 4190 550 4246 llic
578 4192 622 4246 si
651 4193 852 4247 veritas
881 4191 1176 4261 quaeritur,
1214 4208 1319 4246 non
1359 4201 1442 4247 est
1496 4192 1801 4262 incognita;

225 4284 272 4340 si
309 4284 469 4349 ratio,
499 4299 605 4339 non
634 4294 716 4340 est
739 4285 1023 4356 ambigua;
1056 4285 1101 4340 si
1129 4284 1444 4348 auctoritas,
1480 4300 1584 4339 non
1615 4292 1699 4338 est
1724 4284 1805 4338 in-

224 4383 397 4431 certa.
428 4375 692 4443 Quoniam
733 4384 788 4432 et
828 4375 1123 4432 auctoritas
1155 4376 1554 4447 supereminet,
1587 4385 1641 4431 et
1666 4375 1804 4431 ratio

226 4476 398 4537 patet,
430 4475 487 4523 et
513 4468 712 4522 veritas
738 4468 994 4523 abscondi
1022 4483 1127 4522 non
1152 4475 1350 4538 potest.

1831 4518 1883 4579 1)

1934 745 2092 800 posse
2116 731 2409 800 corrumpi,
2454 747 2556 786 nec
2585 732 2847 788 rationem
2874 732 3015 786 vinci
3036 770 3051 796 ,
3097 746 3198 786 nec
3224 731 3510 790 veritatem

1934 819 2150 887 penitus
2188 819 2451 888 superari.

2003 910 2094 966 ιχ.
2128 911 2361 980 Populus
2377 910 2531 979 juxta
2550 911 2857 967 sanctiones
2875 912 3083 968 divinas
3108 913 3383 970 ducendus
3401 922 3504 979 est,

1933 1016 2042 1055 non
2088 1002 2424 1071 sequendus;
2468 1011 2521 1057 et
2560 1003 2628 1057 ad
2670 1002 3034 1057 testimonium
3063 1019 3307 1073 persona:
3335 1003 3507 1073 magis

1933 1088 2201 1159 eliguntur
2228 1089 2485 1145 honestae.
2516 1090 2624 1143 Nec
2645 1091 2894 1146 audiendi
2925 1092 3016 1159 qui
3059 1092 3232 1146 solent
3279 1092 3458 1148 dicere
3489 1110 3504 1146 :

1941 1174 2055 1231 Vox
2088 1178 2287 1249 populi,
2316 1195 2413 1233 vox
2440 1179 2557 1232 Dei.
2586 1179 2720 1234 Cum
2747 1180 3145 1237 tumultuositas
3176 1182 3321 1252 vulgi
3367 1197 3508 1237 sem-

1929 1289 2026 1344 per
2054 1274 2271 1327 insaniae
2301 1274 2545 1342 proxima
2572 1273 2661 1327 sit.

2000 1363 2067 1418 X.
2120 1365 2350 1435 Vulgare
2397 1364 2739 1434 proverbium
2768 1371 2852 1422 est
2882 1381 2895 1417 :
2930 1364 3006 1418 De
3038 1364 3174 1420 duro
3218 1373 3506 1433 superatur

1929 1458 2152 1527 aliquid,
2176 1459 2241 1513 de
2268 1458 2412 1514 molli
2440 1473 2567 1513 vero
2592 1464 2837 1512 remanet
2866 1458 3021 1511 nihil.
3058 1457 3227 1513 Debet
3251 1466 3429 1512 tamen
3450 1464 3507 1511 et

1928 1551 2187 1620 sapientia
2212 1552 2521 1606 ministrare
2543 1552 2901 1607 constantiam
2923 1591 2939 1616 ,
2969 1560 3023 1607 et
3050 1553 3355 1607 constantia
3374 1566 3503 1620 per-

1927 1642 2091 1697 ﬁcere
2121 1643 2460 1713 sapientiam,
2491 1638 2663 1698 ut‘sit
2704 1645 3007 1699 constantia
3049 1644 3288 1713 sapiens,
3317 1651 3371 1698 et
3417 1657 3505 1697 sa-

1925 1733 2123 1802 pientia
2164 1742 2436 1790 constans.

2000 1823 2089 1879 XI.
2130 1823 2220 1880 Sic
2251 1825 2551 1882 exercenda
2596 1833 2680 1880 est
2726 1825 3038 1896 przedicatio
3082 1826 3251 1895 pacis,
3291 1826 3502 1881 ne.sub

1929 1915 2147 1971 nomine
2197 1916 2418 1986 pietatis
2465 1916 2752 1972 inducatur
2798 1917 3028 1972 assertio
3057 1915 3327 1971 falsitatis.
3365 1914 3501 1971 Nam

1925 2007 2067 2061 sicut
2089 2022 2276 2077 pacem
2308 2022 2558 2078 rumpere
2585 2009 2875 2077 pessimum
2919 2015 3005 2063 est
3030 2048 3045 2073 ,
3090 2007 3166 2061 ita
3214 2006 3502 2061 veritatem

1923 2111 2124 2169 negare
2148 2098 2539 2168 blasphemum.
2573 2098 2794 2154 Multum
2824 2098 2929 2154 sibi
2956 2098 3185 2167 denique
3209 2095 3502 2152 concinunt

1923 2203 2088 2244 verax
2114 2191 2294 2245 unitas
2329 2200 2384 2246 et
2412 2189 2639 2260 paciﬁca
2667 2190 2890 2246 veritas.

1994 2280 2109 2334 ΧΠ.
2154 2281 2283 2336 Haec
2326 2290 2379 2337 et
2408 2280 2693 2351 ejusmodi,
2726 2297 2868 2344 reor,
2902 2279 3218 2335 inculcanda
3244 2276 3502 2347 simplici-

1922 2374 2055 2439 bus;
2080 2390 2145 2430 eo
2164 2376 2306 2445 quod
2336 2373 2632 2445 ignorantia
2655 2371 2898 2426 veritatis
2922 2378 3079 2440 cogat
3102 2382 3287 2423 errare
3310 2383 3500 2437 quam-

1921 2468 2203 2539 plurimos.
2236 2467 2405 2523 Porro
2432 2468 2659 2521 veritate
2700 2462 3045 2518 manifestata
3084 2460 3344 2516 contrarii
3365 2474 3500 2513 con-

1922 2557 2235 2624 fundentur,
2257 2556 2415 2612 amici
2440 2556 2840 2619 solidabuutur,
2865 2552 3103 2607 universi
3134 2566 3263 2606 vero
3296 2549 3501 2620 pariter

1919 2647 2266 2702 excusatione
2289 2646 2571 2701 carebunt.

1990 2728 2121 2806 Ista,
2152 2740 2422 2810 supplico,
2469 2738 2755 2807 dignanter
2798 2749 2862 2789 ac
2896 2733 3181 2803 diligenter
3226 2729 3493 2800 inspicite.

1919 2830 2126 2887 Vestra:
2160 2830 2423 2900 siquidem
2468 2826 2742 2882 ﬁdelitatis
2790 2824 3124 2879 immensitas
3172 2819 3496 2889 parvitatem

1918 2935 2093 2987 meam
2129 2919 2306 2975 reddit
2356 2914 2721 2988 impatientem
2765 2930 2864 2986 pro
2912 2912 3064 2968 vobis
3094 2952 3108 2976 ,
3159 2910 3291 2964 facit
3329 2908 3495 2963 etiam

1917 3023 2079 3079 supra
2109 3009 2251 3063 vires
2277 3007 2586 3062 audentem.
2625 3003 2780 3058 Enim
2807 3017 2936 3057 vero
2967 3000 3125 3056 ﬁdem
3153 3014 3259 3053 non
3293 2996 3489 3067 perdit,

1917 3100 2022 3155 nisi
2048 3099 2140 3168 qui
2165 3112 2437 3167 nunquam
2467 3095 2675 3151 habuit.
2720 3094 2778 3148 In
2809 3092 2963 3162 cujus
2991 3106 3153 3144 manu
3188 3096 3314 3143 sunt
3339 3102 3494 3157 reges

1839 3171 1885 3233 (ἶ
1916 3197 1969 3244 et
1988 3188 2111 3260 jura
2137 3202 2457 3259 regnorum,
2503 3186 2616 3252 ipse
2647 3198 2874 3240 coronas
2905 3189 3115 3236 vestras
3138 3176 3491 3257 multiplicct,

1913 3291 2146 3343 tueatur,
2179 3280 2483 3335 obumbret.

2354 3396 2384 3436 ι)
2410 3392 2744 3450 EPISTOLA
2782 3392 3034 3449 CLXVII.

2280 3483 2347 3521 AD
2383 3480 2594 3521 PETRUI
2644 3477 3114 3519 ARCIUEPISCOPUI.
3255 3521 3259 3525 _

1911 3559 2248 3615 Commendat
2269 3574 2322 3614 se
2342 3557 2573 3629 paternis
2586 3555 2855 3626 a/fectibus
2881 3564 2927 3608 et
2955 3552 3120 3607 sacris
3143 3548 3486 3604 orationibus.

1979 3648 2338 3704 Dilectissimo
2355 3648 2406 3701 in
2423 3646 2637 3702 Christo
2652 3645 2800 3699 Patri
2823 3655 2845 3682 ο
2871 3642 3029 3698 Petro
3057 3639 3484 3710 archiepiscopo,

1906 3740 2136 3798 Albinus
2160 3750 2376 3803 mternre
2398 3739 2748 3795 beatitudinis
2771 3737 3018 3793 salutem.

1975 3830 2180 3886 Memor
2191 3830 2515 3886 dulcissimae
2531 3828 2849 3884 humilitatis
2869 3834 2924 3881 et
2945 3824 3247 3880 dilectionis
3268 3830 3485 3887 vestrae,

1907 3921 2199 3992 ingemisco
2225 3919 2523 3975 absentiam
2575 3916 2737 3981 illius,
2779 3917 2931 3987 cujus
2971 3914 3247 3969 cbaritatis
3272 3911 3487 3966 ﬂamma

1908 4011 1962 4067 in
1988 4013 2151 4066 corde
2175 4010 2409 4067 ardescit
2438 4009 2553 4063 ﬁlii.
2591 4007 2803 4075 Quanta
2833 4015 2917 4061 est
2946 4002 3101 4072 hujus
3126 4000 3306 4058 saeculi
3351 4001 3487 4055 infe-

1908 4103 2099 4165 .icitas,
2126 4117 2246 4173 qua:
2268 4109 2375 4155 tam
2396 4101 2588 4156 charos
2618 4098 2872 4169 disjungit
2896 4097 3118 4159 amicos,
3147 4109 3266 4163 quae
3313 4093 3481 4148 ﬁlium

1904 4204 2121 4264 separat
2148 4210 2178 4248 a
2207 4202 2379 4263 patre.
2406 4192 2450 4248 Ο
2479 4192 2525 4247 si
2558 4206 2761 4261 pennas
2806 4187 2998 4259 aquilae
3032 4186 3339 4242 habuissem
3368 4225 3382 4247 ,
3425 4192 3487 4237 ut

1904 4286 2213 4342 altitudines
2246 4284 2458 4356 Alpium
2501 4282 2737 4338 velocior
2761 4281 2905 4336 Euro
2930 4279 3264 4334 transvolare
3287 4276 3486 4331 valuis—

1905 4378 2059 4434 sem!
2090 4392 2249 4447 quam
2276 4377 2384 4431 cito
2412 4382 2539 4431 ante
2572 4382 2830 4445 paternos
2878 4370 3149 4426 stetissem
3194 4369 3382 4439 pedes,
3424 4373 3485 4421 ut

1907 4466 2283 4538 refrigerarem
2309 4481 2377 4521 ex
2413 4474 2638 4535 paterna
2680 4464 2887 4519 visione
2919 4460 3156 4532 pectoris
3192 4459 3297 4514 mei
3327 4456 3485 4513 ardo-

301 4560 455 4631 191
484 4559 613 4616 Vlll.
654 4558 947 4629 Tripartita
995 4558 1372 4615 distributione
1418 4558 1667 4614 videntur
1701 4559 1803 4614 ista
1833 4553 2042 4616 "rem.
2094 4557 2201 4614 Sed
2250 4557 2376 4627 quia
2426 4558 2530 4613 hoc
2579 4556 2697 4612 ﬁeri
2725 4572 2830 4611 non
2859 4554 3028 4619 valet,
3071 4553 3356 4609 induamur
3385 4566 3486 4607 nos

225 4651 407 4706 omnia
436 4650 652 4713 includi,
682 4650 1079 4706 consulentium
1110 4650 1333 4715 scilicet,
1363 4664 1427 4705 ac
1451 4650 1756 4705 nocentium
1786 4690 1802 4715 ,

225 4750 281 4796 et
304 4757 492 4796 eorum
508 4742 602 4811 qui
621 4740 700 4795 sic
725 4741 868 4795 inter
889 4747 1145 4810 utrosque
1166 4755 1379 4810 semper
1397 4739 1631 4809 ambigui
1657 4746 1798 4803 sunt,

227 4839 287 4884 ut
318 4846 457 4901 quos
483 4830 728 4887 obtinere
770 4830 1143 4899 perspexerint
1164 4870 1179 4891 ,
1226 4830 1308 4885 eis
1345 4843 1405 4884 se
1436 4829 1690 4884 continuo
1718 4844 1806 4884 so-

228 4923 390 4978 cient.
443 4921 583 4976 Sunt
609 4936 738 4992 ergo
767 4921 1113 4976 consulentes
1138 4920 1341 4976 utiliter
1365 4918 1669 4989 adiuvandi,
1718 4936 1805 4977 re-

296 5070 322 5098 ι
345 5058 463 5113 Hoc
490 5057 785 5129 capitulare
806 5056 959 5129 idem
988 5057 1075 5129 cl.
1099 5057 1366 5129 Balneum
1388 5054 1492 5109 loc.
1541 5055 1803 5129 ci§.‘pag.

227 5127 329 5183 375
368 5129 469 5183 sub
509 5124 727 5182 nomine
755 5127 966 5182 Alcuini
997 5127 1182 5181 edidit.
1215 5126 1368 5194 Quod
1397 5140 1519 5179 cum
1546 5124 1616 5178 ad
1638 5124 1803 5178 Caro-

228 5198 334 5253 lum
379 5198 629 5269 Magnum
658 5197 925 5269 isimiliter
952 5197 1218 5269 directum
1246 5197 1334 5260 sit,
1364 5194 1605 5269 epistolze
1628 5194 1801 5269 priori

229 5283 291 5324 ex
336 5264 527 5324 eodem
568 5268 753 5325 codice
789 5267 1074 5337 descripta:
1104 5264 1427 5336 subiungere
1465 5264 1704 5337 placuit;
1735 5279 1801 5319 eo

230 5340 369 5408 quod
395 5340 539 5393 inter
561 5338 665 5393 alia
687 5337 901 5408 Alcuini
926 5334 1177 5406 opuscula
1205 5334 1595 5408 congruentem
1623 5334 1799 5408 locum

230 5404 429 5479 habere
474 5409 567 5463 vix
600 5408 790 5479 possit.
820 5406 915 5462 Est
938 5404 1087 5470 vero,
1114 5416 1176 5460 ut
1202 5414 1442 5479 autumo,
1469 5404 1572 5479 hoc
1596 5404 1803 5473 capitu-

233 5475 340 5535 lare
389 5473 671 5549 responsio
716 5479 784 5533 ad
833 5477 1320 5549 pun‘ctagquzedam
1357 5475 1436 5549 Aab
1479 5473 1804 5549 imperatore

233 5542 639 5605 consultaiionis
661 5542 1159 5617 causa'proposita;
1192 5546 1304 5599 haec
1350 5542 1802 5617 fortassis‘magis

232 5621 451 5741 praecisa
478 5619 667 5703 fuere;
707 5612 986 5689 responsio
1011 5632 1140 5673 vero
1166 5625 1249 5671 est
1274 5613 1558 5685 generalis.
1598 5612 1617 5686 (
1645 5612 1803 5686 Apud

277 5691 459 5741 robcn.
495 5701 653 5741 enisi.
688 5690 835 5741 12η

277 5690 899 5829 Γεῦἑὲέι.ἓιὸιῗὲῐέεξῖ’ἒ9,
926 5757 1107 5815 Canis.
1139 5757 1227 5814 51.
1257 5754 1508 5830 (Froben.
1549 5753 1695 5826 128.)

1906 4649 2134 4720 duplicis
2162 4649 2443 4705 charitatis
2466 4648 2659 4719 pennis
2692 4666 2704 4703 :
2730 4647 2900 4702 simus
2937 4647 2990 4701 in
3018 4645 3236 4701 Christo
3272 4659 3487 4715 semper

1904 4748 2216 4810 praesentes,
2244 4738 2345 4807 qui
2370 4753 2557 4793 sumus
2588 4737 2643 4791 in
2671 4737 2867 4791 saeculo
2901 4737 3169 4791 absentes.
3217 4735 3354 4800 Ouid
3397 4745 3483 4791 est

1907 4833 2165 4896 Charitas,
2206 4831 2311 4887 nisi
2346 4831 2527 4886 unitas
2558 4830 2885 4893 animorum,
2934 4828 3148 4883 dicente
3188 4828 3486 4897 ipsaVeri-

1905 4934 2016 4981 tate
2041 4967 2055 4991 ,
2107 4926 2234 4981 dum
2265 4940 2363 4996 pro
2402 4924 2514 4979 suis
2556 4929 2740 4978 oraret
2760 4923 2829 4977 ad
2856 4921 3071 4978 Patrem
3102 4933 3116 4973 :
3145 4919 3326 4984 Pater,
3359 4935 3484 4972 con-

1978 5073 2000 5100 α
2029 5060 2187 5115 Petro
2213 5057 2627 5128 archiepiscopo.
2666 5054 3086 5128 Mediolanensi,
3112 5053 3179 5128 ad
3210 5067 3487 5128 quem_se-

1903 5138 2158 5202 quentem
2188 5122 2412 5202 scripsit
2440 5122 2743 5202 epistolam.
2774 5125 2938 5202 Rexit
2962 5123 3260 5202 Ecclesiam
3285 5122 3488 5202 Medio:

1904 5192 2180 5256 lanensem
2211 5192 2450 5281 animi}?
2471 5192 2576 5252 783
2602 5197 2863 5281 usquead
2892 5211 3091 5250 annum
3090 5192 3393 5281 “SOquuo
3398 5192 3485 5281 sati

1903 5285 2129 5353 superos
2178 5268 2335 5352 abiit.
2389 5266 2579 5323 Comr.
2625 5263 2951 5351 et'UouELL.
2992 5296 3062 5348 τ-
3090 5264 3282 5318 Exstat
3325 5263 3486 5347 hujus

1903 5340 2071 5414 Petri,
2101 5347 2283 5414 ειμι-ει
2320 5336 2588 5414 (_)ldra_d_us
2607 5337 2783 5394 dictus
2799 5346 2913 5414 _est,
2942 5332 3169 5414 cpistola
3199 5333 3487 5414 ριθετωιιξτ

1906 5412 2042 5466 sima
2093 5405 2159 5463 ad
2189 5408 2442 5479 Ciarolum
2480 5407 2740 5479 Magnum
2781 5407 2849 5479 de
2902 5405 3254 5479 translatione
3308 5405 3484 5479 sancti

1905 5479 2189 5549 Augustini
2219 5478 2441 5549 Papiam
2468 5471 2611 5533 anno
2638 5476 2744 5531 725
2774 5475 2939 5549 facta.
2968 5471 3479 5549 Qiutsius.-:Nihil

1906 5552 1961 5605 in
1992 5544 2109 5605 hac
2155 5544 2382 5619 epistola
2423 5550 2695 5619 reperitur
2722 5562 2830 5617 quo
2856 5546 3199 5619 Aingilbertus
3251 5544 3480 5619 Romam

1902 5636 2131 5693 pergens
2145 5615 2569 5693 commendetur
2577 5688 2590 5693 _
2608 5615 3170 5693 huic'arcbiepisgopo
3185 5656 3199 5679 ,
3230 5615 3383 5693 quod
3398 5621 3485 5693 ta-

1904 5683 2030 5747 mea
2057 5689 2254 5746 Mabill.
2283 5689 2516 5745 asseruit
2536 5688 2630 5742 lib.
2659 5702 2786 5741 xxv:
2806 5683 3001 5741 Annal.
3024 5683 3183 5749 Ben.,
3205 5683 3327 5755 pag.
3353 5683 3480 5739 318.
