4062 6444
584 366 692 423 ιόθ

1460 369 1520 429 Β.
1560 372 1622 427 F.
1661 370 1887 427 ALBINI
1924 371 2055 430 SEU
2089 372 2366 431 ALCUINI
2405 372 2690 430 OPERUM
2727 370 2907 427 PARS
2944 372 2984 427 1.

3717 374 3819 437 M0

586 496 735 536 serua
779 497 869 538 eos
915 483 972 538 in
998 483 1203 539 nomine
1231 494 1341 549 tuo,
1370 499 1499 555 quos
1523 484 1711 539 dedisti
1744 485 1909 553 mihi,
1956 492 2015 540 ut
2048 485 2154 542 sint
2180 490 2229 547 Α
2258 499 2378 539 rum
2405 484 2652 556 inﬁgeret
2670 484 3006 541 memoriam.
3037 481 3355 540 Sanctitatis
3374 494 3572 541 vestrae
3590 491 3845 546 auctorim

585 587 770 639 unmn,
794 572 929 629 sicut
952 584 1000 629 et
1023 592 1116 630 nos
1141 593 1301 630 unum
1326 592 1506 630 sumus
1536 574 1872 648 (Joan.xvu,
1897 577 2156 650 il)?Ego
2258 584 2423 632 tatem
2472 578 2652 633 divina
2695 578 2869 647 pietas
2925 576 2993 632 ad
3037 577 3424 634 cxaltationem
3470 587 3527 634 et
3576 582 3822 649 gaudium

586 678 715 719 vero
744 663 888 721 ﬁlius
916 672 1040 741 tuus
1068 667 1293 722 obsecro
1321 674 1374 720 te
1400 681 1499 736 per
1524 666 1642 736 eius
1683 668 2108 723 misericordiam
2137 708 2153 733 ,

2256 676 2457 723 sancta:
2485 682 2595 723 suae
2619 668 2875 723 Ecclesiae
2904 666 3145 737 longaeva
3178 670 3536 741 prosperitate
3560 673 3826 730 custodire

586 750 682 821 qui
721 752 840 809 bxce
879 753 1016 808 dixit
1035 793 1050 817 ,
1083 762 1142 808 ut
1174 754 1226 809 in
1262 755 1601 812 sanctissimo
1620 764 1858 826 paternae
1882 758 2157 812 memoria:
2256 757 2524 830 dignetur,
2550 757 2712 814 Pater
2737 759 3122 816 dilectissime!

587 841 842 898 thesauro
865 841 961 898 lilii
985 844 1062 899 tui
1087 843 1298 899 Alcuini
1324 859 1522 900 nomen
1548 845 1751 902 habeas
1774 848 2112 902 reconditum
2135 889 2152 915 ,

584 941 640 988 et
665 935 806 991 inter
832 935 1172 1007 dignissimas
1206 937 1318 994 Deo
1354 940 1657 998 oblationes
1696 942 2002 1002 orationum
2035 951 2152 1001 tuav

581 1040 728 1096 rum,
764 1027 847 1083 vel
882 1028 1069 1095 semel,
1101 1044 1195 1085 ore
1218 1030 1481 1102 proferas.

2677 861 2702 891 ι
2744 849 3081 906 EPISTOLA
3122 850 3395 909 CLXVIII.

2610 957 2677 996 AD
2734 956 2948 996 ιιετιιωι
3000 957 3471 1001 ARCHIEPISCOPUI.

2805 1030 2983 1103 (Anno
3010 1033 3263 1106 incerto.)

654 1115 864 1187 Quanta
900 1118 1020 1184 tibi,
1049 1118 1210 1175 Pater
1232 1108 1467 1192 optime!
1492 1126 1634 1196 apud
1658 1127 1874 1200 pietatis
1906 1143 2156 1192 remune-

2253 1117 2814 1200 Gratitudinemsuam
2847 1120 3108 1193 signiﬁcat
3138 1124 3203 1200 ορ
3230 1134 3502 1195 paternam
3530 1127 3828 1200 benevolen-

581 1216 818 1265 ratorem
855 1209 1141 1267 Dominum
1166 1214 1438 1272 Christum
1463 1228 1703 1275 remanet
1735 1236 1962 1287 merces,
1994 1223 2040 1277 si
2066 1238 2152 1279 me

579 1309 923 1373 peccatorum
962 1309 1292 1377 ponderibus
1315 1321 1705 1389 praegravatura
1742 1316 1810 1370 ab
1852 1315 2154 1387 iniquitatis

585 1394 743 1482 192
757 1397 1012 1459 oneribus
1037 1399 1275 1469 paterna:
1298 1404 1678 1461 misericordiae
1699 1407 1947 1477 precibus
1976 1408 2169 1464 sublev

577 1498 709 1541 vare
741 1492 972 1544 coneris.
1018 1488 1217 1547 Fateor
1254 1507 1341 1548 me
1369 1502 1531 1550 tanta:
1557 1498 1893 1554 auctoritatis
1922 1499 2157 1571 degenc.

574 1665 930 1739 longinquam
955 1674 1182 1730 recessit
1227 1676 1498 1746 regionem
1523 1720 1540 1745 ,
1571 1681 1857 1737 roboratus
1903 1684 2150 1755 exemplo

578 1759 754 1817 audeo
782 1760 963 1818 dicere
991 1777 1006 1816 :
1036 1761 1198 1822 Pater
1222 1767 1428 1836 peccavi
1472 1768 1528 1822 in
1574 1769 1757 1824 caelum
1783 1780 1833 1826 ct
1858 1788 2034 1828 coram
2060 1783 2113 1828 te
2122 1784 2155 1846 ;

578 1847 697 1939 ideo
718 1867 822 1906 non
841 1868 956 1907 sum
983 1853 1171 1925 dignus
1199 1860 1379 1912 vocari
1400 1858 1545 1929 ﬁlius
1570 1870 1691 1917 tuus
1722 1861 1871 1935 (Luc.
1903 1880 1992 1931 xv,
2031 1865 2143 1939 2i).

578 1937 647 1994 Et
699 1950 756 1996 te
784 1944 945 1999 credo
1000 1953 1239 2016 paternae
1281 1964 1574 2007 memorem
1603 1952 1821 2024 pictatis
1844 1996 1860 2021 ,
1889 1955 2025 2013 iretis
2064 1937 2149 2013 re-

576 2035 813 2090 vertenti
835 2038 1138 2096 occurrisse
1168 2041 1504 2111 amplexibus
1528 2062 1541 2099 :
1567 2046 1908 2116 prudentiam
1934 2064 2148 2120 quoque

576 2133 726 2182 tuam
772 2129 1041 2185 recordari
1084 2132 1379 2188 beatissimi
1414 2130 1515 2191 Job
1554 2152 1652 2207 pro
1696 2134 1820 2195 ﬁliis
1846 2139 2147 2197 dilectionis

576 2212 712 2287 [Αι.,
740 2216 1056 2293 devotionis]
1075 2262 1090 2285 ,
1117 2222 1210 2292 qui
1237 2223 1475 2293 quotidie
1513 2242 1611 2297 pro
1638 2228 1851 2285 illorum
1876 2233 2149 2302 prosperi-

573 2313 689 2364 tate
714 2309 822 2365 Deo
847 2312 1111 2369 sacriﬁcia
1153 2314 1350 2373 offerre
1395 2318 1601 2373 studuit
1643 2319 1784 2392 (Job.
1810 2338 1851 2386 ι,
1877 2320 1931 2392 5)
1955 2363 1969 2389 ,
1992 2323 2147 2377 valde

574 2399 912 2471 desiderans,
944 2420 1079 2476 quos
1114 2408 1310 2465 srecnlo
1354 2410 1539 2479 genuit
1572 2411 1684 2468 Deo
1717 2414 1975 2470 enutrirc.
2022 2413 2146 2471 ideo

572 2488 629 2546 in
657 2494 909 2550 omnibus
932 2499 1341 2568 tentationibns,
1361 2512 1611 2573 tanquam
1635 2519 1826 2558 aurum
1854 2505 1911 2559 in
1932 2505 2146 2576 fornace

571 2582 821 2652 probatus
853 2585 1102 2644 inventus
1127 2598 1212 2645 est
1238 2589 1392 2663 (Sap.
1414 2608 1495 2657 ιιι,
1525 2592 1601 2666 6).
1641 2593 1784 2650 Laus
1810 2596 1954 2650 enim
1974 2596 2147 2668 patris

570 2673 628 2728 in
656 2673 828 2732 salute
847 2686 1026 2738 exstat
1052 2678 1282 2736 ﬁliorum
1298 2721 1313 2747 ,
1343 2690 1400 2737 et
1424 2697 1632 2740 merces
1668 2686 1902 2755 pastoris
1928 2685 1983 2741 in
2008 2678 2146 2741 mul-

571 2763 904 2839 tiplicatione
942 2769 1119 2840 gregis
1146 2773 1427 2828 accrescit.
1467 2772 1604 2829 Nam
1632 2782 1688 2831 et
1732 2776 1845 2846 ipse
1893 2776 2144 2848 princeps

571 2866 850 2935 pastorum
896 2869 1021 2931 post
1061 2865 1472 2921 resurrectionis
1505 2865 1729 2937 gloriam
1764 2868 1922 2923 beato
1956 2867 2140 2936 Petro,

571 2949 641 3006 ob
664 2949 1019 3007 confessionis
1045 2953 1201 3009 trina:
1228 2954 1283 3008 in
1312 2969 1411 3011 suo
1438 2970 1622 3015 amore
1668 2956 2016 3044 soliditatem,
2049 2974 2144 3033 pa-

571 3042 799 3099 scendas
832 3059 961 3101 oves
985 3086 1001 3112 ,
1030 3060 1164 3116 quas
1204 3047 1295 3124 pio
1362 3048 1592 3109 redemit
1644 3048 1907 3119 sanguine
1928 3091 1942 3115 ,
1976 3042 2143 3107 com-

571 3138 842 3201 mendavit
860 3138 1078 3214 (Joann.
1113 3142 1249 3219 χιιι).

641 3230 816 3285 'hmm
839 3239 945 3300 est,
973 3232 1137 3293 Pater
1161 3243 1366 3301 sancte,
1406 3235 1668 3294 absentes
1686 3236 1937 3308 precibus
1984 3237 2139 3309 adju-

570 3335 717 3385 vare,
750 3331 1048 3391 [inescatos
1072 3325 1250 3385 verbis
1275 3327 1506 3393 erudire,
1524 3328 1784 3398 exemplis
1811 3327 2139 3394 confortarc,

571 3420 629 3467 ιιι
650 3421 876 3482 paterna
901 3415 1074 3484 pietas
1097 3424 1153 3471 et
1179 3419 1466 3487 pastoralis
1500 3418 1714 3477 devotio
1737 3422 1989 3477 omnibus
2016 3437 2143 3492 pro-

569 3504 641 3558 sit
664 3504 718 3559 in
739 3504 986 3560 salutem.
1016 3505 1203 3563 Patres
1233 3510 1397 3580 igitur
1420 3510 1545 3581 ﬁliis
1583 3513 1939 3568 thesaurizare
1972 3514 2142 3569 solent

570 3592 660 3667 (11
682 3594 805 3657 Cor.
829 3613 951 3664 xm,
975 3597 1098 3673 M);
1133 3608 1189 3655 tu
1214 3617 1342 3657 vero
1362 3604 1705 3659 beatitudinis
1726 3606 2007 3664 thesauros
2036 3609 2144 3665 tuis

568 3684 818 3756 relinque
845 3690 1128 3757 nepotibus
1146 3731 1160 3754 ,
1192 3697 1252 3745 ut
1278 3707 1375 3761 per
1401 3691 1589 3763 longas
1622 3694 1999 3752 ecclesiastica:
2020 3688 2144 3757 eru-

570 3778 791 3843 ditionis
809 3779 980 3838 series
1000 3781 1235 3839 Caelestis
1266 3783 1416 3852 regni
1446 3780 1614 3851 gloria
1650 3784 1745 3840 tibi
1783 3800 1996 3857 semper
2047 3804 2144 3843 au-

568 3880 775 3944 geatur.
804 3868 969 3942 Opto,
989 3871 1034 3927 si
1059 3870 1178 3930 ﬁeri
1200 3872 1397 3938 valeat,
1421 3882 1686 3947 quatenus
1715 3888 1802 3928 me
1832 3883 1935 3930 tua:
1961 3885 2141 3948 pater-

568 3965 759 4029 nitatis
809 3964 1012 4027 litteris
1055 3965 1304 4033 reﬁcias,
1358 3972 1419 4025 ut
1461 3966 1732 4023 aviditatis
1776 3981 1912 4024 meae
1971 3969 2143 4025 oculis

568 4054 766 4125 legam,
793 4057 937 4133 quod
963 4056 1187 4115 auribus
1208 4056 1393 4113 audire
1411 4055 1699 4111 voluissem
1718 4097 1733 4120 ,
1773 4057 1820 4112 si
1858 4056 1999 4114 forte
2024 4058 2142 4114 ﬁeri

567 4149 833 4228 potuisset
870 4148 1003 4224 [Αι.,
1031 4147 1333 4221 valuisset].
1375 4147 1702 4205 Concessum
1737 4156 1825 4204 est
1864 4150 2011 4205 enim
2040 4151 2141 4205 bu-

569 4257 732 4299 mano
759 4240 941 4315 generi
968 4239 1205 4318 pectoris
1246 4254 1442 4294 arcana
1482 4240 1689 4295 chartis
1738 4240 1998 4302 mandare
2029 4282 2042 4306 ,
2087 4250 2143 4297 et

569 4335 766 4395 litteris
793 4335 1129 4397 innotescere
1158 4331 1459 4387 tacentibus
1484 4331 1625 4408 quod
1653 4331 1833 4408 lingua
1870 4347 1978 4388 non
2002 4332 2144 4387 valet

569 4424 838 4494 loquente.
878 4423 1013 4481 Nam
1043 4430 1099 4478 ct
1134 4423 1324 4479 beatus
1374 4419 1569 4478 Paulus
1596 4422 1871 4492 apostolus
1893 4423 2144 4479 absentes

2323 1191 2449 1272 tiam
2473 1206 2491 1256 ;
2523 1190 2884 1272 Liudgardam
2896 1190 2908 1193 ⁷
2930 1190 3200 1250 cemmend

2322 1269 2621 1314 mittuntur.

2323 1349 2675 1408 Sanctissimo
2701 1351 2848 1409 Patri
2868 1353 3031 1413 Petro
3057 1356 3471 1431 archiepiscopo
3486 1359 3711 1416 humilis
3736 1370 3829 1418 tua

2253 1440 2535 1499 charitatis
2554 1439 2782 1499 Albinus
2810 1443 2953 1504 ﬁlius
2988 1446 3240 1502 salutem.

3202 1204 3301 1260 at,
3342 1213 3377 1250 α
3428 1212 3535 1253 oua
3587 1198 3637 1252 ei
3693 1199 3827 1255 dona

2250 1712 2471 1780 fuisset;
2508 1723 2690 1772 tamen
2736 1717 2784 1772 si
2825 1718 3018 1773 charta
3059 1735 3165 1776 non
3208 1732 3417 1790 currat,
3453 1727 3706 1783 cbaritas
3731 1744 3828 1784 non

2181 1831 2226 1890 Β
2253 1807 2529 1873 dormitat,
2552 1809 2650 1864 sed
2676 1810 2917 1866 suaviter
2942 1811 3152 1884 vigilat,
3181 1822 3239 1869 et
3255 1816 3547 1875 salubriter
3567 1829 3830 1881 memorat

2247 1898 2593 1968 paternitatis
2638 1906 2836 1955 vestrm
2884 1902 3143 1972 pietatem
3171 1945 3188 1969 ,
3218 1919 3325 1974 qua
3351 1922 3475 1973 me,
3498 1908 3639 1967 licet.
3658 1912 3829 1968 minus

2247 1989 2488 2060 dignum,
2529 1991 2585 2045 in
2615 1990 2709 2046 ﬁlii
2735 1993 3052 2063 dignitatem
3080 1998 3409 2067 suscepisti,
3460 1999 3830 2060 familiaritate

2246 2078 2450 2148 fovisti,
2473 2082 2836 2139 admonitione
2860 2085 3168 2154 roborasti;
3197 2104 3318 2158 quae
3344 2093 3526 2147 omnia
3553 2096 3681 2164 pius
3701 2112 3828 2153 eun-

2247 2177 2456 2259 ctoqm
2485 2183 2865 2259 remunerawr
2906 2176 3179 2238 bonorum
3198 2190 3405 2241 aeterna,
3430 2182 3538 2241 sibi
3577 2188 3832 2250 mercede

2247 2240 2565 2322 retribuch
2570 2267 2841 2339 dignetur.

2315 2356 2345 2397 ιι
2370 2357 2677 2430 Liudgarda
2710 2375 2841 2416 vero
2884 2361 3087 2417 femina
3125 2362 3399 2434 religiosa,
3426 2365 3542 2422 Deo
3568 2366 3747 2424 ﬁdelis
3776 2379 3831 2425 et

2247 2449 2693 2520 regi,-scutellam
2740 2462 3056 2524 argenteam
3102 2463 3160 2511 et
3207 2473 3373 2516 unum
3406 2470 3428 2497 ε
3469 2467 3747 2517 storaeem
3776 2464 3826 2518 in

2245 2541 2602 2612 elymosinam
2624 2543 2710 2599 sui
2755 2553 2951 2602 vestrm
2977 2547 3250 2603 sanctitati
3278 2547 3505 2615 direxit,
3536 2558 3600 2605 ut
3645 2553 3826 2610 videa-

2247 2641 2336 2689 tur
2360 2635 2705 2692 dividendum
2721 2676 2737 2703 ,
2763 2638 3060 2694 secundum
3085 2639 3417 2701 voluntatem
3446 2641 3541 2696 Dei
3577 2660 3591 2696 :
3620 2652 3678 2698 et
3702 2646 3826 2715 quia

2246 2740 2345 2796 ego
2370 2726 2513 2783 ﬁlius
2532 2736 2679 2783 .tuus
2726 2729 2991 2785 mediator
3025 2731 3079 2785 in
3115 2732 3221 2787 hac
3247 2732 3517 2804 legatione
3541 2749 3664 2790 sum
3687 2776 3706 2801 ,
3735 2737 3828 2795 ob-

2245 2832 2400 2874 secro
2427 2826 2491 2874 ut
2510 2834 2634 2875 eam
2657 2820 2713 2875 in
2741 2819 2863 2875 tiliae
2891 2820 3231 2877 dilectionem
3256 2823 3537 2894 suscipere
3561 2825 3825 2896 digneris;

2245 2908 2410 2964 habet
2432 2909 2576 2965 enim
2616 2909 2952 2966 voluntatem
2987 2911 3185 2967 bonam
3232 2913 3489 2983 prodesse
3518 2916 3695 2971 servis
3717 2916 3827 2972 Do—

2245 2998 2377 3061 mini
2405 3006 2464 3054 et
2488 3006 2688 3061 sanctae
2715 3015 2829 3056 suae
2846 3001 3120 3060 Ecclesiae.
3153 3002 3495 3075 Quapropter
3514 3005 3833 3078 diligentius

2246 3088 2612 3161 deprecamini
2650 3105 2753 3161 pro
2777 3090 2952 3148 salute
2972 3100 3030 3147 et
3058 3093 3420 3162 prosperitate
3448 3094 3615 3160 illius,-
3641 3103 3702 3152 ut
3742 3095 3829 3154 di—

2170 3179 2218 3243 (ι
2250 3177 2371 3232 vina
2400 3177 2544 3239 illam
2575 3179 2749 3249 gratia
2778 3179 3015 3247 longmva
3039 3182 3308 3241 custodiat
3325 3186 3608 3255 sospitate.

2690 3292 2718 3335 ἀ
2757 3293 3093 3352 EPISTOLA
3129 3297 3358 3354 CLXIX.

2317 3402 2385 3444 ΑΙ)
2423 3400 2743 3441 PONTIHCEI
2780 3401 3049 3443 RIGBODUI
3089 3405 3442 3448 TREVIRENSIS
3475 3408 3750 3451 CIVITA'I'IS

2666 3471 3020 3515 COGNOIENTO
3054 3475 3384 3516 IACIIABIUI.

2245 3544 2592 3617 Conqueritur
2613 3547 2682 3617 de
2708 3547 2941 3617 abisemia
2970 3551 3149 3616 amici,
3179 3563 3228 3606 et
3255 3552 3551 3608 intermisso
3575 3572 3821 3611 commer-

2314 3615 2395 3696 95's
2438 3615 2722 3696 epistolico.
2754 3616 3102 3691 Reprehendit
3136 3615 3196 3676 in
3239 3638 3299 3677 eo
3330 3623 3551 3679 nimium
3591 3643 3816 3688 amorem

2317 3684 2576 3743 Maronis.

2313 3795 2409 3850 Pio
2427 3796 2576 3852 Patri
2596 3806 2652 3852 et
2676 3800 2850 3858 amico
2873 3800 2971 3856 cha
2981 3801 3194 3857 rissimo
3218 3816 3241 3844 ε
3264 3803 3539 3863 Machario
3558 3810 3817 3868 monacho

2243 3895 2300 3944 et
2343 3888 2605 3957 pontiﬁci,
2637 3889 2860 3947 Flaccus
2904 3891 3058 3964 [ϐοά.
3102 3893 3243 3962 Sal.,
3270 3895 3465 3971 Ftlius]
3492 3898 3716 3957 Albinus
3761 3903 3815 3957 in

2244 3980 2511 4039 charitate
2540 3980 2744 4037 Christi
2769 3984 3017 4043 salutem.

2314 4070 2468 4139 Quod
2494 4072 2638 4128 Deus
2665 4074 2966 4145 contjunxit,
2988 4077 3242 4133 saeculum
3269 4096 3375 4135 non
3397 4093 3617 4153 separet
3638 4083 3817 4157 [Can.,

2244 4162 2505 4241 separat].
2533 4164 2675 4218 Ecce
2702 4165 2794 4239 qui
2821 4167 2956 4225 venit
2984 4168 3156 4237 ignem
3197 4171 3399 4229 mittere
3444 4172 3662 4245 (Matth.
3704 4192 3812 4245 xix,

2244 4252 2297 4325 6)
2324 4255 2378 4309 in
2405 4254 2571 4309 corda
2601 4270 2847 4321 suorum,
2866 4257 2953 4312 ille
2982 4256 3150 4313 faciat
3169 4260 3362 4319 ardere
3378 4264 3519 4337 quod
3548 4264 3810 4321 incendit:

2243 4359 2344 4399 nec
2373 4343 2592 4405 flumina
2622 4345 2954 4408 inﬁdelitatis
2981 4348 3213 4407 obruent
3234 4350 3438 4423 ignem,
3462 4355 3554 4425 qui
3584 4355 3638 4415 in
3664 4356 3813 4413 altari

2243 4435 2339 4489 Dei
2384 4436 2471 4491 die
2518 4438 3014 4507 noctuqueardere
3051 4440 3361 4511 praecipitur
3403 4459 3418 4497 :
3457 4458 3559 4507 nec
3587 4445 3813 4503 alienum

570 4516 715 4577 ﬁlios.
735 4516 838 4590 piis
866 4514 1320 4575 admonitionibus
1347 4506 1474 4593 [Al-9
1515 4514 1716 4609 pietate
1738 4506 2140 4609 admonitionis]
2170 4536 2219 4596 υ
2244 4526 2497 4597 quislibet
2523 4527 2718 4584 audeat
2744 4528 2920 4598 ignem
2945 4506 3162 4599 portare
3191 4506 3245 4585 in
3275 4506 3684 4593 tabernaculum
3713 4539 3815 4609 spi-

556 4605 765 4675 ‘saepius
798 4603 1013 4665 erudire
1065 4601 1317 4665 solebat,
1367 4608 1428 4657 ut
1477 4602 1788 4672 quotidiana
1836 4603 2138 4661 litterarum

2245 4616 2422 4679 ritate,
2467 4630 2533 4669 ne
2569 4617 2851 4675 occidatur
2878 4618 2947 4672 ab
2971 4635 3036 4674 eo
3062 4622 3154 4696 qui
3182 4636 3340 4677 suum
3382 4639 3599 4696 semper
3627 4629 3819 4684 ardere

569 4698 732 4759 lectio
756 4702 1011 4751 aeternam
1037 4693 1213 4767 patris
1236 4700 1624 4771 pratceptomm
1646 4734 1660 4759 ,
1694 4695 1965 4755 mentibus
2005 4695 2142 4752 lilio-
2234 4704 2407 4775 jussit
2428 4706 2577 4779 (Luc.
2611 4724 2710 4774 xu,
2738 4707 2848 4782 49).
2882 4709 3014 4782 Quis
3040 4693 3124 4773 est
3152 4713 3293 4785 ignis
3312 4715 3430 4779 Dei,
3452 4693 3555 4777 nisi
3581 4721 3815 4776 eharitas

545 4862 549 4865 λ
639 4831 1277 4914 ῗξϊοιέθηιρνίὲοίῆ
1381 4900 1416 4914 ..
1566 4900 1581 4914 .
1798 4900 1813 4914 .
1930 4902 1942 4914 .

548 4952 553 4955 .
644 4904 674 4950 δ
697 4900 1020 4986 Liudgarfitf:
1050 4901 1212 4985 Regis
1239 4900 1689 4986 Caroliconiux,
1728 4900 1883 4983 cujus
1928 4902 1981 4957 in
2022 4902 2141 4958 aliis

570 4988 783 5100 quoqgte
810 4973 1047 5043 epistolis
1069 4974 1262 5041 saepius
1282 4973 1544 5025 meminit.
1650 5040 1662 5053 ι
1758 4978 1771 4983 ’
2000 5042 2012 5054 .

641 5056 665 5084 ε
724 5046 987 5123 'toracem.
1007 5042 1274 5123 “Pallium
1307 5050 1437 5123 puto
1467 5042 1970 5123 memorum-quale
1999 5058 2142 5113 Ipse-

569 5124 681 5171 met
725 5112 980 5169 Alcuinus
1006 5110 1360 5182 Fuldensibtis
1400 5110 1658 5167 fratribus
1687 5110 1849 5168 misit:
1862 5113 1929 5167 ad
1954 5110 2139 5182 tegen-

569 5187 707 5309 dumt
745 5198 945 5309 (napus
976 5182 1152 5239 sancti
1180 5180 1439 5242 Bonifacii
1463 5221 1483 5249 ι
1526 5182 1593 5239 de
1644 5196 1750 5255 quo
1775 5181 1889 5237 vid.
1916 5180 2030 5239 not;
2070 5183 2141 5239 ad

569 5271 724 5309 ents.
865 5295 878 5309 .

568 5254 1116 5405 epasi‘égiiﬁehugrcet.
1145 5322 1234 5387 54,
1270 5318 1583 5405 ρειιιῖεᾹΛιβ;
1613 5318 1804 5379 collata
1829 5335 1949 5375 cum
1979 5321 2134 5379 codd.

568 5394 1170 5539 ωεὲῄὲιῇιῖιῗίἓοέθοὲ,
1186 5390 1600 5539 l‘ui
1642 5454 1904 5539 Biclrbodi
1949 5461 2137 5539 Trevi-_

568 5533 743 5612 rensis
763 5533 1023 5612 episcopi,
1046 5542 1108 5591 ut
1139 5548 1205 5590 ex
1235 5529 1389 5612 titulo
1416 5529 1571 5612 huius
1597 5529 1852 5612 epistolae,
1876 5546 2033 5600 quem
2070 5532 2137 5587 ad

569 5543 743 5595 rensis
763 5543 1023 5656 episcopi,
1046 5543 1108 5591 ut
1139 5548 1205 5590 ex
1235 5543 1389 5589 ιιιιιιο
1416 5543 1571 5652 lngus
1597 5543 1852 5612 epistulae,
1876 5546 2033 5600 quem
2070 5543 2137 5587 ad

569 5606 731 5663 aliam
775 5604 948 5671 episto
969 5619 1077 5667 am,
1108 5617 1227 5670 qua:
1271 5601 1463 5671 intercl
1503 5606 1973 5671 tsset,_pcrt1ncre
2018 5616 2138 5671 per-

546 5689 750 5744 peram
772 5668 1319 5753 Canisius‘credid‘it,.
1347 5668 1447 5753 coll
1471 5668 1633 5753 gitur.
1672 5669 1747 5722 ita
1776 5668 2138 5753 enimjbiso-

568 5736 660 5798 nat
690 5761 702 5797 :
750 5744 831 5799 Ad
869 5742 1163 5822 pontiﬁcem
1191 5736 1493 5820 _Rirbodrmi
1529 5736 1866 5822 Trevercnsii
1894 5740 2136 5822 ciritrrtis,

571 5824 677 5870 ctc.
711 5813 855 5870 ldem
870 5808 1072 5869 deinde
1106 5810 1160 5865 in
1189 5808 1537 5879 inscriptione
1567 5817 1786 5863 vocatur
1810 5808 2136 5867 illac/utrius.

2241 4838 2518 4895 Canisium
2542 4838 2967 4914 fefellittitulus,
3009 4843 3064 4897 in
3094 4844 3279 4914 codice
3308 4860 3416 4914 quo
3440 4862 3575 4904 usus
3597 4858 3684 4905 est
3722 4850 3816 4906 de-

2280 4911 2647 4985 ravatus,_qui
2682 4911 2805 4985 talis
2842 4922 2959 4969 erat
2989 4931 3003 4971 :
3045 4913 3125 4970 Ad
3163 4911 3461 4985 pontiﬁcem
3490 4917 3816 4979 Richme

2291 4981 2817 5054 reverensisfivitatis
2850 4992 2898 5035 et
2940 4981 3261 5049 conventum,
3309 4981 3462 5054 cujus
3506 4990 3655 5044 vocis
3701 4990 3817 5046 loco

2242 5049 2526 5129 lfgendum
2576 5049 2674 5105 fuit
2708 5069 2743 5129 ὲ
2772 5049 3141 5129 Cognggnentd
3172 5049 3522 5118 Hac/narium.
3574 5068 3633 5115 ut
3678 5061 3818 5129 apud

2241 5118 2655 5185 Quercetanum.
2708 5118 2876 5177 Porro
2899 5121 3210 5179 Richbodus
3252 5135 3410 5181 antea
3439 5118 3743 5185 monachus
3765 5138 3818 5184 et

2241 5190 2413 5266 abbas
2431 5189 2833 5266 Mediolaccnsis
2857 5203 2871 5266 ς
2879 5208 2948 5246 an
2962 5192 3503 5266 Laurisheimensis?)
3525 5213 3670 5252 anno
3693 5200 3815 5266 79l,

2240 5258 2307 5314 ad
2324 5259 2699 5332 episcopatum
2719 5259 3090 5320 Trevircusem
3116 5273 3397 5332 promotus
3423 5258 3546 5331 fuit,
3572 5277 3635 5322 ut
3656 5258 3821 5326 habet

2240 5328 2513 5421 ςράςηιιιε.
2557 5331 2894 5421 sxncligouus
2954 5328 3185 5421 cmnol'tii
3239 5333 3296 5388 S.
3339 5328 3626 5421 ἕξειξῴἰηί
3677 5341 3819 5421 apud

2240 5398 2529 5485 liontheim
2557 5399 2697 5485 llist.
2723 5400 3089 5485 Trevir._tom.
3121 5403 3312 5485 l,_pag.
3337 5404 3431 5485 65ἶ
3452 5404 3684 5485 Ἀιςμῑηρ
3707 5398 3817 5482 isi-

2240 5479 2328 5549 tur
2352 5479 2681 5554 praeceptore
2717 5487 2846 5553 usus
2874 5480 2977 5554 est,
3009 5474 3223 5554 quando
3272 5474 3318 5533 is
3350 5475 3526 5554 primo
3555 5474 3816 5554 infran-

2239 5541 2379 5594 ciam
2402 5539 2565 5593 venit.
2597 5540 2647 5597 Is
2669 5541 2829 5597 etiam
2856 5550 2937 5596 est
2960 5539 3048 5597 cui
3071 5540 3329 5603 Alcuinus
3352 5539 3594 5607 libellum
3620 5546 3821 5605 Felicis

2241 5609 2559 5678 Urgcllitani
2601 5611 2668 5663 ad
2711 5611 3050 5666 refutandum
3094 5613 3231 5667 tradi
3261 5614 3447 5669 voluit.
3479 5614 3627 5671 Obiit
3651 5617 3819 5674 Rich-

2238 5679 2410 5732 botus
2443 5695 2584 5733 anno
2618 5680 2740 5744 804,
2781 5689 2840 5733 ιιι
2866 5682 3061 5735 habent
3089 5679 3203 5748 ejus
3240 5684 3495 5748 temporis
3517 5686 3817 5742 Annalistat

2240 5748 2611 5823 Loisellianus,
2633 5750 2921 5823 _Fuldensis
2948 5759 3004 5807 et
3027 5752 3136 5807 alii.
3167 5753 3283 5809 Vid.
3310 5748 3535 5821 Mabill.,
3565 5755 3661 5811 lib.
3689 5773 3814 5823 xxv,

2240 5817 2456 5887 Annal.,
2498 5836 2553 5874 ιι.
2585 5818 2670 5888 44,
2702 5828 2807 5876 etc.
