4064 6342
238 357 322 416 ul
1612 344 1988 402 EPlSTOL/E.

3342 350 3449 406 M2

236 468 388 543 (Cant.
415 474 538 528 vui,
566 457 754 533 7)?Et
776 461 899 532 quis
936 460 1165 527 alienus,
1205 459 1310 516 nisi
1358 474 1511 515 amor
1554 459 1780 514 smeuli?
1807 462 1857 520 Α
1882 458 1966 513 vel
2003 473 2091 514 me
2130 459 2434 527 offendere,
2488 468 2546 516 ut
2598 459 2890 532 intelligam
2936 459 3204 526 studium,
3251 462 3306 518 in
3341 477 3449 533 quo

233 558 341 616 ideo
360 555 461 611 duo
481 553 679 609 servati
707 559 833 607 sunt
855 567 923 608 ex
944 552 1066 607 filiis
1084 553 1263 607 Aaron
1281 561 1502 622 propter
1518 552 1626 606 duo
1642 566 1781 621 pra:—

233 654 369 719 cepta
416 642 735 708 charitatis;
790 649 847 697 et
889 642 996 698 duo
1040 643 1318 713 perierunt
1341 650 1560 712 propter
1600 640 1781 697 saeculi

232 749 449 796 amorem
476 741 532 789 et
559 741 855 789 amatorem
874 732 1016 789 illius
1044 733 1228 805 (Leuit.
1258 734 1383 798 ΧΑ,
1412 733 1490 802 2).
1518 732 1781 802 Optimam

226 838 402 903 partem
442 825 591 897 elegit
629 825 729 880 sibi
771 823 970 891 Har-ia,
1016 841 1133 896 qua:
1164 840 1269 879 non
1311 823 1578 893 auferetur
1621 823 1685 876 ab
1718 837 1782 875 ea

227 920 358 993 (Lac.
385 915 575 988 κη).
591 916 850 971 Amemus
865 915 1009 986 quod
1028 931 1134 971 non
1156 914 1431 970 auferetur
1456 913 1611 987 [ϐοά.
1638 913 1777 980 Sal.,

224 1006 780 1079 aufertur],fugiamus
799 1005 942 1075 quod
970 1003 1172 1060 auferri
1197 1011 1393 1075 potest.
1419 1003 1646 1074 lmpium
1674 1011 1778 1069 est,

221 1099 514 1171 diligentem
553 1112 658 1152 non
684 1096 929 1167 diligere,
957 1104 1012 1151 et
1040 1094 1357 1150 retribueuti
1389 1108 1495 1148 non
1517 1093 1781 1149 retribue-

216 1205 286 1248 re.
313 1187 453 1256 Quid
480 1186 747 1243 retribuit-
769 1185 924 1239 nobis
958 1184 1136 1239 Deus?
1174 1184 1445 1238 Retribuit
1486 1182 1643 1238 nobis
1680 1197 1780 1252 pro

214 1278 355 1336 malis
389 1276 599 1337 nostris
642 1274 783 1330 bona
811 1288 909 1329 sua
943 1291 956 1328 :
992 1273 1147 1343 193
1175 1272 1537 1327 retribuamus
1583 1272 1633 1325 ei
1680 1285 1780 1341 pro

212 1367 350 1424 bonis
375 1366 495 1421 suis
517 1364 661 1421 bona
685 1370 891 1418 nostra.
920 1360 1049 1429 Quae
1075 1369 1205 1416 sunt
1229 1360 1371 1415 bona
1398 1369 1584 1415 nostra
1609 1400 1625 1424 ,
1673 1360 1779 1414 nisi

214 1465 271 1511 ut
288 1456 573 1526 diligamus
591 1468 740 1518 eum,
759 1460 815 1508 et
833 1452 1089 1508 mandata
1107 1451 1225 1522 ejus
1242 1452 1593 1507 observemus
1602 1451 1635 1504 -?
1660 1464 1780 1519 quae

214 1555 327 1604 sunt
356 1546 612 1602 mandata
640 1545 803 1610 illius,
841 1544 944 1599 nisi
975 1553 1038 1600 ut
1077 1543 1362 1614 diligamus
1409 1543 1681 1597 invicem?
1710 1542 1779 1597 In

213 1637 287 1691 Itis
334 1636 539 1691 duobus
585 1635 854 1711 praeceptis
888 1642 1000 1689 tota
1036 1632 1122 1689 lea:
1162 1636 1349 1706 pendet
1398 1642 1446 1687 et
1515 1632 1778 1703 propheta

209 1727 413 1799 (Matth.
446 1742 586 1793 χιιι,
616 1726 728 1799 40).

1881 548 2052 602 otium
2086 549 2242 605 istius
2279 550 2404 605 anni
2446 551 2766 616 exercuisti;
2814 559 2870 606 et
2913 566 3023 620 quo
3062 552 3312 608 thesauro
3354 569 3450 609 cor
3564 564 3571 571 '

1881 639 2122 710 impleris
2148 648 2322 709 tuum,
2342 640 2516 711 pande
2541 640 2717 707 nobis,
2743 650 2803 695 ut
2832 648 3009 695 tecum
3038 642 3366 713 gaudeamus
3391 643 3449 697 in

1878 728 2023 784 bono
2050 738 2162 785 tuo.
2194 729 2413 786 Utinam
2434 730 2723 800 Evangelia
2751 739 3000 801 quatuor,
3050 747 3158 788 non
3179 731 3451 788 Eneades

1854 818 2194 887 “duodecim,
2236 827 2426 890 pectus
2469 821 2774 891 compleant
2819 830 2993 887 tuum,
3022 829 3084 876 ut
3106 837 3169 877 ea
3212 830 3267 894 te
3288 822 3450 877 vehat

1881 906 2075 979 [Ed£t.,
2105 917 2160 963 et
2202 917 2257 965 te
2281 909 2498 982 avehat]
2526 911 2785 982 quadriga
2813 912 2880 966 ad
2910 912 3148 969 cmlestis
3171 913 3324 984 regni
3349 929 3451 983 pa-

1877 997 2085 1065 latium,
2123 1001 2216 1056 ubi
2249 1010 2332 1056 est
2362 1003 2537 1059 honor
2569 1004 2883 1061 indefieiens
2907 1013 2963 1061 et
2996 1020 3219 1076 regnum
3254 1007 3453 1077 sempi-

1877 1093 2114 1156 ternum,
2140 1090 2234 1146 ubi
2258 1106 2357 1161 pro
2378 1107 2467 1147 me
2497 1094 2846 1159 intercedere,
2870 1097 3048 1159 credo,
3076 1112 3284 1153 memor
3308 1097 3449 1163 eris;

1877 1178 2005 1247 quia
2033 1186 2105 1246 te,
2135 1187 2197 1235 ut
2223 1180 2350 1236 illuc
2385 1182 2618 1249 venires,
2646 1185 2926 1240 exhortari
2956 1188 3272 1258 gaudebam.

2344 1307 2369 1335 ε
2399 1295 2733 1352 EPISTOLA
2773 1297 2978 1353 CLXX.

2018 1380 2087 1423 AD
2126 1380 2393 1421 RIGBODUI
2428 1382 2717 1422 EPISCOPUI
2755 1384 2843 1431 QUI
2881 1386 2951 1424 ET
2989 1386 3308 1427 IACHAIUUS.

2073 1439 2086 1450 ’
2322 1457 2475 1512 Dolet
2497 1458 2562 1513 de
2587 1460 2745 1514 amici
2765 1462 3019 1518 absentia.
3293 1502 3302 1512 .

1951 1547 2156 1603 Dilecto
2204 1547 2352 1607 Patri
2399 1548 2672 1605 Macbario
2693 1590 2708 1616 ,
2756 1551 2978 1607 humilis
3021 1552 3184 1611 levita
3228 1553 3454 1613 Albinus

1877 1636 2104 1697 salutem
2132 1638 2183 1691 δ.

1947 1727 2238 1783 Charitatis
2281 1728 2617 1786 dulcedinem
2662 1731 2961 1788 litterarum
3009 1736 3182 1792 oﬂicia
3229 1738 3455 1808 implere

269 1815 377 1872 Cur
403 1818 509 1872 ista
534 1824 647 1872 tam
674 1817 834 1887 longo
861 1816 1088 1887 repetita
1112 1817 1393 1887 principio,
1422 1818 1527 1873 nisi
1551 1826 1609 1872 ut
1635 1818 1773 1873 scias
1803 1805 1848 1865 Β
1876 1831 1981 1872 non
2004 1826 2249 1887 possunt,
2272 1828 2452 1875 tamen
2477 1822 2847 1893 qualecunque
2869 1824 3021 1896 [Cod.
3045 1826 3187 1892 Sal.,
3210 1805 3452 1901 aliquod]

204 1908 450 1963 ardorem
498 1909 679 1965 eordls
729 1909 884 1964 mei?
934 1908 1077 1965 Pene
1113 1910 1245 1965 mihi
1293 1910 1486 1965 melius
1530 1919 1690 1976 esset,
1722 1919 1776 1965 te

206 2014 494 2069 pauperem
532 1999 732 2055 habere
763 2009 1104 2069 prmsentem,
1134 2016 1297 2071 quam
1334 2001 1555 2057 divitem
1583 2002 1777 2057 absen-

203 2097 326 2144 tem.
360 2089 505 2157 Quid
534 2089 667 2145 mihi
690 2090 911 2156 divitiae,
938 2092 984 2147 si
1013 2107 1119 2146 non
1149 2093 1323 2148 habeo
1354 2106 1513 2162 quem
1543 2108 1695 2157 amo;
1726 2093 1775 2149 si

195 2198 300 2238 non
323 2183 614 2238 considero
632 2198 794 2254 quem
823 2184 1103 2239 desidero?
1134 2192 1227 2239 tua
1252 2180 1779 2254 potentigmibest

112 2312 121 2327 κ
192 2272 437 2329 miseria.
479 2272 584 2329 Ubi
626 2279 710 2329 est
730 2273 1100 2328 dulcissimum
1129 2275 1272 2329 inter
1297 2289 1395 2329 nos
1419 2272 1779 2343 colloquium?

120 2360 291 2419 ξυΒί
323 2376 613 2417 sacrarum
638 2363 942 2417 litterarum
967 2362 1204 2417 studium
1231 2364 1631 2420 desiderabile?
1679 2365 1777 2423 Ubi

181 2452 309 2510 lteta
336 2452 534 2515 facies,
562 2467 722 2522 quam
750 2451 1065 2520 conspicere
1100 2450 1376 2513 solebam?
1409 2453 1510 2510 Ubi
1540 2470 1782 2510 commu-

177 2542 278 2598 nio
304 2541 620 2607 cbaritatis,
652 2558 813 2614 quam
844 2542 1118 2600 fraternus
1140 2561 1293 2601 amor
1322 2547 1449 2603 hinc
1476 2548 1600 2602 inde
1627 2563 1782 2604 exer-

185 2635 343 2691 cuit?
374 2634 486 2690 Ubi
514 2635 707 2690 saltem
745 2637 1006 2692 memoria
1047 2638 1280 2693 nominis
1306 2639 1513 2694 nostri?
1535 2638 1677 2695 Ecce
1702 2649 1781 2695 to-

183 2736 273 2782 tus
312 2726 589 2805 praeteriit
633 2742 828 2794 annus,
859 2743 967 2798 quo
1010 2743 1110 2783 nec
1142 2729 1442 2786 litterarum
1482 2731 1781 2789 consolatio

188 2817 362 2873 oculis
401 2814 643 2880 advenit,
675 2830 777 2872 nec
814 2815 1153 2875 salutationis
1177 2817 1411 2874 olllcium
1440 2820 1662 2875 auribus
1700 2820 1782 2874 in-

191 2908 394 2962 sonuit.
421 2906 565 2974 Quid
592 2908 840 2977 peceavit
866 2917 1038 2978 pater,
1065 2918 1177 2965 uta
1206 2910 1318 2966 filio
1341 2911 1782 2969 oblivisceretur?

193 2999 330 3066 Quid
359 2999 644 3069 magister,
676 3007 736 3055 ut
771 3000 1071 3072 discipulus
1096 3001 1394 3072 neglexerit
1430 3003 1589 3057 eum?
1618 3002 1781 3058 Forte

190 3087 453 3143 exaltatio
503 3087 684 3143 saeculi
733 3087 1017 3159 dedignata
1063 3096 1149 3143 est
1194 3103 1387 3144 nomen
1435 3090 1679 3160 magistri
1723 3091 1776 3145 in

194 3178 315 3233 illo?
351 3179 471 3233 Aut
496 3179 859 3250 peregrinatio
888 3193 1007 3233 mea
1031 3178 1183 3234 viluit
1226 3179 1281 3239 in
1303 3180 1476 3237 oculis
1500 3181 1645 3237 tuis?
1671 3180 1779 3238 Aut

194 3283 344 3325 amor
373 3268 621 3327 Maronis
649 3269 770 3328 tulit
798 3269 1116 3330 memoriam
1153 3271 1299 3329 mei?
1345 3270 1390 3328 Ο
1422 3272 1469 3329 si
1510 3272 1645 3333 mihi
1683 3288 1782 3329 no-

194 3372 312 3415 men
344 3366 500 3415 esset
531 3358 822 3429 Virgilius!
863 3366 992 3419 tunc
1021 3375 1235 3431 semper
1267 3368 1392 3417 ante
1419 3361 1604 3417 oculos
1631 3362 1783 3417 lude-

192 3463 302 3503 rem
334 3456 484 3516 tuos,
511 3459 571 3507 et
593 3465 713 3505 mea
741 3450 884 3510 dicta
916 3459 1029 3507 tota
1054 3460 1416 3520 pertractares
1450 3452 1630 3524 [Can.,
1659 3468 1783 3522 per.

192 3542 545 3615 scrutaberis]
592 3543 910 3609 intentione,
960 3552 1018 3600 et
1052 3542 1209 3613 juxta
1249 3546 1594 3615 proverbium
1638 3545 1781 3603 illius

190 3646 356 3689 essem
379 3634 537 3702 apud
570 3640 625 3687 te

361 3742 512 3796 Tunc
535 3741 656 3794 felix
678 3745 902 3810 nimium,
923 3758 1024 3810 quo
1044 3757 1139 3796 non
1157 3744 1346 3798 felicior
1365 3747 1514 3799 ullus.

249 3847 388 3920 Quid
431 3850 676 3907 faciam?
710 3849 793 3906 An
821 3867 997 3907 meam
1025 3852 1179 3908 doleo
1225 3852 1617 3920 infelicitatem,
1649 3854 1777 3925 quia

188 3954 288 3995 non
314 3958 435 3997 sum
466 3956 642 4014 quem
674 3942 883 4013 diligis?
931 3941 1016 3996 An
1044 3951 1188 3996 tuam
1232 3942 1393 3998 laudo
1434 3944 1773 4015 sapientiam,

188 4032 303 4099 quia
330 4032 519 4104 diligis
564 4031 735 4097 illum,
763 4032 854 4103 qui
884 4048 989 4088 non
1019 4033 1136 4087 est?
1179 4032 1404 4088 Flaccus
1452 4032 1680 4107 [Canis.,
1710 4034 1776 4087 ii-

186 4118 303 4196 lius]
327 4125 591 4188 recessit,
620 4124 877 4195 Virgilius
904 4125 1149 4188 accessit,
1172 4131 1226 4179 et
1252 4124 1307 4178 in
1337 4124 1457 4179 loco
1492 4124 1671 4196 [Can.,
1696 4125 1775 4179 lo-

186 4214 321 4287 eum]
369 4215 637 4288 magistri
676 4214 919 4270 nidificat
961 4213 1145 4269 Maro?
1183 4213 1297 4269 Hoc
1324 4214 1513 4270 dolens
1551 4215 1771 4280 dictavi,

182 4301 261 4356 vel
295 4313 529 4375 propter
582 4302 909 4359 obllvionem
954 4303 1082 4368 mei,
1105 4301 1190 4357 vel
1210 4310 1431 4373 propter
1471 4303 1771 4359 absentiam

182 4392 273 4457 tui,
303 4395 599 4464 paululum
626 4392 878 4450 ferociori
913 4393 1126 4464 pumice
1166 4393 1412 4448 chartam
1447 4404 1660 4459 terens,
1713 4401 1774 4448 ut

180 4483 260 4570 vel
279 4485 454 4542 iratus
478 4484 695 4557 aliquid
724 4485 1085 4540 resoriberes:
1112 4483 1241 4553 quia
1258 4485 1356 4539 bos
1385 4483 1559 4539 lassus
1585 4482 1769 4557 [Cau.,
1802 4508 1852 4570 υ

181 4568 354 4648 Ιωειιε]
386 4575 599 4633 fortius
627 4574 743 4645 figit
768 4574 1042 4645 ungulam.
1073 4573 1253 4644 Incipe
1272 4573 1359 4628 vel
1382 4572 1668 4630 defendere
1697 4582 1767 4640 te,

244 4718 270 4753 ει
294 4708 442 4771 Edit.
473 4708 738 4776 Quercet.
762 4706 851 4772 40,
893 4706 1074 4762 Canis.
1116 4706 1212 4773 19;
1262 4704 1458 4762 collata
1490 4721 1611 4760 eum
1648 4707 1767 4776 cod.

179 4774 540 4858 ms.‘Sa_liAsli.
624 4778 743 4833 Vid.
789 4777 947 4853 epist.
996 4777 1253 4853 priorem.
1318 4775 1494 4849 (Apud
1536 4774 1768 4832 Frob’eu.

179 4849 620 4997 ψξὲἑιάἦθέδιη
663 4915 864 4978 Dilecto
886 4915 1038 4973 Patri
1078 4915 1339 4984 salutem,
1377 4916 1597 4974 omissis
1649 4916 1772 4973 reli-

179 4998 313 5059 quis.

246 5057 548 5138 ῗξῖνοδεη·
584 5054 897 5138 θρὲεὲι¹⁹⁷σ
951 5127 967 5138 .
1024 5124 1039 5138 .
1098 5126 1164 5138 -.
1400 5126 1415 5138 .
1524 5125 1570 5138 ..
1640 5126 1704 5138 ..

241 5123 268 5163 ά
298 5125 459 5183 Hanc
497 5123 912 5196 inscriptionem
951 5124 1115 5196 habet
1151 5126 1264 5196 ipse
1316 5126 1484 5181 codex
1524 5125 1771 5181 Harleia-

176 5209 273 5265 nus
295 5236 310 5260 ,
353 5198 447 5252 cui
478 5194 926 5254 omnino'similis
950 5204 1035 5254 est
1059 5194 1148 5251 illa
1164 5194 1417 5265 epistola:
1446 5196 1546 5251 167
1573 5197 1663 5251 ubi
1691 5197 1772 5252 vi-

177 5262 458 5335 densquze
485 5269 561 5322 de
591 5265 830 5335 Riebodo
851 5262 1244 5335 adnotavimus.

244 5333 663 5391 ePutriarchat.
717 5334 871 5388 Hunc
916 5333 1150 5389 nominis
1204 5334 1464 5389 honorem
1512 5335 1770 5390 Alcuinus

176 5403 342 5488 etiam
370 5403 818 5488 tribuit‘Arnoni
835 5404 1240 5488 archiepiscopo
1286 5402 1681 5488 Salisburgensi
1714 5406 1768 5458 in

176 5474 421 5554 carmine
451 5474 606 5554 quod
630 5474 888 5554 epistolae,
911 5472 1257 5554 “qua-eidem
1304 5472 1582 5554 inscripsit
1602 5490 1771 5554 Iconi-

173 5543 513 5618 mentarium
531 5543 881 5618 ‘in_l5salmos
907 5543 1341 5609 Poenitentiales,
1371 5543 1643 5618 subiungit
1665 5586 1683 5612 ,
1714 5545 1769 5599 in

175 5610 362 5671 ultimo
386 5613 673 5669 Versicqu
701 5632 715 5674 ς

258 5764 335 5820 Te
369 5768 604 5820 ducente
629 5775 783 5833 pater,
808 5769 996 5833 Pastor,
1022 5769 1289 5834 patriarcha
1317 5767 1562 5821 sacerdos.

1875 1908 2053 1963 lumen
2104 1909 2248 1965 illius
2296 1913 2583 1968 ostendere
2625 1914 2891 1969 nituntur.
2945 1916 3097 1971 Sicut
3123 1918 3289 1987 digito
3316 1935 3455 1989 prae-

1875 2014 2000 2056 sens
2038 2002 2200 2055 homo
2234 2003 2563 2071 ostenditur,
2593 2004 2671 2060 ita
2710 2006 2906 2085 litteris
2940 2008 3179 2063 absentis
3214 2010 3454 2065 eharitas

1875 2092 2298 2148 demonstratur.
2349 2094 2564 2161 Fateor,
2595 2110 2730 2151 mea:
2758 2098 2956 2153 mentis
2986 2097 3201 2155 dilectio
3232 2099 3310 2153 tui
3361 2108 3471 2155 tte-

1876 2180 1966 2235 det
1988 2180 2285 2235 absentiam
2309 2200 2324 2238 :
2348 2190 2599 2252 essetque
2625 2184 2841 2254 aliquod
2865 2187 3065 2241 amoris
3089 2187 3451 2257 refrigerium,

1877 2270 1922 2323 si
1949 2270 2033 2324 vel
2062 2270 2220 2344 194
2249 2272 2326 2326 tui
2374 2273 2552 2328 cordis
2586 2272 2836 2329 affectum
2874 2290 2971 2345 per
3017 2275 3241 2331 alterius
3292 2275 3448 2349 [ϐοά.

1880 2359 2017 2424 Sal.,
2046 2360 2229 2433 altius]
2261 2362 2504 2419 audirem
2532 2378 2626 2429 os;
2660 2363 2745 2419 vel
2778 2379 2901 2421 cum
2944 2364 3153 2420 litteras
3193 2364 3449 2435 legerem,

1878 2469 2039 2523 quem
2075 2454 2352 2508 ardentius
2382 2469 2657 2524 cuperem,
2687 2454 3064 2525 intelligerem.
3105 2455 3223 2511 Non
3253 2455 3453 2525 disiun-

1878 2550 1970 2612 gat
1997 2542 2249 2599 szeculum
2277 2558 2416 2612 quos
2440 2543 2642 2598 Christi
2671 2543 2907 2599 charitas
2943 2543 3241 2612 conjunxit.
3274 2545 3341 2599 Et
3364 2560 3455 2599 ve-

1880 2631 1994 2687 niat
2028 2646 2126 2701 per
2162 2646 2286 2687 eum
2324 2641 2506 2701 optata
2538 2632 2656 2687 dies
2683 2633 2899 2688 videndi
2933 2632 3163 2705 [Canis.,
3192 2634 3454 2706 vivendi],

1878 2724 1971 2792 qui
2015 2739 2203 2779 omnes
2231 2725 2347 2780 dies
2385 2726 2589 2780 ereavit
2622 2727 2690 2780 ad
2723 2724 3029 2782 videndum.
3073 2726 3237 2781 Multa
3277 2735 3455 2782 tecum

1879 2816 2187 2871 habuissem
2231 2815 2458 2889 [utilia]
2507 2816 2775 2883 conferre,
2826 2818 2873 2873 si
2925 2824 3031 2873 tute
3082 2817 3457 2873 collocutionis

1880 2903 2037 2977 [Cod.
2064 2904 2207 2971 Sal.,
2234 2905 2576 2978 conlationis]
2621 2905 2991 2961 familiaritate
3033 2908 3111 2962 uti
3141 2907 3451 2962 valuissent.

1876 2993 2069 3048 Veniet
2110 3002 2341 3064 tempus,
2388 2996 2515 3050 dum
2553 2995 2668 3050 vult
2714 2994 2804 3050 ille
2848 2997 2940 3064 qui
2990 2996 3226 3066 disponit
3272 2996 3454 3053 omnia

1878 3091 2141 3154 tempora,
2172 3084 2254 3157 [ut
2277 3084 2349 3157 te]
2379 3102 2502 3140 eum
2532 3086 2677 3140 omni
2725 3087 3010 3141 eharitatis
3038 3087 3318 3142 dulcedine
3348 3086 3455 3158 [vi-

1882 3174 2009 3230 dere
2035 3175 2287 3248 valeam].
2313 3176 2506 3231 Valeas
2533 3177 2629 3239 ﬁli,
2660 3175 2829 3231 frater
2855 3184 2911 3231 et
2936 3177 3129 3232 amice.

2328 3278 2351 3307 ε
2389 3266 2722 3322 EPISTOLA
2759 3267 2988 3323 CLXXI.

1922 3354 1949 3396 δ
1990 3371 2367 3423 annlcsonuu
2419 3373 2870 3414 Αιεηιεριεοοριηι
2918 3374 3271 3421 consonum
3314 3377 3414 3415 ιΑ-

2538 3443 2796 3487 αιιΑιιιυκ.

2434 3519 2612 3591 (Anno
2636 3520 2894 3594 incerto.)

1882 3606 2134 3674 Queritur
2182 3608 2248 3663 de
2295 3607 2591 3665 intermisso
2657 3612 2962 3669 commercio
3013 3611 3325 3667 litterarum.
3370 3613 3453 3667 Ad

1948 3678 2132 3750 lteram
2147 3678 2334 3750 expetit
2360 3683 2600 3750 quantum
2621 3680 2811 3750 scripta
2832 3684 3001 3735 sancti
3029 3682 3214 3737 Leonis
3239 3692 3285 3737 et
3326 3681 3450 3738 Ven.

1948 3746 2125 3802 Beda.
2152 3746 2232 3801 Ad
2263 3746 2501 3802 sanetum
2526 3746 2813 3804 Martinam
2842 3752 3043 3805 invitat.

1948 3838 2223 3894 Machario
2254 3851 2278 3878 θ
2298 3840 2624 3910 patriarcha:
2649 3840 2873 3896 Albinus
2899 3843 3148 3897 salutem.

1947 3929 2086 3997 Quid
2109 3929 2674 4001 proficiuntsapientia
2704 3933 3020 3986 abscondita
3048 3933 3132 3987 vel
3162 3934 3451 3988 thesaurus

1877 4024 2079 4077 invisus
2105 4022 2293 4094 (Eccli.
2317 4038 2410 4087 xx,
2438 4022 2549 4094 32),
2566 4022 2651 4077 vel
2680 4023 2919 4077 charitas
2937 4031 3086 4080 muta
3106 4024 3130 4077 ?
3153 4022 3291 4077 Num
3315 4025 3454 4094 ignis

1877 4113 1929 4167 in
1958 4113 2131 4183 silice,
2160 4113 2265 4168 nisi
2303 4114 2633 4178 excutiatur,
2674 4112 3051 4167 flammifacit?
3101 4112 3279 4180 Quare
3319 4122 3406 4167 tua
3435 4154 3450 4179 ,

1876 4206 2048 4259 frater
2073 4204 2411 4269 charissime,
2446 4203 2686 4259 charitas
2712 4205 3078 4259 taciturnitate
3097 4205 3455 4261 obmutescit?

1873 4295 1986 4352 Cur
2012 4312 2117 4351 non
2145 4295 2385 4351 movebis
2410 4295 2647 4366 linguam
2675 4296 2743 4351 ad
2769 4296 3082 4351 dictandum
3099 4337 3114 4362 ,
3136 4312 3355 4351 manum
3384 4297 3452 4352 ad

1875 4388 2262 4445 scribendum?
2306 4387 2445 4455 Quid
2498 4388 2755 4443 talentum
2802 4390 2965 4443 humo
3009 4388 3236 4444 obruis?
3273 4388 3452 4455 Quare

1875 4480 2232 4536 admonitoria
2283 4495 2390 4534 non
2434 4479 2606 4534 currit
2634 4478 2881 4534 chartula
2899 4478 2928 4533 ἲ
2950 4479 3121 4550 Legat
3145 4478 3270 4548 quid
3310 4479 3453 4533 desi-

1874 4571 2061 4637 derat;
2093 4569 2397 4625 consideret
2426 4571 2554 4641 quid
2581 4568 2767 4626 faciat.
2806 4568 2825 4609 τ
2850 4570 3037 4626 Timeo
3066 4586 3134 4625 ne
3154 4587 3267 4624 ntus
3292 4570 3310 4623 ι
3332 4586 3452 4625 ense

1870 4711 2031 4790 Idem
2056 4726 2183 4790 vero
2213 4710 2401 4790 titulus
2434 4723 2819 4790 nonnunquam
2867 4706 3121 4790 tribuitur
3158 4722 3202 4788 ει,
3224 4706 3452 4787 privatis

1872 4781 2227 4850 scriptoribus
2255 4781 2549 4849 primarum
2580 4775 2784 4850 sedium
2813 4775 3451 4850 archiepisc0pis,maxi-#

1870 4866 1958 4907 me
1983 4845 2094 4904 illis
2125 4850 2213 4918 qui
2241 4845 2534 4918 primatum
2568 4846 2853 4916 quemdam
2881 4845 2935 4898 in
2965 4845 3101 4918 aiios
3123 4846 3405 4915 episcopos
3429 4885 3446 4909 ,

1870 4936 1964 4976 seu
1997 4916 2325 4990 ipsos—etiam
2346 4918 2777 4990 archiepiseOpos
2799 4916 3159 4990 exercebant;
3183 4929 3290 4990 qua
3310 4930 3449 4990 pra}:

1870 4983 2112 5069 [θελξίκά
2167 4989 2469 5069 pneprimis
2497 4983 2819 5069 "antiquitus
2873 4984 3149 5069 fulgebant
3204 4983 3446 5069 episcqpi

1871 5054 2463 5140 Trevirensesjnﬁtota
2491 5054 2668 5137 Gallia
2690 5066 2746 5112 et
2768 5054 2995 5140 utraque
3012 5055 3351 5140 .Germaniaj

1871 5139 2102 5211 sanctus.
2131 5127 2398 5211 Hildulfus
2524 5134 2753 5211 recensu
2785 5122 3112 5211 privilegiis“
3118 5122 3447 5211 monasterio

1872 5201 1929 5255 S.
1960 5193 2183 5256 Deodati
2217 5199 2459 5254 concessi
2486 5197 2648 5275 (apud
2664 5193 2892 5275 _Sur_ium
2930 5193 3016 5275 die
3046 5197 3113 5275 l_9
3140 5193 3302 5266 Junii)
3340 5207 3443 5275 vo-

1870 5278 2027 5326 catur
2052 5288 2070 5320 c
2100 5280 2302 5325 sancta:
2321 5266 2708 5336 compassionis
2736 5270 2840 5333 vir,
2855 5266 3309 5336 archiepisc0pus,
3339 5266 3447 5336 imo

1869 5340 2202 5416 patriarcha.
2227 5359 2245 5391 ι
2274 5340 2400 5416 Vid.
2436 5333 2791 5416 P_rod_roml_t_m
2820 5339 2953 5392 Hist.
2972 5333 3348 5416 _Ti;gvirénsis;
3371 5333 3447 5416 ρθ

1871 5401 2151 5484 disciplina
2170 5410 2428 5484 _et_doctr.
2453 5410 2686 5484 ,ξς-οιςῇ
2703 5408 2862 5484 Trev.
2907 5407 3007 5484 sub
3045 5404 3298 5484 Romanis
3324 5401 3441 5484 ᾗίξ,

1868 5474 2133 5623 gangM,
2157 5480 2275 5605 ξιξ,
2303 5496 2425 5551 pag.
2446 5480 2569 5546 155,
2592 5477 2707 5543 ltili,
2725 5477 2864 5533 etde
2890 5474 3079 5531 eadem
3100 5475 3198 5530 sub
3220 5474 3443 5529 Francis

1954 5565 2458 5623 3P9g-_-__
2570 5619 2613 5623 μ
2733 5616 2753 5623 _
3318 5611 3414 5623 ..

1960 5590 1975 5613 ,
2004 5565 2126 5620 pag.
2157 5551 2279 5620 315.

1946 5590 1975 5659 ἶ
2001 5590 2126 5674 Hii;
2148 5590 2312 5674 ἴὲἱῖἑε
2344 5620 2527 5674 baclta.
2569 5619 2683 5674 Vox
2728 5615 2973 5672 fm'tassis
3004 5616 3276 5672 theodisca
3302 5611 3444 5668 desi-

1871 5674 2040 5766 gnans
2070 5690 2300 5766 aliquem
2330 5691 2588 5744 minorem
2608 5687 2826 5742 fluvium
2853 5687 3035 5766 Germ.
3067 5686 3240 5766 Bion.
3259 5715 3329 5725 —
3350 5681 3442 5765 Sic

1872 5759 1923 5814 in
1950 5775 2049 5814 ms.
2081 5759 2261 5832 inquo
2281 5775 2383 5816 vox
2399 5775 2517 5815 mus
2547 5772 2708 5817 cruce
2736 5759 3073 5829 superposita
3100 5764 3333 5843 notatur.
