4064 6342
591 324 697 383 M3

1439 320 1499 378 Β.
1542 321 1603 377 ς.
1644 322 1870 377 ALBI'I
1909 322 2040 379 SEU
2078 321 2354 380 ALCUiNl
2396 321 2682 381 OPEllL'M
2718 324 2897 381 PARS
2937 324 2975 381 l.

3754 327 3851 386 ω

593 437 761 493 barba
807 434 1006 493 littera:
1045 433 1344 490 submersa:
1392 434 1502 489 sint
1529 452 1542 488 :
1574 442 1755 489 tamen
1798 436 1842 491 si
1876 444 1965 491 tua
1993 443 2172 490 taceat
2200 444 2239 499 Α
2273 432 2417 487 fama
2446 443 2823 504 prosternatus
2851 475 2866 501 ,
2895 434 3227 491 inilrmitatis
3274 442 3467 490 vestra:
3508 434 3639 491 totis
3681 436 3863 496 dolens

593 529 728 585 mihi
774 526 978 593 listula,
1028 526 1148 582 aliis
1196 526 1427 582 obsecro
1468 534 1710 590 resonet,
1760 534 1823 580 ut
1870 525 2177 583 excitentur

592 618 924 675 dormientes
948 657 964 684 ,
995 625 1052 673 et
1080 624 1341 672 sanentur
1366 615 1701 686 languentes,
1727 625 1781 670 et
1804 632 1964 671 aures
1987 617 2177 671 Sardo-

592 725 713 765 rum
746 710 1005 774 audiant,
1034 716 1091 761 et
1110 707 1289 762 claudi
1316 706 1459 761 viam
1485 706 1781 777 disciplina:
1808 723 2031 761 currere
2057 722 2178 765 cer-

592 810 731 867 tent,
752 810 813 857 ut
840 802 935 857 liat
953 817 1161 857 merces
1181 798 1334 872 [δίδη
1364 797 1556 871 mirus]
1579 799 1902 852 monstranti
1924 798 2067 853 viam
2086 797 2194 860 ver.

592 892 790 948 ritatis.
816 879 1097 962 'Scriptum
1118 899 1224 956 est,
1253 890 1345 960 qui
1375 889 1581 954 audiat,
1606 889 1759 965 dicat
1781 904 1989 944 verum.

663 985 899 1040 Vocatus
928 983 1027 1049 fui,
1050 982 1145 1038 sed
1173 982 1460 1037 inﬁrmitas
1486 981 1802 1052 praepedivit
1831 981 1937 1036 iter
1972 996 2172 1036 meum.

597 1079 702 1149 Yos
727 1076 1006 1147 loquimini
1035 1091 1155 1145 qua:
1182 1075 1294 1129 Deo
1321 1075 1590 1145 placeant,
1638 1082 1695 1151 et
1724 1074 1809 1151 ad
1837 1089 2024 1129 sanam
2053 1088 2177 1145 per-

592 1169 803 1225 tineant
846 1167 1170 1224 doctrinam.
1212 1166 1478 1222 Omeliam
1508 1166 1682 1219 sanc’ti
1713 1150 1929 1229 Leonis,
1960 1172 2015 1219 et
2042 1164 2178 1218 Tra-

590 1267 795 1314 ctatum
848 1257 992 1313 beati
1040 1256 1199 1312 Beda:
1229 1258 1282 1312 in
1332 1257 1499 1312 Tobia
1554 1254 1817 1327 deprcc'or
1850 1263 1910 1309 ut
1957 1254 2024 1309 ad
2079 1256 2176 1309 ho-

588 1363 709 1404 ram
737 1357 964 1418 prmstes
1008 1349 1182 1404 nobis.
1242 1348 1348 1404 Sed
1383 1356 1443 1402 ut
1478 1348 1635 1404 video
1665 1355 1971 1418 porrectam
2006 1347 2177 1402 habes

590 1455 812 1496 manum
841 1442 908 1495 ad
939 1441 1335 1512 accipiendum,
1386 1450 1444 1497 et
1493 1441 1777 1497 collectam
1816 1442 1883 1496 ad
1915 1442 2172 1496 dandum.

587 1531 699 1588 lter
724 1547 857 1589 vero
883 1532 1026 1603 quod
1056 1540 1227 1588 restat
1251 1533 1351 1586 viae
1377 1541 1577 1589 nostra:
1600 1573 1616 1598 ,
1646 1534 1934 1604 deprecor,
1971 1535 2177 1590 sanctis

588 1623 927 1680 orationibus
953 1624 1149 1679 vestris
1178 1622 1450 1693 adiuvate,
1478 1633 1539 1678 ut
1566 1625 1631 1678 ad
1659 1632 1874 1696 portam
1902 1634 2177 1696 perpetuze

590 1716 827 1773 civitatis
864 1719 1148 1788 pervenire
1171 1734 1405 1774 merear.

2275 527 2590 597 prmcordiis
2612 528 2850 598 spectavi
2880 525 3267 600 [exspectavi],
3281 528 3501 597 quando
3521 526 3657 582 mihi
3681 537 3854 601 aptata

2275 615 2473 687 legatio
2523 617 2773 672 sanitatis
2803 626 2997 673 vestra:
3023 617 3262 682 veniret;
3292 616 3534 686 quando,
3563 615 3658 684 qui
3706 618 3857 688 erigit
3942 628 3945 631 '

2236 770 2253 785 η
2274 711 2467 775 elisos,
2492 720 2711 766 sanaret
2735 713 3000 767 contritos
3026 712 3212 776 corde,
3234 719 3291 766 et
3317 719 3623 767 verteretur
3645 712 3854 768 tristitia

2275 817 2396 856 mea
2421 803 2474 856 in
2504 802 2780 873 gaudium,
2820 802 2966 871 quod
2994 816 3266 871 nunquam
3298 802 3505 857 utinam
3530 799 3807 855 auferatur
3826 817 3855 855 a

2205 961 2209 966 ν
2275 891 2440 945 corde
2489 907 2648 957 meo,
2691 892 2745 946 in
2776 906 2883 961 quo
2920 906 3135 961 semper
3184 891 3337 946 vobis
3390 899 3708 962 perpetuam
3738 901 3854 961 opto

2272 984 2690 1055 prosperitatem
2714 991 2771 1039 et
2796 983 3025 1039 salutem
3056 1001 3069 1037 :
3099 998 3261 1052 quam
3287 982 3513 1038 audiens
3556 997 3589 1035 a
3635 996 3857 1036 narran-

2276 1073 2419 1128 tibus
2443 1113 2458 1138 ,
2486 1073 2639 1129 vobis
2664 1073 2930 1128 redditam
2959 1087 3103 1136 esse,
3136 1086 3332 1142 magna
3362 1086 3448 1125 me
3477 1069 3655 1124 fateor
3681 1068 3855 1124 lzetitia

2275 1162 2588 1219 all‘ectatum
2614 1178 2756 1228 esse,
2787 1164 2914 1232 quia
2943 1163 3086 1232 quod
3131 1162 3223 1217 diu
3263 1161 3541 1231 optabam,
3587 1160 3858 1231 Deumque

2274 1253 2524 1309 devotius
2549 1253 2873 1323 deprecatus
2898 1268 3042 1315 sum,
3073 1250 3261 1306 audire
3289 1250 3481 1305 merui.

2349 1346 2419 1401 At
2465 1361 2628 1410 nunc,
2651 1345 2975 1412 charissime
3017 1343 3116 1408 fili,
3145 1341 3335 1407 frater,
3368 1351 3544 1412 pater,
3573 1348 3636 1395 et
3673 1339 3856 1404 amice,

2274 1436 2386 1492 Deo
2414 1437 2617 1506 gratias
2637 1450 2861 1504 agamus
2883 1434 3128 1490 assiduas
3147 1449 3247 1504 pro
3268 1432 3519 1488 omnibus
3540 1431 3725 1494 bonis,
3751 1445 3857 1499 qua:

2273 1529 2433 1585 nobis
2454 1528 2680 1599 largitus
2697 1536 2802 1592 est,
2832 1535 2885 1583 te
2907 1527 3128 1582 sanitati
3142 1525 3469 1591 restituens,
3482 1532 3539 1580 et
3562 1538 3653 1578 me
3672 1512 3867 1593 gaudio

2272 1618 2622 1690 perfundens.
2664 1617 2947 1675 Facientes
2969 1617 3229 1671 faciemus
3253 1615 3584 1670 voluntatem
3612 1612 3780 1678 illius,
3810 1613 3856 1667 in

2275 1724 2382 1778 quo
2421 1708 2536 1764 solo
2558 1709 2706 1764 salus
2742 1716 2846 1773 est,
2896 1715 2951 1761 et
2985 1707 3116 1771 vita,
3161 1705 3586 1773 indeﬁciensque
3614 1702 3854 1758 felicitas.

661 1810 720 1867 Si
748 1786 970 1867 veniens
996 1813 1232 1879 veneris,
1261 1812 1498 1883 excipiet
1523 1821 1574 1867 te
1595 1811 1819 1868 dextera
1847 1812 1945 1866 Dei
1971 1811 2171 1876 Patris,
2202 1786 2248 1848 Β
2277 1798 2430 1853 Πυυο
2454 1814 2715 1863 amemus:
2765 1798 3123 1869 Pmdlcemus
3168 1804 3224 1852 ⁸⁸
3251 1794 3515 1860 ullam“!
3570 1793 3705 1863 quia
3760 1794 3863 1849 hinc

588 1910 648 1958 et
670 1903 717 1957 si
738 1901 1008 1971 juvaverit
1028 1901 1234 1975 [Forte,
1251 1905 1329 1959 sic
1348 1904 1576 1976 juvabit]
1593 1904 1974 1960 teintercessio
1998 1905 2173 1959 sancti

590 1993 826 2050 Martini.
854 1994 1161 2050 Florentem
1189 2003 1242 2050 te
1272 1996 1326 2050 in
1349 1996 1496 2050 omni
1524 1996 1666 2050 bono
1686 2036 1701 2060 ,
1725 2002 1780 2048 et
1801 1994 2175 2065 proﬁcientem

588 2083 645 2138 in
673 2092 862 2139 sancto
889 2084 1166 2155 sapientia:
1189 2086 1366 2140 studio
1399 2086 1579 2141 divina
1623 2087 1912 2142 comitetur
1953 2093 2011 2139 et
2050 2099 2178 2155 pro-

588 2175 753 2235 vehat
780 2176 976 2247 gratia,
1007 2176 1353 2231 dilectissime
1379 2176 1585 2232 frater!

1035 2298 1060 2328 ι
1104 2285 1436 2343 EPISTOLA
1477 2286 1729 2343 CLXXII.

1216 2383 1283 2421 AD
1319 2383 1557 2422 εωιυειι.

1149 2458 1328 2531 (Anno
1352 2461 1605 2532 incerto.)

591 2549 745 2605 Dolet
773 2550 839 2606 de
865 2550 1121 2616 absentia,
1153 2562 1200 2606 et
1238 2554 1490 2624 gaudium
1538 2555 1801 2624 signiﬁcat
1839 2556 1903 2609 ob
1934 2556 2175 2609 nuntium

978 2624 1227 2677 restitutae
1255 2623 1528 2678 Mat/tario
1557 2623 1821 2679 sanitatis.

661 2713 1017 2771 Sanctissimo
1063 2715 1327 2784 nobisque
1363 2731 1489 2770 cum
1518 2731 1729 2771 summo
1758 2717 1962 2772 honore
2002 2717 2177 2772 nomi-

588 2804 771 2860 nando
818 2803 967 2859 Patri
1015 2803 1291 2860 Machario
1332 2805 1550 2860 humilis
1593 2805 1756 2861 levita
1806 2804 2034 2860 Albinus
2088 2821 2177 2861 sa-

590 2892 793 2949 lutema

599 3036 603 3041 .
660 2985 742 3039 Ex
788 3000 896 3055 quo
940 2994 1125 3041 vestra
1168 2985 1298 3040 mihi
1347 2987 1579 3041 innotuit
1622 2987 1882 3051 eharitas,
1923 2986 2175 3042 familiari

588 3074 825 3148 quadam‘
854 3077 1070 3133 ﬂamma
1099 3079 1154 3133 in
1184 3079 1347 3135 corde
1381 3095 1501 3134 meo
1538 3078 1817 3136 ellicacius
1845 3081 1960 3135 haec
1983 3080 2172 3136 eadem

587 3170 817 3224 ardebat
840 3210 855 3235 ,
885 3170 960 3225 ita
997 3178 1059 3225 ut
1086 3186 1239 3225 mens
1267 3185 1388 3226 mea
1440 3170 1800 3241 respondebat
1832 3171 1962 3226 mihi
1996 3190 2010 3225 :
2043 3173 2176 3227 cha~

588 3258 753 3312 ritate
768 3242 1074 3315 {vulnerata
1112 3273 1246 3324 ,sum
1286 3274 1386 3331 ego
1416 3278 1429 3313 :
1457 3260 1553 3315 sed
1583 3275 1726 3315 nunc
1754 3261 1987 3329 quodam
2015 3259 2174 3315 modo

590 3348 839 3403 amaram
863 3358 968 3415 est,
1000 3353 1143 3420 quod
1187 3353 1315 3408 olim
1365 3353 1596 3408 dulciter
1644 3355 1823 3424 sapuit
1856 3355 1909 3409 in
1954 3363 2174 3425 pectore

588 3454 731 3495 meo.
765 3439 901 3494 Nam
954 3440 1111 3512 longa
1159 3442 1404 3498 absentia
1455 3444 1751 3499 dulcissimi
1792 3446 1971 3500 vultus
2008 3445 2175 3500 vestri

588 3540 809 3601 torquet
850 3532 1015 3587 animi
1046 3534 1151 3588 mei
1182 3542 1472 3601 secretum,
1499 3544 1554 3591 et
1583 3537 1870 3592 collocatio
1896 3537 2176 3606 sapientia:

592 3636 787 3681 vestrae
812 3626 1133 3681 suavissima
1161 3642 1336 3682 meam
1365 3626 1555 3700 fatigat
1582 3628 1920 3694 memoriam,
1945 3643 2050 3683 non
2081 3643 2176 3682 au-

590 3716 746 3772 diens
771 3719 1290 3777 desideratissimum
1315 3722 1428 3778 oris
1452 3722 1620 3776 vestri
1644 3721 1938 3792 eloquium,
1976 3729 2032 3775 et
2051 3737 2175 3777 sua-

592 3808 871 3864 vissimam
902 3812 1080 3866 cordis
1107 3810 1534 3876 fraternitatem,
1582 3827 1702 3882 quae
1729 3813 1937 3882 spirare
1966 3812 2176 3867 solebat

592 3898 647 3954 in
674 3899 894 3955 auribus
910 3902 1045 3958 meis
1063 3902 1229 3957 verba
1250 3902 1539 3957 salutifera:
1561 3902 1764 3957 collocu
1774 3902 2177 3968 tionis,memor

591 3988 736 4044 illius
760 3993 1067 4047 commatici
1095 3993 1253 4063 elogii
1272 4011 1283 4047 :
1303 3992 1440 4060 Quid
1460 3993 1670 4048 dulcius
1697 4002 1954 4064 estquam
1972 3993 2174 4050 habere

592 4082 852 4149 amicum,
889 4099 1013 4140 cum
1045 4099 1153 4154 quo
1176 4085 1352 4155 possis
1374 4086 1555 4140 omnia
1585 4085 1754 4158 loqui,
1781 4086 1921 4142 sicut
1952 4088 2175 4143 tecum?

593 4174 701 4229 Sed
739 4178 995 4233 recedant
1021 4179 1372 4250 querimonia:
1395 4220 1411 4245 ,
1448 4179 1538 4234 ubi
1567 4178 1960 4235 emendationis
1988 4178 2175 4236 eliica-

592 4268 677 4322 cia
706 4268 823 4323 ﬁeri
849 4285 954 4323 non
981 4272 1312 4337 aestimatur;
1337 4273 1605 4342 patienter
1634 4280 2000 4343 supportetur,
2029 4272 2175 4341 quod

592 4358 844 4415 humana:
871 4362 1212 4417 necessitatis
1246 4361 1512 4433 fragilitas
1549 4365 1694 4433 cogit
1721 4362 1956 4429 sull‘erri,
1987 4372 2044 4418 et
2081 4363 2178 4419 ﬁat

592 4451 855 4506 tuentium
886 4452 1060 4506 dulcis
1087 4455 1371 4523 praesentia
1393 4494 1407 4519 ,
1445 4455 1536 4509 ubi
1582 4466 1668 4510 est
1712 4454 1972 4513 facierum
2005 4458 2175 4514 tristis

594 4538 865 4605 absentia,
889 4549 944 4596 ct
970 4542 1114 4596 volet
1149 4545 1343 4614 smpius
1368 4545 1560 4598 charta
1589 4545 1874 4600 cbaritatis
1899 4547 1999 4601 alis
2044 4564 2175 4618 pen-

595 4631 987 4701 nata,implens
1008 4631 1244 4687 ofﬁcium
1266 4634 1479 4706 lingua},
1505 4636 1745 4705 pandens
1774 4637 1999 4693 fraterni
2025 4654 2176 4694 amo-

598 4725 675 4779 ris
701 4733 970 4779 secretum
991 4767 1005 4792 ,
1034 4734 1089 4781 et
1114 4728 1323 4797 paterni
1352 4727 1577 4782 affectus
1601 4727 1712 4783 ﬁlio
1737 4727 2176 4787 demonstratum

598 4813 954 4882 dulcedinem,
983 4832 1051 4872 ne
1076 4817 1233 4887 longa
1264 4818 1599 4875 taciturnitas
1625 4818 1906 4877 oblivionis
1931 4822 2176 4894 rubigine

601 4905 921 4961 maculatur.

672 4998 806 5053 Dum
856 5015 1069 5071 semper
1114 5002 1340 5073 cupidus
1366 5012 1602 5058 vestram
1633 5003 1820 5058 audire
1847 5014 2178 5076 prosperita-

602 5098 733 5154 tem,
778 5089 1231 5162 advenientcsque
1266 5095 1457 5165 srcpius
1510 5095 1849 5165 interrogans
1876 5135 1889 5162 ,
1936 5096 2065 5166 quid
2112 5097 2179 5152 de

601 5195 722 5234 meo
770 5180 903 5235 mihi
951 5183 1261 5238 nuntiarent
1309 5185 1607 5253 Machario,
1655 5188 1836 5243 subito
1865 5202 1979 5257 prae
2034 5187 2177 5244 tristi

677 5306 703 5335 ι
728 5292 962 5350 Froben.
991 5295 1158 5363 epist.-
1181 5298 1302 5355 198.

679 5363 707 5404 ιι
730 5365 870 5441 ῌάίῐ.
905 5365 1276 5441 Quercet._67,
1308 5369 1487 5441 Canis.
1516 5372 1605 5427 59.
1640 5370 1895 5441 (Froben.
1924 5374 2045 5429 151.

675 5446 697 5473 ο
728 5435 970 5509 «Ιοδερρρ.
1006 5435 1102 5491 Hic
1149 5438 1251 5493 fuit
1293 5439 1587 5509 discipulus
1629 5435 1837 5495 Alcuini
1890 5443 1942 5496 in
1993 5435 2178 5499 schola

543 5548 555 5561 .
605 5502 963 5582 Eboracensi;
1009 5517 1062 5582 et
1107 5509 1203 5582 abs
1249 5502 1576 5582 dubio-ipse
1625 5520 1710 5565 est
1753 5510 2020 5581 Joscpbus
2062 5515 2173 5582 qui,

605 5576 851 5654 hortante
885 5578 1111 5654 Aletrino
1139 5576 1536 5654 Commentaria
1568 5582 1752 5654 sancti
1785 5576 2095 5654 Hieronymi
2127 5586 2178 5638 in

602 5646 809 5721 Isaiam,
837 5651 1179 5721 prophetam.
1208 5649 1525 5721 compendio
1573 5650 1809 5721 redegit;
1844 5646 2021 5707 exstat
2066 5656 2181 5711 [nec

602 5716 816 5786 Josephi
841 5716 1097 5787 Epitome
1115 5716 1171 5770 in
1197 5718 1316 5773 cod.
1338 5716 1447 5772 ’ms.
1481 5718 1541 5773 S.
1563 5716 1838 5786 Germani,
1873 5738 2020 5778 ntim.
2052 5723 2174 5781 585.

606 5787 852 5855 (Μεωιιη
884 5786 996 5843 Act.
1025 5786 1131 5843 SS.
1161 5801 1285 5842 uec.
1319 5803 1391 5854 tv,
1423 5798 1563 5859 part.
1597 5808 1632 5857 ι,
1672 5806 1793 5864 pag.
1823 5793 1921 5850 l88
1952 5803 2007 5850 st
2034 5794 2199 5866 seq.)

2203 4496 2252 4557 υ

2275 1897 2360 1944 est
2386 1888 2495 1943 vita
2515 1898 2735 1944 atterna.
2799 1888 2968 1959 [gitur
3015 1888 3073 1942 in
3101 1885 3305 1944 carnali
3353 1883 3624 1943 desiderio
3671 1883 3860 1938 mundo

2275 1979 2459 2035 vivere
2482 1994 2629 2034 mors
2652 1988 2756 2043 est,
2774 1994 2883 2034 non
2906 1979 3035 2034 vita.
3084 1979 3212 2034 Sola
3232 1977 3604 2033 tantummodo
3631 1991 3763 2031 vera
3789 1986 3869 2035 est

2274 2071 2408 2135 vita,
2435 2071 2619 2126 vivere
2640 2071 2771 2135 Deo,
2808 2071 2949 2126 sicut
2991 2071 3106 2140 ipse
3134 2070 3200 2125 de
3238 2084 3299 2125 se
3324 2069 3409 2129 ait.
3433 2085 3447 2117 :
3476 2067 3591 2139 Ego
3611 2084 3736 2121 sum
3767 2066 3867 2131 aia,

2275 2164 2484 2240 reﬂ",
2513 2172 2583 2240 ‘et
2613 2164 2716 2217 vita
2762 2162 2944 2234 (Joan.
2975 2178 3086 2227 xiv,
3125 2161 3181 2234 li)
3220 2180 3233 2214 :
3274 2162 3379 2224 via,
3406 2176 3506 2231 per
3533 2175 3700 2229 quam
3732 2159 3861 2223 itur;

2275 2224 2612 2318 vetitas,.ad
2658 2224 2821 2321 quam
2854 2224 3193 2321 perveni-tur;
3249 2252 3379 2315 vita,
3410 2224 3486 2304 'in
3517 2224 3625 2320 qua
3668 2258 3857 2304 statur.

2275 2343 2528 2399 Feliciter
2571 2344 2740 2409 vivas,
2792 2344 2891 2409 fili,
2921 2343 3110 2409 frater,
3157 2353 3312 2415 pater
3330 2352 3385 2399 et
3411 2342 3584 2399 amice
3627 2342 3680 2397 in
3710 2349 3869 2405 mter:

2275 2439 2435 2492 mw!
2718 2508 2745 2548 δ
2772 2506 3103 2567 EPISTOLA
3145 2506 3421 2562 CLXXIII.

2875 2615 2943 2653 AD
2972 2614 3253 2653 ιοεερρωι.

2277 2686 2551 2762 (ῘοηάοΙει,
2580 2690 2661 2762 obA
2682 2691 3042 2761 inﬁrmitatem
3074 2692 3325 2762 corporis,
3366 2699 3412 2745 et
3448 2691 3643 2749 excitat
3671 2691 3749 2744 ad
3774 2708 3861 2761 pa-

2346 2759 2602 2814 tientiam.
2623 2759 2961 2815 Commendat
2989 2778 3042 2815 se
3060 2759 3383 2815 orationibus
3397 2777 3416 2826 ;
3431 2762 3673 2815 hortatur
3686 2762 3763 2814 ad
3776 2759 3857 2814 ἠ-

2347 2832 2671 2884 novationem
2706 2832 2892 2885 domus
2919 2830 3038 2895 Dei,
3063 2843 3169 2885 etc.

2347 2922 2552 2979 Dilecto
2577 2923 2687 2977 tilio
2711 2934 2733 2961 ο
2758 2921 3010 2992 Joscppo,
3037 2921 3263 2977 Albinus
3296 2921 3548 2976 salutem.

2348 3012 2513 3066 Doleo
2542 3011 2609 3067 de
2636 3010 2821 3068 dolore
2861 3011 3105 3080 corporis
3144 3011 3240 3075 tui,
3282 3011 3373 3067 scd
3404 3010 3613 3081 gaudeo
3640 3009 3711 3064 de
3751 3007 3861 3063 feli-

2277 3105 2443 3160 citate
2464 3104 2656 3158 aninne
2692 3112 2815 3158 tute.
2862 3102 2998 3168 Quia
3025 3102 3255 3173 ﬂagellat
3280 3102 3420 3156 Deus
3450 3117 3653 3155 omnem
3690 3099 3867 3169 ﬁlium

2275 3214 2425 3269 quem
2461 3196 2640 3266 recitit
2669 3194 2827 3269 (Heb.
2861 3211 2959 3259 xu,
2988 3194 3063 3266 6).
3095 3194 3306 3250 Occidit
3341 3202 3395 3249 ct
3437 3192 3698 3257 vivificat;
3757 3189 3865 3245 onl-

2277 3296 2424 3340 nerat
2453 3295 2501 3339 et
2529 3285 2764 3339 medetur
2786 3284 2929 3357 (Job.
2958 3300 3010 3348 v,
3042 3285 3147 3355 l8).
3200 3284 3338 3354 Spes
3362 3283 3570 3353 praemii
3601 3282 3861 3337 solatium

2275 3376 2373 3432 tibi
2410 3376 2482 3431 sit
2523 3376 2746 3430 laboris.
2788 3375 2853 3429 Hi
2895 3374 3110 3431 dolores
3152 3376 3262 3430 cito
3310 3374 3596 3438 liniuntur,
3637 3371 3862 3442 praemia

2273 3467 2549 3537 patientiae
2578 3480 2873 3535 nunquam.
2896 3465 3018 3520 Non
3038 3478 3157 3521 sunt
3176 3465 3449 3535 condigna:
3467 3464 3746 3535 passiones
3767 3462 3861 3515 Itu-

2267 3556 2362 3627 jas
2393 3556 2637 3626 temporis
2667 3554 2736 3608 ad
2771 3564 3197 3625 superventuram
3237 3553 3482 3625 gloriam,
3518 3568 3639 3624 qua?
3664 3552 3862 3607 ret-ela-

2276 3646 2417 3700 bitur
2462 3646 2517 3700 in
2571 3645 2774 3700 sanctis
2815 3644 2995 3717 (Rom.
3044 3644 3302 3714 vm,18).
3354 3642 3697 3713 Quapropter
3744 3657 3863 3697 cum

2276 3736 2574 3806 gratiarum
2616 3734 2831 3790 actione
2882 3734 3100 3790 immota
3159 3733 3269 3789 Deo
3318 3733 3643 3803 sacriﬁcium
3692 3732 3864 3786 laudis

2277 3828 2451 3901 (Paul.
2499 3843 2647 3893 xux,
2680 3825 2793 3898 14).
2850 3825 2967 3882 Non
3014 3836 3098 3883 est
3128 3827 3242 3882 haec
3288 3826 3565 3882 tribulatio
3606 3825 3862 3895 pcenalis,

2276 3920 2370 3975 sed
2398 3920 2709 3989 propitiatio
2734 3918 3199 3974 venialis.Aurum
3230 3918 3285 3973 in
3310 3917 3529 3974 fornace
3555 3932 3659 3987 per
3690 3918 3864 3988 ignem

2275 4013 2525 4082 coquitur
2570 3998 2759 4082 (Prov:
2798 4028 2966 4078 xxvn,
3016 4011 3132 4084 2|),
3182 4020 3242 4068 ut
3288 4012 3479 4084 purius
3519 4019 3686 4067 exeat
3730 4029 3745 4065 ε
3787 4009 3866 4065 sic

2275 4105 2456 4160 anima
2503 4105 2769 4175 corporali
2820 4105 3191 4173 tribulatione,
3214 4115 3273 4161 ut
3308 4104 3561 4159 mundior
3606 4101 3867 4173 procedat

2275 4198 2344 4253 ad
2368 4197 2555 4253 vitam.
2584 4196 2877 4266 Disciplina
2902 4197 3113 4252 Domini
3149 4212 3258 4252 non
3280 4197 3441 4251 debet
3467 4190 3725 4265 cuiquam
3749 4207 3866 4250 esse

2276 4287 2591 4359 disciplina;
2625 4289 2720 4344 sed
2746 4286 2992 4343 hilariter
3019 4287 3253 4357 accipiat
3276 4287 3420 4356 quod
3464 4286 3587 4357 pius
3622 4285 3867 4341 medicus

2276 4379 2565 4434 salubriter
2599 4378 2861 4433 immittit.
2900 4376 3044 4431 Inter
3074 4376 3281 4448 ﬂagella
3319 4377 3557 4447 pietatis,
3588 4376 3867 4431 orationes

2278 4469 2599 4525 humilitatis
2619 4469 2687 4524 ad
2709 4468 2878 4523 Deum
2899 4468 3217 4539 dirigantur,
3242 4476 3300 4522 ut
3322 4469 3415 4536 qui
3437 4466 3871 4523 misericorditer

2275 4559 2526 4630 castigat,
2550 4559 2844 4615 clementer
2866 4560 3132 4626 ignoscat,
3159 4568 3220 4615 ut
3247 4559 3394 4615 salus
3412 4567 3614 4613 aeterna
3639 4556 3868 4627 patienti

2275 4651 2576 4721 proveniat.

2346 4741 2527 4797 Nostri
2557 4757 2773 4813 quoque
2801 4756 3008 4797 memor
3041 4741 3256 4797 sedulas
3296 4756 3396 4812 pro
3430 4740 3589 4821 nobis
3638 4738 3870 4794 fundere

2275 4851 2467 4906 preces
2507 4851 2614 4890 non
2651 4850 2831 4900 cessa,
2874 4843 3141 4905 quatenus
3179 4833 3358 4889 divina
3398 4832 3553 4888 nobis
3581 4831 3875 4901 provideat

2276 4928 2563 4983 clementia
2606 4935 2882 4998 perpetua:
2949 4927 3413 4983 conversationem
3461 4923 3871 4996 prosperitatis.

2276 5018 2468 5073 Adhuc
2490 5019 2653 5074 dubio
2688 5018 2919 5072 stamine
2947 5018 3100 5087 pacis
3121 5017 3221 5072 sub
3248 5016 3485 5087 tegmine
3525 5029 3695 5069 causa
3724 5013 3874 5069 texi-

2278 5115 2385 5174 tur,
2413 5116 2469 5163 et
2491 5109 2618 5164 dum
2655 5108 2873 5178 plenum
2902 5108 3183 5177 perficitur
3208 5107 3613 5170 vestimentum,
3641 5120 3777 5160 mox
3804 5101 3873 5156 ad

2279 5198 2607 5254 induendum
2634 5206 2830 5254 vestra:
2859 5199 3121 5267 dirigetur
3154 5196 3508 5252 fraternitati.

2280 5309 2450 5380 Hujus
2472 5309 2688 5381 Josephi
2718 5310 2976 5367 Alcuinus
3009 5310 3171 5366 etiam
3199 5310 3446 5366 meminit
3474 5309 3529 5381 in
3557 5309 3792 5379 cpistola
3818 5309 3874 5372 3,

2280 5383 2347 5435 ad
2371 5380 2625 5445 Colcum;
2661 5390 2716 5435 et
2764 5390 3035 5436 mortuam
3082 5382 3426 5436 commendat
3472 5380 3719 5451 Remigio
3757 5381 3883 5451 epi-

2281 5466 2443 5524 scopo
2471 5450 2716 5524 Curiensi
2762 5452 2987 5524 epistola
3015 5460 3319 5524 sequente.
3362 5450 3714 5524 Desideratur
3765 5450 3879 5524 alia

2279 5517 2490 5593 Alcuini
2519 5522 2743 5593 epistola
2774 5517 2842 5576 ad
2868 5517 3125 5593 eumdem
3143 5517 3458 5593 Joseplium,
3491 5521 3619 5593 olim
3648 5521 3700 5574 in
3728 5521 3883 5574 anti—

2281 5590 2916 5659 quissiniis'Cottoniana:
2943 5590 3287 5647 Bibliotheca:
3314 5590 3594 5646 codicibus
3627 5599 3881 5653 servata,

2282 5661 2335 5715 in
2360 5678 2489 5731 qua,
2517 5671 2653 5717 teste
2681 5663 2919 5727 Usserio,
2957 5663 3182 5718 scribit:
3229 5680 3247 5711 ι
3287 5662 3465 5717 Sanus
3500 5671 3586 5715 est
3606 5661 3887 5729 magister

2282 5730 2460 5788 vester
2485 5731 2648 5790 Colcu
2683 5741 2739 5789 et
2776 5734 2894 5789 sani
2927 5732 3088 5788 amici
3132 5733 3213 5789 tui
3239 5733 3333 5802 qui
3363 5730 3505 5802 apud
3538 5746 3639 5787 nos
3662 5738 3823 5786 sunt.
3859 5747 3881 5783 ι
