4062 6464
186 373 283 430 445

1595 371 1971 430 EPISTOLAI.

3329 380 3437 437 446

2776 461 2835 495 νι

250 492 416 547 Valde
441 490 618 563 placet
640 491 782 562 quod
824 492 1039 547 domum
1069 491 1161 546 Dei
1198 505 1459 547 renovare
1505 490 1745 562 cmpisti:
1779 499 1826 553 Α
1855 489 2087 545 felicitas
2110 500 2166 547 et
2188 491 2332 546 nulla
2356 493 2710 563 perturbatio,
2749 489 2957 550 srmma
2982 496 3197 566 requies
3224 506 3281 554 et
3301 510 3439 556 sent-

180 583 327 639 stude
361 590 421 635 ut
449 586 501 637 et
551 582 708 637 istam
738 582 1006 652 perficias,
1034 590 1090 637 et
1116 582 1364 645 alteram,
1393 581 1459 636 de
1485 597 1588 651 qua
1614 597 1752 651 prae-
1854 585 2062 654 piterna
2093 585 2384 639 beatitudo.
2419 584 2667 640 Vestram
2695 588 3036 658 omnipotens
3069 589 3213 645 Deus
3235 590 3437 646 sancti-

178 688 294 729 sens
331 672 468 726 dixi.
495 671 663 727 facias
698 672 1004 728 consecrari
1035 689 1048 725 :
1086 680 1146 726 ut
1179 687 1278 742 pro
1305 670 1503 741 duplici
1531 671 1625 725 Dei
1653 670 1752 726 ho—
1855 680 2024 727 tatem
2051 673 2105 728 in
2131 675 2274 728 omni
2298 675 2439 729 bono
2472 672 2665 730 ﬂorere
2690 673 2876 741 faciat,
2900 678 3204 733 venerande
3226 677 3427 735 Pater!

176 766 315 820 noris
345 764 534 819 labore
574 765 924 836 multiplicem
956 765 1215 819 merearis
1254 764 1499 833 accipere
1545 778 1753 818 merce-

174 855 306 907 dem.
347 854 536 920 Vivas,
585 856 770 926 vigeas
819 864 874 909 et
917 855 1100 909 valeas
1144 853 1391 917 feliciter,
1422 852 1497 908 fili
1535 852 1745 909 charis-

199 943 297 995 ime
323 942 337 995 ε

173 957 297 996 suae
323 984 335 995 O
498 1035 657 1108 195
696 1049 722 1078 ι
753 1035 1089 1091 EPISTULA
1139 1033 1416 1091 CLXXIV.

593 1144 659 1182 AD
686 1142 946 1183 RBAIICIUI
991 1141 1303 1182 EPISCOPUM.

170 1220 507 1274 Commendat
541 1218 621 1271 illi
662 1219 1032 1288 negotiatorem
1068 1215 1383 1288 inmItaliam
1410 1216 1746 1288 proﬁciscen-

282 1300 387 1344 tem
418 1306 438 1345 :
461 1290 696 1344 animam
724 1285 842 1341 itero
867 1287 1080 1358 Joseppi
1099 1285 1244 1340 illius
1268 1285 1612 1340 orationibus.

228 1398 556 1454 Dulcissimo
582 1395 730 1451 Patri
762 1396 792 1436 ιι
820 1394 1066 1467 Remigio
1101 1396 1376 1468 episcopo,
1400 1393 1629 1451 Albinus
1649 1396 1746 1450 bu-

166 1489 297 1545 milis
338 1488 488 1543 ﬁlius
519 1487 770 1543 salutem.

2288 785 2309 825 (
2351 786 2685 843 EPISTOLA
2722 788 2999 844 CLXXVI.

2107 883 2175 920 AD
2215 882 2486 922 ιιευευιωι
2524 884 2811 924 εριεεοιιωι
2847 884 3164 925 οωιιεκεειί.

2402 958 2580 1023 (Anno
2611 959 2865 1033 incerto.)

1847 1047 2185 1103 Commendat
2231 1066 2285 1104 se
2332 1053 2393 1104 ob
2446 1059 2662 1175 υειεηῗη
2710 1053 2996 1107 amicitiam
3039 1052 3183 1109 illius
3234 1056 3434 1111 oratio-

2482 1137 2495 1175 t
2533 1138 2585 1174 nt
2624 1139 2706 1175 us.

2482 1137 2495 1175 ι
2533 1137 2706 1176 ηιοιιε.

1914 1207 2424 1262 Desiderantissimo
2473 1209 2623 1264 Patri
2664 1210 2924 1267 Remedio
2958 1212 3211 1285 episcopo
3257 1212 3432 1271 Curize

1844 1301 2098 1366 civitatis,
2128 1301 2346 1356 humilis
2374 1301 2535 1356 levita
2560 1301 2820 1357 Alcuinus
2848 1304 3106 1373 salutem,

1913 1391 2117 1447 Memor
2143 1392 2443 1448 dilectionis
2463 1401 2656 1448 vestrae
2681 1402 2738 1447 et
2788 1392 3062 1449 ftederatae
3089 1396 3217 1450 olim
3244 1395 3431 1451 amici-

1843 1480 1932 1535 tia:
1959 1481 2100 1535 inter
2118 1496 2238 1545 nos,
2260 1482 2361 1536 has
2389 1489 2493 1536 tuae
2520 1483 2857 1549 reverentia,
2901 1484 3101 1553 optime
3124 1484 3312 1550 frater,
3338 1484 3426 1539 lit-

224 1579 378 1634 Hunc
417 1588 667 1633 nostrum
716 1577 1126 1647 negotiatorem,
1176 1576 1342 1632 Italiae
1391 1577 1741 1634 mercimonia
1842 1573 2044 1629 terulas
2073 1573 2305 1646 dirigere
2360 1575 2566 1639 curavi,
2621 1575 2692 1629 ob
2744 1575 3179 1632 recordationem
3229 1570 3428 1647 prioris

160 1671 448 1737 ferentem,
494 1671 581 1726 his
627 1644 825 1725 litteris
880 1678 985 1723 tuae
1034 1669 1375 1740 paternitatis
1421 1671 1741 1726 commendo
1838 1666 2163 1735 pactt,quod
2181 1644 2323 1720 inter
2343 1680 2441 1721 nos
2462 1666 2782 1737 pepigimus,
2799 1666 3201 1737 obsecransper
3230 1644 3424 1721 summi

159 1762 501 1831 protectioni,
536 1768 597 1815 ut
637 1775 737 1830 per
774 1759 890 1814 vias
913 1768 1109 1813 vestra:
1154 1758 1345 1828 patria:
1401 1767 1547 1814 tutus
1570 1768 1658 1815 eat
1681 1768 1736 1815 et

1838 1758 2285 1837 regnatonantis,
2334 1767 2393 1811 ut
2413 1758 2585 1812 nostri
2617 1757 2873 1821 nominis,
2894 1754 3047 1824 juxta
3090 1765 3286 1810 vestrze
3304 1770 3430 1826 pro-

156 1850 374 1916 redeat;
408 1859 466 1907 et
492 1851 546 1905 in
576 1850 835 1905 montium
863 1849 1117 1905 claustris
1136 1865 1167 1903 a
1194 1850 1396 1905 nostris
1420 1865 1527 1905 non
1559 1860 1736 1906 tenea—
1768 1845 1813 1906 B
1842 1848 2112 1902 missionis
2138 1848 2443 1911 veritatem,
2473 1848 2525 1901 in
2552 1847 2914 1902 sacrosanctis
2957 1846 3294 1902 orationibus
3316 1860 3431 1901 me-

160 1950 240 1995 tur
260 1941 580 1996 teloneariis
616 1940 961 2023 constrictus,
984 1939 1080 1995 sed
1107 1956 1205 2010 per
1241 1940 1579 1996 latitudinem
1608 1943 1738 1997 cha-

158 2041 330 2096 ritatis
355 2040 526 2095 latam
575 2040 772 2096 habeat
794 2040 955 2094 eundi
980 2049 1035 2095 et
1056 2040 1312 2096 redeundi
1343 2042 1612 2097 semitam.
1644 2041 1738 2097 Ju-

155 2134 297 2199 beas,
327 2134 583 2199 obsecro,
631 2148 788 2189 orare
814 2149 911 2204 pro
958 2133 1136 2188 anima
1166 2144 1187 2171 ε
1220 2131 1437 2204 Joseppi
1485 2134 1735 2205 discipuli

153 2227 271 2280 mei.
290 2226 525 2283 Florcas
545 2236 600 2282 et
621 2226 873 2298 proficias
900 2226 964 2280 de
994 2227 1182 2281 virtute
1211 2227 1267 2282 in
1303 2227 1542 2282 virtutem
1561 2227 1733 2296 (Psal.

152 2333 382 2383 Lxxxtrt,
434 2318 511 2390 8),
543 2320 713 2375 donec
766 2317 950 2372 videas
1007 2316 1163 2371 laetus
1194 2324 1249 2371 et
1293 2318 1532 2388 gaudens
1569 2319 1735 2372 Deum

150 2416 294 2461 tuum
320 2407 384 2462 in
419 2407 570 2462 Sion.
605 2407 914 2487 Memorque
938 2406 1013 2460 sis
1040 2406 1165 2472 mei,
1194 2408 1533 2463 sanctissime
1550 2406 1734 2473 Pater,

149 2497 410 2552 obsecro.

616 2585 643 2626 (ι
681 2583 1017 2641 EPISTOLA
1049 2584 1305 2642 CLXXV.

575 2695 642 2732 AD
675 2693 873 2732 REIEDI
882 2695 951 2733 nu
994 2695 1305 2734 EPISCOPUM.

149 2768 363 2824 Gratias
388 2785 486 2840 pro
509 2770 779 2825 cbaritatis
800 2772 1099 2825 muneribus
1120 2773 1229 2841 agit
1253 2788 1271 2827 :
1295 2772 1365 2826 ad
1388 2772 1548 2828 bonas
1571 2774 1737 2828 actio-

788 2856 876 2894 nes
907 2841 1163 2894 stimulat.

215 2950 543 3006 Venerando
594 2950 744 3005 Patri
772 2961 796 2989 θ
824 2950 1082 3007 Remedio
1121 2952 1375 3024 episcopo
1410 2953 1631 3010 humilis
1659 2954 1737 3010 le-

152 3043 255 3097 vita
279 3042 548 3097 Alcuinus
564 3042 812 3098 salutem.

217 3132 473 3204 Acceptis
500 3134 786 3190 cbaritatis
804 3143 1003 3191 vestrae
1043 3136 1360 3192 muneribus
1386 3137 1611 3191 multum
1641 3136 1734 3192 la:-

156 3225 243 3278 tati
279 3239 472 3278 sumus
505 3224 570 3278 de
596 3226 955 3295 prOSperitate
996 3234 1198 3290 vestra,
1224 3243 1318 3282 seu
1349 3228 1493 3297 quod
1527 3244 1732 3285 memo-

157 3312 285 3369 riam
313 3314 490 3370 nostri
513 3313 760 3379 habetis;
788 3331 1011 3385 sperans
1040 3331 1127 3370 me
1154 3316 1526 3371 misericordia
1551 3317 1731 3373 divina

157 3404 471 3473 participem
498 3419 619 3458 esse
664 3419 762 3475 per
787 3413 997 3460 vestras
1032 3407 1401 3463 sanctissimas
1432 3409 1726 3464 orationes.

157 3493 405 3548 Charitas
441 3509 571 3548 vero
612 3495 754 3548 inter
772 3495 974 3549 amicos
1016 3496 1205 3552 melior
1229 3505 1314 3551 est
1333 3512 1488 3559 auro,
1518 3505 1574 3552 et
1598 3497 1731 3554 fides

157 3584 300 3638 inter
326 3585 572 3639 absentes
595 3585 886 3656 pretiosior
908 3594 993 3641 est
1025 3587 1273 3656 gemmis,
1322 3587 1413 3641 ubi
1444 3588 1586 3643 Deus
1613 3598 1731 3644 tan-

156 3675 431 3729 tummodo
451 3676 756 3731 considerat
773 3683 828 3730 et
851 3685 1179 3749 remunerat,
1198 3678 1309 3732 Vos
1326 3677 1468 3748 quod
1488 3686 1729 3733 vestrum

157 3778 250 3834 est,
279 3770 690 3842 diligentissime
734 3773 1111 3843 exsequimini,
1148 3781 1203 3828 et
1245 3783 1466 3846 accepta
1489 3775 1729 3830 Domini-

158 3877 226 3919 ea:
248 3866 494 3936 pecuniae
522 3866 719 3920 talenta
757 3866 1129 3937 multiplicate,
1160 3877 1219 3922 ut
1243 3884 1366 3923 cum
1391 3869 1583 3939 gaudio
1603 3876 1730 3923 ante

161 3964 501 4027 conspectum
528 3957 722 4011 summi
755 3957 898 4027 regis
925 3958 1112 4012 venire
1136 3958 1283 4029 digni
1310 3957 1639 4023 elliciamini,
1670 3968 1726 4014 et

161 4059 330 4101 vocem
361 4045 514 4099 illam
539 4046 727 4099 audire
778 4046 1185 4101 desiderabilem
1215 4065 1227 4100 :
1257 4047 1403 4117 Euge
1428 4064 1569 4101 serve
1596 4047 1726 4102 bone

167 4144 208 4188 et
233 4135 427 4204 ﬁdelis,
451 4136 593 4189 intra
630 4136 684 4190 in
710 4135 962 4206 gaudium
1004 4135 1214 4190 Domini
1240 4139 1318 4191 tui
1348 4135 1561 4208 (Matth.
1594 4153 1725 4202 xxv,

164 4224 258 4297 2i).
292 4227 452 4282 Nunc
498 4234 713 4298 tempus
757 4236 841 4282 est
868 4227 1168 4291 lahorandi,
1209 4237 1334 4283 tunc
1372 4228 1723 4297 quiescendi;

164 4330 286 4370 nunc
304 4316 677 4387 promerendi,
724 4325 851 4372 tunc
898 4316 1295 4370 remnnerandi.
1328 4316 1437 4371 Fac
1467 4324 1527 4371 ut
1547 4317 1642 4381 sis,
1668 4325 1729 4371 ut

165 4406 248 4461 tibi
267 4410 468 4473 veniat,
495 4408 636 4479 quod
661 4410 764 4463 vis.
806 4408 976 4480 Dilige
1004 4408 1319 4480 diligentem
1354 4418 1426 4474 te,
1459 4418 1728 4480 quatenus

168 4500 220 4553 ad
240 4502 603 4558 beatissimam
646 4501 789 4556 illius
814 4502 1109 4557 sessionem
1150 4503 1433 4572 pervenire
1456 4503 1719 4558 merearis

164 4599 212 4644 et
234 4592 407 4649 dicere
439 4612 452 4647 :
511 4592 661 4647 Sicut
711 4592 1025 4652 audivimus,
1058 4593 1131 4646 ita
1184 4601 1234 4646 et
1264 4591 1485 4647 vidimus
1510 4594 1566 4646 in
1588 4593 1721 4646 civi-

169 4690 257 4735 tate
287 4683 380 4739 Dei
438 4683 605 4737 nostri
661 4682 678 4749 (
708 4681 857 4737 Psal.
910 4698 1079 4750 xu'n,
1104 4681 1210 4753 9),
1249 4683 1305 4738 in
1340 4698 1447 4754 qua
1503 4691 1588 4738 est
1614 4690 1723 4738 tota

170 4843 259 4955 ΓΞ
284 4833 431 4955 )Edit.
477 4831 730 4898 Queroet.
757 4831 824 4887 74
859 4847 923 4889 ex
956 4848 1057 4887 ms.
1091 4830 1268 4904 (Apud
1297 4832 1530 4888 Froben.
1559 4833 1720 4903 epist.

200 4920 228 4955 ο
263 4942 275 4955 .

200 4920 275 4956 οἳ.

202 4906 517 5057 :Eilemigio
548 4972 808 5057 epis-capo.
834 4972 987 5057 (Vixit
1030 4979 1268 5057 tempore
1296 4972 1512 5057 Alcuini
1536 4974 1725 5057 .Remi:

173 5043 291 5106 gius,
319 5056 413 5096 seu
444 5043 735 5095 Remedius
785 5043 1068 5113 episcopus
1110 5043 1600 5114 Argentoratensis,
1667 5046 1720 5100 ni

172 5109 286 5179 obiit
302 5126 444 5166 anno
471 5109 576 5165 805
602 5128 616 5176 ;
647 5111 846 5165 Mabill.
881 5113 1072 5167 Annal.
1104 5112 1195 5169 lib.
1244 5130 1411 5179 xxvn,
1457 5131 1605 5169 num.

173 5175 350 5253 [Eodem
373 5175 608 5253 quoque
641 5189 893 5253 tempore,
919 5183 1055 5237 vixit
1085 5184 1357 5253 Remigius
1399 5175 1496 5238 seu
1528 5184 1722 5241 Reme-

174 5247 275 5321 dius
293 5247 428 5307 alius
462 5247 1069 5321 episcopus'Curiensis,
1096 5247 1510 5318 cujus'canones
1548 5255 1722 5311 eccle-

173 5317 419 5398 siasticos,
451 5317 518 5398 ex
540 5317 781 5398 epistolis
805 5322 1117 5392 pontificum
1139 5317 1501 5398 Romanorum
1528 5341 1722 5398 suppo-

175 5389 334 5463 sititiis
357 5393 426 5445 ab
452 5389 983 5463 IsidoroMercatore
1022 5394 1226 5463 sparsis
1253 5394 1524 5459 collectos,
1554 5389 1723 5453 edidit

174 5454 442 5535 ﬁoldastus
476 5461 615 5535 Rer.‘
639 5461 892 5535 _Alc_man.
929 5454 1147 5535 _ton_i.l,
1196 5472 1398 5535 part4,
1438 5454 1562 5535 pag.
1598 5465 1716 5520 12L

177 5522 350 5601 Deboc
395 5531 566 5587 altero
592 5530 874 5587 Alcuinum
926 5522 1714 5601 intelligofCuricnsisvenim,

176 5607 268 5672 non
288 5598 750 5672 Argentoratensls
774 5601 1058 5672 episcopus
1092 5598 1144 5656 in
1176 5604 1428 5657 montium
1475 5598 1720 5661 claustris

180 5660 780 5745 narcaﬁribusultaliam
805 5660 1113 5745 peteritihus
1139 5672 1337 5727 auxilio
1369 5689 1497 5745 esse,
1522 5660 1712 5745 potuit.

178 5737 511 5862 οὲείέξερρί.
540 5740 686 5798 lllius
712 5737 877 5807 certe,
914 5743 982 5797 ad
1010 5757 1171 5812 quem
1205 5749 1288 5798 est
1312 5737 1539 5814 epistola
1580 5762 1718 5817 prae.

1838 1937 2071 1990 moriam
2111 1936 2314 1991 habere
2357 1936 2630 2007 digneris;
2683 1937 2846 1991 etiam
2878 1951 2907 1989 a
2940 1936 3110 1991 servis
3136 1936 3230 1989 Dei
3262 1934 3431 2001 inter-

1837 2026 2109 2081 cessiones
2131 2042 2230 2097 pro
2249 2041 2336 2081 me
2358 2025 2476 2085 fieri
2490 2025 2746 2095 jubealis,
2778 2028 2871 2097 qui
2899 2035 3025 2082 sunt
3057 2026 3112 2081 in
3149 2038 3426 2085 monasteo

1837 2115 1934 2170 riis
1962 2130 2059 2186 per
2079 2123 2269 2170 vestra:
2289 2116 2538 2171 dimcesis
2563 2115 2920 2170 latitudinem.
2998 2114 3134 2169 Nam
3181 2130 3279 2186 ego
3310 2114 3475 2186 plu-v.

1836 2205 1989 2259 rimis
2014 2203 2171 2272 hujus
2210 2205 2385 2261 smculi
2410 2203 2607 2273 jaculis
2647 2204 2961 2260 vul'ieratus
3018 2205 3160 2259 diem
3212 2204 3424 2275 trepido

1838 2295 2016 2348 animo
2042 2303 2314 2364 exspecto,
2368 2309 2475 2364 quo
2506 2295 2627 2350 duci
2657 2296 2722 2349 ad
2765 2293 3024 2362 judicium
3058 2308 3218 2348 vocer
3270 2294 3425 2364 igno-

1835 2400 1987 2448 rans,
2036 2384 2165 2452 quid
2217 2384 2447 2437 habeam
2511 2384 2840 2455 respondere
2888 2382 3059 2451 judici
3113 2398 3235 2437 meo
3291 2379 3423 2438 Iesu

1837 2473 2075 2537 Christo,
2120 2475 2213 2542 qui
2240 2474 2373 2529 mihi
2402 2482 2552 2528 tanta
2585 2475 2774 2529 tribuit
2812 2475 2863 2529 in
2891 2477 2994 2530 hoc
3030 2474 3226 2530 saaculo
3250 2475 3423 2541 bona;

1836 2571 1892 2618 et
1912 2578 2011 2633 ego
2039 2564 2192 2633 quasi
2218 2563 2303 2618 his
2331 2562 2580 2618 omnibus
2613 2563 2854 2635 ingratus
2872 2563 3101 2635 plurima
3123 2563 3247 2631 feci,
3303 2579 3423 2635 qute

1836 2667 1943 2706 non
1975 2653 2153 2707 debui.

1910 2742 1989 2797 Tu
2016 2758 2165 2809 vero,
2196 2744 2532 2800 sanctissime
2546 2745 2730 2811 Pater,
2763 2746 3057 2802 secundum
3074 2746 3418 2813 cbaritatem,

1836 2847 1998 2901 quam
2028 2833 2195 2887 habes
2221 2833 2273 2887 in
2321 2834 2565 2889 membra
2591 2834 2814 2900 Christi,
2869 2844 2923 2890 et
2952 2835 3111 2890 [idem
3135 2836 3420 2897 probatam

1835 2925 1890 2979 in
1920 2924 2249 2997 salvatorem
2277 2936 2544 2992 nostrum,
2576 2941 2662 2981 me
2701 2929 2932 2983 assiduis
2957 2928 3291 2983 orationibus
3322 2930 3421 2984 ad-
3522 2952 3529 2958 ·

1830 3013 2025 3085 juvare
2053 3014 2312 3086 digneris,
2349 3024 2409 3071 ut
2432 3018 2834 3072 misericordem
2849 3019 3116 3073 inveniam
3138 3019 3424 3075 Dominum

1838 3105 2006 3160 Deum
2048 3121 2247 3161 meum.
2308 3107 2384 3162 Te
2409 3124 2623 3179 quoque
2675 3109 2870 3179 ipsum,
2912 3110 3066 3180 juxta
3098 3110 3421 3179 sapientiam
3524 3120 3531 3129 ‘

1755 3184 1802 3246 C
1834 3197 1928 3252 tibi
1954 3196 2108 3252 aDeo
2136 3197 2339 3262 datam,
2368 3198 2420 3253 in
2443 3201 2587 3254 omni
2610 3201 2852 3255 bonitate
2872 3216 3115 3271 praepara
3135 3202 3201 3256 ad
3229 3216 3422 3255 occur-

1833 3304 1953 3344 sum
1974 3288 2137 3354 illius,
2167 3296 2227 3342 ut
2246 3289 2439 3359 dignus
2458 3290 2733 3355 habearis,
2760 3305 2881 3354 cum
2912 3290 3190 3361 multiplici
3221 3288 3423 3344 laboris

1834 3379 1912 3434 tui
1940 3378 2140 3445 fructu,
2182 3380 2421 3450 gaudens
2446 3389 2500 3434 et
2528 3380 2796 3451 gloriosus
2825 3388 2970 3436 stare
3018 3388 3145 3435 ante
3184 3378 3423 3435 tribunal

1831 3470 2056 3536 Christi,
2116 3480 2276 3540 atque
2303 3486 2365 3524 ex
2388 3471 2709 3527 brevissimo
2732 3472 2890 3541 hujus
2908 3474 3032 3529 vitro
3057 3473 3242 3529 labore
3264 3481 3422 3528 aeter-

1832 3577 1979 3627 nam,
2018 3562 2252 3618 donante
2272 3561 2406 3627 Deo,
2451 3561 2838 3617 beatitudinem
2861 3578 2984 3617 cum
3012 3563 3211 3619 sanctis
3244 3562 3420 3617 omni-

1828 3652 1931 3709 bus
1968 3653 2170 3708 intrare
2210 3653 2492 3708 merearis.
2544 3653 2802 3709 Dominus
2826 3653 3003 3719 Jesus,
3036 3655 3127 3724 qui
3169 3655 3273 3708 ait:
3312 3652 3419 3707 Per

1828 3759 1910 3796 me
1931 3744 1976 3797 si
1991 3744 2106 3813 quis
2124 3743 2412 3807 intraverit,
2435 3742 2755 3810 salvabitur;
2779 3744 3098 3813 ingredietur
3118 3754 3167 3799 et
3188 3742 3420 3815 egredie-

1830 3841 1918 3886 tur
1943 3832 2123 3903 (Joan.
2148 3850 2203 3897 x,
2234 3833 2312 3903 9),
2346 3833 2603 3887 custodiat
2645 3835 2915 3888 introitum
2962 3845 3109 3889 tuum
3139 3845 3187 3889 et
3218 3835 3412 3888 exitum

1828 3929 1976 3975 tuum
1996 3923 2174 3976 exhoc
2205 3939 2339 3976 nunc
2360 3932 2406 3977 et
2432 3939 2589 3994 usque
2609 3924 2662 3978 in
2681 3924 2930 3978 sreculum
2957 3923 3129 3997 (Psal.
3167 3940 3292 3988 cxx,
3331 3922 3410 3994 8),

1829 4012 2171 4067 sanctissime
2202 4011 2379 4066 Pater.

2252 4119 2279 4159 ιι
2320 4119 2656 4174 EPISTOLA
2685 4118 2983 4175 CLXXVII.

2454 4228 2521 4264 AD
2546 4227 2782 4265 EUMDEM.

1827 4301 2208 4370 Coaﬁdeutiam
2239 4318 2389 4356 suam
2408 4301 2668 4372 signiﬁcat
2692 4301 2745 4372 in
2767 4300 2882 4371 ejus
2906 4302 3247 4366 orationibus,
3272 4311 3321 4356 et
3341 4303 3410 4356 ad

1898 4372 2023 4425 bene
2042 4371 2334 4443 obeundum
2357 4370 2644 4442 episcopale
2664 4370 2886 4441 ofﬁcium
2918 4372 3177 4439 hortatur,
3200 4372 3293 4427 sub
3321 4389 3409 4443 spe

1897 4452 2108 4496 (eterna:
2133 4442 2404 4496 mercedis.

1754 4540 1803 4599 ι)
1893 4531 2211 4588 Beatissimo
2230 4532 2379 4588 Patri
2408 4532 2668 4588 Remedio
2694 4535 2947 4603 episcopo
2976 4534 3194 4592 humilis
3244 4534 3405 4591 levita

1826 4622 2083 4678 Alcuinus
2113 4623 2362 4678 salutem.

1892 4712 2140 4784 Acceptis
2182 4714 2486 4769 amabiliter
2530 4714 2855 4770 venerandae
2882 4715 3187 4772 dilectionis
3214 4725 3408 4773 vestrae

1827 4846 1929 4971 1δέ
1939 4847 2105 4971 ξάὶῐ.
2135 4848 2388 4915 Quercet.
2429 4849 2518 4904 56.
2546 4866 2613 4906 ex
2643 4867 2746 4907 ms.
2777 4852 2953 4923 (Apud
2978 4851 3212 4910 Froben.
3241 4855 3405 4925 epist.

1861 4918 2212 5072 ἔῒᾷῑςιηεάξο
2240 4991 2498 5072 episcopo.
2535 4989 2652 5072 Non
2674 4991 2881 5072 dubito,
2915 4994 3046 5062 quin
3072 4993 3211 5048 idem
3242 4994 3323 5072 si_t_
3338 5008 3405 5048 ac

1824 5056 2100 5133 Remigius
2147 5056 2425 5133 Curiensis
2471 5061 2775 5131 episcopus,
2810 5063 2876 5117 de
2919 5056 3026 5131 quo
3054 5078 3236 5133 supra.
3278 5062 3404 5117 “me

1822 5129 1964 5182 enim
2015 5129 2231 5184 nomina
2273 5129 2516 5199 ejusdem
2562 5129 2806 5201 personae
2851 5129 3065 5188 variant
3104 5129 3246 5203 apud
3266 5133 3405 5187 scri-

1821 5206 2024 5269 ptores.
2390 5232 2399 5241 κ

1900 5267 1918 5340 l
1960 5267 2189 5340 roben.
2218 5270 2375 5340 epist.
2402 5271 2527 5326 900.

1896 5339 1922 5411 ξ
1952 5336 2198 5411 Remedio
2227 5336 2461 5411 episcopo
2488 5341 2682 5395 Curite.
2757 5342 2893 5396 Vide
2920 5341 3171 5411 epistolas
3214 5340 3319 5394 176
3346 5350 3405 5398 et

1823 5406 1924 5461 175
1949 5408 2016 5461 ad
2041 5406 2310 5473 eumdem,
2338 5406 2406 5464 ct'
2430 5420 2584 5467 notes
2615 5412 2774 5466 velim
2799 5406 3104 5464 Remedium
3129 5410 3279 5464 illum
3304 5412 3403 5466 Do-

1820 5479 1989 5552 curio,
2016 5494 2174 5552 quem
2187 5478 2443 5552 Alcuinus
2463 5498 2560 5552 per
2577 5481 2848 5552 Arnonem
2890 5480 3126 5552 salutari
3146 5479 3313 5535 voluit
3343 5483 3402 5537 in

1819 5548 1977 5626 epist.
1999 5549 2110 5629 .118
2148 5549 2290 5605 hunc
2321 5548 2494 5619 ipsum
2526 5567 2645 5606 esse
2672 5551 3001 5630 episcopum,
3025 5558 3082 5604 et
3114 5549 3232 5605 loco
3250 5552 3401 5607 vocis

1819 5616 2064 5677 Decurto.
2093 5634 2251 5677 quam
2281 5620 2441 5676 habet
2467 5622 2587 5677 cod.
2611 5638 2714 5677 ms.
2741 5619 2851 5675 Salt
2882 5620 2935 5673 b.
2966 5620 3249 5677 legendum
3273 5636 3399 5677 esse

1819 5634 2064 5682 uecurto,
2093 5634 2251 5687 quam
2281 5634 2441 5676 habet
2467 5634 2587 5677 eoa.
2611 5638 2714 5678 ms.
2741 5634 2851 5675 hau
2882 5634 2935 5673 υ.
2966 5634 3249 5691 tegendum
3273 5636 3399 5679 esse

1817 5694 1883 5741 de
1908 5687 2088 5751 Curia,
2118 5704 2213 5743 seu
2241 5688 2574 5745 Curiensem.

1888 5757 1915 5797 ιι
1956 5756 2185 5814 Froben.
2216 5760 2374 5831 epist.
2396 5760 2521 5814 201.
