4064 6342
163 368 248 424 649

1516 337 1897 400 EPISTOL/E.

3254 304 3467 395 ιδοί

162 477 252 545 17).
277 470 386 528 ideo
412 465 717 523 necessaria
744 472 826 519 est
865 470 1177 519 sanctorum
1206 461 1365 517 lectio
1403 461 1683 529 librorum,
1715 492 1725 516 ι

1821 446 2017 501 ινίειιιιι.
2050 444 2163 499 Tua
2205 444 2383 516 lingua
2419 444 2586 501 clavis
2609 454 2692 501 est
2735 444 2886 518 regni
2913 445 3202 514 cmlorum;
3227 464 3366 518 qua-

161 572 388 637 quatenus
437 561 490 613 in
517 558 598 613 eis
641 558 870 627 quisque
915 555 1178 626 intelligat
1235 553 1367 626 Mli,
1400 554 1688 625 inveniat],

1794 543 2012 605 propter
2033 551 2304 605 nunquam
2332 553 2361 590 a
2389 538 2545 592 bonis
2573 537 2749 603 sileat,
2777 554 3053 609 nunquam
3085 540 3154 595 ab
3176 540 3368 609 admo-

159 624 263 727 quid
288 651 452 715 sequi,
483 650 566 704 vel
610 624 739 718 quid
784 624 989 703 cavere
1039 624 1255 701 debeat.
1297 647 1512 702 Maneat
1561 624 1692 704 vero
1793 624 2699 727 “ili°"_i}’“§_°esse‘1,Sul’cf‘msf‘
2728 631 3260 727 θθηωξηθθθδέωίδ-
3290 630 3373 685 ί¹¹⁴

160 749 203 802 in
235 742 372 797 vobis
417 741 598 794 lumen
630 738 885 802 scientize,
916 745 971 791 et
994 751 1093 806 per
1115 751 1211 791 vos
1245 735 1364 790 aliis
1408 736 1694 792 luceatec-

156 834 321 896 clesiis,
347 838 402 885 ut
423 840 605 885 vestra
632 829 750 884 laus
781 830 835 884 in
862 843 957 883 ore
987 836 1205 883 resonet
1233 829 1497 892 omnium,
1524 837 1579 884 et
1601 844 1696 883 vo—

156 921 465 983 bisin'cmlis
524 935 736 975 merces
780 927 997 974 maneat
1042 925 1265 973 aeterna.
1317 917 1697 987 Unusquisque

155 1016 327 1089 proprii
364 1013 571 1068 laboris
615 1012 919 1066 mercedem
978 1010 1226 1081 accipiet.
1266 1009 1471 1065 Pueros
1520 1011 1699 1065 adole-

157 1114 438 1175 scentesque
481 1103 766 1174 diligenter
809 1102 1071 1158 librorum
1112 1103 1393 1158 scientiam
1417 1105 1485 1159 ad
1529 1103 1697 1159 vitam

158 1196 271 1270 [Al.,
295 1197 344 1250 in
369 1193 482 1268 via]
514 1196 609 1249 Dei
638 1194 851 1259 decete,
879 1202 937 1248 ut
959 1194 1105 1264 digni
1125 1195 1291 1249 vestri
1323 1195 1545 1249 honoris
1569 1196 1701 1250 [iant

158 1299 492 1351 successores,
527 1284 691 1340 etiam
737 1292 793 1338 et
818 1285 1209 1339 intercessores
1244 1300 1344 1354 pro
1374 1285 1547 1340 nobis.
1579 1285 1705 1340 Suf.

156 1375 307 1448 fragia
348 1390 481 1431 vero
521 1375 816 1431 viventium
864 1382 1090 1445 prosunt
1133 1374 1489 1431 morientibus
1519 1376 1601 1431 vel
1634 1375 1703 1430 ad

157 1472 339 1526 veniam
387 1477 764 1540 peccatorum,
812 1468 897 1523 vel
962 1469 1031 1523 ad
1070 1466 1293 1536 majoris
1339 1467 1523 1539 gloriae
1576 1484 1706 1540 augt

158 1569 396 1617 mentum.

212 1654 303 1720 Qui
330 1668 438 1709 non
469 1650 723 1717 seminat,
778 1667 884 1707 non
934 1660 1122 1716 metet,
1151 1660 1206 1706 et
1248 1652 1341 1721 qui
1373 1664 1479 1706 non
1525 1648 1705 1718 discit,

152 1759 240 1799 non
267 1746 440 1801 docet.
466 1729 543 1799 Ἑι
570 1744 692 1799 talis
736 1743 886 1799 locus
930 1745 1046 1799 sine
1086 1744 1398 1799 doctoribus
1434 1748 1528 1797 aut
1577 1755 1705 1809 non,

1795 716 2197 785 crepationibus
2217 716 2470 786 castiget;
2499 716 2730 772 humiles
2752 727 2805 773 et
2819 719 3032 787 quietos
3051 720 3158 791 piis
3176 721 3375 776 exhor-

1798 807 2092 862 tationibus
2123 807 2392 872 refoveat;
2433 799 2690 862 talentum
2719 810 2864 878 quod
2905 808 3184 879 accepisti,
3217 808 3375 881 quasi

1798 897 2023 952 devotus
2046 898 2352 967 negotiator
2373 905 2890 967 superaugmentare
2918 899 3201 953 contende.
3254 896 3389 957 Non

1801 989 1979 1043 tardat
2004 990 2262 1043 Dominus
2285 990 2377 1059 qui
2411 990 2558 1045 dedit
2580 991 2825 1046 revenire
2865 999 2922 1046 et
2961 992 3228 1047 rationem
3262 992 3379 1046 exi-

1800 1097 1928 1153 gere
1966 1084 2207 1152 pecuniae
2229 1100 2359 1139 suae.
2390 1085 2524 1140 Vide
2549 1092 2603 1140 et
2630 1086 2892 1141 intentius
2912 1089 3194 1144 considera
3208 1102 3380 1159 quan-

1804 1182 1889 1228 tas
1917 1175 2128 1229 animas
2170 1175 2225 1228 in
2262 1174 2502 1244 periculo
2535 1176 2731 1231 anima:
2773 1185 2877 1232 tua:
2915 1179 3179 1247 regendas
3224 1194 3380 1235 acce-

1801 1266 1948 1336 pisti.
1972 1265 2082 1320 Fac
2104 1266 2200 1321 tibi
2239 1266 2450 1320 lucrum
2480 1282 2545 1321 ex
2572 1268 2698 1332 illis,
2724 1283 2833 1323 non
2858 1270 3147 1329 damnum»
3162 1270 3244 1325 Ad
3281 1287 3381 1327 ex-

1804 1356 2040 1425 emplum
2069 1356 2278 1410 Domini
2302 1356 2396 1411 Dei
2439 1358 2517 1411 tui
2540 1372 2782 1423 recurre,
2825 1362 3096 1430 quomodo
3122 1378 3220 1433 per
3250 1363 3385 1419 civi-

1809 1451 1970 1511 tates,
1995 1446 2235 1511 castella,
2261 1446 2411 1502 vicos
2437 1448 2599 1502 etiam
2628 1457 2685 1503 et
2708 1448 2899 1505 domos
2928 1451 3167 1524 singulas
3191 1456 3388 1525 praedi-

1808 1534 1981 1589 cando
1992 1536 2323 1590 cucurrisset
2334 1536 2551 1608 (Matth.
2576 1553 2631 1591 ιι
2642 1577 2657 1603 ,
2670 1536 2761 1610 55)
2783 1554 2798 1604 ;
2823 1539 2933 1594 imo
2948 1543 3194 1597 convivia
3208 1543 3391 1611 Publie

1810 1636 2067 1679 canorum
2094 1632 2150 1679 et
2174 1633 2522 1695 peccatorum
2557 1643 2666 1682 non
2694 1628 2998 1696 abhorruit,
3023 1642 3289 1705 quatenus
3319 1650 3389 1697 ex

1813 1711 2197 1770 familiaritatis
2223 1718 2599 1773 communione
2624 1719 3021 1789 praedicationis
3048 1725 3391 1782 occasionem

153 1847 231 1891 aut
262 1837 349 1891 vix
388 1834 571 1892 salvus
593 1834 711 1891 fieri
747 1836 962 1905 poterit.
1005 1833 1196 1904 Magna
1245 1841 1329 1889 est
1366 1805 1707 1904 eleemosyna
1743 1809 1785 1867 Β
1812 1807 2058 1905 θίξδθτθίς
2090 1806 2170 1905 ξω
2200 1816 2255 1861 ω
2285 1805 2403 1905 {ius
2440 1809 2731 1905 59W“?
2757 1812 3393 1905 exemplis’dubicunque

149 1938 425 1994 pauperem
479 1927 600 1981 cibo
648 1940 875 1996 pascere
925 1924 1234 1995 corporali;
1284 1924 1377 1980 sed
1427 1923 1601 1993 major
1626 1932 1711 1981 est

149 2015 368 2070 animum
400 2014 560 2088 [Cod.
602 2015 743 2081 Sal.,
776 2002 1036 2087 animam]
1081 2015 1327 2070 doctrina
1352 2015 1585 2085 spiritali
1624 2032 1710 2071 sa-

148 2107 266 2161 tiare
300 2106 657 2163 esurientem.
700 2106 853 2162 Sicut
895 2115 1083 2177 pastor
1127 2107 1386 2177 providus
1434 2107 1583 2178 gregi
1612 2122 1711 2162 suo

139 2197 324 2265 Optima
375 2198 671 2268 providere
725 2211 928 2269 pascua
979 2205 1153 2260 curat,
1214 2191 1290 2251 ita
1321 2198 1511 2252 doctor
1537 2199 1713 2255 bonus

132 2285 524 2358 suissubjectis
555 2288 813 2357 perennia
850 2302 1053 2356 pascua
1080 2288 1206 2341 vitze
1230 2285 1375 2341 omni
1402 2289 1577 2343 stud-io
1597 2304 1715 2359 pro-

127 2391 310 2432 curare
355 2377 554 2432 debet.
594 2373 735 2430 Nam
762 2372 1137 2444 multiplicatio
1181 2376 1383 2447 gregis,
1438 2374 1605 2448 gloria
1633 2387 1718 2432 est

120 2470 370 2536 pastoris,
413 2478 472 2524 et
525 2469 804 2524 multitudo
846 2470 1182 2539 sapientium,
1227 2471 1428 2525 sanitas
1474 2480 1549 2525 est
1578 2471 1716 2525 orbis

119 2559 264 2631 (Sap.
298 2574 381 2626 vr,
410 2559 550 2632 26).

179 2651 309 2708 Scio
339 2667 461 2717 vos,
530 2651 855 2708 sanctissimi
895 2653 1107 2721 Patres,
1167 2656 1283 2712 haec
1322 2654 1527 2727 optime
1577 2653 1720 2719 scire

120 2753 169 2798 et
189 2743 527 2798 voluntarie
548 2740 790 2812 implere.
831 2742 939 2800 Sed
965 2747 1206 2802 charitas
1255 2746 1521 2804 dictantis
1534 2750 1603 2805 ab
1624 2764 1720 2806 ore

131 2839 294 2909 rapuit
324 2840 497 2894 verba
524 2878 538 2902 ,
583 2840 812 2895 credens
834 2852 931 2895 vos
957 2842 1045 2911 pia
1073 2841 1209 2897 velle
1243 2839 1550 2899 humilitate
1580 2842 1722 2916 lege-

131 2940 207 2993 re,
231 2943 354 2997 quae
383 2927 586 2983 sobria
614 2928 671 2983 in
714 2929 809 2985 Dei
844 2930 1130 2987 dilectione
1168 2932 1365 2987 dictavi
1413 2934 1717 2989 devotione.
1806 2980 1811 2986 .

140 3015 331 3071 lterum
370 3016 693 3091 iterumque
736 3021 967 3077 obsecro
988 3029 1047 3076 ut
1085 3022 1188 3077 mei
1216 3022 1450 3078 nominis
1474 3025 1616 3079 inter
1642 3020 1713 3078 fa-

148 3104 374 3166 miliares
402 3115 619 3166 vestros
643 3112 961 3169 memoriam
983 3114 1185 3170 habere
1213 3111 1524 3185 dignemini.
1556 3112 1721 3169 Διηιί-

152 3210 303 3256 tatem
324 3210 575 3257 vestram
600 3215 699 3272 pro
737 3211 850 3258 tota
887 3204 982 3259 Dei
1027 3202 1450 3277 intercedentem
1478 3203 1719 3262 Ecclesia

150 3292 252 3362 ipse
283 3293 431 3349 Deus
452 3293 711 3350 Christus
733 3296 1009 3361 exaudiat,
1029 3311 1234 3367 vosque
1264 3298 1330 3353 ad
1357 3305 1574 3366 mlernm
1596 3295 1725 3356 bea—

152 3383 379 3440 titudinis
405 3383 641 3457 gloriam
661 3386 945 3453 pervenire
965 3388 1244 3453 concedat,
1283 3388 1591 3445 charissimi
1614 3390 1726 3446 fra-

152 3477 269 3528 tres.

574 3577 600 3607 ο
625 3564 958 3623 EPISTOLA
991 3566 1275 3623 CLXXIX.

573 3674 645 3716 an
688 3674 941 3725 οιιειιιιιιι
987 3677 1298 3719 εριδεοριιιι.

1494 3590 1573 3663 β

159 3766 446 3846 Materna
486 3774 749 3846 suspirat.
797 3772 1057 3846 Hortatur
1089 3774 1159 3846 ad
1206 3751 1428 3845 ofﬁcium
1466 3775 1731 3846 pastorale

213 3841 490 3912 diligenter
539 3841 861 3914 obeundum.
918 3843 1174 3914 Auguria,
1205 3841 1377 3899 auium
1425 3841 1630 3912 cantus,
1682 3856 1731 3901 et

213 3915 628 3968 sternutationes
653 3912 849 3968 aboleri
877 3913 1002 3968 vult.

216 4022 569 4079 Dulcedinem
602 4023 908 4079 dilectionis
938 4023 1175 4079 brevitas
1200 4025 1402 4081 charta:
1426 4042 1532 4081 non
1559 4026 1744 4096 expli-a

156 4120 252 4166 eat.
279 4112 386 4169 Sed
410 4128 613 4185 spero,
644 4111 777 4168 fides
801 4121 994 4167 vestrae
1017 4112 1231 4182 pietatis
1258 4122 1403 4168 tenet
1425 4114 1569 4184 quod
1604 4130 1736 4170 meae

157 4200 421 4274 imperitiae
442 4206 640 4261 littera
657 4219 763 4259 non
785 4204 980 4259 sullicit
999 4202 1261 4273 proferre.
1288 4203 1573 4274 Utcunque
1590 4205 1737 4260 enim

156 4295 399 4349 memoria
442 4294 745 4351 charitatis
770 4294 1029 4349 absentia:
1078 4294 1356 4350 tristitiam
1388 4295 1735 4350 consolatur:

154 4391 202 4438 et
217 4400 371 4455 quem
401 4388 513 4444 sibi
542 4387 870 4458 praesentari
896 4402 994 4456 per
1015 4386 1226 4457 singula
1251 4394 1526 4441 momenta
1552 4388 1740 4442 oculus

154 4479 353 4545 quaerit,
399 4481 559 4534 hunc
579 4477 800 4533 animus
829 4479 1105 4534 absentem
1147 4492 1362 4548 semper
1402 4493 1588 4532 amare
1629 4494 1735 4533 non

153 4567 366 4627 desistit.
411 4573 570 4627 Heu!
598 4586 767 4640 quam
788 4570 921 4625 dura
957 4578 1039 4625 est
1059 4567 1218 4637 hujus
1241 4570 1584 4625 mortalitatis
1610 4586 1739 4625 con-

153 4658 293 4726 ditio,
319 4679 446 4733 quae
475 4661 661 4717 variis
689 4660 970 4716 eventibus
1000 4660 1159 4716 toties
1207 4661 1411 4715 amicos
1439 4659 1699 4732 disjungit
1723 4700 1740 4727 ,

154 4766 240 4809 nec
257 4757 467 4826 patitur
480 4768 717 4825 semper
738 4753 922 4809 videre
949 4760 1220 4808 amantem
1243 4761 1540 4808 amatorem
1562 4768 1739 4808 suum.

153 4842 365 4916 Oquam
393 4848 533 4903 felix
560 4853 655 4902 est
682 4852 881 4899 aeterna
910 4842 1207 4906 beatitudo,
1243 4842 1335 4898 ubi
1358 4856 1573 4913 semper
1590 4842 1744 4899 vide-

153 4943 230 4992 tur
259 4942 404 5011 quod
454 4946 711 5027 amatur,
745 4944 800 4991 et
837 4950 1110 5005 nunquam
1157 4935 1399 4991 cernitur
1446 4935 1589 5003 quod
1635 4949 1746 4990 non

151 5031 381 5082 amatur!
422 5028 515 5084 Ad
545 5022 701 5082 hanc
721 5038 819 5079 nos
843 5022 1097 5078 festinare
1122 5030 1354 5093 oportet,
1379 5029 1439 5076 ut
1474 5022 1622 5078 illam
1663 5023 1756 5078 in-

152 5123 285 5172 trare
312 5132 667 5175 mereamur.
699 5113 887 5168 Nullus
932 5128 1030 5168 nos
1075 5113 1228 5168 labor
1256 5113 1549 5176 deterreat,
1599 5111 1744 5191 nulla

150 5206 429 5265 delectatio
464 5204 759 5263 retardet:
795 5204 890 5259 sed
929 5210 1079 5257 tanto
1127 5200 1337 5256 avidius
1363 5201 1493 5255 totis
1538 5200 1747 5255 viribus

150 5298 430 5354 tendamus
464 5298 541 5353 ad
588 5294 759 5358 illam,
789 5299 990 5363 quanto
1015 5289 1226 5344 beatius
1246 5289 1388 5342 illam
1420 5289 1621 5343 habere
1644 5302 1745 5357 pos

147 5391 269 5445 terit
301 5393 397 5462 qui
422 5392 632 5445 intrat.
670 5384 751 5440 Me
777 5393 975 5449 tecum,
1002 5380 1349 5438 dilectissime
1372 5379 1556 5441 frater,
1589 5379 1752 5432 obses

150 5495 256 5549 cro,
305 5483 604 5540 continuis
649 5478 901 5549 precibus
932 5476 1161 5531 attrahe.
1192 5473 1273 5528 Tu
1312 5488 1440 5527 vero
1466 5471 1628 5533 aries.
1656 5470 1746 5526 cui

145 5570 292 5640 juxta
316 5575 690 5631 Salomonem
718 5569 898 5638 nullus
942 5567 1194 5622 resistere
1214 5563 1358 5618 valet
1386 5559 1572 5632 (Prov.
1616 5566 1745 5615 xxx;

149 5663 235 5735 31)
264 5683 277 5718 :
302 5681 407 5736 ego
445 5661 713 5719 morbida
766 5660 907 5715 inter
931 5671 1147 5730 gregem
1173 5652 1495 5723 evangelicae
1535 5666 1749 5721 pascuae

1812 1897 1878 1952 ad
1905 1897 2150 1952 convivia
2190 1898 2406 1964 venias,
2438 1900 2508 1953 ibi
2556 1901 2953 1971 praedicationis
3000 1902 3176 1977 ofﬁcia
3231 1920 3395 1976 agere

1810 2005 1920 2045 non
1941 2001 2143 2056 cesses,
2170 1999 2229 2045 ut
2249 2006 2346 2061 pro
2370 1991 2697 2057 carnalibus,
2721 2009 2841 2064 qua:
2889 1994 3269 2050 ministrantur
3294 1996 3394 2051 tibi

1812 2083 2025 2154 tuisque
2054 2083 2215 2139 sociis
2239 2084 2504 2154 spiritalia
2534 2084 2638 2139 sibi
2668 2086 2889 2156 suisque
2922 2086 3397 2158 commanipulari-

1813 2175 1915 2231 bus
1953 2177 2221 2247 accipiant
2249 2176 2429 2248 (Rom.
2448 2178 2656 2243 xv,'27,
2684 2189 2733 2233 et
2757 2178 2788 2233 ι
2803 2178 2925 2234 Cor.
2947 2196 3024 2245 ix,
3050 2180 3162 2249 11).
3190 2180 3398 2236 Memor

1818 2274 2020 2339 quanta
2044 2268 2281 2337 seipsum
2306 2268 2640 2324 districtione
2681 2270 2803 2339 pius
2834 2272 3154 2340 praedicator
3199 2272 3399 2327 Paulus

1816 2358 2071 2429 obligavit
2116 2358 2301 2413 dicens
2346 2377 2358 2413 :
2414 2358 2505 2414 Vw
2555 2360 2719 2414 mihi!
2766 2362 2811 2415 si
2832 2378 2937 2416 non
2976 2362 3400 2433 evangelisavero

1819 2445 1874 2518 (Ι
1920 2445 2042 2501 Cor.
2079 2463 2164 2512 ix,
2198 2447 2307 2517 16).
2335 2449 2403 2503 Et
2441 2448 2662 2513 iterum,
2698 2465 2862 2519 quam
2897 2451 3157 2506 terribilia
3179 2452 3399 2510 commi-

1818 2547 1978 2593 natus
2003 2547 2088 2594 est
2102 2540 2358 2595 Dominus
2386 2541 2498 2611 ipse
2514 2541 2780 2596 Ezechieli
2800 2544 3094 2613 prophetae,
3111 2544 3238 2600 dum
3264 2560 3401 2616 prte-

1820 2630 2104 2685 dicationis
2154 2631 2204 2685 ei
2252 2630 2427 2686 ollicia
2465 2632 2724 2702 ingessit:
2752 2631 2862 2687 Fili
2890 2635 3136 2701 hominis,
3163 2635 3402 2706 specula-

1821 2730 1985 2775 torem
2006 2723 2158 2792 posui
2186 2732 2237 2778 te
2261 2723 2438 2778 domui
2466 2722 2656 2777 Israel.
2686 2723 2755 2778 Et
2773 2733 2897 2794 post
2921 2740 3093 2794 pauca
3125 2744 3138 2780 :
3176 2725 3237 2782 Si
3265 2726 3404 2781 enim

1822 2827 1926 2864 non
1976 2813 2370 2867 annuntiaveris
2412 2813 2589 2883 iniquo
2631 2814 2960 2883 iniquitatem
3004 2832 3177 2880 suam,
3226 2826 3276 2869 et
3316 2815 3405 2870 ille

1822 2888 2074 2955 morietur
2110 2903 2165 2955 in
2212 2903 2437 2972 peccatis
2469 2903 2611 2969 suis,
2647 2904 2954 2973 sanguinem
2991 2905 3106 2974 ejus
3153 2905 3217 2959 de
3243 2921 3405 2959 manu

1823 3000 1915 3045 tua
1933 2994 2193 3064 requiram
2210 2993 2427 3065 (Επειδὴ.
2446 3012 2529 3060 ιιι,
2546 2995 2634 3063 17,
2651 2995 2761 3068 18).
2792 2997 2860 3052 Et
2880 2996 3074 3052 iterum
3093 3012 3191 3067 per
3211 2998 3404 3054 Isaiam

1822 3083 2142 3153 prephetam
2190 3086 2257 3139 de
2304 3087 2602 3143 tacentibus
2654 3088 2854 3144 dicitur
2904 3088 3346 3157 praedicatoribus
3386 3104 3402 3143 :

1750 3150 1798 3212 (ἶ
1826 3150 1995 3228 Canes
2022 3177 2155 3230 muti
2192 3194 2298 3231 non
2328 3178 2553 3237 valentes
2578 3179 2779 3234 latrare
2807 3150 2965 3253 (ιεᾶε.
2994 3196 3105 3245 LVI,
3163 3182 3272 3252 10).
3304 3181 3406 3251 Qui

1827 3273 1952 3319 sunt
1971 3282 2135 3323 canes
2173 3270 2328 3335 muti,
2361 3270 2463 3325 nisi
2493 3277 2742 3340 pastores
2771 3279 3040 3336 tacentes,
3070 3280 3260 3327 coritra
3289 3273 3408 3329 dia-

1827 3355 2030 3412 bolicas
2054 3357 2277 3413 insidias
2304 3374 2401 3429 per
2436 3360 2875 3430 praedicationem
2921 3359 3125 3417 latrare
3154 3376 3261 3417 non
3313 3378 3415 3417 νει-ι

1828 3442 2035 3502 lentes?
2078 3447 2305 3515 Idcirco,
2355 3449 2702 3505 dilectissime
2754 3450 2959 3518 frater,
3006 3460 3059 3506 te
3103 3452 3410 3524 diligentius

1614 3570 1661 3613 ,ι
1684 3528 1751 3584 ν·
1828 3536 2053 3592 obsecro
2100 3544 2161 3591 ut
2207 3554 2396 3595 omnes
2443 3540 2512 3594 ad
2553 3548 2701 3594 tuam
2749 3541 3083 3610 pertinentes
3128 3542 3410 3599 diaecesim

1834 3628 1995 3699 198
2022 3630 2186 3685 verba
2223 3631 2346 3687 vitae
2371 3632 2558 3688 audire
2585 3632 2775 3707 facias,
2809 3633 2893 3689 vel
2913 3649 3011 3705 per
3047 3636 3300 3705 teipsum,
3323 3633 3411 3690 vel

1830 3736 1928 3790 per
1969 3727 2088 3776 tuos
2128 3720 2399 3791 adjutores
2422 3725 2789 3796 presbyteros,
2814 3734 2875 3779 ut
2914 3726 3281 3797 subjectorum
3314 3727 3413 3785 tibi

1833 3809 1999 3877 salus,
2030 3819 2121 3866 tua
2151 3813 2222 3867 sit
2250 3812 2419 3884 gloria
2445 3816 2587 3885 apud
2615 3816 2804 3870 Deum.
2831 3815 2888 3871 Si
2919 3818 3041 3887 quis
3075 3832 3228 3884 vero,
3268 3816 3413 3887 quOd

1834 3901 1994 3967 absit,
2031 3911 2282 3973 postea...
2308 3905 2527 3976 sanguis
2551 3905 2668 3975 ejus
2694 3907 2765 3961 sit
2809 3922 2973 3977 super
2995 3916 3159 3977 caput
3203 3924 3360 3979 suum
3391 3926 3407 3963 :

1834 4001 1894 4048 tu
1941 4009 2073 4049 vero
2095 3995 2350 4051 immunis
2383 4011 2415 4049 a
2443 3997 2745 4065 perditione
2771 3997 2912 4052 illius
2964 3988 3282 4062 inveniaris,
3320 3998 3414 4068 qui

1835 4083 2141 4154 praedicasti
2188 4085 2259 4149 ei,
2312 4084 2443 4155 licet
2462 4100 2569 4139 non
2620 4085 2892 4142 obedisset
2917 4086 3030 4140 tibi.
3088 4087 3236 4140 Raro
3270 4087 3419 4143 enim

1837 4181 2025 4242 aperta
2052 4172 2229 4228 fronte
2264 4175 2405 4244 apud
2430 4173 2770 4230 Christianos
2805 4162 3010 4247 pugnat
3040 4176 3293 4246 antiquus
3318 4176 3417 4231 bo-

1837 4262 1938 4316 stis
1971 4280 1983 4315 :
2020 4263 2115 4317 sed
2153 4263 2254 4318 sub
2299 4271 2564 4333 praatextu
2602 4264 2821 4335 pietatis
2866 4280 3073 4321 venena
3125 4265 3418 4323 mortiferae
3470 4306 3473 4307 ν

1838 4355 2194 4428 suggestionis
2239 4355 2492 4412 occultat.
2548 4355 2810 4430 [Auguria
2868 4372 3084 4429 quoque
3123 4365 3180 4414 et
3233 4358 3415 4413 avium

1838 4454 2051 4511 cantus,
2103 4453 2159 4501 et
2185 4447 2606 4502 sternutationes
2652 4454 2709 4502 et
2753 4447 2882 4502 talia
2925 4447 3158 4519 plurima
3197 4448 3417 4513 omnino

1768 4538 1821 4600 ι)
1840 4537 2069 4591 velanda
2102 4544 2248 4603 sunt,
2276 4553 2396 4609 quae
2421 4538 2556 4593 nihl
2585 4538 2783 4604 valent,
2807 4539 2911 4595 nisi
2939 4539 3080 4610 apud
3102 4554 3199 4595 eos
3223 4539 3315 4611 qui
3349 4553 3418 4595 ea

1840 4624 2042 4695 aliquid
2087 4626 2269 4681 valere
2314 4627 2559 4693 credunt,
2616 4635 2677 4681 ut
2709 4628 3005 4682 secundum
3055 4627 3216 4684 fidem
3261 4642 3418 4687 suam

1840 4711 1936 4770 ﬁat
1962 4716 2086 4771 illis.
2132 4717 2464 4773 Permissum
2494 4726 2579 4772 est
2610 4717 2766 4791 enim
2811 4716 3047 4788 maligno
3093 4719 3305 4788 spiritui
3347 4719 3418 4774 ad

1843 4806 2214 4876 deceptionem
2260 4808 2366 4863 ista
2407 4807 2809 4862 observantium
2856 4805 3074 4874 facere,
3122 4815 3184 4862 ut
3214 4808 3421 4879 aliquid

1845 4895 2070 4965 auguria
2097 4910 2238 4966 saepe
2265 4910 2452 4950 verum
2476 4894 2789 4964 praedicent.
2819 4893 2989 4965 Igitur
3015 4901 3071 4948 et
3095 4892 3149 4949 in
3175 4893 3292 4966 lege
3327 4910 3420 4950 ve-
3477 4942 3483 4947 .

1843 4985 1944 5040 teri
1973 4986 2197 5057 auguria
2218 4985 2570 5047 observantes
2596 4991 2766 5039 morte
2779 4984 2957 5054 puniri
2974 4982 3233 5053 jubentur
3256 4982 3421 5055 (Deu-

1841 5092 1935 5136 ter.
1976 5098 2131 5147 xvut,
2173 5081 2260 5147 10,
2312 5078 2422 5151 12),
2454 5087 2514 5134 ιιι
2558 5079 2795 5135 sciamus
2830 5077 2932 5134 sub
2971 5079 3148 5150 gratia
3177 5078 3429 5139 viventes

1841 5175 1985 5244 quali
2020 5189 2179 5244 paena
2216 5173 2479 5244 plectendi
2510 5173 2617 5228 sint
2666 5171 2880 5237 animae,
2928 5172 3022 5241 qui
3053 5167 3173 5226 'boc
3216 5169 3417 5223 malum

1844 5268 1899 5322 in
1917 5267 2302 5322 consuetudine
2324 5265 2562 5338 habent].
2597 5264 2723 5321 Haec
2747 5279 2878 5319 vero
2913 5273 2969 5319 et
2994 5258 3298 5332 hujusmodi
3325 5276 3419 5332 pe-

1849 5366 1960 5412 stes
1996 5356 2152 5426 quasi
2179 5357 2268 5427 pio
2299 5357 2502 5426 pastori
2535 5363 2591 5412 et
2618 5357 2869 5427 prudenti
2917 5348 3126 5410 medico
3171 5354 3421 5409 conven‘t

1849 5455 1945 5513 tibi
1969 5453 2258 5511 commisso
2276 5462 2578 5521 praecavere
2605 5444 2775 5518 gregi,
2795 5446 2871 5500 uti
2900 5442 3023 5499 eum
3049 5444 3103 5500 in
3134 5449 3417 5512 conspectu

1850 5548 2039 5604 :eterni
2069 5544 2269 5615 judicis
2304 5539 2703 5596 immaculatum
2743 5538 3011 5593 adducere
3038 5534 3316 5599 merearis,
3363 5539 3421 5588 et

1850 5660 2037 5701 vocem
2065 5639 2475 5699 desiderabilem
2517 5635 2704 5690 audire
2740 5632 2933 5702 dignus
2956 5629 3239 5685 elliciaris:
3273 5627 3418 5698 Euge

215 5786 238 5814 ³
270 5774 420 5829 Edit.
455 5767 679 5827 Mahill.
710 5767 780 5823 22
808 5766 958 5839 cujus
985 5764 1252 5822 defectum
1281 5763 1332 5818 in
1356 5762 1462 5818 line
1484 5759 1845 5830 supplevimus
1873 5772 1938 5811 ex
1970 5756 2086 5811 cod.
2118 5768 2222 5810 ms.
2247 5748 2439 5807 Salisb.
2461 5746 2636 5818 (Apud
2659 5744 2889 5801 Froben.
2920 5743 3075 5811 epist.
3110 5739 3249 5810 l55).
