4062 6438
666 375 765 434 451

1568 375 1624 430 n.
1666 375 1725 430 ιτ.
1767 374 1992 430 suum
2032 375 2167 435 seu
2199 338 2472 434 ALCUlNl
2523 372 2809 431 ornans!
2847 373 3025 430 psus
3063 375 3102 430 ι.

3808 382 3894 438 Ιῦἓ

666 504 811 544 serve
852 487 979 542 banc
1019 498 1067 541 et
1096 486 1290 557 ﬁdelis,
1328 486 1462 540 intra
1506 486 1559 539 in
1599 486 1849 557 gaudium
1901 489 2112 544 Domini
2160 491 2237 545 tui
2265 493 2313 551 Α
2341 502 2492 553 num,
2521 496 2577 543 et
2602 487 2785 543 omnia
2831 503 3166 558 quaecunque
3212 487 3382 543 facias
3406 504 3662 562 prospera
3690 493 3781 549 tibi
3805 498 3895 555 sint

669 579 1035 654 (Matthcxxv,
1063 577 1176 648 21).

1114 706 1140 734 ι
1171 689 1503 748 EPISTOLA
1540 690 1796 747 CLXXX.

1108 820 1174 859 an
1211 818 1465 867 annuos!
1501 818 1808 857 urtscoruu.

667 917 819 974 Dolet
848 917 914 971 de
939 916 1095 970 amici
1140 914 1485 985 (egritudine;
1528 914 1772 985 hortatur
1810 914 1879 985 ad
1906 919 2234 984 patientiam,

953 987 1022 1040 ad
1052 982 1282 1049 uirtutes,
1314 1002 1376 1038 ac
1414 1000 1595 1040 curam
1623 982 1961 1038 scltolariunt.

680 1132 685 1137 -
734 1097 952 1153 Litteris
978 1103 1172 1152 vestrae
1195 1094 1542 1150 beatitudinis
1572 1095 1814 1166 acceptis
1837 1095 1970 1150 satis
1994 1109 2081 1149 me
2101 1093 2238 1171 laeti;-

663 1190 847 1246 Ilcavit
866 1189 1037 1244 facies
1062 1189 1300 1253 illarum,
1322 1197 1377 1243 et
1395 1203 1585 1242 sensus
1610 1189 1791 1242 omnia
1820 1189 2028 1259 gaudiis
2052 1186 2237 1259 perfu-

662 1282 741 1335 dit
764 1281 996 1345 viscera,
1023 1280 1125 1334 nisi
1155 1288 1363 1333 tantum
1393 1279 1680 1334 infirmitas
1707 1288 1886 1333 vestra
1916 1294 2066 1334 meas
2110 1295 2237 1350 per-

661 1370 905 1425 turbavit
961 1385 1149 1425 venas.
1212 1370 1320 1424 Sed
1368 1370 1524 1440 juxta
1585 1370 1901 1440 Apostolum
1953 1371 2239 1427 inﬁrmitas

659 1463 905 1533 corporis
932 1462 1193 1517 fortitudo
1219 1471 1307 1518 est
1330 1463 1497 1517 animi
1531 1481 1544 1515 :
1576 1464 1807 1533 gaudeat
1836 1463 1999 1527 ﬁlius,
2017 1473 2079 1518 ut
2107 1479 2237 1519 eru-

658 1552 842 1607 diatur
885 1560 1115 1622 apatre.
1159 1551 1367 1606 Aurum
1397 1553 1739 1607 examinatur
1790 1553 1845 1607 in
1896 1552 2152 1619 fornace,
2183 1563 2241 1608 ut

659 1642 845 1712 purior
873 1641 1218 1711 splendescat
1243 1656 1310 1696 ex
1338 1640 1571 1697 flammis
1591 1641 1775 1714 (Prov.
1806 1660 1979 1709 xxvn,
2005 1644 2131 1716 21);
2185 1653 2242 1700 et

658 1735 821 1790 homo
840 1734 892 1793 in
911 1734 1095 1789 dolore
1114 1735 1363 1804 corporis
1385 1736 1727 1805 excoquitur,
1745 1744 1806 1790 ut
1820 1737 2007 1808 purior
2026 1737 2241 1793 exsiliat

2342 577 2409 633 ad
2438 576 2683 633 salutem.
2714 577 2782 632 Et
2803 592 3012 632 memor
3030 578 3134 632 mei
3156 577 3353 645 valeto,
3372 580 3708 636 sanctissime
3733 583 3892 643 Pater.

2759 691 2788 732 δ
2838 690 3175 747 EPISTOLA
3217 691 3495 749 CLXXXI.

2922 772 2943 799 ε’
2983 778 3050 816 ΑΒ
3086 777 3360 825 ουευωιι.

2342 847 2601 923 Hortatur
2649 850 2719 903 ad
2749 850 2990 923 pietatem
3018 892 3034 918 ,
3086 852 3412 923 reliquasque
3464 856 3677 911 virtutes
3715 875 3733 914 :
3776 878 3891 919 com-

2409 920 2620 1002 mendat
2664 937 2845 975 curam
2888 920 3078 977 divina:
3116 920 3292 978 laudis
3318 920 3371 980 in
3401 926 3633 983 ecclesiis
3670 929 3746 985 illi
3778 949 3891 987 cout-

2409 1006 2602 1045 missu.

2409 1064 2542 1134 Pars
2584 1096 2727 1146 mea,
2759 1082 2895 1137 dixit
2937 1083 3197 1140 Dominus
3225 1086 3421 1143 animae
3464 1104 3601 1144 mea:
3631 1089 3801 1159 (Treu.
3824 1111 3889 1160 Ill,

2338 1169 2451 1242 24).
2482 1169 2615 1225 Pars
2636 1186 2774 1235 mea,
2804 1172 2941 1226 dixit
2966 1181 3123 1241 pater
3151 1174 3261 1230 tilio
3279 1191 3398 1241 suo,
3421 1178 3509 1232 cui
3539 1178 3611 1232 sit
3637 1195 3762 1249 pars
3790 1198 3890 1238 cum

2338 1262 2537 1317 sanctis
2556 1263 2610 1316 in
2632 1271 2910 1318 aeternum.
2931 1265 3059 1320 Tum
3078 1267 3428 1324 beatitudinis
3454 1269 3713 1340 perlectis
3730 1272 3891 1330 litteris

2339 1351 2637 1422 gaudebam
2659 1351 2726 1406 de
2750 1360 2853 1407 tute
2876 1354 3255 1425 prosperitatis
3288 1356 3482 1423 salute,
3512 1357 3672 1428 cujus
3690 1377 3890 1432 priscos

2338 1454 2599 1514 quantum
2637 1443 2780 1498 valui
2836 1443 3017 1500 fautor
3054 1443 3163 1511 fui;
3215 1447 3382 1502 etiam
3430 1457 3487 1503 et
3530 1464 3680 1506 nunc
3730 1452 3889 1507 absens

2339 1536 2582 1604 cupidus.
2612 1535 2677 1589 Et
2702 1537 2930 1602 utinam,
2959 1545 3017 1591 ut
3045 1537 3239 1594 litteris
3262 1540 3586 1608 promisisti,
3612 1558 3812 1598 memor
3831 1545 3888 1600 sis

2340 1626 2575 1695 antiqua:
2620 1627 2960 1697 paternitatis
3008 1634 3062 1684 et
3087 1628 3384 1685 dulcedinis
3416 1631 3560 1687 inter
3593 1649 3697 1689 nos
3734 1634 3779 1688 in
3806 1635 3886 1689 Do—

2340 1715 2505 1778 mino,
2535 1715 2624 1786 qui
2654 1732 2868 1786 semper
2896 1733 2994 1773 nos
3020 1718 3074 1774 in
3123 1734 3220 1775 sua
3247 1721 3508 1790 provehat
3531 1721 3814 1789 voluntate,
3846 1734 3888 1780 et

656 1827 837 1882 anirna
864 1828 931 1883 de
957 1827 1229 1899 ergastqu
1257 1828 1494 1882 carceris
1519 1829 1621 1883 sui.
1654 1806 1872 1884 Placeat
1887 1830 1981 1884 tibi
2007 1831 2240 1901 castiga-
2269 1847 2314 1906 Β
2339 1806 2600 1906 proﬁcere
2650 1806 2815 1906 Ῐθθίθί
2855 1807 2910 1862 in
2935 1809 3047 1864 suis
3091 1810 3383 1906 Ψ³¹¹δ³ίί⁵⁰
3434 1810 3703 1868 memores
3736 1813 3886 1877 Sim"

658 1919 733 1974 tio
756 1927 1003 1989 paterna,
1029 1920 1157 1990 quia
1185 1917 1391 1990 ﬂagella
1405 1923 1577 1991 patris
1596 1922 1964 1993 proficiuntad
1978 1923 2230 1979 salutem.

656 2010 818 2067 Pauci
845 2021 970 2065 sunt
992 2013 1108 2068 dies
1152 2012 1354 2068 laboris
1379 2031 1391 2067 :
1422 2022 1478 2069 et
1524 2023 1796 2085 perpetua:
1828 2014 2013 2088 [Forte
2038 2031 2233 2088 perpe-

656 2101 756 2175 tui]
811 2103 1097 2158 mercedis.
1152 2103 1359 2160 Idcirco
1396 2105 1660 2161 instanter
1708 2106 1918 2162 laboret
1962 2107 2143 2178 lingua
2180 2110 2235 2163 in

655 2196 1148 2265 praedicationibus,
1180 2213 1373 2254 manus
1412 2199 1467 2253 in
1498 2198 1874 2270 elecmosynis,
1908 2215 2006 2271 pes
2044 2201 2097 2254 in
2131 2202 2237 2256 cir-

653 2288 861 2344 cnendo
873 2303 1086 2359 gregem
1112 2289 1331 2346 Christi.
1360 2291 1587 2347 Animus
1608 2292 1793 2364 vigilet
1813 2294 1864 2348 in
1877 2294 2232 2361 orationibus,

651 2386 709 2433 et
735 2380 789 2434 in
805 2381 1119 2450 psalmodiis
1141 2383 1420 2449 solidetur,
1442 2392 1499 2438 et
1527 2385 1579 2439 in
1599 2384 1758 2439 laude
1785 2385 1880 2439 Dei
1911 2384 2233 2442 lmtiticetur.

650 2468 805 2536 Quod
826 2486 1041 2541 semper
1069 2473 1175 2527 erit
1195 2482 1417 2529 acturus
1444 2475 1606 2530 homo
1629 2475 1681 2529 in
1712 2476 1885 2541 caelis,
1906 2476 1997 2536 hic
2038 2478 2236 2547 smpius

652 2569 780 2633 agat
822 2563 876 2617 in
905 2565 1088 2619 terris.
1123 2564 1460 2632 Sacri/icium
1514 2565 1688 2621 laudis
1717 2568 2083 2638 honori/ienuit
2129 2585 2232 2633 me,

650 2651 783 2706 dicit
813 2653 954 2707 Deus
1004 2669 1104 2723 per
1150 2652 1500 2726 Prophetam,
1543 2657 1653 2712 illic
1682 2659 1782 2712 iter
1807 2669 1903 2726 est,
1928 2676 2029 2731 quo
2058 2671 2233 2717 osten-

648 2743 772 2797 dam
803 2742 883 2797 illi
928 2743 1163 2801 salutare
1203 2746 1300 2802 Dei
1332 2746 1504 2819 (Paul.
1531 2765 1691 2817 χιιι,
1736 2751 1848 2823 25).
1896 2752 1979 2806 Sit
2020 2753 2234 2808 humili-

648 2842 737 2889 tas
769 2836 822 2889 in
858 2837 1023 2891 corde
1044 2846 1101 2895 et
1125 2839 1181 2892 in
1201 2853 1461 2910 corpore;
1496 2843 1568 2897 sit
1610 2845 1868 2913 patientia
1896 2846 1952 2900 in
1990 2848 2234 2913 moribus

648 2933 709 2981 et
727 2928 1049 2990 verbis;sit
1095 2946 1288 2987 servus
1317 2933 1529 2989 Domini
1579 2934 1794 2993 fervens
1822 2938 1875 2992 in
1923 2948 2131 3006 mente;
2163 2916 2245 3003 sit,

647 3032 751 3089 pax
785 3019 839 3072 in
864 3034 981 3085 ore,
1011 3029 1068 3075 et
1095 3022 1147 3076 in
1175 3025 1339 3079 corde
1368 3026 1646 3094 Charitas;
1685 3037 1741 3082 et
1790 3046 2004 3101 semper
2043 3033 2232 3087 suavia

646 3106 813 3161 verba
850 3109 1182 3164 misceantur
1227 3111 1558 3179 durioribus,
1604 3116 1730 3186 quia
1782 3117 1992 3173 facilius
2036 3120 2231 3175 durum

646 3214 745 3254 cor
768 3209 1061 3270 penetrant
1084 3203 1262 3259 mollia
1290 3206 1455 3260 verba
1486 3224 1649 3277 quam
1680 3225 1887 3265 amara.
1915 3211 1999 3266 Sit
2023 3213 2230 3268 discre-

644 3292 727 3346 tio
764 3292 893 3362 quid
928 3294 1018 3349 cui
1071 3298 1357 3351 conveniat
1383 3301 1635 3369 tempori,
1689 3318 1953 3372 persona,
1983 3306 2129 3359 aetati
2174 3311 2233 3358 et

645 3385 820 3454 aperi.
850 3383 929 3439 Sit
954 3385 1116 3441 lectio
1145 3388 1358 3454 crebra,
1390 3398 1445 3444 et
1458 3389 1664 3459 jejunia
1694 3395 1875 3449 sobria
1903 3404 1958 3450 et
1985 3399 2229 3456 convivia

645 3476 916 3542 modesta,
947 3486 1003 3532 et
1028 3481 1505 3552 honorhospitnm,
1528 3493 1583 3539 et
1616 3487 1885 3542 ordinatio
1909 3505 2226 3560 pauperum,

645 3575 703 3621 et
736 3581 867 3622 cura
899 3568 1134 3635 familiae,
1163 3579 1218 3626 et
1237 3572 1512 3645 diligentia
1542 3577 1593 3630 in
1623 3578 1840 3648 populo.
1864 3579 2002 3646 Quid
2033 3597 2189 3650 agam
2212 3625 2226 3650 ,

645 3668 702 3715 et
731 3661 859 3731 quid
891 3673 975 3719 est
1025 3664 1169 3733 quod
1198 3665 1378 3721 scribo
1402 3708 1417 3730 ,
1448 3668 1550 3723 nisi
1580 3670 1706 3740 quia
1760 3673 2000 3728 charitas
2050 3681 2230 3730 tacere
2256 3710 2270 3723 ρ

643 3750 836 3813 nescit,
859 3759 915 3805 et
943 3752 1212 3822 quoddam
1241 3755 1579 3827 refrigerium
1623 3768 1710 3813 est
1736 3760 1915 3816 verbis
1942 3762 2188 3832 proferre
2210 3802 2239 3831 ρ

644 3839 699 3893 in
729 3855 836 3910 quo
881 3856 1036 3897 mens
1086 3844 1486 3903 inflammatur?
1529 3848 1596 3902 Et
1638 3850 1753 3904 scio
1787 3859 1837 3906 te
1867 3853 2227 3910 rusticitatem

642 3945 820 3987 meam
849 3934 1119 4010 patienter
1139 3935 1303 4003 ferre,
1333 3946 1388 3993 et
1421 3937 1803 3997 familiaritatis
1826 3943 2092 4000 litterulas
2120 3962 2228 4001 non

642 4022 1053 4079 abhorrescere.
1082 4026 1206 4081 Ideo
1230 4042 1335 4081 non
1375 4029 1635 4085 erubesco
1654 4032 1807 4100 prius
1851 4033 1993 4087 dicta
2030 4036 2228 4090 reseri-

639 4111 788 4177 bere,
822 4123 878 4169 et
902 4116 1099 4171 iterare
1124 4133 1244 4186 qum
1285 4127 1410 4173 ante
1437 4119 1631 4176 direxi.
1662 4123 1776 4177 Etsi
1812 4125 2098 4182 immemor
2122 4130 2226 4184 sim

639 4206 769 4275 quid
818 4207 972 4277 prius
1018 4209 1356 4278 scripserim,
1401 4226 1508 4266 non
1553 4220 1733 4268 tamen
1773 4214 2060 4272 immemor
2105 4234 2226 4274 sum

639 4294 925 4349 charitatis
955 4302 1191 4351 aeternae.

709 4386 863 4442 Nunc
896 4387 1058 4442 velim
1090 4397 1141 4444 te
1169 4407 1463 4463 properare
1513 4395 1568 4450 in
1610 4398 1841 4468 patriam
1867 4413 1923 4457 et
1969 4404 2223 4461 ordinare

569 4532 573 4537 ,
635 4492 931 4549 puerorum
978 4480 1260 4549 lectiones,
1294 4486 1416 4554 quis
1445 4492 1853 4557 grammaticam
1882 4496 2073 4563 discat,
2100 4499 2222 4569 quis

635 4568 896 4638 epistolas
921 4578 975 4624 et
998 4585 1196 4641 parvos
1225 4574 1431 4631 libellos
1458 4577 1620 4649 legat,
1647 4583 1769 4652 quis
1798 4594 2040 4641 sanctam
2069 4564 2220 4644 scri-
2255 4564 2301 4624 υ

634 4664 852 4728 pturam
885 4659 1065 4714 sobria
1096 4673 1275 4719 mente
1304 4667 1525 4725 haurire
1567 4671 1759 4743 dignus
1803 4675 1889 4730 sit.
1940 4676 2020 4730 Tu
2068 4694 2219 4745 vero,

634 4755 823 4801 sancte
857 4748 1041 4815 Pater,
1069 4756 1397 4827 evangelicis
1444 4763 1680 4819 maxime
1704 4765 1923 4820 studeas
1976 4767 2221 4824 lectioni-

630 4838 757 4903 bus,
783 4847 840 4893 et
862 4843 1138 4899 canonicis
1160 4856 1470 4904 sanctarum
1500 4850 1904 4925 Scripturarum
1954 4858 2220 4915 inservire

630 4930 1048 5000 eruditionibus,
1080 4938 1207 5007 quia
1240 4949 1292 4996 te
1331 4942 1486 4997 decet
1514 4947 1796 5003 meditatio
1838 4948 2033 5004 divina:
2060 4950 2216 5022 legis,

631 5026 692 5073 ut
717 5019 933 5077 dicatur
966 5025 1032 5082 de
1061 5035 1110 5082 te
1145 5046 1158 5082 :
1199 5029 1265 5084 In
1294 5031 1404 5103 lege
1433 5034 1646 5092 Domini
1684 5040 2022 5094 meditabitur
2044 5019 2137 5096 die
2156 5061 2219 5098 ac

631 5121 775 5167 nocte
809 5112 982 5186 (Psal.
1016 5136 1058 5185 ι,
1088 5120 1166 5192 2),
1198 5133 1259 5178 ut
1308 5124 1517 5182 fructus
1559 5137 1681 5184 tuus
1729 5124 1909 5202 vigeat
1955 5131 2009 5186 in
2058 5143 2219 5190 teter-

648 5314 675 5352 LA
694 5262 1076 5352 A19n9__a_II:ee
1110 5277 1554 5352 epistolaprimo
1588 5296 1731 5336 nunc
1774 5283 1953 5352 prodit
1979 5298 2046 5339 ex
2091 5292 2213 5345 cod.

629 5348 732 5421 ms.
782 5340 980 5419 Salisb.
1011 5340 1301 5421 __Caret_ibi
1347 5340 1725 5421 inscriptione;
1774 5340 1987 5411 hleuini
2036 5340 2217 5415 tamen

629 5418 748 5495 esse
781 5413 893 5478 ipsa
923 5413 1069 5495 styli_
1092 5417 1458 5495 conditio_nos
1487 5413 1737 5495 ignorare
1776 5440 1883 5495 non
1930 5427 2093 5495 sinit;
2147 5413 2217 5487 ad

627 5488 786 5559 quem
818 5495 962 5549 vero,
985 5487 1297 5559 episcopum
1322 5490 1447 5544 data
1488 5487 1670 5555 fuerit,
1716 5494 1862 5549 nullo
1896 5505 2046 5553 certo
2077 5487 2216 5556 indi-

630 5555 724 5636 ciq
741 5555 1043 5636 indolescit.
1076 5555 1513 5636 (Αρίιάῃῐξι·ο[λθη.⁸
1531 5563 1692 5636 epist.
1712 5565 1859 5636 I36.)

662 5616 1200 5762 ρζεὲόὲἓιῖἅὶιιθιῖοὸι.
1240 5629 1310 5684 55
1334 5669 1348 5695 ,
1383 5616 1580 5687 Canis:
1602 5616 1692 5689 5i.
1720 5616 1924 5708 '(dpud
1971 5639 2209 5699 Froben.

626 5698 792 5744 CDlSl.
826 5698 948 5744 157.

662 5759 833 5839 σε.Αά
890 5759 1163 5831 quemdam
1212 5769 1524 5837 episco.um
1581 5784 1751 5842 certe,
1789 5786 1951 5848 atque
1994 5782 2207 5838 Alcuiui

662 5829 964 5896 tscrpulum,
995 5843 1052 5886 ul
1080 5846 1361 5895 contextus
1395 5788 1663 5896 innititur.
1697 5858 1888 5896 m-tnm
1945 5853 2205 5896 ianntnm.

625 5823 964 5896 discipulum,
995 5843 1052 5886 ut
1080 5823 1361 5895 contcitus
1395 5823 1663 5914 loquitur,
1697 5823 1891 5905 cit-tera

2340 1900 2482 1968 quod
2506 1915 2607 1955 nos
2633 1901 2698 1955 de
2723 1909 2961 1957 stercore
2988 1903 3181 1968 erexit,
3206 1912 3261 1958 et
3281 1905 3462 1975 posuit
3487 1905 3630 1961 inter
3652 1907 3889 1977 principes

2334 1989 2517 2061 populi
2562 1991 2645 2045 sui
2695 1986 2875 2063 (Psal.
2909 2008 3050 2058 cxu,
3086 1994 3117 2047 7
3165 2004 3213 2049 rt
3259 1995 3346 2065 8);
3379 2011 3487 2051 non
3528 1998 3731 2054 nostris
3760 2000 3888 2054 meri.

2337 2081 2423 2144 tis,
2452 2080 2547 2136 sed
2586 2097 2681 2136 sua
2723 2084 2955 2153 gratuita
2985 2085 3385 2150 misericordia;
3428 2086 3516 2141 cui
3545 2101 3764 2156 semper
3796 2103 3893 2158 gra-

2336 2170 2440 2228 tias
2483 2187 2705 2242 agamus
2727 2173 2783 2226 in
2806 2174 2952 2228 omni
2982 2176 3091 2229 vita
3121 2185 3325 2242 nostra,
3347 2184 3407 2231 ut
3432 2177 3544 2244 ille,
3594 2179 3685 2249 qui
3711 2178 3889 2235 exalta-

2334 2264 2432 2330 vit,
2462 2266 2628 2320 etiam
2646 2275 2951 2322 conservet.

2405 2355 2604 2411 Omnes
2640 2372 2769 2412 vero
2814 2359 3109 2425 ecclesias,
3168 2376 3340 2431 quas,
3381 2361 3493 2418 Deo
3540 2363 3792 2428 donante,
3837 2362 3889 2417 :d

2335 2446 2625 2517 regendum
2682 2448 3002 2518 accepistis,
3059 2450 3465 2523 diligentissime
3516 2453 3573 2508 in
3617 2454 3709 2509 Dei
3762 2454 3888 2509 laude

2332 2550 2556 2590 exorna.
2604 2536 2724 2591 Sint
2745 2539 2799 2592 in
2833 2539 2914 2595 eis
2940 2540 3215 2596 canonicis
3251 2542 3404 2597 horis
3445 2543 3782 2599 Psalmorum
3803 2558 3925 2597 mev

2333 2626 2508 2693 lodia,
2549 2629 2855 2683 orationum
2902 2630 3183 2696 instantia,
3236 2632 3527 2687 missarum
3564 2632 3814 2689 solemnia
3846 2639 3889 2687 et

2334 2716 2745 2778 intercessiones
2760 2735 2859 2790 pro
2884 2728 2935 2775 te
2963 2722 3175 2791 tuisque
3195 2722 3405 2777 amicis.
3438 2721 3559 2777 Sint
3584 2722 3701 2787 tibi,
3718 2722 3793 2777 fili
3812 2722 3887 2787 mi,

2332 2825 2511 2865 mores
2556 2809 2783 2883 [Canis.,
2817 2812 2913 2866 filii
2958 2812 3217 2887 minores]
3252 2830 3374 2869 cum
3403 2814 3685 2870 honestate
3705 2823 3758 2869 et
3780 2824 3887 2869 tem-

2332 2903 2598 2973 perantia,
2625 2904 3069 2960 vestimentorum
3107 2906 3418 2961 moderatus
3443 2906 3642 2971 cultus,
3670 2905 3888 2962 convivia

2333 2988 2439 3047 non
2468 2993 2520 3046 in
2550 2993 2760 3048 luxuria
2783 3002 2837 3049 et
2869 2995 3153 3061 ebrietate,
3195 2996 3290 3051 sed
3314 2996 3369 3050 in
3393 2995 3685 3051 sobrietate
3707 3004 3759 3051 et
3784 3010 3888 3051 con-

2332 3084 2578 3154 gruentia
2617 3085 2951 3154 temporibus
2978 3093 3032 3140 ct
3080 3086 3344 3155 personis.
3391 3086 3603 3157 Ubique
3636 3088 3727 3143 Dei
3754 3087 3888 3141 timo-

2255 3195 2303 3259 ο
2334 3190 2450 3229 rem
2488 3183 2612 3229 ante
2633 3175 2820 3231 oculos
2853 3177 3074 3232 habeas.
3106 3177 3391 3234 Ilumilitas
3425 3188 3476 3234 te
3503 3180 3719 3244 exaltet,
3748 3189 3801 3234 et
3816 3193 3887 3234 ve-

2333 3267 2467 3322 ritas
2501 3269 2871 3326 honorabilem
2910 3270 3092 3337 faciat,
3126 3281 3181 3328 et
3200 3273 3573 3329 misericordia
3610 3273 3883 3329 amabilem.

2333 3356 2416 3411 Sit
2447 3365 2538 3412 tua
2581 3374 2775 3416 manus
2832 3361 3164 3430 pauperibus
3211 3362 3377 3433 larga,
3424 3363 3615 3419 amicis
3662 3363 3882 3434 benigna.

2330 3447 2460 3503 Esto
2479 3448 2651 3506 fidelis
2678 3451 3017 3521 dispensator
3043 3454 3226 3508 domui
3250 3455 3364 3509 Dei.
3384 3455 3513 3510 Esto
3533 3456 3704 3511 forma
3725 3456 3883 3512 salutis

2330 3540 2580 3596 omnibus
2602 3550 2779 3597 tecum
2801 3543 3167 3599 habitantibus
3188 3544 3236 3617 (Ι
3271 3544 3502 3600 Thessal.
3535 3563 3577 3612 ι,
3606 3546 3682 3619 7).
3706 3547 3766 3601 Et
3782 3545 3884 3615 quia

2330 3633 2473 3688 Deus
2502 3643 2555 3689 te
2575 3634 2779 3690 honore
2807 3636 3039 3691 nobilem
3083 3635 3232 3703 fecit,
3260 3646 3379 3693 esto
3408 3653 3623 3709 quoque
3665 3649 3721 3694 et
3752 3638 3884 3692 mori-

2329 3725 2431 3778 bus
2453 3724 2669 3781 nobilis.
2684 3725 2889 3782 Luceat
2905 3720 2999 3781 lux
3025 3736 3131 3783 tuae
3160 3729 3418 3784 bonitatis
3441 3746 3626 3785 coram
3646 3729 3880 3786 omnibus.

2328 3814 2674 3871 Gloriﬁcetur
2713 3818 2766 3872 in
2809 3825 2864 3873 te
2890 3817 3053 3874 Pater
3075 3820 3335 3895 caelestis,
3364 3822 3454 3891 qui
3480 3830 3531 3876 te
3560 3823 3615 3877 in
3652 3823 3749 3878 hac
3774 3837 3884 3892 pne-

2329 3910 2470 3963 senti
2516 3910 2628 3964 vita
2660 3911 2952 3977 custodiat,
2994 3922 3048 3966 et
3079 3913 3132 3966 in
3186 3912 3368 3969 futura
3406 3913 3519 3970 vita
3568 3914 3782 3983 gloriam
3808 3912 3881 3967 tibi

2329 4014 2452 4054 cum
2500 4003 2703 4057 sanctis
2728 4003 2988 4058 concedat
3014 4011 3293 4059 aeternam.

2399 4112 2531 4169 Pars
2559 4130 2698 4181 mea,
2735 4132 2884 4186 pars,
2923 4117 3137 4185 valeas;
3168 4132 3381 4190 semper
3400 4120 3472 4177 sit
3492 4136 3622 4191 pars
3651 4129 3735 4175 tua
3752 4117 3881 4173 Chri-

3661 4214 3681 4287 [
3695 4222 3816 4269 stus.

2471 4298 2601 4354 Esto
2629 4315 2837 4355 memor
2864 4309 3056 4371 patris,
3078 4318 3224 4373 pars,
3258 4319 3471 4375 precor,
3494 4305 3640 4361 alma
3668 4307 3762 4360 tui.

2736 4410 2761 4451 ἀ
2801 4413 3137 4470 EPISTULA
3184 4415 3486 4474 CLXXXII.

2647 4518 2716 4558 AD
2761 4519 3110 4561 HECHSTA‘NUI
3161 4523 3562 4566 PBESBYTERUII.

2328 4613 2589 4669 Hortatur
2616 4618 2686 4670 ad
2709 4619 2919 4673 virtutes
2957 4635 2975 4673 :
3003 4631 3049 4674 et
3079 4623 3403 4697 orationibus
3441 4625 3730 4681 amicorum
3766 4624 3879 4697 cupit

2872 4706 2928 4743 se
2978 4692 3355 4748 commendari.

2332 4810 2335 4813 η
2390 4776 2525 4831 Filio
2555 4791 2675 4832 meo
2705 4778 3024 4836 charissima
3051 4793 3075 4820 ο
3102 4781 3380 4852 Altapetra
3403 4784 3630 4842 Albinus
3661 4787 3880 4843 salutem.

2396 4867 2613 4922 Utinam
2635 4868 2791 4937 juxta
2816 4886 3011 4928 nomen
3038 4881 3188 4929 tuum
3221 4875 3315 4930 fiat
3354 4892 3567 4934 merces
3597 4888 3686 4935 tua
3710 4879 3809 4935 alta
3843 4886 3886 4929 et

2319 4952 2493 5012 llrma.
2529 4958 2641 5015 IIoc
2687 4975 2838 5025 vero,
2868 4970 2948 5029 ut,
2979 4963 3091 5019 Deo
3120 4965 3387 5033 donante,
3422 4967 3561 5035 .ﬁat,
3603 4969 3782 5025 labora
3818 4968 3885 5023 in-

2317 5055 2558 5115 stanter;
2589 5065 2770 5119 curre,
2794 5052 2923 5108 dum
2970 5055 3144 5111 lucem
3172 5056 3370 5125 habes;
3409 5060 3644 5117 ascende
3673 5058 3888 5132 quotidie

2318 5151 2415 5207 per
2441 5137 2682 5210 singulos
2727 5142 2926 5211 gradus
2948 5143 3232 5211 virtutum,
3260 5153 3321 5201 ut
3348 5146 3414 5202 de
3458 5156 3510 5203 te
3539 5148 3647 5204 dici
3695 5150 3885 5220 possit:

2388 5291 2413 5331 ἀ
2445 5292 2588 5349 Edit.
2629 5292 2882 5361 Quercet.
2913 5296 3002 5362 45,
3024 5295 3207 5353 Canis.
3250 5299 3321 5355 36
3370 5300 3562 5356 collata
3592 5318 3717 5359 cum
3745 5298 3885 5357 codd.

2319 5378 2455 5446 mss.
2486 5362 2686 5446 Satist).
2731 5375 2787 5422 et
2813 5368 2988 5424 sancti
3039 5368 3387 5425 Emmerami.
3428 5373 3619 5443 (Apud
3670 5372 3886 5429 Froben.

2797 5525 2817 5558 ‹
2863 5508 3114 5596 Iliep‘e‘rio,
3155 5510 3540 5596 ait_Canisius,
3566 5517 3622 5568 in
3645 5512 3888 5596 divisione

2315 5574 2576 5631 Ludovici
2596 5574 2677 5653 Let
2725 5577 2903 5653 Caroli
2929 5574 3127 5653 :Altum
3175 5591 3374 5653 petram
3424 5574 3621 5639 nomen
3654 5584 3753 5639 loci
3780 5585 3887 5652 post

2317 5654 2565 5703 sanctum
2596 5646 2791 5702 Ursum
2838 5651 2891 5703 in
2923 5646 3185 5707 Saledoro
3224 5660 3281 5707 et
3303 5651 3722 5710 Grandivallem.
3755 5646 3886 5706 {Ast

2316 5717 2407 5772 hic
2434 5733 2629 5788 nomen
2653 5719 2926 5788 proprium
2950 5729 3033 5775 est
3052 5738 3169 5788 non
3194 5722 3316 5788 loci,
3345 5725 3437 5778 sed
3453 5723 3688 5781 hominis
3714 5722 3886 5778 Latine

2316 5782 2586 5857 redditum
2615 5782 2825 5857 [quod
2876 5782 3149 5847 IiICOIIISCG
3204 5782 3359 5847 sonat
3432 5793 3756 5850 Herhstanus
3799 5804 3887 5848 seu

2322 5855 2718 5923 Hec/tstaiuum,
2751 5858 2888 5914 forte
2929 5859 3299 5917 llocltensteiu.
