4062 6432
203 345 291 419 ἰδ’

1572 359 1945 419 EPISTULAZ.

3315 368 3421 425 454

173 477 313 533 Ibunt
334 469 497 526 sancti
527 458 590 523 de
619 460 803 537 uirtute
834 462 911 523 in'
937 469 1198 533 virtutem,
1229 477 1289 522 ut
1311 468 1455 538 quod
1480 469 1730 538 sequitur
1762 471 1805 530 Α
1837 486 2044 527 memor
2070 483 2189 529 esto
2216 463 2320 531 mei
2362 486 2420 531 ct
2451 464 2524 531 tui
2553 475 2606 530 in
2634 475 2994 541 orationibus,
3021 485 3084 532 ut
3117 478 3296 533 divina
3324 496 3425 537 nos

171 565 273 623 ﬁeri
307 561 471 633 possit
520 560 641 625 hoc,
673 567 789 614 uta
817 566 872 614 te
916 560 1152 614 videatur
1208 557 1348 613 Deus
1398 559 1627 612 Deorum
1677 560 1735 612 in

173 657 291 713 Sion
334 650 507 723 (Psal.
535 666 763 715 Lxxxnt,
813 648 892 719 8).
948 647 1158 718 Vigiliis
1191 657 1246 704 et
1279 648 1617 720 orationibus
1655 647 1737 701 in-

169 753 261 809 sta,
277 742 522 797 castitate
542 749 596 794 et
614 740 939 804 humilitate,
963 739 1252 795 dilectione
1277 738 1371 794 Dei
1398 748 1453 793 et
1478 737 1733 808 proximi,

169 843 218 891 et
238 834 463 888 aliorum
504 832 881 886 mandatorum
908 829 1287 884 observatione
1327 828 1553 898 tcipsum
1585 842 1738 882 exor-

167 942 247 983 na.
274 924 402 991 Quae
445 932 623 978 tamen
667 923 849 977 omnia
895 922 964 977 ad
1014 922 1294 977 charitatis
1340 922 1738 975 ﬁrmamentum

167 1018 466 1089 respicient,
493 1017 546 1073 in
570 1031 674 1086 qua
702 1025 812 1069 tota
841 1014 925 1069 lea:
948 1014 1135 1084 pendet
1155 1023 1203 1067 et
1236 1014 1499 1085 propheta!
1521 1010 1734 1084 (Manli.

166 1125 287 1173 xm,
336 1107 454 1178 40).
486 1105 545 1161 Si
597 1105 835 1160 nondum
885 1104 1062 1159 adhuc
1114 1105 1286 1168 annis,
1327 1104 1518 1158 ordine
1558 1111 1738 1157 tamen

164 1199 290 1253 sacri
329 1197 618 1253 ministerii
649 1196 831 1269 [Can.,
862 1212 1018 1253 sacro
1044 1196 1369 1269 ministerio]
1397 1196 1583 1252 senior
1618 1210 1739 1251 esse

163 1288 378 1359 coepisti.
410 1288 548 1343 Nam
568 1288 869 1359 presbyter,
896 1289 1071 1342 senior
1098 1287 1152 1341 in
1197 1287 1385 1341 Latina
1417 1287 1748 1357 interpretii.

161 1388 241 1433 tur
262 1379 448 1450 lingua
481 1397 494 1433 :
526 1387 586 1433 ut
613 1379 902 1449 signiﬁcet,
937 1378 1177 1433 moribus
1197 1394 1315 1433 esse
1336 1379 1534 1433 debere
1560 1393 1735 1442 senes,

161 1471 459 1526 constantia
499 1468 787 1541 perfectos,
818 1470 1187 1538 pradicatiuni
1232 1470 1385 1524 verbi
1435 1470 1530 1524 Dei
1565 1469 1742 1523 inten-

159 1572 255 1630 tos,
280 1566 355 1618 ita
377 1571 442 1618 ut
467 1578 560 1618 ore
587 1563 845 1633 impleant
883 1563 1026 1632 quod
1057 1577 1152 1617 ore
1183 1564 1430 1618 doceant.

219 1656 380 1727 200
408 1655 491 1710 Tu
514 1670 644 1711 vero
684 1655 758 1709 ﬁli
799 1656 1140 1721 charissime,
1170 1654 1454 1727 vigilanter
1478 1655 1574 1709 tibi
1599 1667 1739 1725 prata

155 1761 277 1816 para
302 1746 465 1800 bonis
493 1747 701 1801 meritis
728 1745 945 1800 domum
963 1754 1284 1816 perpetuam
1301 1746 1354 1799 in
1383 1745 1551 1801 ctelis.
1586 1744 1740 1799 Modo

1834 564 2119 621 clementia
2164 576 2426 639 perpetuo
2474 583 2700 625 munere
2761 569 2814 623 in
2870 567 3045 625 salute
3093 573 3424 641 sempiterna

1834 670 2160 714 Conservam
2185 659 2451 731 dignetur.
2481 659 2611 716 Vale
2631 700 2644 722 ,
2675 660 2792 715 vale
2820 658 2894 714 ﬁli
2921 661 2973 715 in
3003 670 3287 716 mternum.

1890 761 1893 764 ’
2244 781 2266 809 ε
2319 758 2653 826 EPISTOLA
2694 769 3016 825 CLXXXIII.

1940 900 1946 910 ι
1991 854 2057 893 Αἰ)
2085 855 2303 895 IIONNAII
2330 856 2711 895 ιιιιεειιῖτειιυιι
2739 857 2807 896 ΕΤ
2834 857 3085 896 FRATREM
3116 856 3256 897 EJUS.

1839 927 2099 984 Hortatur
2146 932 2215 985 ad
2260 932 2441 986 saeculi
2495 941 2873 1004 contemptum,
2922 932 2993 986 ad
3047 933 3421 987 humilitatem.

1908 1020 2281 1077 Dilectissimis
2309 1023 2363 1077 in
2392 1021 2610 1079 Christo
2640 1024 2829 1079 amicis
2858 1023 3014 1079 fratri
3047 1033 3103 1079 et
3125 1023 3235 1079 ﬁlio
3264 1024 3289 1063 ά
3318 1025 3433 1079 Αιιο

1839 1110 2034 1179 tbropo
2060 1118 2117 1164 et
2136 1109 2423 1166 Stratoclei
2459 1113 2677 1168 humilis
2702 1113 2863 1167 levita
2890 1113 3149 1170 Alcuinus
3177 1115 3441 1170 salutem:

1909 1202 2059 1258 Solet
2101 1206 2341 1261 charitas
2391 1206 2581 1261 litteris
2611 1207 2883 1277 appellare
2908 1223 3044 1278 quos
3093 1207 3264 1264 oculis
3313 1222 3433 1263 eer-

1839 1308 1970 1349 nere
2010 1310 2117 1348 non
2145 1295 2289 1351 valet
2313 1314 2325 1349 :
2351 1297 2477 1367 quia
2522 1298 2707 1366 apices
2735 1298 3051 1352 chartarum
3080 1297 3282 1351 amoris
3314 1311 3433 1351 ma—

1840 1386 2172 1457 gnitudinem
2194 1389 2500 1459 exprimere
2524 1396 2812 1454 conantur,
2843 1396 2902 1442 ut
2925 1388 3096 1443 oculis
3136 1388 3350 1458 legatur
3377 1387 3432 1441 in

1841 1476 2064 1547 syllabis
2106 1478 2250 1547 quod
2298 1478 2468 1532 videri
2499 1492 2605 1532 non
2643 1485 2821 1547 potest
2854 1477 2908 1530 in
2961 1476 3251 1530 mentibus.
3306 1475 3433 1529 Ideo

1840 1576 2057 1632 vestrm,
2096 1568 2422 1633 cbarissimi,
2464 1583 2672 1622 memor
2700 1566 3074 1638 germanitatis
3096 1566 3237 1619 hanc
3275 1565 3435 1619 char-

1844 1664 1955 1710 tam
1979 1656 2130 1711 vobis
2146 1657 2199 1710 in
2227 1671 2512 1711 commune
2533 1646 2727 1721 direxi,
2742 1655 3150 1726 utcognoscatis
3172 1661 3434 1724 quantam

1842 1761 1942 1817 pro
1975 1746 2129 1801 vobis
2160 1747 2332 1802 habeo
2375 1744 2809 1811 sollicitudinem,
2842 1761 3007 1815 quam
3035 1760 3137 1801 nec
3165 1753 3436 1800 terrarum

154 1844 231 1891 est
258 1844 473 1907 tempus
499 1835 778 1891 laboranzii
805 1845 857 1890 et
883 1836 1230 1906 promerendi
1260 1836 1431 1891 Deum
1459 1846 1619 1891 :tunc
1641 1835 1746 1889 erit
1781 1824 1820 1881 Β
1848 1836 2230 1910 longinquitas,
2260 1853 2361 1893 nec
2407 1846 2711 1908 temporum
2742 1838 3068 1892 diuturnitas
3116 1836 3297 1893 delere
3341 1851 3437 1889 va-

155 1934 360 1996 tempus
408 1925 727 1995 judicandi,
770 1935 827 1981 et
874 1942 973 1998 pro
1017 1926 1172 1982 bonis
1226 1927 1478 1997 operibus
1530 1924 1745 1981 vivendi

154 2017 350 2083 Deum;
384 2018 513 2088 quia
553 2026 677 2074 tunc
695 2016 1027 2087 judicabitur
1053 2019 1423 2089 unusquisque
1449 2018 1745 2073 secundum

152 2123 311 2180 opera
346 2124 450 2164 sua
478 2109 822 2183 (Matt/mm,
846 2111 958 2179 27).
979 2109 1096 2165 Non
1122 2111 1215 2166 tibi
1239 2113 1311 2166 sit
1337 2112 1516 2166 szeculi
1546 2127 1744 2183 pompa

151 2201 368 2256 suavior
403 2216 565 2272 quam
611 2200 759 2256 salus
783 2209 1018 2267 aeterna;
1051 2215 1151 2255 nec
1180 2201 1465 2256 delectatio
1511 2200 1743 2274 [Canis.,

149 2289 394 2364 dilectio]
418 2290 657 2346 carnalis
681 2291 890 2346 dulcior
917 2307 1079 2360 quam
1126 2291 1344 2346 dilectio
1368 2292 1481 2346 Dei.
1526 2293 1625 2359 Qui
1659 2293 1748 2346 hic

145 2377 313 2434 Deum
373 2380 578 2451 diligit,
627 2380 698 2433 ibi
748 2396 871 2433 cum
904 2381 1013 2433 Deo
1060 2380 1226 2433 etiam
1272 2379 1544 2433 laetabitur
1589 2379 1743 2452 [εστι.

144 2468 286 2537 Sal.,
314 2486 445 2526 cum
475 2472 585 2525 Deo
606 2486 725 2526 esse
754 2471 1008 2544 lauetur].
1034 2471 1206 2538 Quam
1227 2471 1468 2540 jucunda
1492 2480 1575 2526 est
1613 2473 1746 2528 bea-

143 2565 322 2620 titudo
352 2574 559 2620 acterna
593 2585 605 2619 :
659 2574 713 2620 et
740 2581 902 2636 quam
956 2568 1157 2622 misera
1206 2566 1437 2636 perditio
1467 2566 1749 2636 sempiter-

145 2659 241 2713 na!
275 2658 462 2728 qualis
489 2660 541 2713 in
563 2660 673 2713 vita
701 2658 879 2713 futura
908 2659 1026 2714 ﬁeri
1046 2660 1199 2726 velis,
1232 2659 1394 2714 talem
1418 2668 1471 2714 te
1500 2675 1747 2730 praepara

147 2752 196 2806 in
222 2751 506 2822 prtesenti.
543 2751 699 2806 Parvi
738 2755 996 2823 temporis
1041 2755 1236 2823 hospes
1289 2752 1605 2825 perpetuam
1654 2754 1746 2809 tibi

147 2857 467 2914 promerere
513 2842 741 2915 [Canis.,
775 2845 1126 2918 promercris]
1159 2848 1517 2902 mansionem.
1576 2846 1747 2902 Hodie

152 2934 410 3005 teeogita
450 2949 574 2990 cras
621 2950 744 2991 esse
794 2937 1136 2991 moriturum.
1184 2937 1372 2994 Omnis
1424 2938 1540 2992 dies
1589 2938 1746 3009 quasi

152 3024 370 3080 ultimus
402 3032 486 3079 est
511 3024 810 3080 habendus.
843 3025 968 3081 Ideo
993 3040 1210 3097 semper
1246 3028 1408 3082 homo
1438 3028 1599 3083 debet
1622 3043 1744 3082 csse
1774 3014 1783 3021 ’

153 3124 401 3185 paratus,
434 3124 495 3171 ut
518 3130 839 3187 quacunque
884 3116 970 3171 die
991 3114 1156 3185 judex
1198 3118 1495 3188 pulsaverit
1521 3119 1739 3183 ostium,

155 3210 433 3280 aperiatur
460 3209 511 3263 ei
553 3223 676 3264 cum
724 3207 909 3263 ltetitia
943 3208 1095 3281 (Luc.
1144 3225 1267 3275 xu,
1316 3208 1429 3281 56).
1478 3209 1743 3280 Rapietur

155 3310 177 3338 ι
199 3299 265 3354 ad
287 3296 565 3367 judicium
593 3299 797 3363 anima,
829 3299 956 3354 dum
1004 3300 1232 3356 ducetur
1257 3300 1324 3355 de
1355 3315 1603 3372 corpore.

220 3388 358 3457 Quid
413 3397 540 3444 tunc
580 3390 837 3454 ebrietas,
889 3391 1016 3461 quid
1049 3400 1175 3447 tunc
1221 3391 1435 3447 luxuria
1483 3392 1741 3459 carnalis,

156 3483 283 3554 quid
316 3497 519 3554 pompa
563 3483 1031 3548 vestimentorum,
1062 3484 1190 3552 quid
1212 3483 1442 3539 annulus
1467 3483 1522 3538 iu
1551 3484 1740 3553 digito,

159 3571 287 3640 quid
313 3587 503 3626 aurum
530 3572 584 3627 in
614 3572 867 3627 saecula?
896 3572 1056 3627 Dives
1080 3574 1311 3627 moritur
1331 3573 1584 3628 similiter
1605 3574 1745 3628 sicut

156 3668 209 3715 et
230 3676 463 3733 pauper,
491 3670 542 3715 et
569 3678 674 3716 una
721 3670 804 3717 est
854 3662 1136 3717 amborum
1166 3663 1402 3718 conditio
1423 3703 1437 3727 ,
1468 3663 1571 3719 nisi
1606 3662 1743 3718 forte

159 3755 269 3825 quis
302 3753 501 3809 melior
527 3754 697 3809 altern
721 3755 830 3809 ﬁat.
863 3757 1039 3811 Bonus
1080 3756 1134 3811 in
1178 3758 1345 3811 vitam
1374 3757 1523 3812 vadit
1548 3758 1744 3828 sempi-

164 3853 361 3900 ternam
393 3885 410 3909 ,
461 3846 655 3916 impius
721 3847 1001 3901 tormentis
1049 3847 1282 3902 traditur
1329 3848 1565 3902 aaternis.
1610 3849 1743 3904 Esto

164 3935 292 3991 ﬁlius
316 3938 451 3991 vita:
477 3946 531 3990 et
558 3952 664 3991 non
696 3938 906 3993 mortis.
928 3927 1058 3993 Esto
1080 3939 1254 3994 haeres
1281 3939 1401 3995 θαέιί
1427 3955 1552 3995 cum
1587 3938 1744 3997 Chri-

165 4034 258 4090 sto,
286 4042 403 4081 non
427 4041 550 4081 esca
590 4027 792 4098 ignium
812 4043 933 4082 cum
959 4028 1190 4083 diabolo.
1219 4029 1324 4084 Per
1351 4030 1588 4101 singulos
1625 4031 1741 4085 dies

165 4132 369 4189 semper
418 4132 539 4171 esse
570 4117 761 4172 melior
803 4117 1038 4184 studeto,
1083 4127 1143 4172 ut
1195 4134 1410 4189 semper
1452 4134 1575 4174 cum
1632 4120 1743 4176 Deo

166 4220 275 4263 esse
318 4207 610 4263 merearis.
659 4207 844 4262 Saluta
885 4223 1005 4263 meo
1034 4209 1249 4264 nomine
1274 4210 1301 4249 δ
1332 4210 1504 4264 Sacen
1542 4218 1599 4264 et
1642 4211 1744 4265 Be-

167 4301 295 4369 gnod
351 4301 458 4355 Dei
518 4300 778 4366 famulos,
842 4303 1044 4357 amicos
1114 4312 1327 4358 nostros
1352 4344 1367 4369 ,
1425 4303 1561 4359 ﬁlios
1620 4306 1745 4360 vitae

168 4398 391 4447 aeternae.
431 4391 581 4463 Roga
634 4391 798 4464 [Can.
827 4434 842 4459 ,
888 4391 1059 4465 Rogo]
1105 4408 1200 4448 eos
1253 4394 1425 4448 nostri
1466 4409 1585 4450 esse
1630 4411 1745 4451 me-

1844 1928 1963 1995 luit,
1995 1945 2101 2000 quo
2129 1931 2309 1985 minus
2348 1931 2690 2002 admoneam,
2738 1944 2873 1999 quos
2924 1930 3095 1999 magis
3121 1929 3278 1997 201
3311 1926 3437 1981 dili-

1844 2034 2002 2090 gam;
2044 2020 2362 2075 desiderans
2389 2021 2579 2075 salutis
2621 2028 2819 2075 vestra:
2846 2020 3263 2090 prosperitatem
3300 2017 3436 2072 etin

1847 2111 1956 2165 Deo
1999 2111 2221 2165 credere
2251 2118 2306 2165 et
2341 2111 2397 2165 in
2443 2111 2641 2165 saeculo
2687 2110 2848 2164 scire.
2886 2108 2953 2163 Ut
3001 2116 3290 2177 utrumque
3319 2105 3437 2170 ﬁat,

1844 2217 2010 2255 unum
2040 2209 2123 2255 est
2152 2200 2495 2266 studendum,
2527 2201 2580 2255 id
2628 2209 2732 2265 est,
2764 2200 2875 2253 Deo
2912 2197 3258 2268 placendum.
3291 2196 3439 2250 Prm-

1845 2292 1974 2346 terit
2000 2293 2260 2361 quidquid
2290 2301 2504 2346 amatur
2524 2292 2577 2347 in
2609 2292 2832 2356 mundo,
2860 2299 2917 2344 et
2946 2281 3119 2344 solum
3154 2294 3442 2358 permanet

1846 2384 2104 2453 quidquid
2129 2384 2306 2453 agitur
2332 2385 2387 2438 in
2412 2384 2544 2438 Deo.
2576 2383 2700 2439 Ideo
2728 2381 3047 2451 temporalia
3089 2394 3197 2434 non
3225 2379 3443 2433 tardent

1848 2477 1950 2533 iter
1979 2478 2048 2531 ad
2088 2487 2293 2533 aeterna
2325 2478 2681 2541 tendentium,
2725 2476 2939 2531 dicente
2963 2472 3225 2543 discipulo
3273 2485 3437 2540 quem

1847 2570 2103 2641 diligebat
2144 2568 2341 2624 lesus:
2371 2569 2551 2623 Nolite
2589 2568 2808 2639 diligere
2834 2584 2918 2631 ea,
2961 2581 3078 2636 quae
3124 2565 3181 2618 in
3231 2562 3430 2617 mundo

1846 2670 1967 2715 sunt
2013 2646 2066 2732 (1
2095 2659 2254 2714 Joan.
2307 2677 2383 2725 ιι,
2437 2650 2559 2731 lii).
2610 2657 2862 2728 Nunquid
2916 2672 2983 2730 es
3034 2655 3226 2709 umbra
3278 2653 3437 2723 panis

1846 2752 2092 2806 esuriens
2119 2766 2180 2806 se
2227 2759 2478 2806 saturare
2502 2750 2734 2821 poterit?
2771 2748 3085 2804 Umbratica
3132 2756 3217 2801 est
3254 2743 3439 2799 saeculi

1848 2844 2096 2907 felicitas,
2143 2858 2272 2897 vera
2325 2841 2695 2897 tantummodo
2737 2840 2793 2894 in
2836 2839 3019 2892 luturo
3066 2841 3435 2905 exspectatur.

1918 2934 2093 2988 Nolite
2124 2932 2353 2987 vinculis
2384 2932 2563 2987 saeculi
2608 2930 2802 2995 teneri,
2847 2944 2948 2983 nec
2996 2926 3206 2996 laqueis
3236 2924 3438 2980 diaboli

1846 3023 2022 3094 ligari.
2052 3023 2118 3076 Et
2140 3021 2349 3077 vincula
2370 3036 2490 3091 qua:
2515 3036 2612 3091 per
2652 3018 3046 3074 confessionem
3074 3026 3128 3070 et
3169 3014 3442 3086 paeniten-

1791 3171 1812 3192 ε
1846 3115 1975 3168 tiam
2002 3113 2345 3183 precidistis,
2380 3112 2546 3167 nolite
2584 3111 2902 3175 reformare,
2938 3118 2999 3163 ut
3022 3108 3222 3164 liberas
3248 3121 3441 3161 manus

1847 3206 2073 3262 valeatis
2099 3205 2341 3261 relevare
2362 3204 2429 3260 ad
2454 3204 2646 3270 Deum,
2675 3212 2731 3258 et
2772 3218 2907 3274 puro
2964 3202 3126 3257 corde
3159 3197 3440 3269 deprecari

1848 3313 2008 3369 quem
2036 3307 2151 3353 toto
2177 3296 2340 3352 corde
2369 3312 2552 3352 amare
2582 3296 2809 3351 debetis.
2854 3294 3064 3365 Vigilia:
3085 3301 3142 3348 et
3165 3292 3442 3347 orationes

1848 3393 1958 3447 sint
1979 3392 2209 3447 assiduae
2233 3391 2406 3445 vobis.
2435 3390 2631 3444 Beatus
2652 3405 2829 3444 seruus
2858 3387 2966 3454 ille,
2996 3403 3171 3458 quem,
3208 3400 3327 3439 cum
3357 3401 3443 3439 ue-

1849 3484 1982 3537 nerit
2027 3482 2306 3547 Dominus,
2354 3482 2608 3535 invenerit
2644 3480 2943 3551 vigilantem
2988 3478 3141 3551 (Luc.
3194 3493 3294 3543 xu,
3321 3476 3437 3548 37).

1848 3576 2187 3649 Vigilaudum
2217 3576 2375 3631 estin
2416 3576 2572 3630 bonis
2595 3575 2872 3645 operibus,
2906 3589 3013 3629 non
3063 3572 3438 3629 dormiendum

1848 3669 1903 3724 in
1933 3667 2384 3724 delectationibus
2410 3666 2738 3722 carnalibus.
2764 3666 3093 3721 Ebrietatem
3124 3664 3278 3735 quasi
3319 3679 3442 3735 per-

1847 3759 2068 3815 ditionis
2092 3758 2305 3814 foveam
2333 3757 2517 3829 fugite,
2542 3759 2663 3826 quia
2683 3757 2838 3827 juxta
2860 3757 3217 3826 Prophetam:
3246 3755 3439 3810 Vinum

1844 3859 1893 3905 et
1913 3851 2135 3905 ebrietas
2154 3850 2327 3919 aufert
2350 3865 2443 3903 cor
2459 3849 2633 3920 (Osca:
2655 3864 2729 3915 ιν,
2753 3849 2865 3920 Η).
2893 3848 3126 3918 Pompas
3147 3847 3441 3902 vestimen-

1847 3951 2025 3998 torum
2058 3958 2162 3997 non
2189 3942 2488 3997 sectemini.
2517 3941 2712 3995 Beatus
2740 3941 2918 4005 homo,
2943 3943 3031 4009 qui
3076 3955 3179 3993 non
3227 3938 3436 4008 respicit

1845 4036 1902 4088 in
1927 4037 2180 4089 vanitates
2214 4043 2263 4087 et
2313 4032 2742 4103 insanias'falsas
2773 4032 2947 4103 (Psal.
2986 4048 3172 4095 xxxnx,
3216 4031 3293 4100 5).
3327 4029 3436 4085 Me-

1846 4125 1950 4181 lius
1977 4134 2063 4180 est
2107 4126 2343 4179 animam
2366 4139 2563 4179 ornare
2589 4140 2708 4193 qum
2728 4131 3031 4192 permanet,
3058 4136 3219 4191 quam
3241 4135 3438 4190 corpus

1844 4218 2214 4281 vestimentis,
2260 4218 2403 4286 quod
2451 4217 2713 4287 putrescit
2758 4216 2812 4270 in
2863 4215 3169 4287 pulverem,
3224 4214 3438 4269 dicente

1847 4310 2078 4381 quodam
2124 4308 2442 4378 philosopho
2483 4322 2497 4362 :
2545 4325 2565 4358 ι
2608 4306 2912 4362 Ridiculum
2961 4314 3045 4361 est
3087 4305 3140 4360 in
3198 4304 3437 4358 vanitate

1846 4399 2060 4457 laudem
2103 4414 2375 4471 quaerere;
2414 4420 2433 4452 ι
2464 4400 2650 4455 volens
2692 4399 3141 4453 vestimentorum
3182 4408 3438 4465 superva-

170 4498 337 4556 mores
394 4486 450 4539 in
498 4485 831 4540 orationibus
872 4487 985 4540 suis
1017 4501 1139 4541 cmn
1185 4503 1282 4542 sua
1322 4487 1546 4554 familia,
1579 4504 1740 4560 quam
1768 4522 1821 4583 ο
1848 4507 1977 4546 cuas
2000 4506 2162 4546 curas
2198 4491 2491 4545 vanitatem
2534 4489 2833 4560 intelligere
2883 4486 3113 4561 [Canis.,
3159 4483 3432 4557 intelligi].

170 4573 447 4646 diligenter
496 4578 549 4631 in
611 4578 702 4631 Dei
767 4579 987 4633 servitio
1041 4580 1295 4634 erudiunt
1347 4580 1673 4654 [erudiant]
1723 4601 1736 4637 :

172 4674 433 4735 quatenus
483 4668 787 4722 mercedem
834 4683 900 4722 ex
937 4668 1041 4723 illis
1092 4671 1329 4726 habeant
1374 4678 1430 4727 et
1474 4687 1578 4726 non
1628 4688 1744 4742 pte-

173 4771 304 4823 nam,
336 4757 556 4813 laudem
598 4767 652 4813 et
682 4775 786 4813 non
834 4761 1235 4817 contumeliam.
1284 4762 1419 4830 Quia
1465 4762 1741 4834 profectus

172 4846 528 4916 subjectorum
572 4850 718 4905 salus
746 4858 831 4903 est
858 4851 1222 4920 praelatorum,
1254 4863 1311 4909 et
1336 4862 1524 4926 pastor
1568 4854 1742 4910 bonus

172 4950 229 4990 ex
254 4940 437 5011 gregis
461 4940 899 5010 multiplicatione
934 4944 1299 5000 coronabitur.
1329 4946 1396 5001 Et
1421 4954 1499 5013 tu,
1543 4948 1619 5003 ﬁli
1646 4950 1740 5013 mi,

196 5157 206 5167 ν
237 5098 263 5168 ξ
300 5088 386 5142 Ad
416 5088 699 5169 judicium.
732 5092 885 5169 Apud
912 5091 1188 5169 Canisium
1222 5098 1419 5169 legitur
1458 5118 1471 5155 :
1509 5101 1578 5154 ad
1607 5103 1741 5155 ima-

173 5155 429 5239 licium_._i
466 5155 853 5239 Seriverius-in
897 5166 1039 5219 notis
1066 5181 1169 5222 ms.
1223 5155 1435 5239 legebat
1485 5172 1744 5237 multum;

173 5235 222 5280 et
262 5230 482 5310 quidem
528 5231 719 5310 utullus
758 5244 848 5310 _est
899 5246 1249 5310 conventus,
1275 5230 1339 5294 in
1367 5256 1473 5310 quo
1515 5230 1748 5309 majores

173 5299 973 5392 Semelestrueretur-
1007 5304 1098 5392 δέ
1122 5299 1283 5392 aut“
1307 5299 1550 5392 ιυδίέεσν
1584 5299 1748 5392 Ieci-

172 5375 256 5448 tur
280 5371 427 5448 enim
454 5371 673 5448 mullum
725 5384 779 5430 et
830 5375 1051 5446 mullus),
1077 5377 1162 5432 vel
1184 5371 1378 5448 placita
1426 5382 1477 5436 in
1513 5371 1748 5438 exitiius

170 5435 250 5520 vel
267 5442 424 5521 atriis
440 5435 1123 5521 ecclesiarum_t_eneant'ur,
1144 5435 1294 5521 vetat
1322 5435 1557 5521 synodus
1586 5435 1749 5507 sues;

172 5513 561 5594 sionensi‘esu’b
583 5514 783 5594 Carolo
797 5515 990 5594 blagno
1018 5533 1084 5572 eo
1106 5519 1324 5594 circiter
1349 5513 1612 5594 tempore,
1641 5539 1748 5593 quo

174 5575 351 5661 ﬂoruit
372 5582 669 5661 Alcuinus,
700 5575 912 5661 habita:
939 5595 1082 5661 _e_tc.,
1119 5608 1136 5638 ι
1173 5589 1347 5659 inquit
1380 5575 1745 5661 VBasnasiqiju—s:

175 5647 277 5732 Sed
298 5652 518 5732 dubium
548 5647 816 5732 sustulere
856 5647 1011 5732 codd.
1038 5647 1166 5713 mss.
1197 5647 1475 5729 in‘quibus
1503 5647 1696 5732 legitur
1730 5647 1746 5720 ἐ

173 5720 569 5859 ᾖτιςϐιῖάῖσὶιιηι,
595 5742 755 5797 quam
802 5727 1087 5785 lectionem
1117 5732 1228 5800 ipse
1256 5720 1421 5786 etiam
1470 5720 1751 5791 contextus

299 5809 327 5845 ιι
353 5811 380 5847 il
411 5834 425 5848 ι

299 5810 425 5848 ιιιιιῑ.

1846 4581 1999 4650 Quod
2026 4582 2073 4637 si
2096 4582 2312 4653 plurimi
2342 4584 2446 4638 hoc
2488 4581 2711 4643 faciunt,
2748 4581 3006 4651 scriptum
3044 4586 3126 4634 est
3154 4596 3167 4632 :
3200 4578 3324 4633 Non
3351 4594 3434 4632 se-

1843 4678 2018 4746 queris
2045 4675 2253 4730 turbam
2282 4676 2351 4729 ad
2377 4674 2677 4746 faciendum
2714 4674 2850 4728 male
2896 4672 3086 4745 (Eccli.
3126 4688 3284 4737 xvm,
3313 4670 3429 4743 32).

1846 4764 2034 4819 Melius
2061 4764 2227 4837 [enim
2254 4764 2382 4836 est],
2406 4781 2530 4819 cum
2555 4765 2740 4834 paucis
2761 4764 2956 4819 salvari
2979 4779 3143 4833 quam
3171 4779 3293 4818 cum
3316 4762 3434 4833 plu-

1845 4859 1998 4913 rimis
2024 4860 2222 4927 perire.

1919 4948 2124 5005 Scitote
2173 4947 2328 5017 cujus
2368 4948 2616 5018 exempla
2644 4948 2953 5019 diligentius
2991 4945 3293 5009 sectamini,
3318 4942 3436 5012 ejus

1878 5162 1881 5165 Α
1918 5104 1947 5144 ι’
1980 5102 2151 5159 Sacen
2174 5114 2221 5158 et
2248 5104 2482 5174 Begnod.
2513 5102 2640 5160 Haec
2661 5106 2879 5161 nomina
2911 5105 3083 5160 solum
3117 5102 3169 5156 in
3198 5100 3437 5174 editione

1848 5175 2168 5241 uuercetani
2202 5169 2492 5238 habentur,
2520 5176 2716 5230 desunt
2764 5192 2895 5231 vero
2942 5177 2996 5229 in
3040 5172 3240 5228 nostris
3271 5169 3428 5226 codd.

1847 5251 2063 5315 tussiet
2090 5259 2226 5315 quos
2252 5245 2499 5299 homines
2528 5246 2781 5301 denotent
2801 5287 2816 5311 ,
2847 5247 3144 5315 ignoratur.

1921 5326 1944 5352 ο
1971 5309 2123 5369 Ειιίιξ
2149 5314 2400 5381 Quercet.
2427 5316 2518 5382 46,
2550 5316 2729 5372 Canis.
2762 5309 2831 5370 37
2868 5309 3067 5371 collata
3106 5325 3231 5368 cum
3273 5309 3430 5366 codd.

1850 5400 1980 5459 mss.
2002 5383 2190 5459 _(Apud
2222 5385 2452 5459 Froben.
2480 5389 2639 5459 epist.
2668 5387 2816 5459 ιξςι.)

1919 5401 1980 5440 ss.
2014 5401 2190 5509 (Αἷσα
2224 5401 2452 5442 r'rooen.
2480 5401 2639 5457 epist.
2668 5401 2816 5459 tau.)
3031 5454 3042 5466 .
3224 5450 3236 5464 .

1919 5454 1946 5494 ἀ
1978 5456 2089 5527 Ant
2121 5472 2245 5527 rapo
2285 5456 2676 5527 etAStratoclei.
2722 5456 2849 5512 Haec
2899 5467 3137 5527 nomina,
3194 5458 3335 5527 Sicut
3380 5460 3435 5505 et

1849 5525 2132 5595 inscriptio
2179 5522 2248 5579 ad
2295 5525 2549 5582 Mannum
2578 5544 2608 5581 a
2637 5528 2974 5595 Quercetano
3018 5522 3199 5584 allata,
3241 5522 3436 5595 desunt

1851 5598 1991 5667 apud
2020 5592 2293 5667 Canisium
2317 5606 2371 5652 et
2396 5598 2448 5653 in
2474 5599 2629 5654 codd.
2657 5592 2785 5651 mss.
2831 5611 2965 5666 quos
2989 5595 3312 5667 adamanum
3338 5592 3436 5667 ha-

1851 5662 2084 5721 buimus.
2132 5666 2384 5722 Monnam
2420 5668 2604 5723 Graeca
2656 5662 2899 5723 fortassis
2927 5662 3282 5735 appellatione
3328 5663 3429 5735 ᾼιι-

1852 5738 2093 5805 thropum
2123 5746 2307 5799 vocat;
2347 5737 2509 5792 Manu
2537 5738 2679 5792 enim
2703 5752 2795 5793 seu
2841 5732 3011 5790 Manu
3036 5733 3311 5790 theodisca
3338 5732 3436 5789 liu-

1856 5820 1958 5876 gua
1986 5807 2245 5860 Immineat
2273 5807 2555 5878 signiﬁcat.
2655 5814 2659 5818 '
