4062 6434
596 349 705 408 455

1474 346 1533 401 Β.
1570 346 1632 401 F.
1669 343 1892 401 ALBINI
1928 343 2059 401 εει]
2098 341 2373 400 ALCUINI
2420 338 2703 399 OPERUM
2737 335 2919 394 PARS
2953 336 2997 393 ι.

3740 330 3847 391 456

590 430 807 520 meritis
856 461 1090 519 maxime
1129 456 1471 517 adhaereatis.
1500 457 1749 513 Christus
1774 472 1871 529 per
1898 455 2173 511 bumilita-
2198 461 2246 518 Α
2274 455 2350 508 Da
2377 461 2451 518 te,
2480 450 2702 522 supplex
2723 450 2965 512 obsecro,
2995 453 3055 503 ut
3102 445 3369 516 duplicem
3407 445 3608 502 habeas
3635 461 3845 505 mercc-

597 562 707 613 wm
722 554 867 611 viam
896 555 1052 611 nobis
1078 553 1207 610 fecit
1227 553 1295 607 ad
1316 549 1541 615 emtum;
1573 549 1703 618 quid
1722 548 2029 618 superbiam
2047 563 2173 618 pra-

593 659 786 700 vorum
813 644 1126 714 sequimur?
1151 641 1388 712 Angelus
1430 654 1531 709 per
1573 638 1882 709 superbiam
1912 637 2117 708 promit
2140 652 2172 692 e

593 734 760 805 cmlo;
792 736 921 804 quid
944 733 1188 803 superbit
1204 733 1366 786 homo
1389 738 1534 785 terra
1554 736 1610 784 et
1634 729 1802 784 cinis?
1830 727 1960 794 Quis
1981 742 2171 796 super-

591 828 761 887 bienti
785 824 988 883 homini
1010 823 1158 878 locus
1178 821 1480 889 deputetur,
1531 818 1579 874 si
1627 818 1817 889 angelo
1842 815 2171 888 superbienti

593 918 883 977 infernates
906 928 1077 986 preme
1100 918 1415 983 praeparata:
1435 910 1598 965 sunt?
1635 908 1754 964 Non
1796 916 1881 964 est
1915 923 2051 978 opus
2075 922 2172 963 vos

594 1010 751 1083 quasi
781 1007 1119 1082 [insipientes
1138 1001 1247 1074 vel]
1271 1000 1472 1057 inscios
1493 1002 1803 1065 admonere,
1830 999 1956 1054 dum
1997 998 2173 1054 Evan-

594 1102 792 1173 gelium
814 1096 1015 1155 Christi
1040 1102 1166 1149 ante
1185 1093 1370 1150 oculos
1398 1093 1629 1149 habetis.
1682 1091 1867 1163 Legite
1895 1098 1950 1145 et
1971 1090 2169 1145 intelli-

592 1195 723 1266 gite,
752 1191 881 1262 quid
900 1189 972 1245 sit
993 1190 1292 1246 cavendum
1318 1188 1404 1244 vel
1426 1188 1553 1258 quid
1570 1185 1983 1242 observandum.
2008 1182 2173 1250 Quid-

590 1286 719 1358 quid
760 1283 835 1339 ibi
877 1282 1136 1353 scriptum
1166 1288 1272 1347 est,
1304 1294 1527 1335 necesse
1550 1277 1678 1351 [est]
1706 1286 1766 1332 ut
1805 1276 1917 1342 ﬁat,
1960 1276 2172 1331 dicente

588 1380 706 1449 ipsa
719 1376 961 1433 Veritate
991 1392 1004 1429 :
1031 1374 1230 1429 Caelum
1251 1382 1297 1429 et
1317 1382 1459 1428 terra
1486 1372 1803 1436 transibunt,
1820 1369 1973 1425 verba
1997 1378 2170 1423 autem

586 1484 704 1522 mea
724 1482 829 1521 non
847 1464 1141 1520 transibunt
1169 1463 1386 1534 (Matth.
1435 1479 1585 1528 xxrv,
1627 1462 1739 1532 55).
1763 1461 1895 1516 Item
1922 1478 1934 1513 :
1973 1459 2034 1516 Si
2053 1460 2170 1530 quis

587 1558 763 1630 diligit
790 1574 894 1623 me,
924 1570 1187 1611 sermones
1236 1571 1376 1608 meos
1427 1553 1649 1608 servabit
1682 1552 1864 1623 (Joan.
1912 1567 2022 1617 xxv,
2052 1550 2166 1622 25).

585 1650 847 1707 Indicium
866 1646 1168 1705 dilectionis
1192 1646 1290 1700 Dei
1317 1653 1402 1700 est
1428 1645 1679 1700 mandata
1705 1644 1823 1714 ejus
1848 1644 2168 1707 observare;

585 1748 641 1797 et
665 1739 946 1811 praemium
984 1735 1309 1799 dilectionis,
1341 1732 1478 1791 visio
1510 1732 1692 1807 [Can.,
1732 1733 1994 1806 visitatio]
2042 1731 2169 1805 [est]

586 1828 915 1895 divinitatis;
949 1840 1015 1881 eo
1044 1826 1164 1895 ipso
1184 1825 1530 1895 promittente
1575 1840 1734 1894 quem
1763 1824 1987 1895 diligere
2013 1822 2170 1893 jube-

585 1935 727 1986 mur,
759 1918 874 1991 [qui
904 1916 1056 1990 dicit]
1090 1932 1105 1971 :
1139 1916 1241 1983 Qui
1288 1925 1463 1971 autem
1514 1915 1683 1987 diligit
1722 1933 1822 1979 me,
1860 1914 2106 1985 diligetur
2134 1930 2167 1967 a

588 2007 753 2063 Patre
802 2023 935 2073 meo,
984 2016 1032 2060 et
1069 2021 1161 2076 ego
1205 2004 1422 2075 diligam
1470 2019 1608 2071 eum,
1649 2012 1697 2057 et
1744 2001 2088 2072 manifestabo
2120 2002 2168 2056 ei

587 2100 839 2169 meipsum
867 2097 1048 2167 (Jaan.
1076 2112 1190 2162 xxv,
1218 2095 1332 2166 2|).
1362 2094 1469 2150 Pro
1496 2109 1584 2150 me
1609 2102 1825 2151 orantes
1848 2092 2043 2159 valete,
2064 2092 2168 2148 viri

588 2187 805 2254 fratres,
835 2187 1140 2243 charissimi
1172 2187 1228 2241 in
1259 2185 1494 2241 Christo.

1000 2312 1028 2341 ιι
1062 2298 1395 2355 EPISTOLA
1426 2298 1758 2355 CLXXXIV.

1038 2405 1105 2445 AD
1144 2405 1526 2445 PBESBYTERUI
1563 2404 1722 2444 EADA.

590 2483 698 2539 Pro
725 2480 1028 2537 muneribus
1060 2482 1260 2551 gratias
1281 2482 1421 2552 agit;
1470 2479 1609 2552 dolet
1651 2496 1706 2534 se
1723 2481 1808 2552 de
1836 2479 2012 2552 gradu
2038 2490 2171 2550 pau-

656 2553 871 2624 pertatis
892 2550 1096 2623 raptum
1139 2550 1332 2624 essein
1358 2551 1653 2621 voraginem
1697 2550 2028 2615 divitiarum;
2050 2566 2172 2603 ora-

657 2620 885 2678 tionibus
913 2620 966 2676 se
991 2620 1338 2676 commendat.

656 2737 866 2792 Dilecto
895 2736 1072 2791 amico
1106 2734 1134 2774 ι)
1160 2734 1307 2789 Eada
1330 2732 1646 2804 presbytero
1668 2731 1895 2787 Albinus
1918 2730 2167 2786 salutem.

659 2829 974 2885 Dilectionis
1021 2837 1126 2883 tua:
1152 2840 1378 2881 munera
1407 2841 1600 2897 magna
1648 2825 1949 2883 devotionis
1987 2824 2173 2879 Laetitia

586 2919 823 2989 suscepi,
857 2918 1192 2983 desiderans,
1217 2915 1452 2972 donante
1480 2915 1592 2971 Deo
1619 2915 1856 2982 Christo,
1904 2915 2176 2984 prosperi-

584 3018 755 3066 tatem
802 3023 900 3064 vos
958 3015 1016 3063 et
1059 3014 1383 3076 praesentem
1438 3006 1643 3061 habere
1691 3014 1853 3075 atque
1912 2992 2172 3070 futuram,

587 3100 886 3173 agnoscens
910 3099 1145 3167 antiquae
1166 3098 1220 3152 in
1243 3097 1396 3154 vobis
1430 3097 1809 3153 muniﬁcentiae
1845 3096 2170 3167 largitatem.

586 3193 928 3263 Quapropter
984 3199 1040 3248 et
1065 3191 1121 3245 in
1166 3189 1326 3246 nobis
1374 3189 1608 3259 antiqua:
1653 3189 1778 3245 ﬁdei
1814 3187 2169 3246 reformastis

586 3272 904 3341 amicitiam.
937 3284 1154 3340 Utinam
1200 3284 1381 3338 divina
1422 3283 1705 3340 clementia
1734 3284 1791 3339 in
1818 3286 1972 3342 vobis
1998 3301 2171 3356 usque

590 3376 660 3431 ad
690 3374 852 3430 ﬁnem
881 3375 1008 3429 vita:
1036 3389 1385 3445 perseverare
1417 3374 1603 3440 faciat,
1652 3375 1796 3444 quod
1836 3377 1905 3431 ab
1957 3376 2174 3431 ineunte

587 3475 747 3524 atate
774 3467 829 3522 in
850 3467 1004 3523 vobis
1024 3469 1238 3536 operari
1262 3468 1479 3538 dignata
1501 3476 1602 3522 est.
1621 3467 1863 3522 Pricterit
1878 3469 2017 3522 enim
2040 3469 2175 3539 ﬁgu-

588 3574 652 3612 ra
682 3556 841 3627 hujus
869 3557 1112 3627 temporis
1140 3556 1191 3627 (I
1215 3555 1338 3610 Cor.
1362 3572 1459 3621 vn,
1482 3556 1597 3629 51).
1625 3557 1830 3611 idcirco
1849 3572 2068 3617 necesse
2088 3565 2174 3613 est

585 3654 651 3699 ut
668 3660 767 3700 nos
792 3644 910 3700 dies
928 3651 1170 3699 extrema
1196 3645 1251 3698 in
1281 3643 1584 3700 dilectionis
1621 3646 1849 3717 gemina:
1880 3647 2172 3702 sobrietate

586 3735 1107 3791 vestitosainveniat.
1142 3734 1281 3799 Quia
1304 3735 1395 3804 qui
1429 3734 1707 3804 offenderit
1728 3736 1783 3788 in
1804 3752 1930 3800 uno,
1968 3734 2021 3789 id
2065 3742 2167 3803 est,

590 3826 647 3882 in
697 3842 805 3883 uno
850 3825 1141 3898 cbaritatis:
1167 3835 1454 3898 praecepto,
1487 3827 1659 3898 factus
1683 3839 1757 3883 est
1794 3829 2026 3883 omnium
2053 3845 2171 3887 reus

590 3918 734 3991 (Jac.
763 3935 827 3984 ll,
858 3918 970 3991 10).

661 4011 821 4082 20a
846 4011 1055 4069 Habeto
1078 4028 1198 4079 nos,
1213 4014 1460 4081 obsecro,
1476 4016 1653 4072 socios
1672 4017 2020 4074 beatitudinis
2043 4028 2167 4086 tuae,

588 4102 728 4159 sicut
749 4111 802 4159 te
829 4105 1077 4175 cupimus
1098 4107 1306 4162 socium
1332 4108 1534 4164 habere
1557 4107 1936 4180 prosperitatis
1950 4122 2167 4169 nostrae.

587 4194 659 4250 Et
678 4198 1016 4253 orationibus
1035 4198 1338 4255 devotionis
1361 4209 1559 4257 vestra:
1599 4202 1773 4259 deduc
1815 4219 1915 4260 nos
1940 4204 1995 4258 in
2020 4220 2173 4259 eum-

588 4289 709 4345 dem
733 4291 1070 4361 paupertatis
1092 4292 1336 4361 gradum,
1365 4293 1420 4347 in
1446 4307 1573 4362 quo,
1599 4295 1911 4364 perﬁciente
1928 4296 2059 4362 Deo,
2086 4312 2173 4352 sa-

588 4379 817 4437 lubriter
838 4382 1110 4438 consistis.
1134 4383 1214 4438 Tu
1235 4391 1388 4439 tenes
1419 4386 1473 4440 in
1495 4387 1742 4444 manibus
1762 4390 1906 4459 quod
1930 4407 2030 4447 nos
2042 4391 2191 4447 olim'

590 4479 777 4527 tenere
798 4472 1173 4541 cogitavimus.
1202 4474 1309 4531 Sed
1333 4475 1528 4533 ﬂuctus
1546 4480 1728 4534 saeculi
1754 4491 1998 4537 nostram
2019 4484 2172 4539 navi-

590 4560 766 4617 culam
790 4563 1109 4630 procellosis
1131 4566 1307 4621 ventis
1330 4567 1386 4620 in
1407 4570 1717 4638 voraginem
1744 4572 2050 4629 divitiarum
2076 4590 2167 4629 ra-

589 4661 841 4723 puerunt.
867 4653 975 4710 Sed
997 4662 1051 4711 te
1071 4670 1263 4726 precor
1286 4667 1345 4713 ut
1358 4674 1446 4714 me
1465 4661 1683 4732 pietatis
1703 4665 1953 4734 precibus
1978 4667 2030 4721 in
2045 4682 2172 4737 por-

590 4754 707 4800 tum
731 4747 929 4816 quietis
949 4764 1205 4809 revocare
1228 4757 1466 4813 studeas.
1513 4756 1701 4828 Cupio,
1744 4761 1839 4816 sed
1872 4776 1980 4817 non
2004 4761 2166 4818 facio.

591 4835 904 4907 Tranquilla
927 4848 1012 4896 est
1032 4852 1340 4913 paupertas,
1363 4862 1526 4916 quam
1552 4847 1781 4906 feliciter
1798 4852 1927 4907 ohm
1951 4854 2166 4909 amasti.

591 4928 746 4985 Beati
771 4946 1026 5003 pauperes
1056 4936 1264 5007 spiritu,
1297 4941 1547 5009 quoniam
1584 4942 1817 5013 ipsorum
1856 4954 1930 4999 est
1954 4961 2171 5016 regnum

593 5024 839 5080 oculorum
867 5026 1082 5101 (Matth.
1104 5046 1156 5096 v,
1177 5031 1254 5104 5).
1282 5032 1385 5089 Sed
1406 5045 1694 5107 paupertas
1713 5040 1829 5094 haec
1854 5039 2172 5096 humilitatis

592 5116 959 5187 gubernaculo
985 5128 1221 5192 regatur,
1250 5132 1305 5179 et
1325 5126 1603 5183 charitatis
1627 5129 1769 5197 velo,
1792 5129 1954 5186 ﬁante
1985 5140 2172 5188 sancto

595 5203 798 5276 Spiritu
822 5209 875 5263 in
899 5225 1037 5277 eam,
1067 5213 1135 5268 ad
1159 5222 1376 5271 teternae.
1409 5215 1760 5276 beatitudinis
1800 5232 2016 5292 portum
2044 5239 2171 5293 per-

599 5298 790 5362 veniet,
823 5301 913 5356 ubi
940 5302 1045 5357 mei
1068 5303 1302 5360 nominis
1325 5322 1553 5393 ‘memor
1598 5309 1934 5369 intercedere
1956 5329 2057 5384 pro
2087 5328 2175 5372 me

595 5386 823 5461 [Canis.,
870 5406 971 5461 pro
1011 5409 1132 5449 mea
1179 5386 1494 5455 infelicitate
1527 5408 1579 5455 te
1607 5402 1851 5478 supplex]
1878 5416 2170 5463 mereatur.

662 5498 877 5584 f‘Edit;
907 5501 1165 5584 Quercet.
1208 5507 1299 5573 57,
1349 5508 1528 5565 Canis.
1579 5510 1668 5566 42.
1716 5511 1890 5584 (Apud
1936 5517 2170 5575 Froben.

592 5570 925 5644 epistLtto.)

670 5638 875 5726 {Eada
906 5638 1405 5726 presbytero._llunc
1432 5653 1754 5726 monachum
1784 5654 1950 5713 fuisse
1989 5660 2178 5715 Mabil-

596 5706 742 5762 lonio
767 5706 1163 5787 verisimile'est
1191 5718 1285 5774 lib.
1317 5737 1463 5775 xxvu
1491 5706 2177 5787 Antialfnu—niTSiIVt-iiicuc

600 5791 727 5833 vero
752 5782 994 5853 epistola,
1021 5786 1118 5856 ait,
1145 5796 1398 5845 testatum
1443 5792 1591 5861 facit,
1620 5805 1880 5867 quantum
1921 5782 2178 5859 Atcuiiius

2272 541 2394 596 dem
2423 559 2435 594 :
2460 555 2623 595 unam
2651 539 2727 594 tui
2752 539 2940 609 ipsius,
2987 537 3211 593 alteram
3257 536 3442 593 fratris
3483 536 3582 592 tui.
3629 537 3848 598 Utinam

2271 641 2333 688 ut
2352 648 2562 688 merear
2583 642 2636 688 te
2652 630 2837 688 videre
2858 647 2982 687 cum
3009 632 3195 689 lmtitia
3219 632 3353 699 illic,
3382 633 3427 687 si
3468 633 3557 688 hic
3599 633 3717 689 ﬁeri
3742 652 3848 693 non

2271 721 2470 793 possit!
2511 721 2700 776 Divina
2731 729 2783 775 te
2812 721 2985 792 gratia
3009 722 3319 787 comitetur,
3349 731 3404 778 et
3426 722 3482 777 in
3519 724 3666 780 omni
3711 727 3850 784 bono

2269 812 2463 867 ﬂorere
2504 811 2688 877 faciat,
2733 819 2794 865 ut
2838 827 2961 867 cum
3010 812 3293 883 multiplici
3331 813 3598 869 bonorum
3626 830 3849 885 operum

2270 903 2449 960 fructu
2473 904 2639 960 vitam
2664 904 2926 959 merearis
2947 904 3154 973 ingredi
3175 904 3580 975 sempiternam.

2690 1027 2714 1057 ο
2763 1014 3100 1071 EPISTOLA
3137 1014 3444 1071 CLXXXV.

2661 1102 2730 1142 AD
2800 1100 3054 1150 QUEIDAI
3122 1101 3461 1142 ιιιεοινυιυη.

2270 1176 2475 1234 Gaudet
2526 1178 2589 1243 ob
2618 1175 2861 1247 discipuli
2905 1177 3302 1247 prosperitatem
3341 1186 3390 1232 et
3429 1176 3728 1232 litterarum
3751 1188 3851 1234 stu-

2341 1249 2523 1313 dium;
2560 1248 2823 1319 hortaturi
2871 1249 2939 1301 ad
2982 1248 3344 1319 paenitentiam
3409 1257 3457 1319 et
3509 1247 3579 1301 ad
3626 1265 3849 1319 pugnum

2341 1330 2521 1372 contra
2546 1318 2714 1372 hostes
2737 1318 2949 1371 animm.
2966 1316 3227 1371 Ornatum
3244 1316 3477 1383 corporis
3504 1316 3847 1388 reprehéndit.

2338 1407 2652 1462 Dilectionis
2674 1415 2871 1462 vestrae
2896 1405 3105 1461 litteras
3153 1413 3307 1478 grata
3353 1407 3566 1477 suscepi
3609 1407 3848 1474 dextera,

2269 1508 2324 1554 et
2346 1497 2468 1553 lzeto
2492 1498 2733 1566 legebam
2768 1496 2966 1564 animo,
3001 1496 3305 1567 intelligens
3336 1497 3390 1552 in
3411 1497 3491 1553 eis
3515 1506 3718 1553 vestra:
3735 1499 3849 1554 vitat

2267 1587 2682 1659 prosperitatem
2706 1590 2762 1643 et
2786 1580 3037 1643 litterulis
3059 1589 3307 1644 exercitii
3339 1589 3600 1656 studium,
3639 1602 3710 1644 ex
3751 1607 3848 1661 quo

2271 1676 2527 1736 dictantis
2547 1674 2850 1749 eloquentia
2874 1675 3088 1735 claruit.
3122 1679 3238 1737 Hoc
3258 1679 3391 1737 mihi
3416 1681 3719 1737 maximum
3744 1698 3853 1738 esse

2201 1805 2243 1865 Β
2272 1772 2526 1843 gaudium
2554 1777 2785 1838 constat,
2808 1779 2869 1827 ut
2906 1770 3045 1827 ﬁlios
3074 1769 3270 1845 [meos]
3322 1771 3515 1829 florere
3563 1771 3779 1828 videam
3802 1774 3850 1828 in

2270 1863 2700 1918 conversationis
2743 1863 2980 1933 puritate
3007 1870 3061 1919 et
3084 1863 3359 1935 profectus
3405 1865 3711 1936 diligentia.
3757 1865 3853 1921 Iste

2267 1959 2351 2011 est
2372 1963 2596 2009 ornatus
2625 1969 2784 2023 quem
2824 1954 3007 2024 optavi
3037 1955 3090 2009 in
3119 1955 3198 2011 eis
3227 1951 3359 2028 [Al.,
3389 1954 3570 2029 meis].
3596 1954 3724 2012 Istae
3741 1964 3852 2012 sunt

2267 2046 2472 2102 deliciae
2497 2046 2692 2115 quibus
2716 2044 2836 2101 illos
2867 2046 3169 2102 desideravi
3199 2044 3409 2102 vestiri.
3443 2043 3552 2103 Ista
3596 2057 3691 2103 est
3711 2064 3851 2102 mun-

2267 2136 2398 2191 ditia
2424 2150 2585 2205 quam
2610 2134 2894 2206 concupivi
2916 2135 2971 2189 in
3001 2134 3126 2191 illis.
3177 2136 3266 2191 the
3293 2149 3417 2192 sunt
3446 2137 3623 2207 epulae
3655 2136 3714 2191 in
3744 2137 3850 2207 qui-

2265 2229 2366 2285 bus
2404 2227 2525 2283 illos
2541 2222 2832 2296 iucundari
2867 2227 3064 2283 amavi.
3094 2224 3190 2283 His
3212 2227 3376 2284 etiam
3403 2228 3585 2284 anima
3617 2228 3851 2285 reﬁcitur

2266 2321 2514 2376 esuriens
2537 2326 2593 2375 et
2637 2316 2829 2375 sitiens
2865 2318 3154 2390 justitiam.
3189 2319 3304 2375 Hoc
3346 2326 3431 2374 est
3476 2318 3669 2374 vinum
3722 2317 3851 2388 quod

2268 2408 2458 2466 miscet
2502 2409 2767 2479 sapientia
2806 2409 3046 2465 invitatis
3097 2410 3165 2465 ad
3214 2424 3459 2464 mensam
3503 2423 3686 2472 suam,
3733 2408 3848 2464 dum

2268 2500 2474 2571 septem
2502 2501 2768 2557 columnis
2811 2503 3096 2557 subnixam
3139 2498 3242 2557 sibi
3291 2502 3508 2557 domum
3552 2502 3850 2557 construxit

2269 2588 2451 2664 (Prov.
2503 2608 2578 2656 ιχ,
2616 2588 2668 2657 5,
2704 2591 2777 2664 1).
2818 2586 2876 2647 1η
2904 2592 3006 2648 hac
3046 2589 3227 2647 divina
3271 2591 3446 2658 domo,
3490 2590 3667 2647 frater
3703 2592 3845 2666 [ϐοά.

2271 2681 2412 2748 Sal.,
2456 2682 2554 2756 ﬁli]
2599 2682 2900 2750 carissime,
2955 2690 3007 2738 te
3055 2678 3301 2740 habitare
3337 2698 3553 2754 semper
3596 2684 3848 2749 obsecro;

2271 2770 2413 2828 illius
2440 2783 2495 2829 te
2523 2770 2697 2844 epulis
2739 2771 2887 2845 pasci
2936 2773 3230 2845 deprecor;
3264 2769 3367 2830 hoc
3402 2771 3537 2847 [Al.,
3564 2772 3758 2847 hujus]
3804 2782 3850 2830 te

2271 2863 2458 2919 calicis
2482 2879 2634 2920 mero
2657 2860 2915 2919 inebriari
2941 2873 3163 2935 exopto;
3188 2878 3295 2920 non
3314 2880 3479 2920 vanas
3501 2865 3689 2920 seculi
3715 2880 3856 2935 pom-

2272 2969 2393 3025 pas,
2417 2970 2525 3010 non
2550 2955 2740 3011 noxias
2759 2950 3013 3026 corporis
3048 2954 3432 3012 delectationes
3464 2955 3720 3026 exsequi,
3747 2969 3854 3025 quae

2271 3061 2380 3101 non
2404 3047 2703 3116 proderunt
2717 3044 3116 3103 ambulantibus
3136 3047 3189 3102 in
3214 3048 3313 3113 eis,
3336 3048 3429 3104 sed
3451 3063 3578 3104 suos
3602 3061 3855 3119 sequaces

2201 3153 2246 3215 ο
2278 3141 2334 3195 in
2359 3149 2575 3195 acterna:
2594 3137 2912 3211 perditionis
2937 3142 3248 3214 voraginem
3284 3142 3684 3197 demerseruut.

2346 3228 2429 3285 Tu
2454 3242 2603 3297 vero,
2636 3245 2790 3286 amor
2813 3233 3008 3287 animm
3036 3249 3187 3300 meae,
3203 3233 3248 3289 si
3267 3234 3396 3304 quid
3422 3230 3666 3289 sordium
3692 3250 3761 3290 ex
3778 3232 3855 3292 bis

2273 3321 2612 3388 contraxisti,
2639 3322 2895 3394 lacrymis
2939 3323 3074 3387 lava,
3106 3324 3430 3394 poenitentia
3456 3323 3633 3390 ablue,
3663 3335 3726 3381 et
3745 3326 3855 3381 vita.-

2276 3412 2516 3470 melioris
2559 3432 2719 3471 manu
2762 3417 2910 3483 dele;
2957 3431 3165 3473 memor
3213 3418 3308 3482 tui,
3360 3431 3680 3490 memorque
3728 3417 3854 3485 mei;

2274 3506 2509 3562 animam
2558 3524 2734 3563 meam
2765 3507 3066 3576 lactiﬁcans,
3121 3519 3224 3566 tua:
3263 3524 3491 3582 parcens
3519 3525 3533 3566 :
3562 3513 3694 3582 quia
3725 3512 3856 3569 salus

2273 3606 2364 3651 tua
2410 3599 2706 3655 consolatio
2737 3614 2857 3655 mea
2898 3612 3000 3656 est.
3053 3601 3171 3657 Noli
3212 3612 3422 3674 patrem
3467 3618 3563 3659 sua
3615 3606 3856 3661 mercede

2272 3688 2522 3746 fraudare
2544 3691 2608 3747 de
2632 3696 2705 3745 te.
2734 3690 2852 3747 Noli
2880 3690 2975 3748 ﬁlii
3002 3706 3197 3749 nomen
3242 3694 3419 3750 delere
3451 3693 3506 3751 in
3552 3703 3625 3753 te.
3677 3696 3737 3753 Si
3761 3713 3850 3769 pro

2272 3788 2325 3837 te
2359 3798 2465 3837 non
2487 3782 2590 3847 vis,
2622 3780 2706 3838 vel
2743 3799 2844 3855 pro
2879 3795 2966 3840 me
2992 3785 3098 3841 fac.
3143 3785 3200 3841 Si
3227 3787 3311 3842 vel
3348 3800 3435 3842 me
3461 3800 3566 3843 non
3594 3807 3776 3856 curas,
3805 3798 3854 3845 et

2272 3880 2327 3928 te
2346 3871 2596 3944 negligis;
2628 3873 2795 3930 Deum
2823 3876 2975 3942 time,
3000 3876 3180 3950 dilige,
3208 3879 3437 3936 honora.
3462 3876 3557 3938 Ille
3593 3895 3680 3939 est
3702 3898 3853 3939 verus

2271 3971 2446 4034 pater,
2476 3963 2563 4019 ille
2586 3966 2914 4037 redemptor,
2942 3967 3030 4022 ille
3055 3969 3294 4024 omnium
3333 3967 3559 4044 largitor
3598 3974 3852 4030 bonorum

2273 4055 2497 4111 suscitat
2519 4056 2875 4113 dormientem
2906 4059 2959 4113 in
2989 4058 3195 4115 deliciis
3222 4060 3478 4118 animam.

2343 4144 2541 4204 Contra
2564 4152 2674 4204 tres
2695 4149 2790 4205 tibi
2813 4152 3055 4221 quotidie
3078 4156 3425 4224 pugnandum
3452 4163 3537 4211 est
3559 4157 3806 4213 inimicos
3837 4173 3852 4211 :

2274 4246 2464 4294 contra
2516 4237 2807 4307 diabolum,
2854 4244 3346 4311 contrasazculum,
3380 4256 3569 4302 contra
3616 4265 3851 4305 carnem.

2274 4324 2554 4395 Quomodo
2575 4329 2778 4400 poteris
2801 4344 2993 4389 secure
3017 4334 3290 4391 dormire?
3319 4337 3394 4392 Te
3413 4354 3543 4394 vero
3559 4340 3856 4396 dormiente

2272 4421 2521 4491 vigilant,
2543 4420 2633 4493 qui
2657 4431 2709 4478 te
2730 4425 2975 4480 occidere
2990 4437 3255 4496 quaerunt.
3273 4427 3554 4496 Quomodo
3573 4447 3686 4488 non
3709 4432 3856 4487 times

2200 4509 2252 4568 D
2274 4514 2520 4571 ﬂammas
2549 4522 2763 4599 aeternae
2784 4519 3136 4590 perditionis?
3158 4520 3296 4590 Quid
3328 4532 3405 4590 tu,
3432 4527 3583 4595 parvi
3602 4525 3858 4599 temporis

2270 4603 2484 4674 hospes,
2509 4598 2742 4674 patriam
2786 4609 2986 4677 quaeris
3012 4610 3064 4664 in
3108 4610 3565 4681 peregrinatione,
3609 4623 3670 4672 et
3718 4598 3856 4673 illam

2269 4693 2604 4751 Oblivisceris
2625 4694 2679 4750 in
2706 4712 2808 4767 qua
2837 4698 2974 4754 civis
2993 4701 3330 4773 conscriptus
3365 4719 3425 4760 es
3453 4704 3504 4760 in
3550 4706 3855 4779 baptismo?

2271 4787 2458 4858 Cogita
2485 4788 2605 4859 quis
2624 4803 2724 4860 pro
2748 4800 2798 4846 te
2820 4795 3071 4862 pependit
3103 4793 3158 4850 in
3192 4810 3353 4853 cruce
3384 4793 3683 4870 [patienter
3700 4800 3857 4857 susti—

2272 4895 2406 4934 nens
2418 4882 2612 4949 probra
2630 4879 2980 4957 invidorum],
3004 4885 3154 4955 cujus
3170 4886 3313 4943 latus
3325 4884 3506 4945 lancea
3522 4890 3855 4960 perforatum

2271 4978 2379 5025 tua:
2424 4971 2739 5042 sanguinem
2774 4972 3162 5044 redemptionis
3204 4979 3493 5033 emanavit.
3539 4976 3665 5035 Noli
3685 4976 3859 5052 parvi-

2270 5062 2507 5131 pendere
2527 5063 2759 5131 pretium
2789 5074 2895 5121 tute
2921 5065 3072 5138 [ϐοά.
3100 5067 3197 5123 Sal
3226 5109 3240 5133 ,
3257 5069 3513 5142 proprim]
3529 5071 3738 5129 salutis.
3756 5071 3858 5127 Prd

2274 5158 2327 5204 te
2358 5151 2588 5206 traditus
2611 5161 2715 5220 est,
2740 5155 2833 5224 qui
2864 5161 2917 5210 te
2945 5154 3072 5211 fecit
3096 5171 3111 5211 :
3137 5158 3244 5214 imo
3265 5161 3507 5215 omnium
3529 5162 3696 5235 203
3711 5178 3860 5219 crea-

2275 5248 2361 5294 tor
2385 5243 2454 5296 ad
2480 5241 2864 5313 redemptionis
2884 5252 2989 5301 tua:
3026 5249 3259 5316 pretium
3307 5249 3543 5321 seipsum
3585 5254 3857 5324 expendit.

2274 5327 2384 5384 Cur
2417 5336 2469 5385 te
2497 5330 2785 5402 ignobilem
2813 5333 2968 5403 facis,
3015 5337 3350 5396 nobilissimo
3395 5350 3611 5413 emptus
3658 5344 3861 5416 pretio?

2276 5418 2396 5475 Noli
2416 5436 2485 5477 ex
2509 5420 2620 5477 ﬁlio
2643 5423 2737 5480 Dei
2766 5425 2947 5483 facere
2970 5442 3185 5485 servum
3209 5431 3428 5488 diaboli.

2277 5532 2513 5617 abfuerit
2552 5552 2582 5590 a
2623 5536 2933 5617 divitiarum
2979 5539 3291 5617 cupiditate,
3330 5546 3444 5617 iob
3486 5562 3652 5617 quam
3702 5547 3861 5604 alicui

2278 5602 2527 5685 fortassis
2553 5609 2972 5685 reprehensione
2994 5602 3187 5685 dignus
3210 5602 3380 5670 videri
3408 5602 3696 5685 potuisset.

2351 5685 2373 5714 ο
2390 5674 2530 5729 Edit.
2547 5674 2897 5743 Quercet.56,
2919 5674 3102 5737 Canis.
3118 5684 3187 5740 '58
3207 5674 3538 5743 oollatabum
3558 5690 3711 5746 codd.
3726 5704 3861 5745 mss.

2281 5743 2455 5817 (Apud
2484 5746 2715 5828 Froben.
2738 5750 2895 5818 epist.
2921 5751 3069 5824 ill.)
