4064 6342
206 364 303 422 ὅτ

1619 354 2000 414 EPISTOLE.

3351 349 3466 413 650

269 477 402 546 Quid
426 487 454 516 ι
483 474 804 546 pompaticis
840 487 1062 532 carnem
1099 473 1280 531 induis
1324 475 1684 541 vestimentis,
1715 483 1770 530 et
1799 481 1847 538 Α
1874 473 1994 529 fuit.
2021 470 2068 529 0
2095 472 2142 528 si
2169 471 2302 528 mihi
2337 485 2444 529 vox
2470 470 2649 527 ferrea
2675 476 2839 536 esset,
2867 477 2926 526 et
2949 483 3140 528 omnes
3164 469 3260 542 pili
3286 477 3469 528 verte-

202 575 505 628 ornamenta
529 567 724 622 animae
750 581 856 622 non
897 565 1134 637 quaeris?
1157 565 1354 620 Beatus
1389 566 1488 632 vir,
1511 566 1665 636 cujus
1700 575 1773 620 est

202 677 374 718 nomen
402 657 616 713 Domini
649 675 762 728 spes
789 658 925 728 ejus,
953 659 1043 730 qui
1070 674 1173 712 non
1200 658 1405 729 respicit
1432 657 1490 711 in
1522 657 1776 711 vanitates

199 763 241 811 et
273 752 506 808 insanin
540 750 704 822 falsas
735 749 908 824 (Psal.
961 767 1149 815 xxx1x,
1194 750 1271 824 5).
1305 749 1496 804 Melius
1520 756 1605 804 est
1637 748 1776 804 collo

199 845 468 918 sapientiae
509 844 710 901 monile
760 844 1014 914 suspendi
1033 884 1048 909 ,
1097 859 1260 914 quam
1307 842 1482 898 serico
1522 841 1777 897 vanitatis

198 938 386 995 involvi
423 936 615 1011 (Eccli.
639 936 737 1009 v1).
781 936 972 994 Melius
1012 944 1098 992 est
1140 935 1390 992 castitate
1419 934 1632 990 lumbos
1673 933 1780 989 cir-

195 1028 475 1101 cumcingi,
503 1044 666 1100 quam
706 1027 1011 1084 numerosis
1037 1042 1354 1098 pomparum
1384 1025 1616 1098 cingulis
1645 1041 1777 1082 con-

195 1120 408 1192 stringi,
449 1128 504 1176 et
554 1119 806 1176 ardentes
853 1121 1122 1176 bonorum
1168 1133 1395 1190 operum
1425 1117 1482 1174 in
1529 1117 1780 1173 manibus

193 1219 410 1284 portare
446 1209 712 1276 lucernas,
740 1227 905 1281 quam
934 1210 1132 1280 digitos
1159 1209 1374 1264 annulis
1401 1207 1780 1264 ostentationis

194 1303 405 1359 radiare
436 1301 587 1375 (Luc.
619 1318 728 1369 x11,
757 1300 872 1374 55).
908 1301 1092 1357 Satius
1129 1309 1214 1358 est
1244 1301 1410 1373 pedes
1451 1301 1507 1356 in
1533 1301 1779 1373 Evange-

191 1393 314 1450 lium
365 1392 516 1466 pacis
559 1393 840 1464 expeditos
884 1407 1026 1460 esse,
1072 1409 1237 1463 quam
1282 1393 1442 1464 longo
1488 1391 1781 1448 fasciarum

192 1498 330 1539 nexu
359 1481 515 1554 ligari
539 1481 753 1554 (Ephes.
777 1499 852 1549 v1,
881 1482 992 1555 l5).
1042 1483 1188 1540 Heu!
1219 1484 1365 1554 quod
1393 1484 1776 1555 corrumpitur,

189 1583 340 1631 tanta
383 1573 659 1646 diligentia
690 1588 947 1643 ornatur;
979 1586 1034 1632 et
1081 1578 1228 1648 quod
1270 1585 1582 1648 permanet,
1631 1585 1780 1632 tanta

190 1667 437 1726 socordia
474 1667 792 1739 negligitur!
823 1668 957 1724 lllud
985 1670 1133 1724 omni
1168 1685 1298 1726 cura
1326 1678 1570 1736 ornatur,
1599 1668 1778 1740 pasci-

190 1764 274 1811 tur
298 1764 362 1813 et
388 1757 617 1814 vestitur
641 1775 655 1813 :
683 1761 788 1816 hoc
811 1761 967 1831 quasi
998 1761 1105 1818 vile
1143 1761 1473 1832 supellectile
1501 1761 1647 1818 nullo
1693 1761 1783 1817 de-

1879 573 2070 622 rentur
2092 565 2146 620 in
2167 565 2400 637 linguas,
2422 573 2484 619 ut
2508 562 2594 619 vel
2613 562 2694 618 sic
2718 562 2787 618 ad
2807 577 2966 618 aures
2992 562 3069 616 tui
3098 562 3278 618 cordis
3298 563 3466 620 verba

1879 654 2182 711 dilectionis
2209 669 2344 709 mea:
2365 661 2650 726 pervenire
2673 653 2994 719 valuissent;
3024 653 3111 708 vel
3136 654 3191 708 in
3238 662 3332 710 tuo
3367 669 3466 726 pe-

1881 756 2032 803 ctore
2079 746 2299 818 spiritus
2341 753 2486 802 esset
2508 745 2826 816 pr0phetiaa,
2854 753 2916 800 ut
2940 745 3249 816 perspicere
3285 746 3467 803 cordis

1879 839 1988 896 mei
2015 854 2216 894 arcana
2240 840 2536 910 potuisses!
2562 841 2814 896 crederes
2846 839 3032 909 utique
3060 856 3220 909 quam
3255 840 3468 897 suavis-

1879 931 2020 988 simo
2047 946 2238 1003 sapore
2263 931 2340 986 tui
2369 931 2569 987 amoris
2601 940 2787 1002 pectus
2825 946 3008 986 meum
3027 929 3190 1003 205.
3216 929 3467 1002 implere-

1881 1031 1985 1080 tur.
2013 1023 2120 1080 Sed
2146 1039 2309 1089 nunc,
2331 1025 2475 1095 quod
2502 1023 2677 1090 valeo,
2708 1023 2921 1079 faciam.
2966 1021 3076 1079 llos
3111 1038 3310 1095 parvos
3350 1022 3467 1094 api-

1879 1132 1993 1183 ces,
2019 1133 2231 1190 magna:
2251 1119 2456 1174 indices
2477 1120 2780 1187 charitatis,
2812 1121 2907 1175 tibi
2936 1120 3132 1192 dirigo,
3159 1128 3221 1175 ut
3243 1135 3343 1192 per
3365 1121 3467 1176 hos

1880 1208 2150 1281 intelligas
2180 1209 2322 1280 quod
2346 1210 2435 1264 vix
2463 1211 2687 1283 intelligi
2716 1220 2912 1282 potest.
2942 1210 3094 1267 Sicut
3117 1210 3334 1266 ﬂamma
3368 1225 3469 1284 po-

1878 1310 1987 1358 test
2010 1302 2200 1368 videri,
2227 1302 2376 1375 tangi
2421 1311 2600 1358 autem
2642 1318 2752 1357 non
2795 1310 2992 1373 potest,
3025 1302 3101 1358 ita
3143 1303 3384 1359 charitas
3412 1302 3462 1357 ir.

1878 1395 2076 1452 litteris
2097 1396 2247 1451 cerni
2272 1403 2471 1466 potest,
2501 1395 2596 1450 sed
2624 1395 2714 1449 vix
2743 1395 2798 1449 in
2829 1395 3011 1450 animo
3035 1395 3322 1452 scribentis
3345 1411 3472 1452 seno

1881 1486 1972 1541 tiri
2000 1485 2163 1540 valet.
2210 1485 2348 1554 Quia
2387 1485 2527 1540 sicut
2571 1484 2819 1541 scintilla:
2847 1485 2914 1540 de
2953 1486 3077 1558 igne
3122 1494 3470 1558 sparguntur,

1880 1579 1956 1635 ita
1985 1577 2202 1634 dilectio
2227 1577 2530 1633 litterarum
2569 1576 2744 1633 ofﬁcio
2781 1577 2945 1632 volat.
2971 1576 3076 1632 Sed
3107 1578 3323 1649 plurimi
3347 1584 3478 1634 sunt

1880 1669 1934 1726 in
1969 1684 2199 1741 quorum
2229 1671 2391 1726 corde
2420 1669 2782 1741 exstinguitur
2807 1687 2819 1723 :
2852 1669 2974 1724 ideo
2999 1670 3204 1741 gratius
3230 1669 3475 1735 lucescit,

1880 1763 1970 1819 ubi
1999 1763 2086 1818 vel
2129 1762 2308 1833 aliqua
2339 1761 2457 1832 ejus
2494 1761 2769 1818 flammula
2808 1762 3066 1818 ardescit.
3107 1761 3244 1830 Quia
3294 1763 3348 1818 in
3397 1771 3473 1826 te,

189 1863 310 1904 core
361 1850 578 1920 dignum
623 1851 867 1907 ducitur!
900 1853 1199 1909 Terrenum
1231 1854 1445 1920 colitur,
1474 1862 1529 1910 et
1555 1855 1777 1911 caeleste
1810 1855 1856 1916 Β
1881 1852 2053 1909 frater
2097 1855 2462 1921 sanctissime,
2502 1869 2688 1910 veram
2735 1853 2917 1908 inveni
2964 1853 3316 1920 charitatem,
3355 1852 3478 1908 ideo

187 1955 294 1996 non
321 1943 575 1998 curatur!
603 1944 698 1999 Dei
727 1945 903 2017 imago
927 1947 1158 2014 vilescit,
1185 1957 1242 2004 et
1267 1958 1426 2004 terrae
1453 1950 1662 2020 species
1692 1950 1784 2006 ho-
1884 1945 2030 1998 nulla
2063 1952 2334 2001 terrarum
2377 1946 2552 2016 spatia
2581 1960 2669 2001 me
2710 1945 3023 2016 prohibent.
3054 1945 3354 2001 secundum
3383 1959 3482 2016 op-

188 2037 447 2091 noratur!
476 2036 594 2092 Non
618 2038 717 2104 ita,
740 2037 836 2104 fili,
865 2055 970 2095 non
999 2041 1074 2095 ita
1102 2040 1156 2095 in
1183 2048 1236 2096 te
1261 2041 1351 2096 sit.
1885 2036 2277 2107 portunitatem
2299 2037 2572 2108 portantis
2596 2035 2842 2110 [visere],
2867 2036 3090 2108 cupiens
3114 2043 3166 2091 te
3184 2034 3239 2090 in
3264 2033 3483 2090 Christo

257 2125 345 2182 Tu
366 2128 506 2184 sacri
527 2128 713 2184 altaris
735 2130 1006 2196 minister,
1033 2140 1088 2187 tu
1113 2132 1309 2188 summi
1332 2133 1554 2190 honoris
1579 2135 1784 2202 socius,
1884 2128 2198 2198 perenniter
2226 2128 2367 2195 frui,
2395 2127 2550 2200 cujus
2577 2143 2731 2185 amor
2776 2136 2964 2184 nostra
3007 2128 3218 2183 utinam
3261 2126 3486 2199 impleat

188 2224 246 2274 tu
274 2219 560 2290 sapientiae
582 2236 698 2287 vas,
729 2221 828 2277 ﬂos
855 2223 1254 2290 adolescentia,
1286 2225 1603 2294 dignitatem
1634 2234 1784 2283 mam
1887 2217 2054 2272 corda
2081 2226 2142 2272 ut
2168 2234 2265 2288 per
2292 2218 2411 2288 ejus
2447 2218 2791 2274 dilectionem
2819 2219 2976 2273 nobis
3008 2216 3331 2274 inviolabilis
3352 2231 3483 2290 per-

185 2313 434 2378 attende,
460 2323 515 2368 et
543 2320 661 2369 esto
681 2315 823 2383 quod
852 2315 1170 2370 nominaris.
1199 2315 1389 2386 Cogita
1415 2332 1611 2388 corpus
1636 2324 1787 2374 tuum
1887 2318 2110 2364 maneat
2136 2309 2471 2376 fraternitas,
2495 2310 2650 2382 cuius
2677 2311 3001 2366 charitatem
3046 2310 3187 2366 sicut
3229 2309 3488 2365 sacerdos

185 2401 241 2459 in
256 2405 541 2474 pulverem
563 2404 766 2460 reverti
787 2415 842 2460 et
866 2407 1103 2460 animam
1121 2415 1267 2461 tuam
1283 2408 1350 2462 ad
1367 2408 1632 2478 judicium
1649 2411 1785 2481 rapi.
1887 2399 1987 2454 Dei
2031 2401 2250 2467 summi,
2281 2401 2423 2455 δίουι
2466 2401 2594 2455 “Iba
2623 2400 2882 2467 οωιθεῑῖδν
2911 2401 3053 2456 Sient
3092 2415 3270 2472 Ρηθο
3295 2399 3488 2456 Samiis

184 2493 383 2562 Qualis
409 2503 536 2550 tunc
561 2511 681 2550 esse
714 2496 918 2565 cupias,
950 2497 1112 2552 talem
1140 2505 1193 2552 te
1223 2515 1367 2554 nunc
1394 2500 1610 2555 exhibe.
1635 2500 1792 2558 Nunc

1894 2497 2216 2545 cunctorum
2242 2491 2489 2562 ingerere
2512 2489 2764 2546 cordibus
2787 2491 3027 2546 studeas.
3053 2490 3323 2561 Quidquid
3345 2489 3489 2546 illius

179 2592 414 2654 tempus
429 2592 512 2638 est
527 2583 828 2650 laborandi,
845 2594 971 2640 tunc
986 2588 1371 2642 remunerandi
1390 2604 1404 2652 ;
1426 2604 1568 2643 nunc
1581 2604 1793 2659 prome-

182 2673 374 2738 rendi,
401 2681 528 2728 tunc
550 2674 865 2743 accipiendi.
882 2675 983 2743 Qui
1005 2677 1510 2748 pluslaborat,plus
1527 2682 1792 2737 mercedis

188 2763 450 2834 accipiet.
467 2763 652 2829 Curre,
680 2765 804 2819 dum
827 2765 995 2821 lucem
1021 2768 1178 2822 habes
1211 2768 1393 2834 (Joan.
1420 2786 1520 2837 xu,
1547 2771 1661 2844 35).
1687 2771 1792 2840 Qui

188 2856 360 2911 hodie
384 2864 486 2920 est,
511 2872 631 2911 cras
658 2873 766 2912 non
795 2858 920 2923 erit,
940 2858 1151 2914 dicente
1179 2860 1460 2931 Scriptura
1489 2879 1502 2915 :
1534 2861 1662 2916 Noli
1682 2872 1794 2918 tar-

190 2948 321 3002 dare
351 2948 581 3002 converti
617 2948 686 3002 ad
708 2948 1010 3013 Dominum,
1041 2951 1166 3021 quia
1194 2953 1383 3018 nescis,
1411 2952 1540 3023 quid
1574 2963 1794 3009 ventura

191 3043 375 3114 pariat
400 3043 511 3097 dies
539 3041 730 3114 (Eccli.
751 3060 807 3108 v,
824 3044 902 3116 8).
917 3043 1106 3099 Omnis
1126 3045 1297 3114 gloria
1314 3045 1495 3102 sreculi
1519 3047 1672 3118 quasi
1695 3046 1796 3103 llos

190 3133 302 3190 feni
359 3134 592 3190 decidet.
648 3135 848 3189 Arescit
897 3135 1075 3205 fenum
1124 3143 1171 3189 et
1208 3137 1306 3206 [los
1356 3136 1471 3206 ejus
1509 3135 1707 3208 deperit
1737 3135 1794 3210 (Ι

1892 2580 2104 2650 respuit
2150 2582 2444 2645 sanctitas,
2499 2581 2889 2636 instantissime
2931 2581 3185 2652 prohibe;
3229 2581 3490 2652 quidquid

1893 2669 2036 2725 illius
2063 2671 2234 2743 diligit
2259 2671 2496 2738 bonitas,
2530 2673 2909 2729 ardentissime
2937 2674 3190 2744 praedica.
3223 2673 3341 2730 Non
3380 2682 3491 2730 ter-

1894 2757 2042 2818 ienae
2078 2762 2389 2836 fragilitatis
2417 2772 2621 2820 terreat
2646 2773 2908 2836 potestas,
2937 2781 3046 2819 non
3075 2765 3350 2821 saecularis
3375 2782 3492 2822 am-

1893 2855 2029 2912 bitio
2091 2859 2482 2914 sacerdotalem
2532 2859 2878 2914 severitatem
2936 2867 3264 2929 compescat.
3314 2859 3494 2915 Nolite

1897 2944 2054 3018 [Cod.
2071 2963 2172 3002 ms.
2192 2947 2342 3018 Noli]
2371 2950 2550 3002 timere
2570 2965 2656 3004 eos
2681 2949 2771 3020 qui
2792 2966 2981 3019 corpus
3003 2958 3218 3020 possunt
3238 2949 3492 3017 occidere,

1895 3037 2129 3091 animam
2153 3048 2328 3092 autem
2355 3057 2458 3094 non
2482 3049 2698 3112 possunt
2724 3039 2951 3112 (Matth.
2980 3055 3037 3106 x,
3059 3040 3173 3114 28).

1967 3128 2097 3186 Esto
2134 3131 2383 3187 omnibus
2422 3132 2546 3187 vita:
2573 3132 2816 3196 lucerna,
2847 3133 3080 3203 praevius
3122 3133 3336 3189 viarum
3359 3134 3491 3201 Dei,

193 3224 338 3280 Petr.
367 3241 409 3290 1,
437 3224 552 3292 24).
577 3223 846 3281 Memento
869 3225 1132 3281 creatoris
1154 3226 1264 3290 tui,
1297 3234 1586 3298 antequam
1615 3228 1799 3283 veniat
1825 3218 1872 3283 C
1901 3221 2208 3291 exemplum
2249 3223 2571 3280 honestatis.
2616 3223 2750 3279 Esto
2777 3223 2993 3280 miseris
3029 3224 3347 3292 consolatio,
3377 3240 3496 3281 me-

188 3325 414 3388 tempus
460 3315 783 3372 alllictionis.
816 3317 1126 3389 Pugnemus
1161 3316 1393 3384 fortiter,
1432 3327 1488 3374 et
1515 3319 1797 3377 vincamus

194 3409 498 3478 perniciter
522 3407 676 3481 [Ms.,
699 3409 958 3475 viriliter;
990 3408 1086 3476 al.,
1117 3409 1524 3484 pertinaciter],
1552 3419 1614 3467 ut
1642 3427 1800 3468 coro-

195 3517 399 3557 nemur
425 3501 674 3558 feliciter.
705 3501 861 3558 Illum
886 3503 1152 3559 habemus
1194 3502 1515 3573 adiutorem,
1544 3520 1707 3576 quem
1744 3514 1802 3562 et

197 3601 688 3648 remuneratorem.
704 3593 796 3649 Ille
821 3595 970 3666 prior
993 3595 1206 3650 hostem
1219 3595 1370 3663 vicit,
1387 3603 1447 3650 ut
1467 3612 1567 3653 nos
1581 3598 1800 3656 vincere

198 3686 886 3757 possimus.Triumphavit
909 3689 964 3744 in
999 3705 1183 3756 cruce,
1211 3698 1271 3744 ut
1297 3705 1397 3746 nos
1424 3705 1712 3761 regnemus
1743 3693 1798 3748 in

202 3792 298 3834 cret.
313 3796 359 3836 ).
378 3778 463 3833 Ad
483 3794 581 3835 nos
601 3780 878 3836 descendit
908 3781 963 3835 in
992 3789 1218 3850 terram,
1242 3792 1302 3839 ut
1323 3801 1423 3844 nos
1443 3788 1800 3843 ascendamus

203 3868 265 3924 ad
294 3868 456 3923 illum
481 3869 536 3924 in
564 3870 782 3926 omium.
809 3870 978 3927 Filius
1004 3874 1240 3930 hominis
1267 3875 1444 3934 factus
1474 3889 1580 3947 est,
1611 3887 1673 3934 ut
1700 3894 1800 3934 nos

205 3959 296 4020 ﬁlii
337 3961 445 4017 Dei
475 3977 593 4018 esse
618 3977 945 4030 mereamur,
969 3967 1056 4020 cui
1080 3964 1198 4022 laus
1225 3975 1282 4022 et
1311 3969 1484 4040 gloria
1513 3971 1568 4026 in
1611 3985 1801 4026 omnes

207 4054 561 4111 eternitates.
584 4054 780 4111 Amen.
1151 4061 1156 4066 ’
1783 4047 1798 4060 ’

637 4148 667 4189 ι’
692 4147 1030 4204 EPISTOLA
1057 4148 1387 4208 CLXXXVI.

709 4257 778 4297 AD
805 4255 1010 4296 Διιοωί
1050 4258 1300 4298 ιἰυειειί.

211 4351 468 4407 Ardorem
502 4353 925 4424 charitatissua:
975 4354 1272 4424 signiﬁcat;
1317 4355 1561 4410 hortatur
1603 4365 1660 4410 ut
1691 4356 1803 4412 om-'

280 4425 450 4508 nibus.
483 4423 550 4508 sit
602 4423 894 4508 exemplum
936 4423 1093 4508 'oitie.
1131 4423 1477 4508 gommendat
1530 4427 1801 4508 lectionem

275 4494 450 4576 sancti
494 4493 799 4565 Evangelii,
829 4504 878 4550 et
925 4493 1070 4549 Libri
1121 4493 1416 4551 Pastoralis
1460 4499 1628 4552 sancti
1671 4497 1803 4554 Gre-

312 4581 438 4618 ονη.

312 4581 438 4618 om.

279 4581 622 4712 glulcissimze
666 4657 968 4714 dilectionis
1006 4656 1164 4714 fratri
1201 4667 1259 4714 et
1301 4659 1476 4715 amico
1519 4659 1577 4715 in
1607 4659 1810 4717 Christi

215 4745 488 4802 charitate
513 4747 762 4802 salutem.

284 4837 472 4890 Amico
495 4839 711 4909 antiquo
735 4855 894 4894 novus
922 4857 1026 4896 non
1051 4849 1126 4896 est
1155 4841 1342 4896 similis
1366 4840 1557 4915 (Eccli.
1587 4858 1666 4908 1x,
1695 4841 1805 4915 14).

215 4919 438 4981 Amicus
466 4926 558 4995 qui
609 4925 880 4983 fortunam
911 4930 1173 5000 sequitur,
1204 4939 1260 4986 et
1298 4939 1510 5002 tempus
1536 4932 1809 4998 observat,

219 5017 308 5086 qui
332 5017 494 5087 juxta
524 5018 842 5090 qualitatem
881 5020 985 5077 loci
1030 5031 1292 5090 mutatur,
1323 5039 1602 5094 nunquam
1648 5039 1810 5080 verus

288 5165 315 5192 ι
349 5153 674 5228 ⁸ζὀηιριιιὶεἱδ
703 5157 1033 5228 vestimentis.
1061 5157 1218 5223 Eum,
1249 5173 1408 5228 quem
1437 5159 1696 5215 Alcuinus
1723 5160 1811 5216 hic

217 5221 286 5298 ob
307 5221 618 5298 aAﬂ‘ectatum
645 5227 873 5281 vestium
899 5221 1240 5297 splendorem
1264 5221 1626 5298 reprehendit,
1645 5231 1812 5286 fuisse

220 5293 477 5349 clericum
495 5335 510 5359 ,
538 5304 686 5365 patet
729 5313 796 5352 ex
840 5293 943 5352 his'
971 5300 1150 5352 verbis
1177 5317 1188 5351 :
1221 5299 1299 5352 Tu
1323 5293 1463 5354 sacri
1492 5293 1678 5355 altaris
1706 5302 1810 5354 mi~

219 5365 400 5428 nister,
428 5376 533 5420 etc.
580 5367 874 5423 Audiamus
919 5367 1230 5433 Sidonium,
1261 5369 1491 5424 nitorem
1533 5371 1708 5426 cultus
1754 5371 1810 5425 in

219 5435 593 5509 ecclesiastico
609 5438 825 5509 homine
842 5440 1326 5509 reprehendentem
1350 5458 1361 5492 :
1384 5457 1400 5490 ι
1425 5439 1622 5494 Habitu
1639 5439 1808 5496 cultu-

219 5519 328 5574 que
357 5507 667 5579 couspicuo,
703 5508 868 5579 inquit
897 5507 1114 5579 epistola
1147 5511 1234 5574 l3,
1272 5509 1364 5563 lib.
1405 5525 1478 5574 1v,
1517 5526 1623 5564 non
1657 5510 1811 5579 juve-

218 5577 399 5632 nescit
425 5577 624 5650 solum,
657 5579 751 5633 sed
772 5577 1190 5650 quodammodo
1238 5580 1591 5649 repuerascit.
1628 5577 1812 5636 Enim-

219 5657 356 5702 vero
382 5649 548 5704 vestis
573 5650 814 5713 astricta,
847 5659 1030 5705 tensus
1060 5651 1378 5716 cothurnus,
1408 5650 1574 5706 crinis
1600 5651 1654 5705 in
1681 5661 1811 5707 rota:

222 5719 498 5798 specimen
520 5715 750 5785 accisus,
779 5721 943 5798 barba
967 5721 1110 5798 intra
1135 5715 1391 5792 rugarum
1417 5721 1652 5798 latebras
1675 5739 1814 5798 mer-

223 5790 301 5862 sis
335 5790 405 5862 ad
428 5799 609 5846 cutem
637 5790 1128 5862 sectarforcipibus,
1157 5790 1654 5862 etc.,.professione
1685 5795 1811 5861 relic

223 5857 407 5929 gionis
429 5870 670 5934 arrepta,
693 5855 903 5917 viribus
925 5855 1465 5936 potius'resurgentis
1489 5855 1809 5922 innocentia:

671 5953 951 6015 Paraon.
1009 5951 1080 6014 C.

1901 3314 2081 3370 dicina
2132 3314 2447 3382 vulneratis,
2501 3315 2716 3372 alllictis
2765 3317 3099 3383 consolatio,
3146 3325 3347 3388 pastor,
3389 3335 3496 3372 non

1900 3408 2285 3473 mercenarius,
2314 3408 2500 3462 domus
2559 3409 2686 3475 Dei,
2735 3425 2840 3464 non
2891 3408 3139 3481 spelunca
3192 3408 3493 3476 latronum,

1899 3501 2076 3572 palma
2096 3504 2310 3574 ﬂorens,
2330 3503 2465 3558 oliva
2487 3521 2686 3574 semper
2705 3505 2874 3559 virens
2897 3504 3077 3576 (Joan.
3094 3519 3149 3569 x,
3176 3502 3272 3569 12;
3298 3502 3492 3558 Matth.

1899 3604 2016 3657 xx1,
2041 3591 2137 3656 l3;
2164 3590 2313 3647 Psal.
2337 3593 2562 3660 κακῶς
2606 3591 2878 3659 Gen.v111,
2904 3593 3014 3666 ll).
3056 3592 3176 3650 Noli
3215 3592 3495 3649 columbas

1901 3679 1998 3737 Dei
2027 3683 2280 3738 vendere.
2314 3683 2492 3740 Gratis
2519 3685 2611 3750 da,
2641 3685 2780 3757 quod
2805 3687 2968 3757 gratis
2997 3687 3243 3756 accepisti
3275 3684 3492 3759 (Matth.

1901 3789 1958 3839 x,
1983 3775 2059 3848 8).
2084 3774 2616 3846 lrreprehensihilem
2645 3779 2875 3849 tcipsum
2906 3779 2960 3834 in
2991 3779 3246 3834 omnibus
3274 3778 3498 3846 exhibe,

1899 3873 1960 3921 ut
1985 3867 2097 3922 vita
2126 3876 2217 3922 tua
2247 3869 2490 3925 doctrina
2517 3872 2588 3926 sit
2611 3873 2815 3942 pepuli,
2849 3880 2909 3926 ut
2939 3888 3006 3927 ex
3035 3873 3178 3928 bona
3207 3887 3498 3928 conversa-

1905 3957 2047 4012 tione
2095 3965 2186 4012 tua
2233 3959 2572 4015 aediﬁcentur
2615 3961 2832 4031 plurimi
2878 3963 2931 4034 (I
2965 3961 3101 4017 Tim.
3131 3963 3323 4035 111,2).
3355 3963 3498 4034 Lege

1902 4048 2207 4120 diligenter,
2237 4049 2484 4117 obsecro,
2522 4051 2869 4122 Evangelium
2900 4051 3126 4118 Christi,
3158 4053 3324 4107 libros
3363 4068 3499 4123 quo-

1902 4154 2006 4208 que
2057 4139 2192 4193 alios
2237 4141 2510 4196 canonica:
2554 4142 2910 4196 auctoritatis.
2959 4140 3066 4196 Sed
3119 4151 3176 4198 et
3218 4141 3498 4198 Pastorale

1900 4227 2046 4284 beati
2072 4229 2315 4302 Gregorii
2343 4246 2494 4302 papae
2518 4233 2814 4302 saepissime
2838 4241 3206 4303 perscrutare.
3238 4233 3334 4289 llis
3367 4250 3498 4305 epu-

1901 4319 1969 4377 lis
1994 4322 2230 4378 animam
2260 4333 2406 4379 tuam
2432 4341 2616 4395 pasce,
2639 4334 2700 4380 ut
2726 4325 2930 4382 habeas
2955 4327 3099 4383 unde
3121 4327 3256 4384 alios
3278 4343 3496 4398 quoque

1903 4411 2130 4468 reticere
2159 4414 2358 4470 valeas.
2392 4414 2492 4471 Mei
2520 4432 2755 4487 quoque,
2798 4417 3045 4484 obsecro,
3078 4427 3139 4473 ut
3171 4420 3494 4474 memoriam

1905 4503 2110 4560 habeas
2133 4506 2275 4561 inter
2304 4507 2595 4563 missarum
2626 4509 2890 4570 solemnia
2917 4520 2973 4566 et
3000 4527 3186 4568 sacras
3223 4514 3498 4568 orationes

1833 4580 1881 4641 D
1908 4598 2050 4660 tuas,
2074 4603 2135 4649 ut
2172 4595 2352 4651 divina
2380 4596 2664 4654 clementia
2692 4601 2907 4654 veniam
2950 4602 3081 4656 mihi
3124 4611 3493 4673 peccatorum,

1910 4693 1966 4738 et
1993 4699 2249 4741 coronam
2280 4686 2375 4741 tibi
2400 4690 2715 4743 meritorum
2734 4698 2994 4758 praestare
3015 4691 3282 4761 dignetur.

2305 4808 2328 4837 ο
2371 4797 2703 4854 EPISTOLA
2743 4799 3093 4855 CLXXXVII.

2404 4885 2473 4923 AD
2511 4885 2763 4932 QUEIDAI
2799 4886 3000 4926 FILIUM.

1909 4959 2116 5035 Laudat
2165 4959 2410 5032 discipuli
2465 4961 2784 5035 devotionem
2833 4973 2880 5018 et
2928 4965 3195 5035 sapientia:
3239 4967 3490 5023 studium.

1983 5031 2110 5086 Non
2145 5049 2267 5087 suos
2301 5031 2497 5096 mores,
2542 5033 2632 5087 sed
2677 5031 3060 5090 exhortaﬁones
3102 5046 3148 5090 et
3189 5048 3496 5093 sanctorum

1908 5163 2271 5218 convalescat.
2295 5183 2320 5235 si
2347 5162 2449 5219 Ubi
2491 5165 2782 5219 notandum
2833 5174 2946 5231 est,
2995 5176 3206 5224 veteres
3257 5169 3496 5235 Francos

1909 5235 2143 5290 astrictis
2169 5234 2410 5288 vestibus
2433 5250 2576 5290 usos.
2605 5235 2679 5289 De
2699 5237 2894 5306 quibus
2916 5237 3172 5294 Sidonius
3194 5255 3363 5295 carm.
3387 5242 3423 5296 2
3448 5262 3460 5294 :

2096 5311 2328 5376 _S_Irictius
2349 5321 2559 5363 assueta
2580 5322 2746 5364 vestes
2765 5328 2967 5376 procera
2987 5326 3222 5370 coercent

2099 5373 2316 5423 Membra
2337 5377 2510 5424 virum.

1911 5444 2159 5520 Sicutet
2204 5445 2271 5520 de_
2298 5444 2501 5520 Gothis
2536 5446 2790 5520 Sidonius
2830 5448 2921 5503 lib.
2949 5466 3023 5515 1v,
3051 5451 3207 5520 epist.
3237 5451 3324 5507 20.
3374 5450 3497 5509 llaec

1909 5515 2158 5587 Canisius
2183 5517 2275 5584 qui
2305 5516 2459 5587 plura
2489 5518 2592 5572 hoc
2619 5517 2734 5572 loco
2760 5517 2826 5572 de
2858 5515 3220 5575 Romanorum
3249 5537 3310 5576 ac
3344 5532 3496 5580 vete-

1911 5601 2028 5639 rum
2056 5586 2390 5669 Erancorum
2418 5588 2755 5652 vestimentis
2797 5603 2863 5643 ex
2907 5590 3097 5645 eodem
3139 5592 3359 5648 Sidonio
3395 5593 3492 5650 adv

1910 5665 2134 5712 notavit.

1983 5728 2010 5766 ι)
2040 5728 2181 5782 Edit.
2227 5725 2476 5795 Quercet.
2499 5729 2590 5795 47,
2618 5726 2798 5784 Canis.
2825 5727 2894 5786 29
2939 5727 3132 5786 collata
3163 5747 3286 5788 cum
3335 5734 3490 5791 codd.

1910 5797 2247 5874 mss._(Apud
2271 5797 2501 5874 Froben.
2526 5801 2682 5870 epist.
2699 5800 2856 5874 Δ142.)

1981 5877 2004 5907 ο
2035 5868 2286 5953 Quercet.
2314 5869 2418 5926 102
2441 5885 2509 5925 ex
2549 5868 2655 5926 ms.
2687 5868 2871 5944 (Apud
2903 5871 3134 5930 Froben.
3159 5875 3315 5948 epist.
3343 5875 3493 5949 M5.)

3028 5965 3100 6025 15
