4064 6342
578 366 684 438 159

1472 377 1530 434 Β.
1562 377 1632 459 _F.
1671 372 1897 461 ALBlNl
1920 373 2070 467 'SEU
2107 371 2385 431 ALCUINI
2435 370 2724 430 OPERUM
2758 370 2941 428 PARS
2975 364 3018 427 Ι.

3735 360 3836 421 ιω

592 492 595 495 “
650 495 885 569 exempla
918 496 1061 569 sequi
1086 495 1355 559 hortatur;
1381 492 1705 569 commendat
1737 489 2006 545 lectionem
2032 507 2157 569 san-
2183 493 2230 551 Α
2260 497 2315 545 et
2338 489 2660 547 honorificet
2698 489 2841 567 inter
2874 485 3144 552 homines,
3186 491 3244 542 et
3277 482 3449 540 vitam
3489 481 3589 539 tibi
3626 488 3839 554 praestet

598 584 601 589 ‘
649 578 745 641 cra:
777 559 1096 639 Scriptura,
1141 568 1391 623 virtutum
1421 562 1725 618 exercitium
1748 604 1763 629 ,
1793 577 1976 616 curam
2023 559 2155 615 ado—

650 638 952 704 lescentunt,
969 647 1071 693 etc.

651 769 1009 828 Dilectissimo
1048 768 1158 826 tilio
1196 775 1360 839 atque
1393 764 1611 823 amabili
1650 778 1774 820 meo
1811 762 2037 819 Albinus
2071 762 2163 829 ‘sa—

583 862 773 925 lutem.
2076 868 2081 873 ’

596 1044 599 1047 _
652 979 979 1041 Litterarum
1003 976 1174 1035 series
1203 985 1417 1031 tuarum
1443 972 1737 1033 laetiﬁcavit
1772 970 1959 1029 oculos
1986 984 2159 1036 meos,

584 1070 851 1142 aspiciens
878 1071 935 1129 in
962 1068 1040 1135 eis
1067 1067 1224 1123 bonae
1248 1065 1549 1131 devotionis
1579 1063 1855 1129 intuitum,
1882 1069 1937 1117 et
1963 1069 2164 1116 sanctae

584 1160 861 1233 sapientiae
885 1159 1156 1224 decorem,
1188 1164 1349 1227 atque
1386 1155 1441 1210 in
1468 1170 1591 1211 eam
1618 1153 1857 1210 discendi
1888 1167 2159 1217 amorem;

584 1251 727 1323 quod
773 1250 1007 1305 maxime
1047 1248 1155 1303 tuis
1204 1245 1363 1303 modo
1409 1245 1667 1319 competit
1709 1245 1889 1310 annis,
1930 1242 2017 1297 vel
2067 1256 2166 1312 pro

581 1348 796 1395 aeterna:
818 1339 942 1393 vitae
979 1336 1330 1403 beatitudine,
1360 1334 1445 1391 vel
1471 1349 1572 1408 pro
1600 1333 1873 1407 saecularis
1919 1333 2160 1387 honore:

582 1433 708 1502 quia
743 1429 874 1485 nihil
897 1427 1220 1484 laudabilius
1263 1427 1425 1484 estin
1455 1425 1672 1482 homine
1698 1440 1861 1499 quam
1888 1423 2168 1495 sapientiae

582 1518 746 1580 decus
787 1531 846 1591 et
887 1522 1169 1580 charitatis
1213 1516 1455 1577 ali‘ectus.
1502 1516 1656 1589 Quod
1701 1530 1831 1577 vero
1876 1513 2168 1593 postulasti

584 1630 732 1671 meos
756 1614 852 1671 tibi
880 1614 1175 1671 inscribere
1197 1627 1396 1678 mores,
1425 1610 1623 1666 mirum
1650 1610 1893 1681 videtur;
1927 1608 2055 1663 dum
2080 1607 2169 1662 die

582 1715 853 1777 noctuque
896 1720 1110 1765 mecum
1166 1701 1347 1769 fuisti,
1386 1716 1490 1756 nec
1530 1700 1735 1773 aliquid
1788 1698 1888 1754 tibi
1933 1698 2168 1753 celatum

582 1795 703 1864 fuit,
733 1796 863 1868 quid
890 1796 1170 1852 nobiscum
1221 1802 1491 1869 ageretur.
1524 1790 1636 1848 Nec
1663 1791 1884 1863 dignum
1932 1790 2167 1855 videtur,

2266 590 2671 652 sempiternam.

2331 672 2409 728 De
2451 673 2605 728 libris
2637 685 2768 727 vero
2797 683 2934 742 quos
2967 666 3197 741 rogasti,
3242 667 3298 725 id
3334 674 3438 735 est,
3485 666 3542 722 in
3580 664 3845 737 EpiStolas

2260 766 2640 839 Apostolorum
2688 764 2834 820 beati
2882 764 3041 820 Beda:
3095 756 3408 829 tractatum,
3457 770 3483 801 ιι
3528 770 3686 817 soror
3730 774 3847 831 mea

2262 857 2423 932 Gysla
2452 860 2633 915 habet.
2679 858 2819 914 Dum
2864 857 2955 913 illa
2997 856 3237 913 remittet
3285 871 3411 913 eum
3434 854 3591 923 mihi,
3622 853 3846 931 dirigam

2262 952 2433 1008 vobis.
2479 952 2556 1008 De
2580 952 2607 992 δ
2635 950 3015 1007 Benedictione
3061 947 3522 1013 Patria'rcharum,
3567 946 3635 1002 de
3665 945 3850 1016 Quibus

2265 1060 2457 1117 rogare
2479 1044 2573 1100 tibi
2601 1059 2813 1116 quoque
2837 1042 3061 1117 placuit,
3099 1041 3377 1113 composui
3404 1039 3534 1096 olim
3571 1024 3850 1110 epistolam

2266 1060 2457 1117 rogare
2479 1060 2573 1100 um
2601 1060 2813 1116 quoque
2876 1060 3061 1108 lacu“,
3099 1060 3377 1113 composur
3404 1060 3534 1096 omn
3571 1060 3850 1110 eptswiam

2266 1136 2366 1193 sub
2405 1136 2621 1195 nomine
2650 1143 2743 1195 tuo
2775 1146 2797 1173 ε
2831 1060 3210 1205 gamuelisque
3237 1126 3591 1211 condiscipuli
3629 1131 3729 1187 tui.
3758 1129 3852 1187 Ne-

2267 1228 2379 1283 scio
2404 1228 2449 1282 si
2479 1227 2545 1283 de
2570 1241 2634 1285 ea
2662 1225 2967 1301 postulasti,
2996 1227 3110 1282 sive
3130 1226 3197 1284 de
3218 1224 3458 1297 quolibet
3486 1222 3591 1289 alio
3620 1230 3852 1287 auctore.

2267 1316 2345 1373 De
2374 1318 2598 1389 epistola
2626 1317 3004 1391 interrogasti,
3036 1318 3167 1399 quid
3199 1315 3379 1375 esset?
3405 1316 3543 1372 Nam
3569 1318 3658 1375 ini
3689 1332 3854 1389 super,

2269 1412 2422 1470 στόλοι
2449 1411 2657 1467 habitus
2683 1410 2872 1469 Grmce
2903 1410 3119 1471 dicitur.
3151 1410 3307 1475 Unde
3336 1410 3611 1477 Adrianus
3633 1410 3857 1482 impera-

2270 1513 2356 1560 tor
2379 1504 2406 1545 ἀ
2434 1505 2737 1576 Epictetum
2764 1504 3145 1585 philosophum
3173 1506 3318 1559 inter
3334 1500 3467 1562 alias
3491 1501 3859 1573 inquisitiones

2271 1594 2641 1667 interrogavit,
2683 1595 2811 1666 quid
2839 1603 2983 1651 esset
3018 1595 3286 1651 cinctum?
3317 1594 3388 1649 At
3410 1594 3499 1651 ille
3524 1594 3722 1651 videns
3749 1609 3858 1649 eum

2272 1687 2555 1759 epistolam
2590 1704 2755 1744 manu
2800 1695 3095 1753 tenentem,
3144 1688 3465 1765 respondit:
3504 1685 3660 1757 Quod
3712 1701 3857 1741 manu

2271 1789 2429 1835 tenes.
2457 1779 2654 1836 Volens
2677 1779 2996 1852 intelligere,
3029 1779 3181 1853 quasi
3206 1780 3703 1856 supercinctorium
3731 1786 3861 1834 esset

582 1904 705 1945 mea
732 1886 959 1944 multum
982 1896 1036 1953 te
1057 1885 1210 1958 sequi
1231 1886 1367 1943 velle
1393 1885 1643 1958 vestigia,
1673 1883 1777 1939 nisi
1804 1878 1945 1939 forte
1981 1881 2169 1951 admog
2198 1869 2247 1935 Β
2271 1872 2512 1946 epistolae
2533 1873 2787 1946 sigillum,
2809 1889 2916 1949 quo
2936 1889 2967 1929 a
2990 1872 3122 1931 foris
3140 1873 3405 1929 vestiatur
3425 1871 3704 1930 chartula.
3726 1871 3861 1927 Hanc

584 1964 803 2039 hitionis
826 1977 1013 2046 verba,
1038 1992 1161 2051 qua:
1200 1976 1395 2049 saepius
1423 1974 1639 2031 audisti.
1672 1973 1780 2030 Sed
1806 1974 1970 2031 etiam
1998 1973 2172 2045 magis

528 2067 537 2107 ῖη
582 2077 898 2142 sanctorum
924 2077 978 2126 te
1006 2068 1280 2126 instruant
1315 2066 1584 2141 exempla,
1614 2082 1735 2138 quae
1774 2066 1829 2123 in
1859 2065 2063 2121 sanctis
2090 2064 2171 2121 le-

518 2226 539 2263 ι

532 2188 533 2191 η
585 2174 785 2240 guntur
808 2163 1129 2237 Scripturis,
1169 2170 1226 2221 et
1251 2168 1452 2231 nostrae
1477 2163 1603 2219 vitae
1643 2154 2066 2217 stabilimentum
2093 2158 2176 2213 di-

583 2259 863 2333 gnoscitur
888 2271 1028 2319 esse.
1062 2256 1143 2313 Tu
1166 2271 1319 2325 vero,
1344 2255 1422 2323 ﬁli
1451 2255 1791 2320 charissime,
1821 2254 1877 2311 in
1906 2251 2175 2308 charitate

580 2334 824 2425 'teipsum
870 2361 1087 2415 exerce,
1116 2355 1173 2403 et
1214 2348 1270 2405 in
1307 2345 1690 2405 ecclesiasticis
1740 2342 1933 2400 oiliciis
1978 2357 2178 2399 ornare

584 2440 752 2497 vitam
780 2446 929 2495 tuam
958 2445 1261 2506 memento;
1291 2436 1503 2509 vigilias
1530 2444 1587 2492 et
1621 2436 1893 2491 orationes
1918 2433 2175 2504 frequen-

586 2539 710 2587 tans
749 2538 808 2587 et
847 2530 904 2593 in
952 2530 1198 2587 lectionis
1226 2530 1403 2586 studio
1446 2531 1533 2587 die
1588 2538 1858 2599 noctuque
1904 2528 2176 2585 desudans

584 2634 829 2693 quaerere
848 2616 1055 2694 [Forte,
1082 2619 1286 2694 quaere]
1316 2620 1592 2676 Christum
1621 2620 1675 2675 in
1705 2620 1900 2675 litteris
1939 2619 2176 2690 prophe-

587 2720 765 2767 tarum
782 2711 1175 2784 praedictum,et
1201 2712 1255 2767 in
1281 2711 1591 2784 evangelica
1630 2719 1911 2771 ostensum
1940 2710 2179 2766 auctori-

587 2813 716 2860 tate.
743 2802 813 2859 Et
837 2802 963 2857 dum
999 2804 1232 2859 invenias
1260 2818 1420 2872 eum,
1449 2819 1559 2858 non
1601 2804 1811 2859 amittas
1849 2820 1968 2858 eum
1996 2801 2173 2875 (Cant.

591 2911 676 2962 tu,
701 2894 789 2969 4);
818 2895 909 2951 sed
933 2895 1174 2951 introduc
1193 2912 1314 2951 eum
1342 2896 1399 2951 in
1428 2895 1646 2952 domum
1667 2895 1849 2951 cordis
1879 2894 1978 2962 tui,
2000 2901 2057 2949 et
2080 2895 2178 2949 ha-

586 2988 714 3045 beto
741 3005 869 3045 eum
891 2996 1161 3049 rectorem
1183 2989 1309 3047 vitae
1332 2996 1456 3045 tuae.
1481 2989 1619 3045 Ama
1647 3005 1772 3046 eum
1797 2988 1938 3045 sicut
1964 2986 2179 3044 redem-

587 3090 829 3155 ptorem,
873 3081 1397 3156 gubernatoremque
1447 3090 1598 3139 tuum
1617 3122 1632 3153 ,
1682 3080 2031 3151 omniumque
2082 3077 2180 3132 tibi

588 3174 899 3248 largitorem
925 3175 1210 3234 bonorum.
1241 3172 1459 3234 Custodi
1485 3173 1738 3231 mndata
1760 3173 1906 3231 illius
1937 3172 1992 3246 (Ι
2015 3172 2176 3227 Joan.

2274 1963 2474 2025 habeto
2513 1968 3037 2040 interpretationem,
3086 1967 3261 2025 donec
3302 1966 3583 2023 meliorem
3627 1964 3861 2035 invenias

2274 2063 2360 2119 vel
2383 2063 2671 2120 veriorem.

2649 2164 2673 2193 θ
2704 2151 2856 2210 EPIS
2864 2152 3044 2212 TOLA
3071 2150 3443 2210 CLXXXVIII.

2760 2265 2828 2304 ΔΙ)
2867 2264 3049 2304 Ριιιωί
3088 2263 3381 2303 ιεῦειοτωι.

2279 2336 2499 2401 Solatur
2514 2338 2690 2408 illum,
2715 2347 2762 2395 et
2781 2340 3024 2394 hortatur
3042 2339 3112 2393 ad
3126 2338 3504 2410 confessionem
3520 2334 3860 2411 peccatorum.

2284 2438 2285 2441 “
2344 2430 2677 2489 Charissimo
2713 2433 2852 2489 Filio
2876 2432 3051 2489 unicae
3071 2431 3377 2499 dilectionis
3404 2432 3458 2488 in
3485 2430 3693 2488 Christi
3720 2430 3866 2488 bene-

2279 2524 2516 2580 dictione
2544 2524 2794 2582 salutem.

2346 2617 2625 2674 Festinavi
2666 2618 2880 2675 obviam
2911 2626 3106 2676 vestrae
3134 2616 3434 2676 dulcedinis
3466 2620 3794 2695 praesentiae,
3819 2624 3867 2674 et

2278 2725 2406 2766 ecce
2422 2718 2665 2766 mutuata
2687 2707 2939 2785 [mutata]
2964 2712 3081 2767 vice
3092 2727 3192 2784 pro
3208 2711 3394 2789 laetitia
3416 2711 3642 2771 visionis
3656 2720 3864 2776 vestrae,

2280 2800 2514 2858 tristitiae
2539 2800 2783 2857 chartula
2807 2804 3041 2870 advenit,
3083 2813 3320 2861 vestram
3356 2804 3681 2860 denuntians
3709 2804 3868 2876 lacry—

2280 2891 2464 2949 mabili
2496 2900 2645 2953 textu
2676 2892 3070 2962 inﬁrmitatem,
3109 2897 3494 2969 propemodum
3523 2904 3578 2952 te
3612 2896 3667 2953 in
3696 2895 3869 2953 limine

2280 2985 2443 3061 hujus
2468 2986 2593 3041 vitae
2627 2987 2931 3057 suspirare;
2966 2988 3058 3043 sed
3085 2996 3350 3059 quantum
3373 2987 3439 3042 de
3467 2995 3561 3043 tuo
3582 2988 3869 3043 contristor

2281 3078 2491 3145 labore,
2519 3085 2730 3135 tantum
2760 3078 2826 3135 de
2851 3079 3030 3135 divina
3053 3080 3297 3137 laetiﬁcor
3321 3080 3544 3152 pietate,
3569 3080 3665 3152 qui
3691 3088 3745 3134 te
3771 3088 3893 3138 tam.

2286 3171 2540 3227 diuturna
2569 3172 2883 3229 inﬁrmitate
2910 3174 3144 3242 decoxit,
3174 3182 3235 3230 ut
3256 3174 3444 3251 purior
3465 3188 3730 3245 appareas
3753 3186 3871 3229 oon-

591 3285 648 3339 v,
669 3240 732 3337 3;
766 3240 958 3326 Matth.
986 3285 1104 3338 xxx,
1132 3267 1247 3346 i'l),
1276 3270 1405 3345 quia
1430 3270 1490 3326 in
1536 3269 1642 3327 illis
1686 3270 1799 3326 vita
1826 3274 1912 3326 est
1946 3240 2173 3322 aeterna.
2202 3240 2252 3306 ο
2284 3264 2490 3339 Spectui
2521 3263 2681 3321 illius.
2706 3263 2903 3321 Beatus
2926 3265 3108 3331 homo,
3131 3240 3229 3335 qui
3250 3240 3549 3337 corripitur
3559 3280 3587 3325 a
3612 3263 3869 3326 Domino;

593 3359 662 3415 Et
705 3370 904 3434 magna
949 3356 1273 3419 discretione
1310 3361 1542 3433 teipsum
1586 3361 1966 3432 circumspice,
1997 3358 2178 3416 consi-

578 3446 790 3508 derans
833 3451 963 3523 quid
1013 3452 1312 3523 agendum,
1356 3444 1444 3510 vel
1492 3454 1621 3525 quid
1670 3451 1831 3527 205
1878 3440 2180 3513 cavendum

592 3543 937 3616 praecipiatur
984 3542 1100 3598 tibi.
1141 3542 1211 3599 Et
1249 3544 1510 3617 quidquid
1555 3545 1813 3615 accepisti
1841 3560 1872 3605 a
1898 3544 2178 3615 magistro,

594 3635 681 3691 vel
706 3633 910 3706 Spiritu
932 3634 1226 3707 inspirante
1252 3644 1442 3693 sancto
1469 3635 1745 3707 intelligis,
1773 3634 1931 3693 trade
1958 3634 2184 3705 diligen-

596 3727 827 3794 tissime,
857 3735 912 3783 et
949 3726 1110 3794 doce;
1138 3734 1201 3784 ut
1225 3727 1324 3783 tibi
1348 3741 1561 3798 semper
1598 3733 1861 3798 augeatur
1884 3724 2183 3795 intelligen-

598 3822 689 3880 tia:
715 3821 937 3889 donum,
958 3821 1085 3892 quia
1122 3820 1273 3878 omni
1309 3820 1529 3878 habenti
1568 3819 1784 3876 dabitur
1812 3816 2026 3891 (Matth.
2052 3832 2182 3883 xm,

600 3911 715 3988 12),
742 3913 797 3970 id
822 3921 926 3981 est,
956 3912 1187 3970 docendi
1209 3913 1450 3970 studium
1472 3911 1696 3970 habenti
1721 3918 1951 3982 augetur
1983 3908 2183 3966 intei-

600 4005 763 4080 gendi
792 3996 1042 4062 scientia.

669 4096 800 4153 Esto
819 4093 1145 4168 pauperibus
1180 4101 1238 4152 et
1262 4094 1477 4153 miseris
1500 4093 1654 4166 quasi
1680 4098 1857 4165 pater,
1884 4088 2104 4147 humilis
2130 4089 2186 4145 in

600 4187 978 4255 ministrando,
1000 4186 1185 4261 largus
1202 4186 1258 4243 in
1278 4186 1476 4253 dando,
1499 4192 1768 4258 quatenus
1788 4183 1998 4243 illorum
2023 4181 2186 4238 bene-

604 4280 769 4337 dictio
794 4281 981 4336 veniat
1017 4295 1179 4353 super
1206 4284 1280 4335 te.
1322 4277 1734 4348 Admoneasque
1761 4273 2188 4334 adolescentulos

605 4371 699 4444 qui
726 4378 904 4427 tecum
943 4378 1069 4427 sunt
1095 4372 1162 4428 de
1189 4370 1435 4431 caStitate
1461 4370 1707 4440 corporis
1735 4369 1841 4437 sui,
1887 4369 1955 4426 de
1976 4367 2188 4425 confes-

607 4459 760 4517 sione
778 4466 1123 4531 peccatorum
1149 4474 1392 4526 suorum,
1407 4458 1475 4514 de
1493 4460 1809 4519 assiduitate
1835 4459 2099 4525 discendi,
2124 4459 2191 4514 de

606 4551 1018 4609 conversatione
1044 4550 1246 4617 sobria,
1271 4551 1339 4607 de
1375 4550 1636 4607 ebrietate
1660 4552 1918 4618 cavenda,
1947 4552 2014 4609 de
2035 4551 2189 4606 luxu-

611 4644 695 4700 ria
721 4641 993 4716 fugienda,
1023 4642 1090 4697 de
1114 4641 1353 4697 vanitate
1372 4641 1532 4710 hujus
1560 4641 1743 4698 saeculi
1763 4657 1872 4699 non
1893 4643 2185 4712 sequenda.

612 4733 722 4791 Sed
745 4724 955 4789 discant
970 4733 1023 4788 in
1041 4732 1423 4798 adolescentia,
1446 4740 1507 4787 ut
1520 4732 1773 4799 habeant,
1799 4716 1943 4804 quod
1965 4734 2194 4789 doceant

615 4828 671 4885 in
722 4834 1015 4884 senectute.
1065 4826 1324 4883 Det’erant
1377 4825 1523 4882 enim
1568 4827 1803 4882 honores
1851 4826 2194 4895 senioribus,

612 4925 796 4975 ament
833 4931 965 4974 vero
1005 4915 1370 4973 ecclesiastica
1400 4902 1637 4972 'ofﬁcia..
1668 4916 1812 4989 Ergo
1858 4917 2095 4987 prtevide
2135 4922 2199 4971 ut

613 5011 755 5066 bona
782 5008 1001 5065 videant
1027 5007 1085 5063 in
1107 5016 1159 5064 te
1179 5009 1426 5080 exempla
1450 5025 1575 5066 cum
1597 5019 1906 5067 sanctorum
1941 5011 2199 5067 exhorta-

616 5104 761 5159 tione
778 5101 1087 5157 verborum.
1111 5100 1216 5156 Pro
1236 5100 1539 5170 hujusmodi
1567 5103 1824 5175 religione
1844 5110 1900 5157 et
1919 5100 2201 5157 devotione

612 5193 709 5249 Dei
760 5192 1145 5265 omnipotentis
1194 5199 1249 5249 te
1289 5195 1460 5267 gratia
1498 5202 1862 5266 consequatur
1899 5202 1955 5251 et
1976 5192 2197 5260 exultet,

686 5319 713 5347 α
741 5306 908 5381 Soror
940 5322 1057 5361 mea
1099 5306 1283 5381 Gysla.
1321 5308 1436 5381 [loc
1470 5310 1537 5381 de
1571 5309 1729 5381 Gisia
1756 5309 1996 5381 intelligo
2021 5307 2202 5366 Caroli

617 5377 793 5449 Magni
818 5377 1177 5449 sorore;gnon
1210 5379 1277 5434 de
1310 5378 1459 5434 Gisia
1484 5379 1627 5435 illius
1662 5379 1791 5435 ﬁlia.
1824 5377 1959 5437 Vid.‘
1970 5389 2128 5437 notas
2146 5381 2204 5435 in

619 5446 776 5520 epist.
802 5447 905 5503 126
935 5448 1005 5520 ad
1026 5446 1251 5520 Gislam.

691 5519 719 5559 δ
744 5518 969 5591 constat
988 5519 1151 5591 igitur
1168 5518 1454 5591 Alcuinum
1473 5521 1755 5591 scripsisse
1772 5521 1850 5576 De
1868 5521 2073 5577 Bened.
2100 5519 2204 5591 Pa-

623 5590 877 5659 triarcb.;
910 5590 1005 5645 sed
1034 5591 1293 5659 epistola,
1316 5590 1468 5659 cujus
1489 5590 1876 5658 hic’meminit,
1907 5590 2200 5647 intercidit.

694 5671 715 5698 ο
738 5658 1030 5733 Samuelis.
1055 5661 1200 5717 Illius
1222 5658 1492 5733 fortassis,
1520 5662 1610 5733 qui
1635 5671 1823 5733 postea
1853 5662 2027 5718 factus
2048 5659 2208 5733 Wor-

621 5729 902 5814 matieusis
928 5731 1233 5814 episcopus,
1265 5732 1484 5814 ‘Rabani
1538 5729 1732 5814 Mauri,
1772 5734 1841 5814 ad
1882 5748 2047 5814 quem
2090 5732 2208 5787 haec

623 5800 849 5879 epistola
868 5800 987 5879 dari
1007 5800 1182 5873 potuit
1200 5803 1307 5879 sub
1320 5802 1546 5879 Alcuino
1567 5800 1984 5879 condiscipulus.
2008 5804 2085 5861 De
2099 5818 2207 5874 quo

592 5868 1393 5937 ⁴ἰίίθιιιΚαὶιειιλιὶειιαιηιιλίε,
1808 5868 1860 5885 ”’

2278 3355 2513 3435 ﬂagellat
2553 3372 2672 3411 vero
2701 3373 2907 3415 omnem
2945 3357 3142 3426 ﬁlium,
3168 3374 3322 3430 quem
3354 3358 3533 3428 recipit
3561 3355 3753 3429 (Hebr.
3776 3370 3870 3420 nt,

2282 3445 2359 3519 6).
2386 3446 2513 3503 Haec
2537 3461 2660 3519 spes
2696 3456 2748 3504 te
2783 3448 3107 3512 consoletur,
3138 3449 3461 3513 charissime
3480 3447 3578 3513 liii,
3602 3447 3729 3509 etsi
3753 3444 3873 3518 quid

2284 3540 2465 3597 saeculi
2488 3540 2542 3595 in
2568 3548 2710 3596 tuam
2733 3540 2979 3597 deveniat
2999 3549 3343 3615 potestatem,
3367 3541 3523 3612 quasi
3549 3540 3769 3599 obsides
3786 3553 3872 3611 pa-

2284 3632 2364 3690 cis
2381 3633 2647 3705 praemitte
2668 3631 2749 3705 [Μ
2752 3650 2795 3687 s.
2801 3632 3152 3707 promittere]
3172 3633 3237 3693 ad
3252 3634 3563 3699 Dominum,
3583 3641 3643 3691 et
3659 3632 3872 3701 diligen-

2288 3732 2373 3780 ter
2399 3723 2787 3781 minutissimas
2806 3740 3048 3795 quasque
3073 3726 3361 3783 verborum
3392 3732 3447 3781 et
3466 3725 3871 3798 cogitationum,

2285 3815 2398 3874 imo
2446 3828 2501 3873 et
2540 3814 2805 3874 factorum
2850 3820 3037 3875 sordes
3066 3818 3209 3891 apud
3245 3818 3613 3884 coniessorem
3672 3818 3873 3877 ﬁdelem

2288 3918 2341 3966 et
2366 3909 2707 3982 prudentem,
2754 3914 3051 3969 secundum
3084 3921 3235 3973 tuam
3275 3915 3693 3983 conscientiam,
3737 3912 3873 3986 puri-

2288 3999 2413 4068 iica,
2443 4010 2503 4057 ut
2544 4002 2679 4058 nihil
2728 4012 3030 4071 remaneat,
3083 4004 3137 4060 in
3186 4021 3296 4077 quo
3346 4006 3617 4081 malignus
3654 4015 3709 4065 te
3742 4002 3875 4081 apud

2290 4108 2559 4149 summum
2600 4093 2842 4155 Judicem
2869 4096 3071 4160 habeat
3099 4082 3379 4159 accusare.
3412 4100 3471 4167 in
3500 4099 3732 4155 Domino
3756 4097 3875 4153 Jesu

2290 4182 2584 4239 fortissima
2612 4201 2706 4257 spe
2735 4186 2965 4255 confide,
2995 4190 3087 4259 qui
3116 4191 3186 4255 ad
3215 4207 3379 4253 unam
3406 4190 3769 4248 confessionis
3786 4205 3873 4246 vo-

2289 4289 2408 4330 cem
2448 4276 2645 4333 latroni
2669 4278 2980 4349 paradisum
3006 4283 3254 4353 promisit
3290 4300 3306 4338 :
3336 4290 3392 4339 et
3412 4284 3457 4345 si
3489 4283 3632 4341 illius
3654 4284 3878 4341 clemen-

2289 4366 2386 4437 tia,
2413 4382 2534 4439 quae
2557 4370 2801 4426 occidere
2827 4371 2965 4427 solet
3003 4381 3057 4429 et
3077 4373 3376 4443 viviﬁcare,
3419 4382 3472 4433 te
3500 4375 3557 4432 in
3593 4377 3874 4447 pristinum

2291 4459 2542 4517 sanitatis
2566 4458 2806 4517 ofﬁcium
2832 4477 3091 4523 revocare
3129 4466 3282 4533 velit,
3328 4466 3451 4525 talis
3471 4475 3593 4523 esto
3622 4467 3873 4530 moribus,

2293 4554 2468 4623 qualis
2513 4571 2657 4610 nunc
2700 4555 3003 4623 voluntate;
3050 4566 3107 4613 et
3157 4559 3283 4614 talis
3310 4568 3439 4614 tunc
3483 4575 3676 4630 opere,
3710 4558 3878 4629 qualis

2294 4662 2441 4705 nunc
2467 4650 2816 4721 cogitatione,
2841 4658 2904 4705 ut
2943 4651 3039 4706 tibi
3065 4652 3121 4706 in
3155 4651 3384 4708 salutem
3407 4652 3662 4724 proﬁciat
3689 4665 3878 4724 perpe-

2297 4749 2466 4807 tuam,
2496 4742 2608 4798 sive
2649 4743 2979 4800 inﬁrmitatis
3002 4744 3174 4811 labor,
3205 4747 3320 4801 sive
3357 4746 3609 4802 sanitatis
3636 4745 3875 4803 eﬂ'ectus.

2295 4830 2475 4887 Habes
2493 4847 2600 4898 me,
2626 4829 2889 4904 quantum
2925 4836 3100 4902 valeo,
3135 4836 3346 4893 ﬁdeicm
3374 4838 3490 4895 sive
3515 4839 3571 4893 in
3610 4839 3716 4895 iter
3756 4836 3881 4893 illud

2298 4924 2539 4981 terribile
2574 4925 2905 4996 adiutorem;
2929 4930 3042 4986 sive
3074 4930 3132 4986 in
3166 4930 3290 4986 vita:
3325 4931 3608 5002 praesentis
3636 4928 3879 4986 solatium

2300 5016 2723 5074 consiliatorem.

2371 5106 2522 5175 Quod
2550 5124 2679 5164 vero
2715 5119 2807 5167 tua
2852 5112 3132 5187 inquisivit
3168 5114 3410 5179 charitas
3449 5115 3519 5172 de
3544 5114 3774 5177 duorum
3807 5110 3885 5165 di-

2302 5199 2501 5255 stantia
2532 5198 2796 5267 locornm,
2834 5202 2890 5259 id
2914 5209 3022 5267 est,
3052 5204 3167 5260 sive
3189 5205 3247 5260 in
3282 5206 3544 5261 canonica
3592 5204 3745 5268 sede,
3776 5200 3888 5256 sive

2303 5316 2551 5380 Quondam
2578 5330 2786 5377 namque
2811 5330 2977 5379 meum
2999 5320 3272 5380 gaudebam
3294 5326 3346 5375 te
3373 5333 3485 5370 esse
3517 5318 3757 5380 sodalem,
3787 5324 3885 5369 etc.

2304 5378 2443 5450 Quod
2467 5379 2707 5450 quondam
2724 5380 2887 5450 docuit
2913 5378 3115 5431 Albinus
3137 5384 3236 5433 rite
3255 5383 3492 5450 magister

2304 5439 2410 5488 Hoc
2435 5447 2606 5501 pectus
2627 5448 2816 5502 teneat,
2843 5446 2942 5492 etc.

2373 5520 2403 5596 tl
2419 5521 2733 5596 Epictetum.
2747 5522 2986 5596 Respicit
2997 5523 3253 5583 Alculnus
3267 5526 3616 5596 quaestionem
3632 5518 3857 5587 Adriani
3874 5536 3887 5571 ε

2306 5590 2442 5660 Quid
2461 5590 2577 5670 erit
2598 5590 3121 5670 nobis,_si_cinctn_m
3148 5590 3356 5670 solvas?
3383 5594 3481 5670 cui
3507 5596 3893 5670 Epictetus_re-_

2307 5663 2565 5733 spondit:
2598 5663 2836 5788 Egistoia
2879 5672 2977 5719 est.
3024 5665 3157 5725 Vide
3198 5662 3615 5725 Altercationé‘m
3662 5662 3893 5721 Adriani

2307 5732 2529 5788 Augusti
2558 5742 2612 5788 et
2676 5734 2876 5788 nicteti.
2904 5734 3244 5788 Bibliotheca?
3271 5737 3470 5788 Graiae
3498 5734 3725 5788 Fabricii
3754 5743 3893 5788 tom.

2306 5732 2529 5796 Augusti
2558 5742 2612 5788 et
2631 5732 2876 5796 Epicteti.
2904 5734 3244 5794 Bibliotheca?
3271 5737 3470 5794 Grtecae
3498 5734 3725 5796 Fabricii
3754 5743 3893 5791 tom.

2310 5802 2852 5945 XIiLgtigiﬁestt
3025 5806 3129 5863 565
3158 5808 3299 5871 inter
3326 5816 3506 5869 notas.
