4064 6342
237 331 322 396 ιθι

234 552 466 619 spectare
512 547 873 620 spiraculum?
898 550 1097 624 ubique
1137 548 1281 609 Deus
1307 560 1411 621 θεῖ,
1443 568 1535 625 qut
1580 554 1801 610 merito-

231 655 338 696 rum
364 641 562 711 magis,
588 658 750 713 quam
771 642 1014 700 locorum
1042 646 1351 702 considerat
1374 645 1717 719 qualitatem;
1745 652 1801 704 et

230 730 269 795 si
294 730 392 785 sub
416 732 597 787 orario
617 732 737 804 plus
759 732 1041 805 laborasti,
1073 753 1234 809 quam
1261 738 1363 794 sub
1383 738 1569 796 cucula
1591 740 1644 795 in
1685 757 1802 796 ser-

226 821 344 896 vitio
382 821 500 890 Dei,
530 825 657 896 quid
679 841 856 882 causa:
877 835 980 894 est,
1010 828 1066 883 in
1091 826 1318 884 articulo
1345 829 1534 885 mortis
1556 830 1629 885 tui
1651 828 1799 887 labo-

226 892 564 988 risinsignes
579 916 718 990 [loco
746 892 997 993 insignia]
1029 917 1281 990 abjicere,
1308 932 1362 977 et
1402 922 1623 979 alterius
1652 938 1797 995 quae-

224 1024 331 1064 rere
363 1008 660 1078 judicium?
683 1011 798 1067 Nisi
839 1012 978 1069 forte
1005 1014 1107 1069 sub
1127 1014 1336 1082 cucula,
1360 1014 1451 1091 [si]
1474 1016 1586 1071 Deo
1630 1018 1794 1072 mise-

223 1107 365 1156 rante
391 1100 461 1155 ab
480 1099 584 1158 hac
610 1102 960 1160 convalescas
982 1102 1319 1174 inﬁmitate,
1351 1106 1585 1162 militare
1614 1104 1795 1181 dispo-

218 1197 293 1251 nis
322 1211 337 1250 :
373 1204 554 1252 tamen
588 1199 845 1269 quamdiu
869 1199 1043 1266 vivas,
1076 1201 1130 1256 in
1160 1200 1418 1272 majorem
1460 1212 1660 1259 sancte
1697 1198 1792 1258 Dei

217 1284 464 1344 Ecclesiae
492 1288 795 1361 profectum
824 1299 928 1347 tua:
955 1293 1295 1366 cogitationis
1340 1294 1510 1366 dirige
1550 1294 1793 1349 volunta-

216 1390 310 1438 tem
339 1402 352 1437 :
385 1385 694 1441 orationum
736 1384 900 1459 igitur
921 1401 1085 1442 causa
1110 1394 1165 1441 et
1188 1383 1301 1460 [ob]
1325 1385 1577 1442 fratemaa
1626 1387 1793 1441 inter-

213 1473 465 1530 cessionis
504 1474 754 1532 solatium
799 1491 922 1532 cum
965 1477 1246 1533 monachis
1295 1477 1540 1549 corporis
1577 1476 1792 1549 requies

211 1565 440 1636 Optanda
470 1566 594 1621 esSe
620 1567 857 1637 videtur.

274 1656 326 1730 Si
368 1648 501 1730 quid
524 1675 810 1731 perperam
851 1660 983 1729 dixi,
1013 1674 1124 1716 non
1161 1658 1304 1715 mala
1348 1656 1645 1726 voluntate,
1694 1659 1791 1717 sed

208 1750 471 1822 imperitia
517 1766 605 1806 me
654 1750 934 1808 arbitreris
983 1752 1130 1823 loqui
1164 1759 1262 1807 :tu
1298 1765 1431 1808 vero
1455 1750 1789 1809 consiliarios

206 1850 399 1910 tecum,
439 1844 572 1911 scio,
606 1844 724 1915 pios
752 1852 808 1900 et
843 1843 1138 1916 prudentes
1178 1843 1365 1911 habes,
1398 1859 1627 1915 quorum
1656 1860 1787 1901 con-

203 1931 317 1988 silio
346 1932 417 1987 ad
452 1933 681 1990 salutem
709 1935 902 1991 anima:
926 1941 1033 1990 tua}
1057 1933 1139 1990 uti
1179 1940 1357 1991 ratum
1398 1949 1521 1991 esse
1542 1934 1781 2003 videtur;

202 2038 319 2079 mea
343 2039 475 2080 vero
497 2025 736 2096 parvitas
769 2043 1048 2098 nunquam
1070 2041 1102 2081 a
1131 2034 1316 2083 vestra
1356 2027 1562 2084 recedit
1606 2027 1787 2083 chari-

203 2122 329 2182 tate,
356 2125 413 2171 et
435 2116 502 2184 si,
545 2123 605 2173 ut
626 2119 801 2186 decet,
834 2116 1131 2192 intelligere
1179 2128 1431 2191 nequeat,
1479 2128 1683 2188 tamen,
1725 2127 1788 2176 ut

198 2205 381 2275 debet,
417 2208 727 2265 desiderare
770 2226 877 2265 non
916 2217 1110 2267 cessat.
1162 2210 1311 2282 Rogo
1344 2219 1403 2265 ut
1426 2212 1682 2281 quidquid
1717 2212 1785 2268 de

198 2306 286 2353 tua
311 2301 526 2355 eveniat
551 2302 682 2367 vita,
721 2301 881 2356 citius
901 2312 989 2355 me
1012 2310 1339 2372 cognoscere
1365 2300 1556 2367 facias,
1586 2310 1647 2357 ut
1670 2303 1784 2358 sive

184 2389 485 2447 abeuntem
529 2390 846 2463 lacrymosis
881 2406 1182 2462 prosequar
1227 2393 1704 2448 intercessionibus
1730 2405 1778 2448 ι.

186 2478 308 2536 Deo
337 2480 632 2536 miserante
661 2481 777 2536 dies
804 2487 1036 2537 aeternos
1074 2481 1161 2539 vel
1210 2483 1537 2556 temporales
1579 2484 1783 2540 habeas

186 2588 416 2645 semper
440 2572 622 2632 felices
642 2575 697 2630 in
727 2574 965 2632 Christo.

611 2686 641 2728 ι’
663 2685 999 2744 EPISTOLA
1034 2684 1365 2745 CLXXXIX.

785 2816 854 2854 AD
891 2815 1185 2859 ANTONIUH.

194 2909 544 2987 Conqueritur
574 2910 641 2967 de
676 2912 760 2965 sui
794 2911 1075 2987 obliuione,
1101 2912 1401 2987 spectacula
1431 2914 1693 2987 reprobat,
1729 2925 1779 2974 et

458 2980 691 3038 Homero
718 2999 773 3039 se
797 2982 861 3037 de
888 2984 952 3041 iis
974 2980 1241 3056 scripsisse
1266 2987 1411 3053 dicit,
1442 2980 1546 3042 etc.

261 3106 284 3134 ε
310 3093 549 3152 Antonio
570 3095 797 3153 Albinus
814 3096 1065 3154 salutem.

256 3185 440 3254 Quam
460 3188 621 3260 plana
658 3188 747 3244 via
771 3186 965 3246 fuisset
982 3204 1079 3261 per
1101 3189 1130 3231 ἀ
1159 3189 1351 3246 bellica
1388 3206 1519 3246 rura
1553 3191 1622 3247 ad
1651 3206 1774 3248 cur-
1800 3200 1850 3266 ο

194 3281 415 3336 randum
463 3281 551 3337 vel
587 3282 658 3339 ad
691 3281 979 3339 volantium
1018 3284 1301 3341 charitatis
1324 3285 1553 3356 pennis!
1589 3284 1777 3340 Timeo
1833 3333 1837 3337 .

193 3386 255 3427 ne
275 3371 420 3428 forte
447 3371 632 3428 fracta:
652 3372 761 3428 sint
789 3371 907 3440 alas,
940 3388 1060 3443 quae
1084 3389 1152 3431 ex
1175 3375 1275 3441 eis,
1306 3381 1368 3428 ut
1393 3374 1532 3442 aliae,
1565 3375 1774 3446 potuis-

190 3475 304 3521 sent
342 3465 537 3522 inseri.
580 3466 707 3525 Ideo
754 3466 913 3523 nidus
940 3475 1199 3538 paternus
1230 3482 1340 3523 non
1378 3469 1648 3536 visitatur,
1676 3484 1778 3526 nee

192 3558 372 3615 saltem
398 3557 653 3615 columba
678 3556 925 3630 pedibus,
942 3565 1004 3613 ut
1023 3559 1295 3630 quondam
1316 3560 1372 3614 in
1393 3559 1602 3616 Gmcia
1630 3560 1777 3633 lega-

192 3648 273 3715 tis,
322 3648 488 3706 affert
531 3648 817 3704 litterulas.
866 3644 1005 3716 Quid
1049 3650 1118 3705 ad
1164 3648 1280 3705 haec
1329 3649 1411 3707 sic
1452 3650 1628 3708 iturus
1674 3649 1775 3707 Or-

192 3739 386 3809 pheus?

432 3849 723 3917 grpheus...
746 3854 880 3917 inter
897 3851 1155 3917 delphinas
1183 3853 1346 3903 Orion.
1432 3912 1437 3917 _

431 3913 662 3966 Vertitur
686 3915 891 3966 (enormi
915 3913 1109 3979 fundus,
1132 3917 1378 3966 sententia
1400 3913 1555 3976 nobis,

253 4016 418 4090 206
448 4016 561 4090 Ego
595 4016 743 4086 ludo,
771 4033 871 4091 ego
902 4020 1043 4075 serie
1072 4017 1280 4091 [Forte,
1308 4019 1475 4092 serio]
1504 4018 1774 4076 dormien-

194 4116 291 4164 tem
314 4111 522 4183 saepius
560 4111 822 4166 suscitare
866 4111 1037 4167 nisus.
1067 4110 1175 4166 Sed
1198 4128 1299 4169 nec
1324 4121 1580 4169 cantante
1607 4113 1773 4169 salta-

191 4204 295 4256 tum
320 4212 435 4270 est,
468 4217 567 4258 nec
588 4202 873 4273 plangente
896 4201 1271 4256 lamentatum.

367 4315 551 4367 Omnia
570 4315 649 4366 vel
674 4302 890 4365 medium
914 4313 1029 4365 ﬁant
1053 4326 1211 4378 mare,
1236 4314 1387 4368 vivite
1411 4316 1569 4377 silvae,

192 4413 325 4486 Dixit
349 4434 549 4477 amans
576 4418 851 4493 spernenti
879 4434 960 4477 se.
987 4420 1135 4477 Idem
1158 4420 1214 4476 in
1239 4421 1429 4477 eodem
1457 4421 1622 4477 Poeta
1649 4440 1661 4452 ·
1752 4486 1758 4491 η

255 4588 279 4648 ει
303 4576 403 4634 Hic
440 4576 645 4648 aliquid
667 4578 857 4634 deesse
872 4578 1106 4634 videtur.

195 4647 287 4772 ΗΞ
308 4649 459 4772 fidit.
492 4647 744 4717 Quercet.
780 4650 881 4705 107
908 4666 977 4707 ex
1004 4666 1107 4706 ms.
1145 4649 1321 4723 (Apud
1347 4648 1578 4707 Froben.
1606 4654 1772 4726 epist.

254 4717 550 4865 ἔζη-τρηξο
598 4788 714 4865 Hoc
743 4789 959 4865 nomine
992 4792 1222 4848 ascititio
1248 4793 1487 4865 appellat
1512 4794 1776 4853 Adalhar—

192 4857 306 4929 dum
360 4862 618 4916 abbatem
665 4861 1069 4929 Corbeiensem,
1129 4871 1188 4917 ut
1236 4857 1523 4921 Pascasius
1569 4867 1622 4921 in
1655 4870 1775 4924 Vita

189 4924 479 4987 Adalhardi
534 4947 679 4986 num.
712 4932 774 4987 21
822 4924 1065 4987 testatur
1089 4933 1176 4989 his
1220 4937 1444 4991 verbis:
1485 4956 1501 4988 t
1546 4938 1627 4993 Ob
1670 4940 1775 4995 hoc

191 5008 360 5081 autem
386 5002 735 5081 Adalhardus
764 5001 832 5057 ab
862 5003 1150 5081 aliquibus,
1181 5015 1241 5059 ut
1264 5006 1502 5081 epistola}
1533 5011 1776 5081 magistri

189 5065 354 5140 Albini
410 5071 627 5140 ferunt,
682 5065 967 5129 Antonius'
996 5065 1315 5130 vocabatur:
1349 5097 1367 5129 ι
1401 5078 1599 5134 Mabill.
1621 5065 1770 5136 vAct.

192 5132 369 5221 Sang.
399 5158 539 5221 εεςρ..
558 5132 878 5221 tv'Bened.,_
892 5152 1033 5221 part.
1067 5161 1109 5211 ι,
1136 5160 1259 5221 pag.
1292 5148 1415 5202 516.

253 5210 278 5287 tl
312 5210 420 5287 Per
445 5212 656 5287 [belgica
681 5210 826 5268 rura.
856 5210 935 5269 Ita
952 5210 1244 5287 legentium
1266 5226 1394 5287 puto
1420 5218 1541 5275 loco
1569 5221 1771 5279 bellica.

189 5272 436 5354 lbienim
464 5272 689 5340 Coiiieia
715 5294 906 5354 vetus;
948 5272 1431 5354 ibiupatrimo'nium
1450 5272 1770 5350 iridalhardi:

192 5344 394 5427 Mab._l.
431 5355 524 5410 cit.
553 5355 671 5427 Act.
704 5352 830 5427 SS_.,
860 5344 983 5427 pag.
1016 5344 1141 5422 307,
1170 5373 1225 5410 n.
1257 5357 1310 5412 5.

259 5421 599 5498 fﬂomerus.
642 5421 1007 5498 Angilbe'ruis,
1063 5441 1292 5498 quocum
1338 5426 1678 5490 Adalhardus
1718 5435 1773 5490 in

193 5491 549 5572 aplafippini
576 5491 920 5572 regithalire
944 5491 1282 5572 versabatur.
1312 5498 1463 5555 Hanc
1492 5504 1773 5572 epistolam

169 5558 530 5656 ~ilabillo-nitus
555 5558 697 5650 anno
717 5568 814 5624 791
840 5576 1178 5656 recepsetft‘
1202 5558 1623 5656 observat,.qu:n
1647 5558 1773 5632 tunc

192 5637 403 5703 piorum
443 5637 721 5694 hominum
766 5654 917 5695 mens
960 5638 1123 5694 fuerit
1148 5639 1213 5694 de
1246 5637 1770 5715 theatricis'specta-

193 5704 501 5784 culishqute
526 5723 603 5784 ne_
630 5708 856 5784 quidem
872 5710 928 5765 in
956 5711 1410 5784 hominehcuriali,
1441 5713 1614 5784 qualis
1645 5725 1773 5774 tunc

195 5773 535 5849 Augilbertus
576 5773 773 5847 fuerat,
829 5778 972 5837 ferre
1023 5789 1115 5835 aut
1150 5773 1489 5840 dissimulare
1516 5773 1771 5845 Alcuinus

198 5849 451 5903 potuerit.
481 5849 672 5906 Annal.
702 5851 901 5908 Bened.
931 5853 1023 5908 lib.
1055 5868 1203 5920 xxvr,
1231 5870 1380 5910 num.
1414 5856 1500 5911 15.

1640 338 2016 406 EPISTULA}.

236 456 283 519 in
324 452 639 512 monachica
662 458 949 515 sanctitate
981 458 1177 516 melius
1203 464 1351 516 esset
1373 458 1545 517 ultimi
1575 450 1683 517 diei
1708 477 1802 518 ex-
1825 464 1882 527 Α

1799 4570 1854 4633 D

3374 364 3407 422 ι

3374 364 3407 422 ι

2092 454 2323 515 Invenies
2343 460 2514 530 alium,
2534 464 2580 517 sl
2602 467 2658 518 te
2681 464 2761 519 hic
2773 465 2959 522 tasttdlt
2972 467 3162 524 Alexis.
3409 358 3482 426 θ’

1969 589 2159 649 Putavi
2198 607 2289 651 me
2314 594 2500 654 venire
2541 594 2609 653 ad
2651 606 2726 667 te,
2770 606 2827 654 et
2861 600 3033 657 unicae
3061 598 3200 676 [uni]
3228 602 3481 683 auriculae

1900 683 2088 739 suavia
2130 698 2441 755 susurrare,
2467 698 2522 745 et
2542 687 2699 746 alteri
2725 690 2860 746 dura
2885 692 3206 761 decantare;
3236 695 3329 750 sed
3356 712 3483 769 pro-

1898 775 2074 833 hibuit
2099 794 2184 834 me
2213 778 2489 837 Romanus
2518 797 2700 841 comes
2734 782 2944 856 ingrato
2967 793 3229 859 tempore.
3256 785 3313 843 Si
3337 788 3481 846 illius

1898 866 2133 939 insurgat
2190 880 2372 926 contra
2425 889 2505 927 me
2550 874 2821 946 pristiam,
2868 877 2923 932 in
2969 879 3067 933 hoc
3121 896 3213 951 ego
3262 881 3478 953 sperabo

1899 957 2068 1029 (Psal.
2099 975 2243 1027 xxvi,
2271 959 2325 1032 5)
2345 979 2359 1029 ;
2404 964 2530 1033 quia
2566 965 2727 1021 virtus
2767 982 2832 1021 ea:
2878 967 3186 1039 inﬁrmitate
3209 970 3480 1042 perﬁcitur

1898 1047 1982 1126 (_II
2007 1049 2128 1105 Cor.
2157 1068 2257 1119 xu,
2283 1052 2357 1125 9).

1966 1160 2189 1230 Vereor,
2230 1181 2298 1221 ne
2336 1178 2358 1205 ο
2384 1165 2650 1225 Homerus
2692 1171 2960 1227 irascatur
3006 1180 3192 1231 contra
3230 1175 3478 1235 chartam

1891 1252 2267 1322 prohibentem
2311 1261 2618 1329 spectacula
2666 1269 2722 1317 et
2745 1262 3009 1321 diabolica
3051 1264 3326 1340 ﬁgmenta,
3356 1283 3477 1341 quae

1891 1359 2081 1436 omnes
2096 1358 2298 1406 sanctae
2316 1350 2608 1425 Scriptura:
2627 1358 2932 1427 prohibent,
2945 1361 2998 1415 in
3028 1368 3234 1417 tantum
3253 1370 3313 1417 ut
3335 1362 3477 1436 lege-

1886 1435 2015 1530 bam
2038 1451 2285 1500 sanctum
2308 1446 2488 1502 dicere
2501 1447 2895 1520 Augustinum:
2917 1471 2935 1504 t
2953 1450 3148 1511 Nescio
3174 1456 3358 1524 homo,

1888 1529 2181 1591 histriones
2200 1544 2257 1591 et
2274 1539 2469 1597 mimos
2487 1548 2542 1595 et
2561 1541 2853 1601 saltatores
2876 1544 3164 1603 introducit
3180 1550 3235 1604 in
3256 1529 3476 1609 domum

1890 1636 2064 1691 suam,
2092 1641 2253 1697 quam
2282 1644 2477 1701 magna
2506 1646 2601 1687 eos
2625 1633 3024 1693 immundorum
3049 1641 3292 1710 sequitur
3315 1643 3475 1701 turba

1888 1716 2192 1791 spirituum.
2206 1740 2225 1775 ι
2246 1720 2353 1777 Sed
2374 1723 2536 1792 absit,
2553 1735 2614 1782 ut
2631 1727 2687 1782 in
2715 1729 2873 1787 domo
2891 1730 3199 1791 Christiana
3226 1736 3476 1797 diabolus

1814 1824 1860 1891 Β
1887 1805 2088 1866 habeat
2117 1821 2458 1883 potestatem.

1958 1904 2097 1963 Olim
2126 1907 2219 1963 tibi
2244 1908 2309 1964 de
2335 1908 2421 1965 his
2449 1910 2663 1983 scripsi,
2694 1919 2889 1983 optans
2914 1914 3145 1973 salutem
3168 1918 3471 1977 charissimi

1885 1996 1982 2054 ﬁlii
2004 2006 2115 2054 toto
2144 1999 2323 2054 cordis
2352 1998 2575 2069 all‘ectu;
2609 2002 2792 2058 volens
2829 2021 2927 2076 per
2954 2014 3006 2063 te
3038 2009 3177 2077 fieri,
3205 2010 3349 2081 quod
3372 2027 3474 2083 per

1885 2104 1972 2153 me
2000 2104 2107 2145 non
2143 2104 2305 2161 posse
2353 2090 2473 2147 ﬁeri
2518 2095 2729 2165 agnovi.
2769 2096 2915 2153 Tuus
2962 2114 3093 2155 vero
3135 2101 3367 2170 animus,
3393 2105 3474 2163 ﬁli

1885 2182 2224 2248 charissime,
2263 2183 2597 2256 congaudeat
2639 2186 2693 2242 in
2739 2189 2959 2246 servitio
3003 2190 3100 2247 Dei
3133 2193 3268 2249 etin
3296 2192 3472 2252 salute

1883 2272 2145 2341 fraterna,
2173 2283 2234 2330 ut
2260 2276 2356 2331 tibi
2395 2291 2465 2332 ex
2502 2277 2748 2348 profectu
2778 2280 3007 2337 aliarum
3036 2299 3245 2341 merces
3278 2300 3467 2344 acere-

1884 2372 2001 2420 seat
2027 2365 2363 2421 meritorum.
2408 2366 2533 2423 Ideo
2582 2371 2776 2441 saepius
2820 2371 3122 2429 desideravi
3158 2376 3468 2433 exhortato-

1883 2458 1995 2512 rias
2021 2458 2322 2513 dilectionis
2347 2468 2542 2516 vestrae
2573 2461 2800 2518 litteras.
2829 2463 2935 2521 Sed
2961 2468 3142 2522 nescio
3165 2482 3284 2538 quae
3301 2486 3465 2527 causa

1881 2549 1966 2605 vel
1993 2564 2081 2605 me
2116 2551 2295 2620 rapuit
2323 2567 2390 2607 ex
2419 2559 2600 2608 mente
2640 2562 2753 2622 tua,
2798 2556 2882 2612 vel
2916 2563 2969 2614 te
2997 2559 3065 2614 ab
3091 2560 3465 2618 exhortatione

1883 2660 2102 2702 cessare
2126 2630 2400 2718 compulit.
2426 2646 2623 2703 Beatus
2643 2650 2736 2720 qui
2758 2649 2986 2723 loquitur
3014 2652 3069 2707 in
3090 2668 3223 2709 aure
3244 2656 3467 2712 audien-

1882 2738 1970 2795 tis.
2002 2738 2219 2796 Utinam
2246 2755 2433 2799 omnes
2477 2740 2570 2797 tali
2616 2749 2668 2798 te
2713 2742 2981 2802 desiderio
3015 2745 3282 2815 audirent,
3327 2748 3466 2806 sicut

1879 2848 1980 2905 ego
2000 2835 2286 2891 unanimus
2310 2837 2461 2891 tuus!
2488 2836 2586 2893 Vel
2608 2838 2901 2909 castigatus
2924 2840 3122 2908 scribe,
3148 2850 3209 2898 ut
3222 2841 3461 2898 vindices

1878 2930 1953 2990 te,
1984 2924 2111 2994 quia
2142 2930 2360 2995 rogatus
2404 2925 2641 2991 noluisti,
2678 2935 2740 2981 ut
2764 2926 3097 2988 confortares
3140 2945 3247 2987 me.
3276 2931 3462 2988 Valete

1877 3013 1934 3069 in
1956 3028 2091 3086 pace
2121 3022 2395 3086 perpetuae
2419 3015 2789 3084 beatitudinis,
2815 3016 2890 3073 illi
2919 3018 3255 3077 charissime.

2376 3145 2397 3186 ί
2435 3132 2769 3204 EPISTOLA
2807 3138 2960 3217 CXC.

2467 3278 2538 3327 an
2575 3277 2869 3319 ANTONIUM.

3239 3220 3263 3255 κη

1880 3372 2108 3451 Nuntiat
2131 3372 2320 3451 fratres
2338 3373 2529 3429 insula:
2551 3372 2840 3451 Lirinensis
2855 3376 3149 3451 advenisse,
3171 3389 3221 3435 et
3243 3380 3461 3451 fratrem

2021 3444 2315 3500 Adalhardi
2337 3455 2576 3502 uocatum
2605 3445 2676 3500 ad
2701 3445 2956 3523 antatium
2989 3444 3176 3511 fuisse.
3205 3444 3310 3507 etc.

1947 3579 2076 3649 Pio,
2105 3581 2356 3654 prudenti
2386 3592 2556 3653 atque
2583 3579 2835 3656 religioso
2854 3581 2966 3641 ﬁlio
2995 3584 3020 3626 ⁸
3038 3572 3274 3643 Antonio
3312 3579 3460 3645 Albi-

1876 3691 1980 3732 nus
1999 3676 2402 3732 matricularius
2428 3675 2679 3733 salutem.

1875 3781 1879 3785 ’
1945 3789 2171 3858 Quidam
2214 3789 2535 3860 prmdicator
2569 3790 2725 3863 juxta
2766 3790 3064 3864 apostolum
3116 3792 3454 3866 importunus

1874 3884 2035 3939 debet
2079 3899 2227 3951 esse;
2261 3885 2341 3941 sic
2382 3887 2545 3942 etiam
2592 3884 2839 3956 quaedam
2873 3887 3109 3943 Charitas
3148 3889 3457 3960 importuna

1874 3989 1934 4029 se
1962 3975 2185 4030 minime
2218 3983 2373 4045 grato
2400 3976 2599 4047 ingerit
2627 3977 2860 4033 auditori
2891 3993 2906 4032 :
2942 3994 3043 4034 nec
3071 3989 3251 4051 spreta
3273 3990 3456 4037 tacere

1875 4068 2042 4134 novit,
2058 4083 2178 4139 qua:
2193 4067 2357 4123 etiam
2384 4082 2482 4124 nec
2502 4066 2811 4125 ﬂuminibus
2834 4070 2991 4125 obrui
3017 4070 3180 4137 valet,
3205 4082 3455 4132 uectem-

1872 4158 2171 4229 pcstatibus
2192 4158 2481 4230 exstingui,
2510 4174 2579 4215 ne
2594 4160 2759 4215 semel
2787 4176 3014 4217 accensa
3041 4161 3217 4218 subito
3242 4165 3451 4227 exstin-

1875 4259 2089 4323 guatur.
2125 4248 2296 4323 [Haec]
2332 4265 2496 4306 causa
2523 4250 2625 4306 fuit
2648 4251 2809 4323 hujus
2836 4255 3114 4323 chartulze,
3138 4271 3299 4328 quam
3324 4259 3452 4316 sub-

1756 4330 1762 4336 ’
1873 4348 2092 4397 nectere
2121 4339 2360 4397 calamus
2388 4356 2540 4399 meus
2567 4343 2795 4400 curavit.

1942 4434 2110 4508 Igitur
2143 4434 2341 4494 fratres
2377 4436 2713 4495 venerabiles
2745 4446 2801 4495 et
2841 4438 3077 4513 religiosi
3099 4439 3168 4500 de
3194 4443 3225 4486 ¹ι
3266 4458 3454 4504 mona-

1953 4592 1972 4633 f
1998 4593 2234 4651 Froben.
2257 4596 2418 4652 enist.
2445 4596 2569 4651 212.

1953 4612 1968 4633 ι
1998 4612 2234 4651 rronen.
2328 4612 2418 4652 iet.
2445 4612 2569 4651 zu.

1952 4667 1977 4742 fi
2001 4612 2375 4742 Αηέοηξῳθδιιῇ
2393 4682 2529 4742 vero
2541 4668 2757 4724 nomine
2776 4670 3074 4742 appellatur
3092 4671 3453 4742 Adalbardus,

1952 4686 1977 4706 ο
2001 4686 2244 4720 amomo.
2274 4686 2375 4732 ραι
2393 4686 2521 4723 vero
2541 4686 2757 4724 nomine
2776 4686 2806 4725 a
2845 4686 3074 4740 peuatur
3092 4686 3453 4742 Adalnardus,

1876 4735 2425 4810 abbas_(_l_ori>_eiensi_s,
2448 4738 2601 4810 cujus
2625 4747 2779 4810 pater
2804 4686 2905 4795 ﬂuit
2925 4742 3245 4810 Bernartius,
3276 4745 3457 4803 Caroli

1876 4806 2103 4881 blartelli
2132 4806 2276 4881 [ilius
2298 4848 2312 4870 ,
2352 4806 2561 4881 Pippini
2606 4806 2778 4881 regis;
2797 4809 2991 4881 frater,
3021 4806 3248 4881 patruus
3275 4814 3456 4872 Caroli

1877 4875 2088 4952 Magni,
2124 4875 2324 4933 fratres
2361 4875 2497 4952 duos
2535 4875 2722 4952 habuit
2766 4875 2981 4936 Walam
3016 4875 3070 4937 et
3098 4882 3451 4952 Bernarium;

1876 4945 2118 5016 duasque
2155 4949 2760 5027 sororesj‘rundradam
2798 4961 2879 5027 et_
2903 4952 3267 5027 Tbeodradam
3294 4997 3308 5021 ,
3359 4945 3455 5027 qui

1876 5033 2121 5095 omnesna
2149 5018 2345 5076 Carolo
2367 5020 2558 5095 Magno
2580 5060 2596 5087 ,
2633 5037 2845 5079 summo
2866 5024 2984 5079 loco
3006 5040 3219 5095 semper
3244 5018 3411 5082 hahiii
3434 5045 3452 5095 ;

1949 5097 1999 5165 s_t
2020 5088 2161 5165 illius
2187 5106 2316 5165 vero
2339 5088 2551 5165 obitum
2576 5108 2771 5165 omnes
2794 5102 2990 5165 praeter
3013 5088 3388 5153 Theodradam
3420 5088 3454 5159 ἁ

1874 5105 1999 5213 [om
2020 5105 2161 5144 illius
2187 5106 2316 5146 vero
2339 5105 2544 5146 orntum
2582 5108 2771 5149 omnes
2794 5105 2990 5165 praeter
3013 5105 3388 5153 'l‘heodradam
3420 5114 3451 5159 a

1921 5160 2147 5242 udovicp
2186 5161 2313 5232 imp.
2347 5178 2488 5217 anno
2531 5163 2635 5248 814
2664 5165 3451 5248 innexsilium‘pulsi.fuerunt;

1876 5229 2028 5300 cujus
2049 5231 2126 5285 rei
2152 5229 2379 5307 causam
2397 5248 2503 5288 non
2531 5233 2877 5307 aliam‘fuisse
2900 5229 3074 5292 credit
3091 5229 3450 5307 Mabillouius;

1876 5317 2040 5379 quam
2082 5302 2207 5379 quia
2236 5303 2742 5379 homines‘poteutia
2788 5319 2844 5361 et
2876 5308 3087 5377 ingenio
3110 5309 3320 5379 praediti
3360 5302 3451 5366 su:-

1876 5372 2246 5449 spec_ti_fuere
2290 5372 2599 5449 Ludovico,
2646 5376 2739 5449 pio
2780 5372 2995 5449 quidem
3035 5372 3307 5449 Augusto,
3357 5379 3453 5436 sed

1874 5442 2172 5524 suspiciam
2196 5451 2251 5498 et
2270 5445 2605 5501 meticuloso.
2632 5442 2863 5503 Consule
2888 5448 3066 5504 Vitam
3093 5442 3261 5506 sancti
3282 5442 3447 5506 Adal-

1872 5513 2029 5568 bardt
2048 5511 2169 5568 Act.
2200 5513 2300 5571 SS.
2328 5513 2461 5571 0rd.
2494 5516 2552 5571 S.
2580 5519 2709 5573 Ben.
2729 5534 2853 5574 saec.
2882 5534 2953 5578 ιν.
2987 5529 3125 5578 part.
3155 5536 3195 5578 ι.
3218 5538 3321 5578 nas
3342 5520 3447 5578 306

1950 5530 2029 5568 rut
2048 5530 2169 5568 aet.
2200 5530 2300 5571 SS.
2328 5530 2461 5571 urd.
2494 5530 2552 5571 δ.
2582 5530 2709 5573 lien.
2729 5534 2853 5574 saec.
2882 5534 2953 5583 ιν,
2986 5530 3125 5588 part.
3155 5536 3195 5587 ι,
3217 5538 3321 5593 pag

2119 5658 2434 5737 ’ποηηέιξιθνίο
2470 5656 2716 5737 "terra
2742 5658 2946 5737 ξηραίςε·
2976 5660 3295 5737 [tegendum
3325 5663 3449 5737 ιρςο

1874 5723 2122 5804 Hilirina:
2145 5767 2165 5804 ,_
2192 5725 2516 5804 Liriugnnseu
2548 5727 2843 5804 Lirinensis
2886 5723 3102 5804 insula}:
3140 5740 3201 5788 ut
3235 5732 3445 5804 patebit

1870 5795 2200 5922 ﬁngistola
2242 5797 2310 5854 ad
2342 5796 2679 5856 Hillirienses
2716 5798 2909 5858 fratres
2951 5800 3108 5873 paulo
3142 5795 3265 5875 post
3290 5804 3447 5863 exhi-
