4064 6342
559 397 666 457 167

1403 397 1462 452 Β.
1504 396 1567 451 F.
1627 391 1853 449 ALBlNl
1892 391 2023 449 SEU
2061 388 2339 449 ALCUINI
2391 388 2677 449 OPERUM
2710 387 2889 445 PARS
2921 387 2962 443 Ι.

3724 394 3835 459 υἱ

554 517 715 566 erunt
741 518 853 566 tres
879 506 1099 565 termini
1125 506 1385 578 mquales,
1413 504 1689 560 mirabiles
1724 505 1777 559 in
1812 502 2142 574 perfectione
2166 505 2220 567 Α
2245 503 2450 574 angelis
2497 501 2816 559 exaudiatur
2857 509 2915 559 et
2939 517 2974 559 a
3019 501 3239 562 Christo
3266 508 3566 577 aoc‘qnatur
3603 522 3833 574 maean-

552 602 793 658 omnium
818 608 1212 670 creaturarum,
1241 614 1362 669 quae
1387 612 1417 652 a
1460 596 1634 653 tribus
1659 595 1907 667 personis
1941 594 1996 649 in
2020 594 2141 649 uni-

552 704 723 755 tatem
741 694 1030 773 potestatis
1058 692 1289 749 condita
1313 698 1457 747 sunt.
2096 764 2099 766 _

620 789 749 845 Haec
770 789 956 860 legens
977 786 1239 856 intelligat
1263 792 1319 839 et
1339 782 1523 839 laudet
1546 780 1893 839 subtilissime
1914 778 2137 850 largito-

549 898 666 945 rem
695 881 995 955 sapientiae,
1014 891 1071 934 et
1091 879 1239 935 vivat
1258 878 1311 933 in
1329 892 1395 932 eo
1418 875 1665 933 feliciter.
1695 874 1883 930 Saluta
1904 872 2133 938 fratres;

544 990 745 1049 pueros
772 982 828 1031 et
871 970 1160 1045 perfectos,
1189 971 1430 1042 legentes
1454 979 1509 1025 et
1537 969 1914 1040 intelligentes,
1946 982 2135 1023 aman-

546 1076 635 1127 tes
656 1074 711 1131 et
757 1063 1178 1130 benefacientes,
1213 1062 1489 1119 Christum
1536 1060 1777 1121 colentes
1810 1068 1863 1115 et
1896 1058 2135 1113 ebarita-

543 1167 655 1221 tem
673 1158 964 1223 habentes;
999 1165 1056 1213 et
1083 1157 1141 1217 hi
1170 1170 1361 1213 omnes
1385 1154 1623 1219 valeant,
1652 1152 1887 1223 vigeant,
1909 1149 2138 1207 ﬂoreant

540 1252 600 1313 in
635 1251 783 1309 omni
804 1247 1139 1323 perfectione
1160 1248 1285 1305 vita:
1306 1254 1361 1301 et
1388 1245 1564 1301 laudis
1586 1244 1685 1300 Dei
1710 1242 2060 1299 aeternaliter.

1012 1354 1037 1383 ⁸
1067 1338 1405 1401 ΕΡιδΤοιΑ
1439 1337 1664 1394 CXCIV.

597 1455 671 1507 ΑΙ)
701 1453 1188 1501 ωιειιῑωτιοηι
1234 1452 1452 1493 SANC'I‘E
1512 1448 1694 1493 ιλιιιι
1734 1449 1805 1489 Εἰ·
1847 1447 2062 1489 PATIEI

1168 1522 1516 1565 HOROALDUI.

489 1634 519 1677 ,ί
765 1601 922 1676 Cupit
949 1620 1131 1659 eorum
1158 1602 1404 1656 societate
1432 1599 1558 1672 frui,
1587 1608 1635 1653 et
1661 1597 1915 1653 amicitia.

510 1714 515 1717 '
608 1699 945 1757 Beatissimo:
969 1706 1022 1752 et
1072 1694 1429 1753 sanctissima:
1457 1694 1550 1748 Dei
1582 1691 1859 1764 genitricis
1886 1703 2127 1760 semper-

538 1808 644 1865 que
669 1790 894 1864 virginis
918 1788 1102 1845 Marim
1131 1786 1556 1859 congregationi,
1584 1795 1640 1841 et
1676 1785 1764 1857 pio
1786 1783 1933 1839 Patri
1962 1783 1991 1823 ι)
2015 1781 2129 1837 Μο-

525 1850 1017 1968 ίοειῐᾱοῗιιὶιὶωιιε
1068 1850 1270 1939 sancta:
1311 1850 1568 1937 Evcclesite
1614 1850 1916 1935 cli'entellus
1943 1875 2126 1933 Alcui-
2154 1874 2213 1940 Β
2235 1850 2287 1906 Η

535 1994 641 2035 nus
668 1979 723 2033 in
745 1976 948 2034 Christi
975 1974 1243 2033 charitate
1271 1974 1519 2030 salutem.

608 2067 817 2139 Saepius
845 2074 1039 2123 vestra:
1066 2066 1369 2122 sanctitatis
1396 2064 1623 2121 audiens
1653 2062 1852 2120 famam
1873 2104 1888 2130 ,
1918 2070 1973 2118 et
2000 2061 2122 2118 ideo

533 2176 623 2218 me
674 2168 869 2219 vestrae
918 2158 1275 2217 familiaritati
1321 2157 1613 2229 adiungere
1654 2155 1976 2213 desideravi.
2015 2152 2123 2209 Sed

532 2250 696 2308 modo
727 2258 940 2321 tempus
964 2258 1330 2323 opportunum
1358 2248 1635 2314 occurrit,
1665 2262 1762 2318 per
1797 2253 2124 2319 praesentem

530 2340 757 2399 fratrem
793 2341 1006 2399 obnixis
1048 2341 1300 2413 precibus
1350 2341 1614 2411 meipsum
1659 2338 1814 2393 vobis
1845 2350 2121 2393 commen-

531 2432 681 2491 dare.
698 2431 1038 2507 Quapropter
1062 2446 1159 2505 per
1184 2441 1383 2487 sanctae
1410 2429 1649 2502 Virginis
1668 2429 1867 2485 Filium
1887 2437 2125 2487 vestram

529 2522 847 2597 suppliciter
872 2522 1099 2579 obsecro
1123 2521 1537 2577 unanimitatem
1563 2562 1577 2586 ,
1602 2528 1661 2575 ut
1694 2536 1803 2588 me,
1834 2517 1960 2574 licet
1986 2518 2124 2573 indi-

533 2632 722 2695 gnum,
750 2615 948 2671 vestris
977 2614 1172 2670 animis
1194 2623 1355 2686 atque
1388 2612 1638 2668 manibus
1662 2612 1909 2683 accipere
1938 2611 2124 2682 digne-

530 2708 687 2773 mini,
721 2704 882 2779 207
905 2721 1015 2761 non
1036 2704 1193 2777 quasi
1224 2706 1489 2777 ignotum,
1534 2703 1629 2758 sed
1674 2702 1830 2775 quasi
1875 2700 2119 2756 fratrem.

530 2798 668 2868 Quia
700 2800 827 2855 licet
856 2798 1029 2854 oculis
1056 2798 1239 2853 carnis
1266 2813 1373 2852 non
1408 2794 1687 2863 vidissem,
1730 2801 1912 2850 tamen
1952 2791 2123 2848 oculis

531 2892 711 2947 cordis
738 2906 833 2946 vos
853 2890 1036 2944 videre
1058 2889 1268 2955 videor,
1290 2895 1345 2943 et
1369 2888 1525 2943 valde
1545 2887 1739 2960 diligo;
1765 2886 2125 2943 honestatem-

533 3001 639 3057 que
664 2985 787 3045 vitae
814 2992 1008 3040 vestra:
1039 2984 1221 3038 animo
1249 2981 1578 3053 complector
1608 2981 1870 3046 studioso,
1903 2979 2123 3050 cupiens
2150 3042 2159 3049 ,

528 3088 767 3139 vestram
794 3079 1182 3137 beatitudinem
1217 3078 1419 3149 ubique
1461 3074 1728 3148 prolicere
1756 3074 1812 3128 in
1843 3072 2073 3127 Domino
2103 3113 2118 3139 ,

528 3179 584 3227 et
614 3168 679 3237 ad
708 3164 982 3249 perpetem
1000 3169 1151 3242 pacis
1174 3168 1460 3241 pervenire
1482 3167 1741 3223 lzetitiam.
1772 3165 2003 3222 Orantes
2024 3180 2123 3239 pro

527 3220 836 3332 ηοωδῖωέ
861 3220 1075 3338 semer
1103 3220 1278 3321 valete
1303 3265 1359 3319 in
1385 3262 1620 3328 Christo,
1647 3260 1845 3317 fratres
1879 3220 2122 3319 dilectis-
2148 3247 2199 3311 Ο
2225 3220 2245 3338 ί

530 3370 656 3411 sum
679 3354 704 3409 ⁷
1000 3439 1023 3468 ο
1062 3424 1395 3483 EPISTULA
1433 3423 1640 3482 CXCV.

964 3535 1033 3575 AD
1089 3533 1313 3574 IATREI
1365 3532 1436 3573 ET
1494 3530 1700 3572 FILIAI.

529 3610 794 3668 Hortatur
837 3611 908 3667 ad
972 3612 1107 3668 bona
1174 3628 1373 3683 opera;
1414 3619 1480 3683 et
1536 3606 1777 3682 precibus
1832 3618 2015 3663 earum
2066 3625 2120 3664 se

1152 3682 1498 3737 commendat.

597 3776 831 3833 Albinus
847 3777 1012 3832 matri
1038 3783 1094 3832 et
1117 3776 1243 3832 ﬁlio:
1273 3776 1327 3830 in
1352 3774 1569 3831 Christo
1592 3773 1842 3828 salutem.

599 3868 845 3924 Latante
876 3868 1059 3925 enim
1083 3868 1469 3925 salutationem
1488 3866 1672 3937 accepi
1702 3872 1964 3932 vestram,
1994 3878 2120 3937 sup-

525 3962 742 4034 pliciter
782 3962 1078 4034 deprecans
1110 3970 1170 4016 ut
1218 3961 1361 4017 Deus
1400 3958 1651 4016 Christus
1694 3957 2120 4014 misericorditer

530 4057 869 4114 devotionem
914 4056 1167 4127 respiciat
1216 4061 1479 4120 vestram;
1514 4052 1689 4123 magis
1720 4052 2000 4122 magisque
2038 4049 2117 4105 fa-

528 4149 638 4207 ciat
668 4150 727 4205 iu
761 4160 856 4206 sua
886 4148 1153 4221 proﬁcere
1187 4147 1483 4211 voluntate,
1514 4154 1567 4200 et
1610 4145 1676 4199 ad
1704 4158 1963 4200 coronam
2004 4143 2117 4215 glo-

524 4243 629 4299 rise
646 4250 889 4299 vestram
919 4243 1149 4297 deducat
1172 4239 1656 4296 conversationem.
1691 4236 1827 4292 Filia
1855 4237 1927 4292 sit
1954 4235 2116 4291 matri

525 4334 585 4390 in
621 4332 769 4388 omni
789 4334 932 4389 bono
963 4332 1247 4396 ebedkns;
1277 4338 1450 4385 mater
1476 4330 1547 4384 sit
1585 4330 1639 4383 in
1678 4329 1848 4383 salute
1876 4328 1999 4383 ﬁliae
2022 4326 2116 4383 de-

528 4434 656 4481 vota
687 4440 702 4479 :
747 4434 980 4494 utraque
1019 4425 1075 4478 in
1114 4423 1209 4477 Dei
1240 4422 1463 4477 servitio
1504 4434 1720 4491 semper
1753 4421 1991 4475 studiosa
2011 4462 2026 4486 ,
2060 4420 2114 4474 in

528 4518 782 4575 castitate
802 4516 1063 4571 facientes
1092 4528 1212 4585 quae
1238 4521 1363 4569 sunt
1398 4513 1507 4567 Deo
1530 4513 1750 4582 placita.
1776 4511 2115 4581 Subjcctant-

2241 603 2330 652 tus
2370 595 2683 667 psalmodiat
2709 604 2926 652 vestrae.
2964 594 3228 675 Modqtia
3259 609 3450 666 vestra,
3487 598 3651 668 juxta
3687 602 3833 674 Apo-

2241 688 2462 755 stolum,
2489 698 2616 744 nota
2654 689 2722 744 sit
2760 688 3002 745 munibus
3042 689 3343 747 hominibus
3383 690 3608 763 (Philip.
3634 709 3713 761 sv,
3739 693 3832 767 5);

2239 788 2506 852 quatenus
2533 788 2589 836 et
2634 794 2873 851 praesens
2916 781 3031 837 vita
3057 781 3365 853 exemplum
3399 783 3473 839 sit
3508 783 3563 841 in
3596 784 3833 847 salutem

2238 877 2440 941 multis,
2471 884 2527 933 et
2557 876 2739 935 futura
2762 891 2864 948 pro
2889 874 3145 935 laudabili
3172 878 3392 947 pietatis
3420 882 3830 941 wnversatioec

2238 985 2270 1025 a
2310 969 2422 1024 Deo
2457 977 2867 1025 remuneratore
2912 969 3157 1027 omnium
3204 970 3471 1027 bonorum
3511 973 3825 1044 recipiatur.

2235 1062 2293 1117 ln
2318 1060 2425 1117 fine
2452 1077 2581 1118 vero
2609 1061 2769 1132 hujus
2787 1062 3046 1119 chartula:
3070 1071 3306 1119 vestram
3331 1064 3595 1134 deprecor
3616 1066 3828 1123 almita-

2238 1162 2368 1220 tem,
2397 1162 2457 1210 ut
2499 1155 2638 1210 inter
2676 1162 2883 1211 vestras
2910 1156 3189 1213 orationes
3213 1155 3322 1211 mei
3360 1158 3596 1215 nominis
3624 1174 3828 1216 memo-

2236 1245 2375 1301 riam
2408 1245 2610 1303 habere
2651 1246 2946 1317 dignemini
2984 1263 2999 1303 :
3047 1256 3101 1305 et
3137 1262 3204 1304 ea
3226 1248 3496 1305 cbaritate
3526 1250 3661 1306 mihi
3686 1252 3827 1307 salu-

2235 1347 2345 1397 tem
2374 1339 2738 1410 deprecamini
2768 1348 3083 1409 perpetuam
3101 1380 3117 1407 ,
3147 1356 3256 1411 qua
3280 1355 3378 1399 vos
3402 1357 3500 1412 per
3528 1344 3674 1400 hanc
3710 1344 3824 1414 epi-

2234 1430 2428 1487 stolam
2452 1431 2520 1487 de
2551 1439 2731 1487 vestra
2761 1431 3052 1487 admonere
3080 1433 3292 1499 studui;
3343 1434 3549 1504 hosque
3587 1434 3826 1507 legentes

2234 1526 2416 1597 apices
2441 1526 2501 1582 in
2526 1524 2748 1582 Christo
2769 1525 2946 1583 valete
2970 1541 3186 1596 semper
3211 1527 3570 1586 charissima.

2690 1660 2717 1701 ἀ
2757 1659 3094 1718 EPISTULA
3133 1660 3362 1720 CXCVI.

2727 1771 2793 1809 AD
2823 1770 3093 1811 EUGENIAI
3120 1770 3327 1811 FILIAI.

2291 1856 2498 1921 artatur
2541 1848 2609 1901 ad
2654 1846 3017 1921 fortitudinem
3066 1850 3141 1921 in,
3182 1845 3642 1921 tribulationibus,
3682 1864 3824 1921 (quas

2301 1923 2417 2047 ipza
2441 1920 2689 1973 innocens
2714 1934 2831 1972 cum
2869 1918 2968 1972 Dei
3011 1920 3172 1974 sertis
3196 1919 3397 1989 patitur
3425 1920 3493 1973 ab
3518 1918 3721 1990 iniquis
3751 1938 3828 1975 re-

2301 2010 2351 2047 m
2392 2009 2470 2046 us.

2300 2010 2470 2065 graus.

2295 2104 2522 2161 Albinus
2581 2116 2604 2144 ε
2651 2103 2905 2174 Eugeniae
2962 2103 3091 2160 ﬁliae
3137 2103 3335 2177 virgini
3383 2104 3722 2162 charissima
3772 2106 3826 2164 iu

2226 2202 2445 2259 Christo
2490 2202 2741 2258 salutem.

2297 2290 2517 2348 Litteris
2542 2291 2850 2349 dilectionis
2886 2299 3083 2349 vestra:
3105 2293 3365 2366 acceptis,
3401 2303 3459 2351 et
3498 2294 3825 2355 dulcissimis

2226 2398 2353 2440 cum
2400 2383 2697 2455 gratiarum
2742 2384 2959 2440 actione
3003 2385 3356 2454 muneribus,
3412 2387 3573 2444 valde
3617 2388 3827 2447 letatur

2225 2488 2345 2533 sum
2379 2475 2433 2530 in
2476 2475 2581 2531 ﬁde
2620 2484 2678 2531 et
2722 2476 2990 2532 ebarltate
3033 2484 3236 2534 vestra.
3280 2478 3605 2551 Auditisque
3653 2481 3826 2536 tribu-

2225 2566 2517 2622 lationibus
2564 2582 2699 2637 quas
2750 2582 2861 2624 non
2910 2568 3087 2624 solum
3140 2578 3323 2626 vestra
3371 2571 3682 2627 innocentia
3736 2587 3825 2643 pa-

2227 2662 2379 2727 titur,
2423 2674 2611 2715 verum
2658 2660 2822 2715 etiam
2864 2676 3004 2733 pene
3046 2663 3223 2719 omnis
3265 2676 3547 2719 servorum
3570 2664 3666 2719 Dei
3693 2664 3823 2719 mul-

2231 2753 2400 2808 titudo
2436 2772 2447 2806 :
2475 2754 2602 2824 quia
2633 2767 2790 2825 reges
2817 2755 3100 2811 vobiscum
3129 2757 3346 2828 tyranni
3379 2756 3511 2813 facti
3538 2765 3684 2823 sunt,
3718 2772 3821 2813 non

2226 2855 2501 2913 rectores;
2555 2862 2656 2902 nec
2705 2854 2764 2902 ut
2807 2846 2937 2903 olim
2968 2862 3127 2919 reges
3169 2863 3201 2903 a
3247 2852 3506 2921 regendo,
3539 2850 3634 2907 sed
3680 2866 3712 2905 a
3742 2866 3823 2906 ra-

2223 2942 2420 3013 piendo
2457 2942 2729 2997 dicuntur.
2782 2940 2888 2997 Sed
2918 2940 3045 2998 forti
3074 2943 3257 2998 animo
3300 2953 3450 3009 esto;
3495 2944 3678 2999 multa:
3700 2951 3825 2998 sunt

2224 3034 2369 3090 enim
2418 3032 2779 3089 tributationes
2814 3033 3083 3105 fastorum
3129 3034 3351 3107 (clamat
3400 3034 3712 3106 Psalmista)
3761 3043 3822 3089 nt

2226 3124 2482 3194 consequi
2517 3125 2721 3191 valeas,
2750 3125 2893 3196 quod
2921 3127 3167 3197 sequitur
3193 3145 3205 3180 :
3242 3126 3351 3184 Sed
3372 3128 3438 3183 de
3466 3130 3548 3184 his
3581 3128 3822 3184 omnibus

2248 3219 2467 3275 iberabit
2492 3236 2580 3274 eos
2602 3218 2863 3276 Dominus
2891 3218 3083 3293 (Ptol.
3116 3237 3312 3288 xxxrn,
3345 3222 3422 3278 ΞΘ
3446 3223 3486 3295 ).
3536 3223 3599 3277 Et
3636 3221 3829 3277 Domi-

2225 3328 2328 3368 nus
2375 3312 2430 3367 in
2468 3312 2757 3384 Evangelio
2797 3327 2813 3366 :
2863 3310 3057 3368 Tradet
3098 3313 3266 3384 frater
3305 3315 3525 3385 fratrem
3565 3315 3621 3368 in
3667 3329 3821 3368 mer-

2225 3416 2348 3471 tem,
2378 3414 2483 3462 etc.
2514 3403 2725 3477 (Matth.
2756 3420 2815 3473 ι,
2843 3404 2956 3478 εἰ).
3004 3406 3112 3464 Sed
3144 3410 3207 3463 in
3226 3410 3482 3481 patientia
3508 3419 3675 3465 vestra
3693 3424 3825 3481 por-

2224 3496 2458 3551 sidebitis
2497 3500 2702 3553 animas
2732 3510 2924 3555 vestras
2972 3500 3128 3573 (Luc.
3160 3517 3277 3567 ιιι,
3311 3502 3421 3574 i9).
3472 3501 3681 3557 Aurum
3710 3515 3826 3559 non

2225 3588 2568 3660 splendescit,
2600 3590 2703 3644 nisi
2733 3588 2899 3662 208
2923 3588 3047 3664 igne
3071 3590 3355 3664 probetur.
3382 3592 3484 3649 Job
3512 3592 3706 3650 lateret
3727 3609 3826 3651 oc-

2224 3681 2419 3747 cultus,
2454 3682 2559 3737 nisi
2588 3682 3029 3739 tribulationibus
3054 3685 3406 3755 probaretur;
3437 3686 3504 3741 de
3531 3702 3640 3756 quo
3660 3684 3825 3743 Jaco-

2223 3774 2324 3830 bus
2350 3775 2641 3844 apostolus,
2683 3775 2813 3830 dum
2866 3790 2969 3831 nos
3016 3775 3086 3831 ad
3124 3779 3443 3848 patientiam
3482 3779 3817 3850 hortaretur,

2222 3866 2300 3921 ait
2328 3883 2341 3919 :
2368 3865 2468 3920 Job
2495 3866 2736 3933 audistis,
2761 3876 2810 3921 et
2830 3865 2988 3937 ﬁnem
3009 3865 3223 3923 Domitii
3249 3869 3451 3925 vidistis
3473 3870 3615 3943 (Jac.
3631 3887 3684 3938 v,
3708 3872 3820 3945 ll).

2224 3958 2517 4012 Tribulatio
2562 3959 2866 4029 patientiam
2921 3968 3187 4031 operatur,
3231 3962 3307 4016 ait
3356 3962 3676 4035 Apostolus,
3724 3982 3822 4035 pa-

2220 4052 2403 4105 tientia
2429 4060 2602 4105 autem
2628 4052 3007 4122 probationem,
3036 4053 3281 4125 probatio
3304 4069 3424 4108 vero
3461 4071 3607 4126 spem
3637 4054 3816 4127 (Rern.

2219 4161 2275 4210 v,
2302 4144 2354 4209 5,
2382 4144 2456 4215 «4).
2477 4144 2706 4213 Qualem
2723 4160 2897 4216 spem,
2915 4146 3016 4203 nisi
3046 4155 3317 4217 p9.er
3344 4148 3734 4205 beatitudinis?
3761 4146 3821 4203 Si

2219 4238 2572 4311 margaritam
2620 4238 2872 4293 invenisti
2921 4239 3236 4309 pretiosam,
3283 4240 3516 4296 venditis
3563 4240 3822 4296 omnibus

2220 4344 2340 4384 eme
2384 4328 2529 4383 illam
2567 4346 2583 4382 :
2621 4336 2831 4396 teneas,
2876 4344 2977 4385 nec
3007 4330 3245 4385 dimittas
3273 4342 3392 4385 eam
3432 4330 3649 4403 (Matth.
3695 4349 3817 4401 xm,

2218 4422 2331 4483 46).
2365 4424 2633 4480 Saeculum
2676 4426 2779 4479 hoc
2819 4425 2873 4479 iu
2922 4423 3152 4496 maligno
3181 4433 3256 4479 est
3296 4427 3522 4496 positum
3558 4423 3612 4496 (I
3649 4425 3816 4482 Joan.

2216 4532 2273 4581 v,
2322 4516 2435 4587 19).
2482 4513 2622 4570 Sunt
2669 4516 2918 4571 homines
2953 4517 3157 4585 seipsos
3205 4524 3473 4583 amantes,
3517 4515 3818 4588 Evangelia

527 4624 637 4682 quo
654 4608 805 4665 vobis
826 4609 990 4663 ﬁliam
1006 4608 1025 4680 ι
1043 4605 1367 4677 Videturleg.
1385 4603 1667 4677 familiam]
1688 4604 1741 4659 in
1757 4604 1901 4659 omni
1926 4605 2117 4658 timore
2142 4621 2199 4681 ι)
2221 4609 2421 4664 Christi
2450 4624 2554 4663 non
2580 4609 2912 4665 obedientcs.
2944 4606 3327 4680 Unusquisque
3355 4608 3494 4663 viam
3525 4609 3825 4665 voluntatis

524 4700 627 4757 Dei
655 4701 905 4767 educato,
934 4696 1091 4770 quasi
1126 4699 1391 4755 rationem
1418 4697 1709 4753 redditum
1744 4710 1842 4768 pro
1880 4695 2115 4767 singuio-

527 4808 655 4849 rum
695 4793 993 4849 animabus.
1042 4792 1381 4863 Quapropter
1416 4801 1478 4846 ut
1510 4791 1649 4846 ﬁlios
1698 4789 1941 4860 ﬁliasque
1992 4804 2115 4845 cum

528 4885 677 4940 omni
707 4883 982 4957 diligentia
1020 4898 1113 4940 eos
1158 4884 1392 4951 erudite,
1432 4893 1496 4939 ut
1539 4898 1647 4939 non
1690 4882 1865 4938 solum
1898 4882 2114 4939 carnale

528 4976 812 5043 solatium,
842 4979 935 5031 sed
971 4976 1135 5030 etiam
1177 4976 1417 5046 spiritale
1463 4976 1716 5047 gaudium
1764 4975 1965 5030 habere
2001 4988 2114 5029 me-

529 5069 777 5125 reamini.
803 5068 863 5125 ln
890 5084 1131 5140 pannoso
1159 5084 1397 5139 paupere
1425 5067 1673 5124 Christus
1713 5082 1817 5122 non
1851 5067 2112 5137 despicia-

528 5170 641 5228 tur,
666 5162 759 5218 sed
785 5162 839 5218 in
868 5162 1088 5218 domum
1111 5163 1429 5228 deducatur,
1458 5162 1704 5217 foveatur
1731 5170 1785 5217 et
1804 5161 2111 5226 reﬁciatur;

528 5252 655 5323 quia
684 5252 910 5310 refectio
939 5254 1092 5326 egeni
1126 5253 1271 5309 salus
1296 5261 1378 5309 est
1401 5253 1600 5309 divitis.
1629 5253 1931 5309 Canonicas
1951 5256 2113 5309 horas

528 5346 586 5401 in
628 5346 791 5404 laude
820 5348 1000 5405 divina
1039 5349 1184 5405 omni
1230 5347 1408 5403 studio
1437 5348 1698 5419 peragite,
1741 5357 2007 5419 quatenus
2044 5350 2113 5404 ab

603 5500 628 5528 ι
667 5486 809 5542 Edit.
839 5488 1090 5556 Quercet.
1120 5488 1208 5554 80,
1247 5487 1427 5543 Canis.
1453 5487 1544 5551 65,
1571 5486 1802 5541 Froben.
1836 5486 1957 5541 145.

601 5579 630 5621 δ
671 5578 968 5635 Nomento.
1011 5580 1170 5636 Haud
1212 5582 1372 5636 dubie
1416 5568 1594 5635 abbati
1632 5577 1902 5634 Farfensis
1940 5580 2113 5634 beata:

533 5648 1097 5777 alariasmonasterii.
1146 5654 1264 5710 Vid.
1312 5651 1509 5708 Mabill.
1565 5650 1683 5705 libr.
1720 5664 1845 5704 xxvi
1894 5649 2110 5715 Annal.,

576 5737 686 5775 um.
758 5763 771 5776 .

602 5825 624 5852 ε
662 5814 802 5868 Edit.
848 5814 1097 5883 Quercet.
1146 5817 1215 5871 55
1254 5831 1321 5871 ex
1374 5832 1475 5871 ms.
1518 5814 1771 5888 (Froben.
1806 5816 1851 5868 i4

533 5892 707 5942 mater
732 5885 842 5975 illa,
869 5903 989 5959 quae
1015 5887 1162 5943 illia?
1186 5886 1332 5943 nullo
1360 5886 1561 5943 indicio
1585 5887 1851 5960 proditur.

848 5814 1097 5883 Quercet.
1146 5817 1215 5871 55
1254 5831 1321 5888 ex
1366 5832 1475 5888 gms.
1512 5813 1771 5888 (Froben.
1806 5814 1951 5887 “6).
1983 5814 2139 5882 Quae.

2225 4716 2336 4759 sum
2362 4700 2623 4774 graditur,
2656 4719 2763 4757 non
2806 4717 3038 4772 sequens
3078 4718 3224 4769 eum,
3261 4701 3352 4774 qui
3383 4702 3461 4757 ait
3490 4717 3504 4756 :
3546 4702 3662 4775 Ego
3698 4721 3820 4758 sum

2224 4793 2316 4850 lux
2353 4794 2554 4859 mundi,
2582 4796 2671 4866 qui
2697 4794 2931 4865 sequitur
2950 4810 3049 4857 me,
3094 4809 3195 4847 non
3221 4791 3456 4847 ambulat
3481 4793 3536 4847 in
3562 4794 3821 4861 tenebris,

2223 4885 2314 4940 sed
2341 4884 2546 4939 habebit
2582 4883 2757 4937 lutnen
2788 4885 2905 4939 vita:
2951 4883 3131 4955 (Joan.
3175 4898 3295 4948 vm,
3340 4880 3449 4955 12).
3488 4882 3623 4939 Item
3655 4903 3666 4936 :
3713 4884 3826 4951 Qui

2222 4976 2329 5033 vult
2352 4986 2463 5048 post
2486 4993 2566 5031 me
2594 4977 2782 5041 venire,
2810 4975 3022 5045 abneget
3052 4976 3403 5045 semetipsum,
3433 4972 3585 5027 tollat
3606 4990 3823 5029 crucem

2220 5082 2371 5123 suam
2398 5080 2445 5123 et
2469 5078 2717 5140 sequatur
2743 5084 2823 5122 me
2851 5067 3062 5140 (Matth.
3101 5082 3211 5133 xvi,
3250 5064 3363 5138 24).
3411 5065 3557 5121 Crux
3582 5065 3822 5133 tollitur,

2219 5161 2345 5216 dum
2374 5175 2471 5231 per
2511 5160 2828 5231 patientiam
2861 5159 3135 5213 tribulatio
3162 5158 3415 5213 vincitur.
3453 5155 3622 5212 Nemo
3654 5159 3826 5216 miles

2217 5254 2589 5319 coronabitur,
2638 5253 2737 5307 nisi
2770 5254 2860 5324 qui
2891 5253 3116 5324 legitime
3149 5260 3309 5306 certat
3348 5248 3434 5323 (II
3471 5249 3605 5306 Tim.
3635 5265 3696 5316 ιι,
3735 5251 3822 5327 5).

2216 5346 2477 5418 Legitime
2515 5352 2729 5400 certare
2751 5353 2836 5399 est
2854 5344 3073 5415 virgini,
3102 5350 3163 5397 ut
3186 5343 3255 5398 sit
3281 5352 3463 5397 sancta
3503 5356 3724 5414 corpore
3769 5356 3825 5399 et

2285 5479 2522 5561 elidit;
2566 5479 2817 5547 Quercet.
2870 5478 2974 5536 100
3030 5494 3099 5535 ex
3164 5494 3269 5534 ms.
3317 5477 3516 5551 (Apud
3563 5477 3819 5535 Froben.

2218 5550 2627 5705 “Pis‘ti’gll'a.
2651 5621 2783 5705 ora;
2815 5621 2908 5677 illa
2931 5621 3085 5704 virgo
3120 5619 3297 5705 fuerit.
3318 5621 3577 5705 ignotum.
3616 5620 3827 5705 Annali-

2216 5708 2410 5749 canam
2660 5688 2855 5765 colligo
2899 5708 2966 5748 ex
3013 5688 3081 5747 iis
3107 5688 3362 5765 epistolae?
3384 5692 3602 5765 verbis:
3635 5688 3825 5765 [liga

3768 5803 3823 5845 ξιτ

2218 5764 2481 5846 υοιήδειιηιΔ
2520 5767 2728 5846 tyranni
2755 5760 3033 5846 {lict-{will
3054 5782 3073 5830 ἱ
3101 5760 3221 5846 (lim
3246 5763 3313 5846 Si}?
3330 5762 3533 5846 Αηειίε

2219 5850 2448 5904 quorum
2471 5833 2809 5904 tyrannidem
2835 5835 3096 5891 Alcuinus
3119 5833 3190 5893 in
3215 5835 3338 5893 aliis
3363 5833 3528 5894 etiam
3555 5833 3823 5904 69MB

2218 5914 2457 5973 accusat,
2489 5906 2831 5979 intelligenda
2858 5921 3072 5964 censeo.
