4062 6430
554 348 654 404 471

1413 353 1472 407 Β.
1513 354 1574 408 F.
1613 354 1840 411 ALBINI
1878 354 2010 414 SEU
2037 357 2313 416 ALCUINI
2349 359 2632 421 OPERUM
2667 365 2848 422 PARS
2881 365 2923 422 l.

3707 377 3818 438 472

557 483 708 526 meos
737 468 917 539 apices
942 469 1118 541 legere
1145 470 1402 527 licuisset.
1449 471 1596 527 Sciat
1619 480 1796 528 tamen
1825 475 2132 531 certissime
2156 479 2209 540 Α
2235 494 2351 535 suo.
2385 480 2539 538 Scire
2561 484 2755 540 debent
2784 484 2993 556 praelati
3019 487 3162 558 quod
3187 495 3392 560 quanto
3417 488 3540 561 plus
3567 490 3822 556 laborant

555 563 658 618 sibi
685 578 898 634 quoque
939 563 1184 628 dominas,
1234 575 1491 634 quantum
1533 565 1705 631 valeo,
1745 567 1958 623 ﬁdelem
1987 583 2126 624 esse.

557 655 762 712 Tamen
822 665 1031 729 gestum
1079 665 1165 712 est
1216 657 1284 713 de
1337 659 1668 715 monasterio
1721 673 1747 701 ι
1805 661 2128 729 lnmercum,

555 749 697 804 sicut
741 749 809 804 de
854 749 1068 804 illorum
1121 765 1226 804 non
1259 750 1468 818 speravi
1511 751 1770 806 bonitate.
1804 752 2030 809 Faciant
2065 755 2132 810 de

553 857 662 906 me,
692 842 830 898 sicut
859 842 963 897 illis
992 842 1217 912 placeat.
1247 839 1381 896 Nam
1407 841 1538 897 ﬁdes
1563 859 1680 898 mea
1711 843 1850 914 apud
1877 845 1995 899 illos
2022 861 2131 901 non

553 937 862 1002 violabitui‘,
927 937 1152 991 credens
1206 943 1354 991 tanto
1416 935 1668 992 meliores
1726 938 1924 993 habere
1977 937 2128 1005 illos,

553 1033 812 1095 quantum
851 1025 1101 1079 meliores
1132 1032 1257 1080 sunt
1303 1026 1511 1081 meritis
1537 1035 1593 1081 et
1629 1027 1909 1098 dignitate.
1947 1027 2132 1084 Omni-

551 1131 744 1190 potens
769 1131 968 1176 aeterna
993 1122 1326 1194 protectione
1347 1137 1442 1177 eos
1463 1123 1664 1186 ubique
1684 1124 1970 1189 custodiat,
2001 1140 2128 1194 pro-

555 1222 698 1283 tegat
735 1222 787 1268 et
829 1222 980 1285 regat
1007 1230 1129 1269 cum
1169 1215 1419 1270 omnibus
1447 1214 1692 1271 ﬁdelibus
1722 1217 1852 1270 suis.
1892 1217 1918 1255 δ
1955 1216 2128 1287 ngri-

553 1305 680 1358 dum
708 1304 876 1360 ﬁlium
917 1321 1095 1360 meum
1127 1306 1410 1378 diligenter
1436 1307 1629 1362 saluta.
1666 1307 1824 1377 Opto,
1853 1316 1912 1362 ut
1943 1307 2132 1363 ﬂoreat

551 1395 606 1450 in
628 1395 902 1452 voluntate
922 1398 1036 1462 Dei,
1058 1406 1112 1452 et
1130 1399 1489 1468 prosperitate
1503 1401 1685 1456 multis
1705 1400 1934 1456 feliciter
1954 1400 2129 1455 annis.

549 1485 740 1542 Valete
768 1502 1001 1558 semper,
1035 1488 1343 1544 dulcissima
1370 1505 1544 1545 soror.

1018 1616 1038 1644 ο
1083 1603 1415 1660 EPISTOLA
1453 1604 1680 1660 CXCIX.

653 1691 721 1730 ΔΙ)
756 1692 1112 1732 ΕΒΙῙΛἮῩΒΕΙ
1152 1693 1401 1732 ΙυἎῖἱυίιΔΙ
1442 1694 1566 1740 DEI,
1609 1690 1737 1731 οιηι
1775 1691 2031 1732 ΒΕῦΙΝΔΙ.

856 1767 1076 1822 Instruit
1105 1769 1311 1840 Optimis
1342 1769 1458 1823 vitae
1483 1767 1827 1822 documentis.

620 1861 988 1917 Dilectissimae
1028 1863 1079 1918 in
1121 1862 1337 1918 Christo
1362 1861 1583 1918 sororid
1615 1860 1944 1930 Edilthydae
1967 1861 2130 1917 matri

545 1955 766 2011 humilis
795 1956 954 2011 levita
973 1956 1231 2012 Alcuinus
1257 1957 1504 2013 salutem.

625 2047 826 2102 Vestrae
861 2047 1206 2118 benignitatis
1241 2063 1468 2117 munera
1505 2055 1781 2118 gratanter
1807 2046 2133 2117 suscipiens,

545 2146 740 2194 vestrae
766 2139 1068 2195 dilectionis
1094 2140 1408 2196 salutatoria
1437 2140 1598 2194 verba
1623 2139 1854 2195 libenter
1882 2138 2128 2204 audiens,

544 2230 725 2286 fateor
771 2247 961 2302 magna
1001 2247 1088 2286 me
1123 2233 1402 2288 dulcedine
1446 2248 1566 2289 esse
1602 2233 1875 2304 gavisum,
1923 2247 2129 2303 cogno-

545 2335 703 2376 scens
732 2321 941 2378 ﬁdelem
971 2323 1025 2378 in
1055 2333 1238 2379 vestro
1264 2333 1483 2394 pectore
1507 2325 1871 2394 permansisse
1895 2324 2131 2379 charita-

545 2419 654 2467 tem
680 2454 696 2479 ,
726 2429 888 2484 quam
916 2431 1016 2471 nec
1045 2423 1312 2472 terrarum
1342 2415 1706 2488 longinquitas
1737 2418 2132 2486 interrumpere

542 2507 761 2574 poterit,
803 2523 903 2563 nec
935 2507 1205 2582 ﬁuctivagi
1246 2511 1413 2566 maris
1446 2519 1607 2566 aestus
1633 2510 1946 2580 procellosis
1973 2511 2130 2566 undis

545 2601 774 2656 obruere
812 2602 974 2667 valet,
1005 2618 1112 2673 quo
1156 2604 1335 2660 minus
1372 2605 1438 2660 ad
1474 2619 1562 2660 me
1597 2619 1768 2676 usque
1803 2603 2130 2660 beneﬁciosa

544 2693 911 2750 muniﬁcentia
933 2696 1286 2764 pervolasset.
1316 2695 1469 2752 Sicut
1488 2696 1684 2767 legitur
1712 2713 1726 2750 :
1763 2696 1927 2766 Aqua:
1950 2694 2130 2750 multa:

544 2802 650 2840 non
694 2795 970 2857 potuerunt
1016 2789 1346 2858 exstinguere
1383 2789 1708 2852 charitatem,
1766 2804 1858 2842 nec
1906 2788 2130 2860 ﬂumina

544 2877 761 2932 obruent
791 2876 937 2932 illam
965 2875 1141 2949 (Cant.
1168 2893 1288 2946 vnn,
1331 2878 1406 2950 '1).
1440 2879 1608 2949 Igitur
1627 2879 1864 2936 charitas
1892 2895 2012 2950 quae
2035 2879 2130 2936 de-

544 2969 652 3024 seri
677 2977 873 3038 potest,
898 2985 1172 3041 nunquam
1202 2987 1330 3026 vera
1359 2971 1480 3026 fuit.
1525 2971 1610 3027 Nil
1635 2972 1883 3028 homines
1919 2972 1992 3026 ita
2015 2971 2129 3029 Deo

543 3063 976 3135 appropinquare
998 3062 1128 3119 facit
1151 3105 1167 3130 ,
1197 3063 1336 3120 sicut
1361 3064 1615 3119 charitas.
1655 3061 1758 3129 Qui
1790 3065 1844 3118 in
1877 3064 2129 3118 charitate

543 3169 738 3225 manet,
782 3161 838 3214 in
882 3158 993 3214 Deo
1042 3168 1237 3224 manet,
1284 3158 1424 3213 sicut
1476 3158 1606 3214 dicit
1654 3157 1951 3228 Scriptura,
1999 3156 2124 3226 quia

543 3253 686 3310 Deus
717 3256 946 3310 charitas
973 3263 1046 3308 est
1073 3251 1124 3325 (I
1156 3252 1316 3307 Joan.
1349 3267 1426 3317 IV,
1468 3250 1577 3323 l6).
1615 3251 1690 3306 De
1727 3265 1832 3320 qua
1861 3250 1976 3319 ipse
2005 3247 2126 3304 Sal-

544 3359 701 3406 vator
724 3349 800 3403 ait
833 3367 847 3402 :
880 3346 947 3402 In
976 3349 1057 3401 his
1083 3345 1284 3400 duobus
1306 3345 1574 3416 praeceptis
1616 3353 1726 3397 tota
1755 3341 1840 3397 lea:
1862 3341 2048 3413 pendet
2075 3349 2125 3395 et

539 3441 805 3514 propheta:
829 3437 1042 3508 (Matth.
1072 3453 1184 3492 xxn
1210 3477 1226 3502 ,
1263 3435 1377 3506 40),
1407 3435 1463 3491 id
1483 3443 1594 3498 est,
1629 3434 1684 3488 in
1726 3433 1991 3489 charitate
2027 3431 2123 3486 Dei

543 3543 598 3590 et
630 3531 884 3604 proximi.
923 3529 1028 3584 Per
1051 3529 1371 3584 charitatem
1396 3527 1626 3598 proximi
1664 3525 1732 3580 ad
1759 3525 1854 3580 Dei
1883 3523 2125 3580 dilectio-

542 3639 668 3680 nem
696 3621 1026 3691 pervenitur.
1075 3619 1215 3675 Dicit
1233 3618 1378 3674 enim
1402 3617 1636 3673 Joannes
1655 3613 1983 3686 evangelista
2013 3631 2026 3666 :
2062 3613 2124 3668 Si

481 3748 486 3752 -
543 3716 781 3786 fratrem.
816 3730 969 3786 quem
1016 3712 1177 3776 vides,
1229 3727 1332 3765 non
1386 3708 1580 3780 diligis,
1625 3707 1882 3781 quomodo
1931 3707 2118 3773 Deum,

540 3822 692 3878 quem
716 3821 819 3860 non
849 3805 1007 3870 vides,
1050 3803 1265 3874 diligere
1291 3811 1434 3873 potes
1462 3800 1514 3872 (I
1536 3801 1697 3856 Joan.
1726 3815 1801 3867 Iv,
1844 3797 1974 3869 20)?
2017 3796 2122 3852 Sed

540 3900 781 3955 fraterna
813 3899 1056 3955 charitas
1101 3898 1157 3953 in
1197 3896 1564 3972 admonitione
1601 3893 1828 3966 spiritali
1855 3901 1910 3947 et
1944 3893 1998 3948 in
2036 3908 2123 3948 so-

537 3993 672 4048 latio
691 3992 936 4048 steculari
959 3989 1289 4046 ostendenda
1314 3997 1417 4044 est.
1443 3986 1595 4043 Sicut
1617 3988 1760 4042 enim
1785 3999 1982 4055 corpus
1999 3983 2122 4039 cibo

538 4085 818 4156 pascitur,
871 4083 948 4138 ita
993 4083 1172 4137 anima
1217 4081 1388 4136 sacris
1439 4079 1700 4136 doctrinis
1759 4077 1942 4131 alitur.
1993 4074 2119 4130 Ideo

537 4187 828 4248 utrumque
866 4176 1046 4232 facere
1075 4175 1236 4230 debet
1259 4174 1351 4244 qui
1373 4181 1550 4243 potest
1579 4187 1594 4226 :
1641 4179 1696 4226 et
1721 4170 1942 4241 pauperi
1969 4167 2118 4239 larga

535 4274 813 4344 porrigere
834 4287 997 4326 manu
1026 4270 1170 4341 quod
1193 4270 1417 4339 indiget,
1440 4277 1495 4323 et
1523 4267 1849 4323 esurientem
1881 4266 2117 4319 animam

537 4365 814 4421 salutifera
858 4363 1224 4419 admonitione
1265 4362 1534 4416 reﬁcere:
1583 4360 1818 4415 maxime
1849 4358 1942 4428 qui
1980 4372 2118 4427 prae-

534 4467 663 4515 sunt
705 4457 828 4511 aliis
867 4465 922 4512 et
965 4455 1254 4509 multorum
1282 4469 1469 4509 curam
1507 4452 1709 4509 habere
1741 4451 2007 4507 videntur.
2039 4450 2116 4506 De

2234 577 2288 632 in
2316 577 2488 634 salute
2513 579 2875 650 subiectorum
2909 597 3154 684 suorum‘
3182 591 3332 640 tanto
3358 585 3620 655 majorem
3661 603 3822 648 acco-

2233 671 2376 740 pturi
2405 680 2563 726 erunt
2597 673 2853 742 gloriam,
2897 671 3199 732 dicente'in
3244 677 3332 733 die
3364 675 3555 746 judicii
3584 678 3820 740 Domino

2234 759 2344 816 Deo
2366 761 2469 816 illis
2498 777 2512 815 :
2543 762 2710 834 Euge,
2739 781 2876 819 serve
2898 765 3025 821 bone
3052 776 3100 821 et
3119 767 3311 836 ﬁdelis,
3326 768 3450 838 quia
3469 786 3625 841 super
3644 787 3820 841 pauca

2233 850 2382 919 fuisti
2408 853 2601 923 ﬁdelis,
2625 872 2783 925 supra
2812 854 2978 910 multa
3007 865 3056 910 te
3077 859 3412 923 constituam,
3439 859 3580 913 intra
3607 860 3664 914 in
3686 877 3818 931 gau-

2234 945 2378 998 dium
2399 945 2610 999 Domini
2635 948 2710 1000 tui
2735 946 2949 1018 (Matth.
2973 964 3099 1013 xxv,
3124 949 3214 1013 2i,
3243 949 3358 1020 25).
3390 949 3531 1018 Quid
3553 952 3661 1007 hac
3682 966 3820 1009 voce

2227 1037 2548 1108 jucundius?
2573 1038 2701 1107 quid
2728 1038 2831 1094 hoc
2851 1038 3034 1094 auditu
3064 1039 3316 1095 beatius?

2305 1129 2454 1184 Hanc
2479 1127 2689 1201 [SuppL
2727 1127 2808 1202 ut]
2845 1144 3032 1184 vocem
3063 1130 3250 1186 audire
3286 1132 3570 1198 merearis,
3611 1133 3825 1193 charis-

2235 1221 2371 1276 sima
2419 1235 2592 1284 soror,
2615 1220 2762 1274 omni
2806 1219 3062 1276 instantia
3117 1221 3214 1276 tibi
3265 1223 3536 1294 subjectos
3585 1225 3819 1291 instrue,

2234 1312 2414 1367 verbis
2439 1309 2690 1376 admone,
2737 1310 2997 1381 exemplis
3025 1311 3218 1366 erudi:
3262 1313 3384 1382 quia
3422 1313 3637 1369 illorum
3670 1316 3821 1370 salus

2235 1410 2328 1455 tua
2355 1409 2438 1456 est
2461 1401 2840 1456 remuneratio.
2871 1399 2990 1455 Noli
3020 1409 3243 1472 propter
3282 1403 3514 1458 hominis
3554 1413 3822 1460 terrorem

2234 1506 2440 1566 tacere,
2472 1499 2564 1554 sed
2592 1506 2812 1569 propter
2843 1498 2938 1554 Dei
2963 1513 3201 1554 amorem
3234 1498 3475 1570 loquere.
3505 1499 3704 1571 Argue,
3734 1501 3820 1555 in-

2234 1607 2409 1661 crepa,
2461 1589 2668 1644 obsecra
2716 1587 2805 1661 (II
2851 1588 2984 1643 Tim.
3028 1605 3101 1654 tv,
3137 1589 3234 1662 2);
3297 1590 3508 1660 publice
3548 1602 3822 1663 peccantes

2235 1681 2411 1754 palam
2457 1683 2674 1754 castiga,
2725 1691 2782 1736 ut
2831 1683 3004 1737 elateri
3050 1683 3288 1737 timorem
3330 1683 3554 1738 habeant
3594 1683 3650 1754 (I
3683 1684 3817 1738 Tim.

2243 1787 2294 1840 v,
2316 1772 2440 1841 20);
2470 1772 2604 1828 alios
2629 1773 2682 1828 in
2719 1772 2908 1843 spiritu
2937 1773 3366 1828 mansuetudinis
3390 1772 3656 1839 admone;
3689 1773 3822 1829 alios

2237 1865 2293 1921 in
2333 1865 2484 1937 virga
2526 1864 2783 1936 pastorali
2835 1865 3046 1937 corripe
3070 1905 3086 1928 ,
3131 1864 3414 1935 diligenter
3469 1864 3822 1920 considerans

2231 1958 2360 2030 quid
2401 1957 2490 2014 cui
2523 1957 2826 2013 conveniat.
2877 1955 3107 2023 Quidam
3157 1956 3341 2026 itaque
3371 1955 3593 2028 maligni
3645 1956 3822 2011 morbi

2229 2037 2327 2120 per
2357 2049 2552 2112 dulcia,
2575 2050 2794 2119 quidam
2821 2061 2920 2118 per
2945 2063 3132 2103 amara
3153 2055 3412 2102 sanantur
3429 2045 3644 2118 pocula.
3672 2045 3823 2102 Anus

2231 2151 2286 2198 et
2333 2156 2491 2197 senes
2529 2140 2684 2210 quasi
2739 2147 2941 2195 matres
2984 2148 3040 2194 et
3083 2147 3268 2209 patres
3315 2140 3551 2205 honora;
3593 2139 3823 2210 juvenes

2230 2235 2384 2306 quasi
2408 2233 2608 2290 fratres
2634 2242 2690 2288 et
2731 2249 2944 2290 sorores
2976 2234 3165 2306 dilige;
3201 2234 3438 2290 minores
3473 2243 3638 2289 astate
3667 2234 3824 2306 quasi

2231 2329 2369 2385 ﬁlios
2413 2329 2656 2397 ﬁliasque
2702 2327 2879 2393 erudi,
2923 2335 2979 2383 et
3021 2327 3260 2382 omnium
3299 2342 3484 2382 curam
3527 2327 3733 2383 habeto
3769 2328 3821 2382 in

2230 2419 2482 2486 Christo,
2530 2429 2590 2474 ut
2640 2419 2880 2476 omnium
2924 2419 3228 2474 mercedem
3274 2419 3474 2474 habeas
3528 2433 3561 2473 a
3603 2417 3823 2474 Christo

2231 2514 2285 2587 (Ι
2318 2514 2451 2569 Tim.
2484 2531 2537 2580 v,
2569 2516 2622 2582 1,
2655 2514 2734 2586 2).
2769 2512 2967 2568 Fidelis
2993 2527 3122 2568 vero
3165 2513 3505 2582 dispensator
3529 2511 3821 2582 pecuniam

2230 2607 2444 2664 Domini
2497 2607 2600 2673 sui,
2644 2607 2697 2661 id
2733 2613 2836 2671 est,
2881 2606 3091 2660 animas
3133 2605 3236 2659 sibi
3273 2604 3591 2660 commissas
3621 2617 3822 2674 augere

2229 2700 2443 2756 studeat
2469 2713 2564 2769 per
2587 2697 2939 2768 diligentiam,
2972 2712 3080 2751 non
3105 2697 3349 2752 minuere
3376 2711 3475 2766 per
3495 2695 3817 2766 pigritiam;

2230 2793 2354 2866 quia
2385 2807 2574 2849 servus
2609 2791 2782 2847 bonus
2807 2789 3154 2846 coronabitur
3181 2804 3213 2844 a
3242 2788 3468 2843 Domino
3493 2802 3612 2852 suo,
3643 2785 3822 2842 malus

2228 2900 2358 2940 vero
2412 2885 2569 2954 211
2619 2883 3003 2948 damnabitur,
3058 2883 3197 2936 sicut
3258 2881 3313 2935 in
3363 2877 3654 2949 Evangelio
3710 2875 3820 2932 dici

2227 2993 2260 3033 a
2310 2977 2612 3048 legentibus
2659 2975 2882 3046 intelligi
2919 2983 3114 3045 potest.
3161 2973 3242 3028 Tu
3290 2987 3418 3027 vero
3459 2971 3649 3026 labora
3681 2968 3810 3024 dili-

2227 3068 2542 3140 gentissime
2581 3069 2636 3122 in
2666 3081 2830 3138 opere
2867 3066 2984 3131 Dei,
3016 3073 3074 3120 ut
3116 3064 3527 3120 retributionem
3559 3075 3817 3132 magnam

2228 3158 2462 3228 accipias
2486 3159 2539 3212 in
2563 3173 2728 3229 regno
2749 3158 2864 3212 Dei.
2894 3157 3262 3228 Eleemosyna:
3285 3165 3389 3212 tua:
3417 3156 3728 3228 praicedant
3764 3163 3817 3209 te

2227 3259 2282 3307 et
2311 3250 2455 3304 viam
2483 3249 2579 3305 tibi
2613 3247 2831 3304 faciant.
2875 3247 3100 3304 Munera
3138 3250 3274 3303 enim
3301 3248 3524 3303 dilatant
3557 3249 3696 3302 viam
3722 3248 3817 3302 ho-

2227 3343 2403 3407 minis,
2451 3351 2497 3396 et
2545 3341 2772 3413 spatium
2813 3340 2861 3393 ei
2903 3348 3022 3394 ante
3068 3341 3351 3411 principem
3391 3338 3592 3409 faciunt
3624 3336 3812 3408 (Prov.

2227 3449 2382 3498 xvut,
2412 3432 2523 3503 16).
2569 3430 2812 3502 Hospites
2857 3439 2904 3485 et
2942 3431 3202 3501 peregrini
3243 3446 3421 3484 sumus
3455 3430 3511 3483 in
3545 3429 3644 3483 hac
3669 3439 3812 3483 terra

2227 3524 2413 3597 (Hebr.
2443 3541 2518 3589 xl,
2559 3525 2670 3596 15).
2703 3522 2888 3578 Patria
2935 3531 3119 3577 nostra
3161 3522 3217 3576 in
3260 3521 3397 3577 coelo
3422 3528 3525 3576 est.
3576 3518 3695 3575 Non
3727 3529 3811 3575 est

2224 3619 2425 3672 bonum
2455 3615 2767 3670 transitoria
2790 3613 3029 3684 diligere,
3075 3621 3130 3668 et
3163 3613 3486 3684 sempiterna
3509 3612 3800 3683 negligere.

2225 3708 2603 3777 Unusquisque
2628 3707 2767 3762 sicut
2791 3705 3125 3775 operabitur,
3149 3704 3229 3759 sic
3254 3704 3481 3774 accipiet
3501 3719 3533 3757 a
3556 3703 3668 3758 Deo
3682 3718 3801 3767 suo,

2223 3800 2312 3870 qui
2350 3797 2528 3853 reddet
2577 3797 2855 3868 unicuique
2896 3793 3181 3850 secundum
3227 3810 3386 3866 opera
3439 3811 3537 3849 sua
3582 3791 3797 3866 (Matth.

2222 3906 2332 3955 xvi,
2372 3888 2487 3960 27).

2298 3991 2498 4064 Vigiliae
2516 4000 2572 4046 et
2597 3991 2870 4047 orationes
2890 3991 2987 4046 tibi
3012 3991 3120 4048 sint
3143 3990 3478 4071 frequentes,
3492 3998 3547 4045 et
3571 3987 3801 4060 psalmo-

2220 4085 2308 4140 dia
2354 4085 2409 4140 in
2439 4099 2553 4150 ore,
2581 4100 2690 4139 non
2734 4084 3041 4155 vaniloquia
3086 4085 3142 4138 in
3192 4083 3392 4155 lingua.
3441 4081 3549 4137 Sed
3587 4079 3798 4136 dilectio

2220 4176 2316 4233 Dei
2355 4177 2410 4231 in
2443 4177 2625 4242 corde,
2655 4185 2710 4231 et
2737 4192 2846 4232 non
2873 4175 3097 4232 ambitio
3126 4175 3307 4231 saeculi
3333 4175 3389 4229 in
3414 4183 3613 4230 mente.
3659 4173 3799 4253 Prae-

2219 4269 2348 4324 terit
2387 4270 2532 4324 enim
2568 4269 2827 4340 quidquid
2867 4277 3078 4323 amatur
3122 4270 3178 4323 in
3225 4265 3423 4323 mundo
3466 4285 3479 4321 :
3524 4274 3800 4338 permanet

2217 4360 2476 4430 quidquid
2532 4361 2770 4433 diligitur
2826 4361 2879 4415 in
2939 4359 3174 4417 Christo.
3240 4359 3494 4417 Volentes
3554 4359 3797 4414 nolentes

2217 4453 2405 4507 aeterni
2430 4454 2650 4508 erimus.
2681 4453 2838 4509 Omni
2877 4454 3172 4508 intentione
3217 4453 3548 4520 studeamus,
3578 4462 3638 4506 ut
3666 4452 3792 4507 ﬁde-

534 4552 640 4607 hoc
668 4549 905 4605 studiose
924 4547 1148 4619 vigilare
1171 4545 1378 4620 [Forte,
1405 4545 1590 4618 vigila]
1618 4561 1717 4616 pro
1740 4545 1964 4617 singulis
1989 4546 2109 4600 ani-
2138 4564 2193 4626 ι)
2217 4541 2344 4598 liter
2379 4544 2646 4609 vivamus,
2676 4544 2767 4598 ubi
2797 4558 3010 4613 semper
3044 4543 3286 4598 mansuri
3322 4542 3542 4598 erimus.
3573 4540 3796 4596 Sancto~

536 4641 752 4706 mabus,
781 4639 934 4709 quasi
964 4638 1226 4692 rationem
1270 4637 1578 4692 redditurus
1600 4651 1699 4708 pro
1721 4636 1800 4692 eis
1835 4636 1890 4690 in
1916 4635 2004 4691 die
2025 4634 2114 4705 ju-
2147 4673 2149 4676 -

534 4729 682 4787 dicii.
737 4729 837 4797 Qui
889 4728 1220 4800 negligenter
1266 4729 1527 4784 talentum
1581 4738 1760 4784 servat
1811 4737 2111 4799 acceptum,

533 4837 750 4894 poenam
792 4823 1029 4893 patietur
1071 4838 1182 4877 suae
1229 4823 1566 4893 negligentia
1617 4822 1967 4893 condignam;
2021 4821 2114 4891 qui

533 4930 665 4970 vero
712 4916 1033 4986 multiplicat
1077 4917 1361 4989 diligenter
1419 4917 1702 4987 pecuniam
1753 4916 2110 4983 Dominicam,

531 5022 784 5081 magnam
817 5017 1138 5080 accepturus
1183 5010 1287 5066 erit
1329 5008 1636 5064 mercedem
1675 5025 1706 5062 a
1744 5008 1970 5062 Domino
2001 5008 2112 5062 Deo

599 5153 631 5184 ι
669 5140 992 5198 Honosterio
1015 5143 1334 5199 Inmercum.
1367 5144 1482 5200 Hoc
1507 5143 1897 5198 monasterium
1939 5157 1970 5197 a
2018 5157 2112 5198 ne-

529 5215 674 5270 mine
683 5213 976 5284 proditur;
1005 5215 1100 5269 abs
1131 5216 1292 5270 dubio
1319 5215 1372 5268 in
1398 5213 1586 5284 Anglia
1617 5213 1984 5284 quaerendum.

601 5285 629 5325 ιι
666 5283 968 5357 Eg[ridum.
1022 5285 1150 5340 Oﬁ'ae
1201 5287 1344 5357 regis
1397 5283 1716 5357 Merciorum
1767 5283 1969 5350 ﬁlium,
2041 5284 2109 5339 ad

526 5370 695 5427 quem
717 5353 976 5427 Alcuinus
1011 5357 1227 5427 scripsit
1251 5353 1533 5427 epistolam
1559 5353 1648 5427 50.

601 5438 623 5497 ς
656 5423 796 5497 Edit.
835 5424 1085 5492 Quercet.
1120 5422 1189 5492 30
1221 5422 1300 5481 ex"
1330 5440 1433 5480 ms.
1461 5422 1622 5494 (apud
1667 5423 1900 5480 Froben.
1944 5429 2103 5497 epist.

525 5494 977 5649 fagglidi‘lthgdw
1021 5569 1220 5649 matri:
1248 5565 1584 5649 Dubiusmest
1625 5565 1990 5649 Mabillonius,
2036 5586 2106 5626 an

525 5638 640 5708 hzec
667 5637 737 5691 sit
761 5634 986 5708 Alfrida,
1014 5653 1110 5708 seu
1138 5636 1414 5708 Ethedrita
1432 5634 1574 5708 Dira:
1600 5637 1742 5708 regis
1783 5637 2104 5698 Merciorum

525 5707 634 5764 ﬁlia
652 5749 666 5772 ,
699 5723 859 5779 quam
884 5706 1198 5779 Ethelredus
1226 5707 1376 5777 regni
1416 5706 1769 5762 Orientalium
1793 5709 2104 5779 Anglorum

525 5780 701 5849 haeres
723 5778 1006 5849 conjugem
1031 5778 1231 5849 habere
1260 5779 1463 5849 volens,
1491 5779 1748 5849 palatium
1773 5778 2105 5839 Olfaaacces-

527 5849 623 5914 sit,
661 5847 738 5906 ibi
765 5862 894 5904 vero
933 5847 1137 5918 perﬁde
1163 5848 1340 5920 capite
1377 5847 1659 5907 truncatus
1686 5853 1798 5907 est?
1823 5851 1939 5923 (lib.
1971 5869 2096 5912 xxvi

2218 4651 2337 4689 rum
2362 4634 2682 4691 festivitates
2707 4651 2830 4690 cum
2854 4635 3010 4692 laude
3037 4637 3235 4701 divina,
3263 4644 3317 4691 et
3338 4650 3635 4706 pauperum
3665 4635 3797 4690 elec-

2215 4743 2438 4800 mosyna
2461 4727 2773 4798 frequenter
2799 4729 3024 4793 honora,
3039 4737 3303 4799 quatenus
3327 4742 3510 4783 eorum
3536 4727 3796 4782 merearis

2215 4819 2599 4876 intercessione
2661 4819 2874 4874 illorum
2932 4835 3050 4875 esse
3101 4820 3372 4890 particeps
3423 4819 3794 4875 beatitudinis.

2215 4912 2336 4968 Sint
2372 4913 2470 4968 tibi
2510 4912 2786 4968 sermones
2827 4914 3057 4969 veritate
3103 4913 3427 4980 laudabiles;
3475 4913 3586 4968 sint
3613 4929 3796 4970 mores

2213 5007 2503 5064 sobrietate
2529 5015 2585 5063 et
2604 5006 2867 5063 modestia
2889 5007 3175 5075 amabiles;
3207 5007 3316 5063 sint
3338 5021 3529 5062 manus
3546 5005 3796 5079 largitate

2210 5161 2403 5234 Annal.
2435 5177 2585 5216 num.
2613 5161 2703 5228 29,
2726 5163 2848 5234 Act.
2875 5163 2975 5219 SS.
3009 5179 3133 5219 saec.
3163 5179 3236 5228 Iv,
3260 5171 3399 5234 part.
3428 5179 3464 5227 ι,
3496 5161 3789 5234 ρθεεῇϐὄ).

2209 5232 2462 5288 Alfordus
2483 5234 2622 5288 hanc
2647 5242 2798 5303 putat
2820 5233 2993 5303 fuisse
3016 5232 3392 5299 Etheldritam,
3415 5232 3577 5302 quam
3608 5232 3791 5288 West-

2208 5302 2660 5358 monastcriensis’
2680 5302 3056 5360 Etheldredam
3087 5314 3270 5368 vocat,
3308 5303 3627 5359 Ethelwaldi
3656 5304 3756 5358 Nor
3785 5338 3789 5342 -

2210 5375 2498 5445 thumbria:
2548 5375 2689 5445 regis
2742 5391 2999 5441 uxorem,
3047 5375 3112 5430 de
3163 5391 3268 5445 qua
3320 5374 3642 5445 Hovedenus
3678 5375 3788 5445 ait:

2213 5463 2237 5516 ς
2268 5444 2422 5499 Anno
2446 5444 2550 5516 762
2575 5444 2939 5502 Ethelwaldus
2974 5462 3068 5501 rex
3098 5444 3304 5516 accepit
3336 5446 3576 5514 reginam
3613 5444 3791 5516 Ethel-

2207 5514 2404 5570 dritam
2462 5515 2728 5572 Kalendas
2777 5516 3092 5571 Novembris
3140 5516 3193 5569 in
3219 5514 3556 5572 cataracta.»
3590 5514 3785 5569 Annal.

2206 5585 2606 5656 Anglo-Saxon.
2642 5589 2708 5642 ad
2739 5587 2886 5642 illum
2913 5603 3112 5641 annum
3137 5603 3191 5640 n.
3217 5588 3241 5640 1
3273 5596 3329 5657 et
3353 5601 3467 5657 seq.
3491 5585 3653 5641 Certe
3679 5600 3791 5642 ma-

2207 5673 2324 5726 gna:
2372 5657 2515 5711 illam
2554 5657 2772 5712 familia:
2813 5657 3051 5712 virorum
3083 5673 3147 5713 ac
3182 5656 3468 5713 mulierum
3509 5657 3790 5726 praefuisse

2207 5725 2272 5782 ex
2305 5736 2454 5782 textu
2485 5728 2669 5798 liquet,
2715 5729 2955 5799 reginam
2984 5744 3091 5784 non
3138 5730 3299 5796 item;
3331 5729 3436 5784 nisi
3481 5725 3549 5783 ex
3596 5725 3788 5785 inscri-

2204 5800 2387 5868 ptione
2415 5798 2756 5866 Quercetani.
