4062 6440
248 404 342 460 475

1668 369 2045 447 EPISTOLE.

3389 391 3496 450 474

245 516 571 582 honorabiles
597 533 610 570 :
637 515 708 571 sit
750 513 916 569 totius
959 512 1086 568 vitae
1134 509 1474 567 conversatio
1502 506 1807 578 exemplum
1834 511 1887 572 Α
1909 505 2034 580 20);
2062 507 2159 563 sed
2201 505 2435 578 majores
2473 516 2598 564 sunt
2633 507 3026 565 consolationes
3050 507 3273 566 Christi.
3301 511 3360 568 In
3384 529 3494 586 quo

244 619 292 672 in
319 613 458 670 omni
495 611 736 667 bonitate
761 609 902 674 aliis,
930 616 991 662 ut
1031 607 1262 678 dignitas
1283 619 1526 675 persona:
1555 611 1662 658 tuae
1690 602 1805 656 lau-

243 707 390 761 detur
431 703 498 757 ab
531 699 800 762 omnibus,
834 707 1045 751 ametur
1089 711 1120 750 a
1164 695 1408 765 pluribus
1433 735 1448 759 ,
1488 701 1542 749 et
1584 709 1683 764 per
1711 689 1810 764 (te)

243 798 330 854 Dei
374 809 568 851 nomen
615 791 964 865 glorificetur,
999 789 1114 860 ipsa
1156 788 1366 843 dicente
1411 775 1649 842 Veritabe
1678 801 1691 838 :
1719 783 1810 840 Sic

241 890 398 944 luceat
441 887 534 941 luas
567 899 735 940 vestra
769 899 947 938 coram
971 881 1284 943 hminibus,
1319 888 1375 932 ut
1407 877 1612 932 videant
1654 893 1812 947 opera

238 992 396 1038 vestra
421 981 576 1044 bona,
602 988 650 1033 et
673 976 960 1048 gloriﬁcent
985 973 1197 1028 Patrem
1219 980 1442 1026 vestrum
1472 971 1560 1041 qui
1585 970 1641 1023 in
1671 967 1811 1023 caelis

235 1083 303 1128 est
338 1070 554 1143 (Matth.
588 1084 643 1133 v,
671 1066 779 1139 16).
808 1065 1055 1136 Magnum
1090 1063 1350 1117 habemus
1377 1059 1614 1125 Patrem,
1640 1058 1811 1112 Deum

234 1163 436 1219 scilicet
477 1160 918 1229 omnipotentem.
984 1153 1154 1222 Quam
1201 1151 1394 1207 nobilis
1439 1151 1492 1206 in
1547 1149 1810 1214 moribus,

233 1273 388 1329 quam
448 1254 720 1310 modestus
763 1251 818 1305 in
855 1248 1052 1313 verbis,
1083 1260 1245 1316 quam
1300 1251 1482 1299 castus
1521 1241 1573 1296 in
1611 1241 1810 1306 corde,

230 1366 385 1424 quam
427 1347 736 1405 misericors
759 1343 1010 1400 omnibus
1035 1339 1194 1396 debet
1219 1353 1340 1393 esse
1368 1334 1510 1390 (ilius
1541 1333 1667 1399 Dei,
1695 1333 1810 1404 ipso

229 1444 608 1518 praecipiente:
635 1438 814 1492 Estote
838 1431 1220 1495 misericordes,
1242 1430 1374 1483 sicut
1398 1436 1445 1481 et
1470 1424 1632 1478 Pater
1653 1432 1813 1478 vester

228 1535 444 1591 caelestis
489 1531 782 1588 misericors
810 1536 882 1582 est
915 1525 1066 1598 (Luc.
1094 1539 1170 1587 v1,
1203 1519 1316 1591 36).
1339 1518 1619 1574 Imitemur
1641 1530 1812 1586 quan-

228 1639 338 1684 tum
367 1625 669 1698 poterimus
695 1621 835 1676 illius
862 1617 1176 1680 bonitatem,
1200 1621 1261 1668 ut
1289 1621 1549 1668 :eternam
1578 1608 1811 1664 beatitu-

225 1718 405 1774 dinem
435 1730 559 1770 cum
587 1713 677 1768 illo
704 1712 901 1766 habere
929 1721 1236 1763 mereamur
1262 1723 1276 1759 :
1301 1705 1378 1759 ait
1408 1703 1552 1759 enim
1580 1717 1686 1757 non
1727 1717 1812 1757 so-

225 1806 333 1861 lum
377 1803 656 1875 apostolis,
691 1801 785 1857 sed
827 1800 989 1854 etiam
1027 1807 1084 1852 et
1111 1796 1302 1852 nobis:
1331 1793 1641 1866 Exemplum
1667 1794 1807 1848 enim

1907 597 2066 654 debet
2088 598 2250 655 homo
2273 599 2550 656 saecularis
2585 599 2795 655 misera:
2815 608 3010 656 eventu
3039 603 3370 670 contristari,
3398 605 3493 676 qui

1907 687 2112 745 fontem
2136 689 2304 746 totius
2333 689 2735 756 consolationis,
2765 689 2819 745 id
2845 699 2948 756 est,
2973 689 3252 748 Christum
3284 695 3494 752 habita-

1907 791 2083 840 torem
2123 783 2361 855 possidet
2405 783 2459 838 in
2493 784 2744 853 pectore?
2783 783 2894 840 Imo
2938 784 3110 856 magis
3150 786 3491 857 gaudendum

1909 886 1994 934 est
2032 878 2088 933 in
2115 876 2554 932 tribulationibus
2581 885 2800 947 propter
2830 893 2980 948 spem
3021 887 3237 934 πίθηκε
3259 880 3492 938 beatitu-

1911 968 2072 1034 dinis,
2086 969 2296 1024 dicente
2315 968 2570 1038 Apostolo
2586 986 2598 1021 :
2617 967 2723 1022 Per
2742 967 2934 1022 multas
2955 969 3316 1026 tribulationes
3338 989 3492 1044 apor-

1909 1071 1980 1118 tet
2010 1079 2104 1117 nos
2133 1063 2330 1116 intrare
2365 1063 2422 1116 in
2467 1079 2682 1133 regnum
2726 1062 2822 1116 Dei
2851 1061 2986 1134 (Act.
3017 1079 3129 1130 xw,
3159 1064 3272 1137 21).
3309 1066 3445 1123 Item
3473 1085 3487 1123 :

1910 1151 2172 1223 Flagellat
2202 1153 2341 1207 Deus
2369 1170 2569 1207 omnem
2592 1151 2761 1221 ﬁlium
2789 1170 2940 1225 quem
2964 1156 3142 1228 recipit
3173 1155 3362 1229 (Hebr.
3388 1174 3489 1223 xu,

1911 1243 1986 1315 6).
2022 1243 2154 1298 Item
2183 1245 2247 1298 de
2277 1243 2531 1312 apostolis
2559 1242 2752 1314 legitur
2777 1261 2788 1297 τ
2816 1243 2972 1298 Ibant
3000 1255 3174 1300 autem
3203 1247 3488 1316 gaudentes

1911 1335 2130 1407 apostoli
2178 1353 2211 1390 a
2256 1346 2530 1406 conspectu
2583 1335 2807 1401 concilii,
2845 1339 3094 1407 quoniam
3136 1339 3283 1411 digni
3325 1340 3491 1395 habiti

1909 1435 2030 1482 sunt
2058 1443 2152 1497 pro
2178 1427 2384 1480 nomine
2411 1426 2539 1480 Jesu
2569 1427 2936 1481 contumeliam
2977 1431 3086 1499 pati
3110 1428 3248 1502 (Act.
3280 1447 3337 1498 v,
3376 1431 3489 1503 41).

1913 1517 2064 1574 Sciat
2104 1517 2320 1574 dilectio
2361 1525 2452 1572 tua
2475 1517 2601 1588 quia
2633 1517 2775 1572 ﬁlius
2801 1527 2925 1574 tuus
2951 1521 3211 1590 spiritalis
3236 1522 3494 1584 Dominus

1909 1610 2067 1668 Iesus
2112 1626 2220 1666 non
2268 1619 2354 1668 est
2398 1611 2673 1678 mortalis;
2720 1611 2874 1678 vivit,
2897 1614 3051 1679 vivit,
3077 1623 3134 1669 et
3180 1613 3236 1670 in
3271 1615 3493 1670 dextera

1911 1702 2007 1758 Dei
2051 1703 2228 1758 Patris
2260 1703 2393 1757 vivit
2434 1710 2487 1758 et
2524 1711 2732 1774 regnat.
2772 1701 2896 1759 Ideo
2931 1704 2997 1759 de
3033 1705 3234 1759 carnali
3275 1705 3370 1760 lilii
3415 1706 3493 1762 tui

1911 1802 2084 1848 morte
2109 1809 2216 1849 non
2241 1793 2608 1860 contristeris;
2643 1794 2751 1848 imo
2780 1795 2952 1866 magis
2983 1811 3084 1851 nec
3108 1797 3174 1852 de
3203 1797 3280 1852 tui
3308 1812 3495 1868 corpo-

223 1897 343 1952 dedi
372 1871 537 1961 vobis,
560 1903 616 1948 ut
643 1890 1080 1965 quemadmodum
1103 1905 1195 1960 ego
1227 1888 1326 1960 feci
1357 1887 1516 1953 vobis,
1541 1887 1617 1940 ita
1642 1894 1690 1940 et
1719 1902 1806 1940 vos
1838 1871 1884 1933 Β
1912 1886 1987 1940 ris
2001 1887 2131 1942 abso
2147 1885 2265 1960 (sic)
2291 1887 2415 1942 :sed
2428 1885 2612 1941 labora
2627 1887 3034 1943 omnibushoris
3045 1895 3100 1942 et
3112 1890 3495 1954 momentis,ut

222 1989 436 2061 faciatis
468 1988 648 2061 (Joan.
681 2002 797 2050 xm,
832 1983 938 2057 I5).
986 1983 1158 2039 Item:
1185 1981 1288 2050 Qui
1319 1982 1553 2053 sequitur
1592 1997 1674 2034 me
1704 1997 1810 2035 non

221 2080 458 2136 ambulat
502 2081 556 2134 in
602 2077 857 2140 tenebris,
887 2076 979 2130 sed
1018 2063 1240 2130 habebit
1263 2073 1438 2128 lumen
1474 2074 1591 2128 vita:
1621 2071 1804 2144 (Joan.

217 2189 350 2240 vni,
389 2172 498 2246 I2).
552 2170 691 2239 Quid
739 2169 982 2240 superbit
1026 2169 1189 2224 homo
1237 2167 1293 2222 in
1337 2165 1519 2222 saeculi
1569 2165 1809 2220 divitiis?

217 2265 462 2322 Christus
484 2281 684 2337 pauper
704 2263 874 2334 factus
908 2272 983 2317 est
1008 2279 1102 2333 pro
1127 2262 1273 2316 nobis
1304 2259 1390 2332 (II
1423 2259 1545 2314 Cor.
1573 2275 1693 2324 vni,
1727 2259 1806 2332 9),

214 2368 274 2413 ut
297 2374 402 2429 per
435 2358 579 2413 illius
601 2363 992 2426 paupertatem,
1024 2369 1188 2423 quam
1210 2367 1308 2422 pro
1334 2351 1490 2406 nobis
1517 2351 1725 2421 accepit
1751 2351 1809 2407 in

211 2463 396 2519 terra,
424 2469 524 2509 nos
559 2453 754 2507 divites
793 2465 1034 2506 essemus
1078 2451 1133 2504 in
1173 2449 1331 2503 caelo.
1377 2447 1496 2502 Cito
1531 2447 1676 2502 enim
1702 2463 1806 2518 pu-

205 2542 413 2597 trescit
449 2557 578 2596 caro
603 2542 657 2595 in
691 2549 858 2606 terra,
884 2555 1045 2610 quam
1074 2546 1223 2594 tanta
1249 2537 1528 2609 diligentia
1551 2553 1808 2594 ornamus

209 2635 266 2688 in
292 2632 526 2688 deliciis.
549 2631 771 2702 Insuper
789 2632 929 2686 etde
949 2630 1195 2701 sepulcro
1214 2631 1514 2703 cogitamus
1531 2631 1800 2697 ornando;

209 2721 432 2777 vanitas
455 2722 568 2777 haec
594 2721 891 2776 vanitatum
920 2729 1021 2776 est.
1051 2720 1239 2775 Melius
1259 2729 1344 2775 est
1365 2720 1450 2776 his
1474 2721 1667 2790 opibus
1689 2719 1806 2774 ani-

213 2827 362 2868 mam
397 2813 619 2880 vestire,
647 2827 811 2881 quam
845 2811 1159 2880 spurcitiam
1193 2812 1373 2866 carnis
1401 2827 1620 2867 ornare.
1648 2810 1805 2868 Chri-

213 2914 330 2960 stus
384 2905 624 2974 sepultus
666 2913 750 2960 est
786 2905 840 2959 in
887 2904 1160 2975 spelunca,
1198 2905 1389 2960 nonin
1419 2905 1636 2975 templo.
1688 2904 1803 2960 Hoc

213 2999 333 3055 ideo
364 2998 513 3064 dico,
537 2999 662 3068 quia
692 2999 854 3068 aliqui
879 2999 1122 3055 viventes
1149 3015 1304 3054 suam
1337 3000 1510 3054 solent
1532 2998 1802 3056 fabricare

211 3093 571 3165 sepulturam.
625 3093 762 3161 Quid
795 3093 954 3159 mihi,
987 3095 1078 3149 ubi
1102 3095 1272 3150 vermi
1319 3101 1597 3164 putrescat
1642 3095 1802 3150 esca?

212 3185 451 3240 Tantum
478 3191 540 3238 ut
577 3184 758 3238 anima
787 3185 1028 3254 requiem
1073 3185 1300 3252 habeat,
1330 3186 1653 3242 studendum
1693 3196 1796 3253 est,

211 3285 266 3331 ut
294 3275 394 3330 illa
421 3275 565 3330 vivat
595 3274 842 3341 feliciter,
873 3290 993 3346 quae
1036 3277 1172 3330 mori
1214 3291 1320 3330 non
1365 3284 1562 3347 potest.
1610 3277 1801 3333 Veniet

212 3369 353 3423 enim
386 3375 617 3440 tempus,
639 3367 854 3438 quando
879 3367 1216 3439 corruptibile
1237 3369 1333 3422 hoc
1357 3369 1604 3423 induetur
1629 3369 1804 3423 incor-

216 3463 510 3533 ruptionem
541 3460 592 3533 (I
624 3460 746 3516 Cor.
779 3476 870 3527 xv,
901 3460 989 3533 55)
1013 3501 1029 3525 ,
1057 3469 1111 3514 et
1153 3469 1392 3516 resumet
1439 3461 1618 3516 anima
1659 3462 1804 3532 quod

217 3554 442 3624 reliquit
472 3555 527 3609 in
555 3564 720 3609 terra.
762 3553 914 3608 Tunc
955 3554 1116 3608 homo
1143 3553 1350 3622 pariter
1377 3553 1557 3609 anima
1595 3562 1652 3609 et
1675 3569 1800 3611 cor-

216 3659 346 3716 pore
365 3645 611 3717 regnabit
623 3660 747 3701 cum
767 3643 1004 3710 Christo,
1018 3644 1109 3715 qui
1128 3645 1228 3699 hoc
1250 3644 1415 3699 totius
1437 3643 1642 3716 [Forte,
1659 3662 1804 3704 nunc

215 3736 387 3810 totus]
417 3739 595 3794 anima
621 3747 672 3794 et
704 3753 950 3807 corpore,
979 3737 1248 3792 serviebat
1273 3736 1512 3793 Christo.

636 3855 797 3926 212
834 3867 860 3895 ι
892 3852 1225 3910 EPISTOLA
1275 3854 1380 3912 cc.

751 3943 818 3980 AD
857 3941 1258 3982 EDIL'I'IIRUDAI.

505 4015 821 4070 Consolatur
852 4028 1071 4072 matrem
1098 4017 1163 4071 de
1202 4025 1366 4071 morte
1395 4015 1517 4086 ﬁlii.

283 4108 660 4165 Dilectissimae
681 4109 735 4164 in
761 4109 978 4166 Christo
997 4110 1156 4165 matri
1183 4110 1212 4151 δ
1232 4108 1564 4165 Edilthruda:
1585 4108 1803 4166 humilis

220 4201 380 4261 levita
413 4201 670 4256 Alcuinus
691 4201 937 4256 salutem.

284 4293 430 4361 Quia
455 4291 866 4362 praesentialiter
900 4279 1135 4346 vestram
1164 4289 1530 4346 dulcissimam
1563 4289 1805 4344 dilectio-

222 4401 361 4451 nem,
390 4385 461 4440 ob
491 4383 876 4454 longitudinem
898 4381 1250 4438 habitationis
1272 4390 1487 4447 nostrae,
1512 4381 1804 4436 admonere

222 4490 452 4547 nequeo,
483 4474 606 4530 ideo
645 4474 947 4529 litterarum
991 4472 1166 4529 olilcio
1213 4473 1436 4544 implere
1477 4488 1584 4528 non
1627 4488 1800 4540 cesso,

1909 1980 2090 2035 anima
2136 1979 2368 2035 feliciter
2394 1979 2540 2035 vivat
2566 1995 2690 2035 cum
2715 1977 2930 2036 Christo
2947 2021 2963 2048 ,
2993 1990 3048 2036 et
3075 1982 3131 2036 in
3159 1997 3308 2052 spem
3336 1981 3493 2037 boni-

1909 2075 2037 2129 tatis
2065 2073 2208 2130 illius
2236 2073 2539 2139 consolare,
2565 2073 2690 2144 quia
2736 2072 2918 2128 multae
2964 2073 3344 2129 miserationes
3372 2073 3490 2129 Dei.

1909 2169 1984 2224 Te
2008 2184 2139 2224 vero
2165 2168 2510 2239 superstitem
2537 2166 2754 2237 reliquit
2777 2165 2886 2222 ﬁlio
2910 2165 3137 2232 carnali,
3163 2176 3226 2222 ut
3251 2181 3349 2239 per
3371 2174 3495 2222 tuas

1907 2262 2324 2318 intercessiones
2381 2271 2436 2317 et
2493 2261 2864 2332 eleemosynas
2911 2261 3236 2316 misereatur
3285 2269 3342 2315 et
3393 2261 3491 2317 illi.

1906 2353 2070 2408 Forte
2104 2355 2158 2409 in
2185 2355 2426 2424 peccatis
2455 2354 2569 2408 suis
2616 2362 2862 2410 mortuus
2908 2363 3021 2420 est,
3050 2354 3145 2409 sed
3183 2355 3240 2409 in
3285 2353 3495 2408 miseri-

1906 2445 2088 2500 cordia
2116 2455 2296 2516 potest
2337 2444 2454 2500 lieri
2484 2453 2542 2499 ut
2570 2445 2717 2499 vivat
2743 2445 2944 2500 divina.
2972 2445 3107 2500 Nam
3129 2445 3292 2512 latro,
3319 2445 3410 2516 qui
3438 2445 3493 2499 in

1905 2535 2110 2592 scelere
2147 2552 2246 2592 suo
2273 2552 2565 2606 suspensus
2593 2545 2676 2592 est
2700 2551 2821 2592 cum
2860 2535 3095 2604 Christo,
3129 2537 3225 2593 sed
3250 2537 3305 2592 in
3333 2536 3494 2591 mise-

1905 2631 2137 2686 ricordia
2163 2629 2399 2686 salvatus
2428 2638 2513 2686 est
2539 2629 2760 2686 Christi.
2795 2627 2914 2684 Noli
2944 2629 3128 2700 lugere
3153 2644 3300 2694 eum,
3331 2643 3492 2698 quem

1905 2739 2160 2780 revocare
2206 2739 2314 2779 non
2359 2723 2592 2795 poteris;
2636 2731 2692 2778 et
2725 2723 2770 2779 si
2802 2723 2899 2778 Dei
2933 2731 3049 2789 est,
3078 2737 3183 2778 non
3217 2722 3364 2777 illum
3392 2723 3492 2778 do-

1902 2816 2015 2873 leas
2062 2818 2340 2883 amissum,
2361 2818 2456 2872 sed
2495 2817 2593 2872 tibi
2632 2817 2687 2871 in
2715 2817 2960 2886 requiem
2987 2816 3220 2888 gaudeas
3242 2815 3491 2886 praemis-

1902 2926 2043 2966 sum.
2069 2910 2128 2965 Si
2151 2910 2256 2964 duo
2277 2918 2402 2964 sunt
2422 2909 2600 2973 amici,
2626 2907 2834 2962 felicior
2857 2916 2942 2963 est
2965 2923 3111 2962 mors
3135 2905 3493 2976 praecedentis

1901 3018 2064 3075 quam
2095 3001 2501 3070 subsequentis,
2533 3000 2698 3054 habet
2727 2999 2892 3064 enim,
2911 2998 3003 3069 qui
3034 2997 3278 3052 fraterno
3306 3011 3493 3052 amore

1899 3113 2000 3168 pro
2020 3111 2078 3151 se
2103 3095 2342 3166 quotidie
2371 3093 2688 3159 intercedat,
2713 3101 2769 3148 et
2796 3091 3050 3163 lacrymis
3075 3090 3222 3146 lavat
3247 3089 3489 3160 pristina:

1905 3204 2122 3246 errores
2141 3187 2284 3244 vitaz.
2315 3185 2425 3242 Nec
2455 3186 2666 3242 dubites
2691 3185 2948 3256 prodesse
2975 3184 3078 3254 piae
3113 3182 3493 3238 sollicitudinis

1907 3296 2109 3344 curam,
2149 3293 2311 3348 quam
2337 3292 2433 3348 pro
2462 3276 2641 3330 anima
2672 3275 2812 3330 illius
2837 3274 2998 3346 geris.
3034 3273 3152 3328 Tibi
3179 3271 3409 3343 prolicit,
3435 3280 3492 3328 et

1903 3381 1999 3437 illi.
2033 3378 2152 3434 Tibi
2199 3377 2380 3448 itaque
2403 3417 2418 3441 ,
2458 3389 2578 3445 qua:
2608 3373 2664 3428 in
2694 3370 2798 3428 [ille
2833 3371 3012 3426 facere
3063 3369 3350 3426 dilectione
3378 3367 3491 3442 [Ita

1902 3471 2034 3528 Cod.
2061 3468 2336 3534 mendose;
2357 3467 2397 3537 f.
2420 3465 2544 3537 leg.,
2568 3465 2696 3536 quia
2723 3463 2776 3519 in
2798 3463 2902 3518 ﬁde
2929 3462 3064 3518 facis
3084 3470 3140 3517 et
3160 3459 3490 3535 dilectione]:

1901 3565 2000 3631 illi,
2027 3571 2090 3618 ut
2121 3561 2206 3618 vel
2249 3577 2409 3632 poena
2453 3561 2733 3630 levigetur,
2762 3558 2849 3614 vel
2887 3558 3164 3614 beatitudo
3208 3564 3489 3628 augeatur.

1899 3659 2075 3729 Larga
2105 3666 2190 3713 est
2215 3664 2270 3712 et
2311 3654 2697 3711 inaestimabilis
2731 3655 2905 3725 pietas
2930 3653 3140 3710 Domini
3166 3653 3337 3710 nostri
3365 3651 3494 3709 Jesu

1899 3751 2125 3817 Christi,
2155 3751 2244 3822 qui
2273 3749 2378 3804 vult
2427 3743 2604 3804 omnes
2645 3749 2880 3803 homines
2914 3748 3085 3803 salvos
3123 3747 3242 3817 ﬁeri
3271 3746 3326 3819 (I
3353 3745 3488 3801 Tim.
3553 3771 3559 3776 -

1799 3917 1802 3920 ἢ
1901 3862 1962 3910 ιι,
1990 3844 2071 3917 4),
2097 3853 2152 3899 et
2183 3843 2451 3898 neminem
2476 3840 2675 3911 perire.
2713 3839 2850 3905 Noli,
2883 3849 2942 3894 ut
2969 3839 3213 3910 praedixi,
3240 3839 3294 3892 in
3321 3838 3494 3893 tribu-

1899 3936 2193 3993 lationibus
2219 3938 2324 3992 tuis
2343 3935 2673 3998 contristari,
2701 3935 2815 4000 sed,
2847 3935 2892 3988 si
2919 3932 3152 4002 majores
3175 3933 3272 3986 tibi
3303 3946 3492 4002 super.

1899 4032 2136 4095 veniant,
2159 4031 2394 4102 gaudeas
2419 4030 2474 4082 in
2502 4028 2627 4093 illis,
2655 4029 2869 4082 dicente
2893 4027 3150 4098 Apostolo
3173 4044 3186 4080 :
3215 4025 3338 4080 Non
3366 4035 3488 4080 sunt

1902 4121 2173 4190 condigna:
2201 4119 2359 4189 hujus
2381 4119 2624 4188 temporis
2651 4119 2938 4188 passiones,
2964 4118 3033 4171 ad
3063 4127 3486 4187 superventuram

1902 4211 2144 4282 gloriam,
2185 4227 2302 4282 quia
2350 4209 2662 4264 revelabitur
2704 4210 2758 4263 in
2804 4209 2949 4264 nobis
3000 4208 3178 4279 (Rom.
3208 4225 3337 4273 vm,
3378 4207 3487 4273 l8).

1905 4305 2055 4359 Sicut
2077 4319 2267 4359 aurum
2289 4304 2340 4358 in
2368 4304 2492 4374 igne
2520 4304 2880 4370 examinatur,
2905 4304 2984 4360 sic
3003 4303 3166 4360 homo
3196 4305 3248 4359 in
3278 4304 3490 4360 camino

1905 4397 2266 4452 tribulationis
2306 4395 2709 4466 comprobatur.
2746 4395 2883 4451 Dum
2930 4402 3252 4466 potestatem
3288 4395 3492 4450 habeas

1906 4506 2086 4546 rerum
2133 4498 2344 4544 tuarum
2365 4531 2380 4556 ,
2413 4487 2498 4543 fac
2526 4504 2590 4544 ex
2621 4489 2700 4544 eis
2727 4487 3143 4560 eleemosynam,
3175 4487 3299 4558 quia
3326 4487 3492 4542 nescis

221 4585 335 4640 qua:
363 4569 561 4640 linguae
580 4567 976 4624 ministratione
1001 4567 1316 4638 denegatur,
1343 4567 1660 4623 desiderans
1689 4575 1803 4622 toto

1905 4582 2028 4654 quid
2066 4591 2278 4638 ventura
2304 4583 2476 4652 pariat
2505 4580 2616 4635 dies
2646 4579 2828 4652 (Prov.
2858 4596 3026 4646 xxvn,
3066 4579 3139 4652 I).
3172 4578 3362 4635 Nullus
3393 4579 3490 4634 tibi

221 4665 404 4721 cordis
445 4663 552 4719 mei
591 4662 805 4728 affectu,
835 4670 888 4717 te
917 4661 1132 4732 ubique,
1164 4661 1480 4717 charissima
1511 4663 1711 4717 mater!
1746 4662 1800 4716 in

222 4759 365 4814 omni
415 4758 678 4828 prolicere
725 4755 889 4821 bono,
910 4761 969 4808 ut
1017 4754 1175 4825 digna
1215 4752 1465 4809 elliciaris
1513 4754 1567 4808 in
1613 4769 1800 4808 eorum

222 4847 431 4904 censeri
481 4861 704 4903 numero
751 4847 816 4901 de
869 4845 1065 4914 quibus
1106 4845 1160 4899 in
1210 4843 1498 4915 Evangelio
1543 4845 1802 4900 Dominus

222 4951 404 4997 noster
428 4940 586 4996 Jesus
633 4939 877 4995 Christus
917 4938 1231 5009 respondit:
1259 4936 1440 4992 Omnis
1487 4938 1576 5009 qui
1621 4937 1800 5008 fecerit

223 5034 538 5090 voluntatem
567 5032 744 5088 Patris
773 5032 874 5086 mei
897 5033 986 5103 qui
1011 5033 1068 5087 in
1097 5030 1234 5086 caelis
1263 5041 1358 5096 est,
1381 5033 1490 5102 ipse
1515 5032 1642 5084 mihi
1683 5047 1800 5084 ma-

223 5136 300 5181 ter
340 5135 388 5182 et
431 5126 596 5197 frater
635 5124 848 5197 (Matth.
883 5140 977 5188 xu,
1005 5123 1118 5197 50).
1152 5123 1430 5191 Quomodo
1462 5132 1660 5189 mater,
1697 5124 1800 5178 nisi

221 5225 408 5274 sancta
443 5215 708 5272 charitate
741 5214 795 5268 in
837 5215 1134 5271 visceribus
1162 5215 1341 5270 cordis
1367 5214 1591 5285 perfecti
1621 5215 1798 5284 quoti-

226 5309 310 5365 die
335 5308 662 5381 generatur?
690 5307 830 5361 Ecce
857 5305 1070 5376 qualem
1101 5304 1269 5359 lilium
1290 5306 1488 5375 poterit
1512 5305 1600 5376 pia
1631 5314 1804 5360 mater

225 5400 450 5467 habere,
480 5399 728 5455 eumdem
774 5399 948 5470 ipsum
990 5397 1161 5453 Deum
1204 5412 1383 5466 regem
1411 5413 1476 5452 ac
1500 5397 1803 5468 redempto-

225 5509 366 5561 rem;
395 5494 558 5548 etiam
596 5500 651 5546 et
675 5492 729 5545 in
758 5492 1008 5546 omnibus
1037 5489 1469 5545 tribulationibus
1497 5490 1801 5546 consolato-

224 5592 358 5642 rem.
383 5585 566 5641 Multa:
590 5594 710 5640 sunt
738 5583 1099 5639 tribulationes
1113 5583 1379 5655 justorum
1408 5582 1578 5655 (Psal.
1604 5599 1800 5653 χχχιιι,

295 5740 451 5864 ἓιθ
483 5751 509 5781 ι
536 5737 808 5794 Hactenus
855 5737 1057 5820 inedita
1108 5737 1198 5792 hic
1237 5736 1414 5807 prodit
1445 5753 1512 5793 ex
1542 5737 1661 5794 cod.
1695 5755 1798 5796 ms.

295 5840 296 5863 ι
324 5815 419 5864 lsh.
452 5810 630 5864 (Apud
652 5809 883 5864 Froben.
915 5816 1072 5864 epist.
1105 5805 1250 5864 151.)

227 5805 444 5865 Salist
452 5810 630 5883 (Apud
652 5809 883 5864 Froben.
915 5809 1072 5878 epist.
1105 5805 1253 5878 151.)

297 5881 325 5920 b
354 5881 513 5938 Matri
559 5879 910 5938 Edilthrudce.
951 5879 1034 5936 An
1061 5881 1177 5938 haec
1215 5880 1402 5938 eadem
1430 5880 1501 5937 sit
1539 5897 1604 5939 ac
1631 5880 1804 5939 Edil-

1905 4674 2244 4742 dispeusator
2274 4673 2481 4728 ﬁdelior
2522 4681 2699 4742 potest
2727 4687 2846 4728 esse
2875 4689 3038 4743 quam
3075 4679 3131 4726 tu
3174 4673 3314 4743 ipse;
3345 4681 3400 4727 et
3429 4673 3494 4726 li-

1903 4765 2120 4819 bentius
2141 4780 2362 4819 munera
2391 4765 2748 4834 prmcedentia
2779 4781 2898 4830 nos,
2921 4780 3086 4835 quam
3108 4767 3490 4836 subsequentia

1904 4857 2046 4910 Deus
2073 4855 2320 4926 accipiet.
2345 4855 2411 4908 In
2439 4854 2616 4908 multis
2637 4857 2774 4910 enim
2802 4857 3115 4926 offendimus
3146 4873 3322 4912 omnes
3346 4857 3485 4928 (Jac.

1903 4967 1990 5015 ιιι,
2004 4949 2085 5023 2),
2099 4948 2482 5006 sicutJacobus
2502 4949 2578 5004 ait
2603 4950 2894 5020 apostolus.
2921 4950 3053 5008 Item
3072 4951 3307 5008 Joannes
3325 4965 3490 5005 evan-

1903 5041 2092 5112 gelista
2135 5041 2272 5095 dixit
2297 5059 2308 5094 :
2335 5039 2394 5095 Si
2422 5041 2708 5095 dixerimus
2735 5043 2858 5113 quia
2889 5052 3159 5114 peccatum
3200 5058 3301 5096 non
3330 5040 3489 5094 habe-

1902 5152 2040 5199 mus,
2070 5134 2406 5204 nosmetipsos
2437 5133 2730 5188 seducimus
2759 5133 2813 5205 (Ι
2841 5134 3001 5190 Joan.
3036 5151 3074 5200 ι,
3104 5134 3180 5207 8).
3225 5133 3293 5188 Et
3331 5131 3486 5201 juxta

1905 5227 2248 5281 Salomonem
2287 5243 2298 5278 :
2331 5224 2630 5297 Redemptio
2667 5227 2762 5280 viri
2801 5229 3026 5298 propria:
3067 5226 3264 5280 divitia:
3303 5223 3485 5295 (Prov.

1903 5335 2024 5384 xm,
2049 5317 2124 5390 8).
2154 5317 2222 5372 Et
2255 5317 2346 5387 qui
2371 5316 2489 5386 plus
2515 5317 2697 5382 habet,
2723 5317 2842 5388 plus
2873 5318 3117 5388 exigetur
3155 5316 3223 5370 ab
3247 5331 3331 5369 eo.
3365 5315 3486 5369 Dis-

1903 5418 2219 5482 pensatores
2262 5410 2442 5465 saeculi
2490 5410 2747 5465 debemus
2787 5426 2908 5464 esse
2953 5425 3060 5464 non
3105 5423 3483 5478 possessores:

1902 5502 2117 5558 exsules
2154 5503 2298 5558 enim
2339 5512 2394 5558 et
2432 5502 2689 5573 peregrini
2735 5518 2914 5556 sumus
2951 5501 3005 5556 in
3051 5502 3153 5556 hac
3198 5501 3324 5563 vita,
3353 5500 3485 5554 sicut

1903 5613 2079 5652 omnes
2119 5606 2292 5668 patres
2339 5595 2503 5650 nostri
2549 5591 2620 5667 (Ι
2666 5592 2851 5648 Paral.
2903 5609 3054 5664 xxix,
3100 5591 3187 5660 15,
3238 5602 3287 5648 et
3334 5591 3486 5651 Psal.

1905 5751 2102 5824 tbydis,
2132 5767 2294 5821 quam
2318 5748 2559 5824 Ingull'us
2576 5749 2737 5824 etiam
2765 5745 3122 5804 Etheldritam
3139 5753 3322 5808 vocat.
3339 5753 3399 5805 et
3417 5744 3492 5806 ad

1901 5819 2063 5894 quam
2088 5819 2238 5894 priOl‘
2262 5832 2346 5878 est
2369 5819 2618 5892 epistola,
2649 5819 2855 5889 ignoro.
