4064 6342
233 407 333 470 4¹17

1673 377 2054 451 εΡΙΒΤΟιιΒ.

3403 389 3510 450 478

232 531 342 606 xx).
395 527 591 585 Decem
641 535 796 580 muas
842 519 989 579 dedit
1028 515 1279 575 Christus
1307 511 1589 584 utriusque
1629 511 1813 584 populi
1838 512 1890 574 Α
1914 508 2162 606 partibus
2403 503 2580 562 modis
2617 501 2815 606 colitur
2848 499 3051 576 [Codd.
3090 515 3217 569 πη..
3251 505 3520 569 σοιριιάυι

231 616 676 698 praedicatoribus
701 613 852 688 (Luc.
879 627 992 678 xxx,
1025 607 1137 684 l3).

299 711 499 772 Decem
528 707 698 783 plagis
733 721 990 779 percussa
1037 711 1121 762 est
1166 699 1450 772 Egyptus,
1479 703 1540 752 ut
1585 693 1816 768 populus

228 803 330 868 Dei
367 805 696 862 liberaretur
732 799 931 874 (Exod.
972 813 1071 863 xu,
1099 795 1176 870 5).
1203 795 1310 850 Per
1338 792 1526 849 decem
1563 803 1818 864 persecu-

229 895 406 957 tiones
435 901 690 952 coronata
714 902 796 948 est
832 890 1072 946 Ecclesia
1107 885 1330 944 Christi.

299 988 523 1044 Decima
582 985 669 1040 die
720 983 923 1039 mensis
973 981 1134 1054 primi
1187 979 1449 1036 tenendus
1499 977 1601 1033 fuit
1649 991 1818 1047 agnus

227 1079 522 1156 paschalis,
551 1077 644 1148 qui
675 1074 1034 1132 immolandus
1080 1073 1180 1128 fuit
1209 1087 1302 1126 xrv
1331 1072 1418 1127 die
1452 1069 1653 1124 mensis
1678 1067 1820 1135 ejus-

226 1171 374 1230 dem.
423 1171 641 1227 Deeima
668 1170 802 1224 hora
839 1166 1014 1240 [Nona
1039 1164 1249 1238 utique]
1276 1181 1376 1236 pro
1415 1164 1601 1219 mundi
1646 1162 1820 1218 salute

227 1279 404 1336 agnus
445 1259 738 1334 paschalis,
786 1259 840 1314 id
885 1267 968 1315 est
1013 1257 1291 1324 Christus,
1341 1259 1398 1312 in
1444 1269 1604 1312 cruce
1642 1255 1822 1312 emisit

226 1355 500 1428 Spiritum
540 1351 754 1427 (Matth.
791 1367 960 1418 xxvu,
1002 1350 1092 1422 46,
1140 1349 1242 1417 50;
1289 1359 1338 1408 et
1391 1349 1564 1406 Marc.
1612 1349 1819 1417 ΝΛΜ,

224 1447 296 1503 37
320 1445 363 1520 ).

297 1539 525 1596 Decima
575 1533 926 1610 generatione
974 1534 1125 1591 venit
1168 1533 1448 1600 diluvium,
1494 1542 1548 1588 et
1591 1534 1826 1606 perdidit

223 1631 430 1704 impios
455 1631 606 1706 (Gen.
634 1629 755 1703 vn).
784 1628 916 1684 Post
945 1627 1131 1684 decem
1161 1642 1316 1697 reges
1363 1625 1643 1682 novissimi
1691 1633 1826 1681 tem-

221 1727 384 1798 poris
406 1725 650 1782 nascitur
671 1722 1099 1790 Anti-Christus,
1118 1735 1370 1792 cumquo
1392 1729 1618 1796 pereunt
1637 1737 1827 1778 omnes

223 1821 387 1896 impii
416 1819 598 1894 (Apoc.
627 1835 764 1886 xvii,
793 1817 903 1892 12).

1918 599 2024 674 est]
2054 601 2218 665 Deus,
2247 597 2373 665 ﬁde,
2402 611 2499 669 spe
2527 605 2582 652 et
2607 596 2894 651 charitate.

1991 691 2120 746 Tria
2147 690 2405 762 praecepit
2433 688 2574 742 Deus
2601 683 2876 742 Abraham
2901 685 3127 741 dicens:
3159 682 3424 755 Egredere
3445 683 3514 741 de

1918 795 2060 840 terra
2095 794 2208 848 tua,
2243 789 2293 838 et
2318 783 2384 838 de
2417 782 2725 851 cognatione
2753 791 2867 846 tua,
2893 787 2940 834 et
2966 779 3032 834 de
3053 779 3210 833 domo
3241 779 3408 850 patris
3433 779 3514 834 tui

1920 875 2076 950 (Gen.
2114 891 2214 942 ιη,
2248 875 2323 949 l).
2361 875 2490 930 Tria
2516 873 2906 945 promittuntur
2941 873 3124 929 nobis
3161 871 3511 936 resurrectio,

1919 971 2032 1025 vita
2063 977 2118 1023 et
2141 969 2333 1040 gloria.

1992 1061 2120 1116 Duzc
2147 1059 2366 1113 fuerunt
2391 1057 2586 1114 tabula
2609 1057 2956 1125 testamenti,
2994 1059 3050 1112 in
3077 1057 3274 1130 quibus
3301 1059 3517 1113 deca.o-

1921 1167 2022 1226 gus
2046 1153 2210 1224 digito
2231 1151 2324 1206 Dei
2351 1151 2688 1208 scribebatur
2709 1150 2906 1222 (Exod.
2931 1165 3084 1216 χχχι,
3110 1149 3219 1222 18).
3248 1149 3366 1204 Duo
3392 1157 3520 1205 sunt

1921 1251 2191 1317 pnecepta
2221 1243 2527 1306 eharitatis,
2559 1257 2679 1313 qua:
2716 1241 2882 1313 digito
2913 1241 3011 1297 Dei
3031 1283 3044 1308 ,
3083 1242 3136 1298 id
3165 1249 3280 1308 est,
3311 1239 3516 1312 Spiritu

1923 1347 2110 1395 sancto
2139 1339 2192 1392 in
2223 1335 2476 1393 cordibus
2503 1336 2817 1392 scribuntur
2845 1333 3100 1393 ﬁdelium.

1997 1431 2112 1486 Duo
2142 1429 2359 1486 fuerunt
2382 1429 2672 1486 Cheruhim
2703 1429 2756 1484 in
2785 1431 2984 1502 templo
3015 1449 3028 1485 :
3058 1429 3348 1487 Cherubim
3376 1427 3518 1484 mul-

1924 1521 2092 1577 titudo
2146 1523 2377 1576 sciantur
2433 1523 2826 1592 interpretatur
2875 1521 3080 1593 (Num.
3135 1537 3252 1588 vn,
3307 1522 3412 1589 89;
3466 1527 3521 1575 et

1927 1617 2026 1673 III
2052 1617 2178 1689 Reg.
2212 1635 2290 1684 vr,
2319 1617 2390 1674 25
2416 1617 2568 1689 seq).
2601 1617 2726 1671 ideo
2753 1615 2870 1670 dum
2891 1623 3076 1686 partes
3104 1621 3226 1668 sunt
3251 1613 3516 1678 scientiae;

1926 1727 2035 1766 una
2061 1720 2145 1766 est
2167 1711 2435 1766 diabolum
2466 1711 2793 1780 relinquere,
2817 1708 2986 1763 altera
3014 1706 3182 1761 Deum
3207 1705 3446 1778 diligere.

2003 1803 2121 1860 Una
2151 1802 2252 1857 fuit
2281 1817 2428 1868 arca,
2461 1802 2514 1856 in
2545 1817 2651 1872 qua
2687 1800 2888 1855 mundo
2915 1807 3172 1870 pereunte
3202 1793 3386 1851 ﬁdeles
3415 1795 3522 1849 sal-

294 1881 507 1969 Diovem
559 1881 830 1982 lapidibus
857 1881 1078 1981 opertus
1105 1916 1190 1965 est
1213 1907 1592 1978 arehangelus,
1621 1909 1714 1979 qui
1737 1923 1826 1965 ce.
1855 1881 1904 1943 Β
1927 1897 2038 1950 vati
2063 1905 2206 1950 sunt.
2235 1893 2350 1950 Una
2378 1903 2463 1949 est
2491 1892 2700 1966 [sancta
2721 1889 2840 1962 Dei]
2870 1889 3132 1982 Ecclesia,
3155 1901 3260 1960 qua
3287 1901 3522 1957 pereun-

221 2005 368 2062 cidit
392 2003 460 2060 de
484 2003 642 2060 coelo.
690 2000 894 2060 Novem
940 1993 1160 2058 ordines
1189 1999 1505 2073 angelorum
1551 2013 1826 2058 remanse-

221 2104 364 2153 runt
393 2096 450 2153 in
473 2095 631 2152 eteio.
999 2095 1014 2106 '

300 2210 440 2268 Octo
476 2210 668 2266 anime
693 2208 852 2266 ωιυω
877 2208 1033 2280 [πω
1061 2217 1184 2266 sunt
1208 2207 1264 2266 in
1313 2222 1442 2266 arca
1463 2207 1517 2280 (Ι
1560 2206 1710 2264 Petr.
1741 2225 1828 2276 ut,

219 2303 348 2375 ω).
396 2302 533 2362 Octo
566 2301 998 2360 beatitudinibus
1029 2300 1308 2358 salvantur
1339 2301 1538 2361 enim
1559 2300 1748 2358 ﬁdeles
1774 2302 1832 2360 in

219 2396 480 2453 Ecclesia
508 2393 726 2466 (Matth.
755 2408 808 2458 v,
835 2393 870 2448 5
893 2391 1048 2463 αφ).

301 2507 517 2564 Octavo
563 2507 652 2562 die
695 2506 754 2561 in
786 2505 986 2578 populo
1032 2506 1176 2580 [Dei]
1219 2507 1690 2564 circumdandae
1730 2507 1832 2564 fuit

220 2599 470 2673 [omnis]
511 2599 784 2655 masculus
827 2613 965 2670 puer
1007 2599 1192 2672 (Leuit.
1245 2615 1344 2666 an,
1391 2599 1468 2673 ἃ).
1515 2600 1718 2656 Octavo
1745 2600 1836 2657 die

219 2688 596 2747 circumcisus
621 2696 705 2744 est
724 2688 976 2744 Christus
1007 2685 1158 2759 (Luc.
1188 2704 1246 2756 ιι,
1271 2687 1384 2760 2i),
1415 2703 1513 2759 per
1543 2688 1698 2758 cuius
1725 2689 1834 2745 cir-

220 2779 628 2844 cumcisionem
654 2789 780 2838 octo
809 2781 1134 2852 principalia
1162 2782 1295 2836 vitia
1332 2783 1700 2838 destruantur.

301 2872 555 2943 Septima
585 2871 674 2928 die
715 2861 984 2942 requievit
1025 2871 1170 2927 Deus
1191 2873 1260 2926 ab
1298 2872 1552 2928 omnibus
1575 2871 1830 2942 operibus

222 2967 352 3024 suis
382 2964 535 3038 (Gen.
564 2979 626 3030 ιι,
649 2965 726 3038 2).
767 2965 1010 3036 Septima
1034 2971 1194 3021 aetate
1219 2965 1568 3034 requiescunt
1597 2964 1768 3020 sancti
1797 2979 1828 3018 a

223 3059 520 3116 laboribus
543 3057 704 3127 huius
733 3057 938 3114 saeculi.

301 3173 524 3248 Septem
567 3171 836 3228 columnas
871 3169 1065 3228 excidit
1108 3171 1364 3243 sapientia
1403 3169 1476 3226 ad
1511 3177 1830 3226 construen-

227 3261 365 3322 dam
399 3264 502 3320 sibi
537 3265 755 3320 domum
783 3263 962 3336 (Prov.
1002 3280 1074 3329 ix,
1110 3262 1182 3336 l).
1216 3263 1436 3334 Septem
1473 3262 1630 3318 donis
1659 3262 1830 3318 sancti

228 3355 480 3429 Spiritus
527 3355 774 3412 Christus
824 3355 1042 3412 domum
1082 3354 1344 3423 suam,,id
1395 3363 1479 3410 est
1505 3353 1829 3424 Ecclesiam,

227 3445 608 3505 centirmavit.

303 3539 426 3596 Sex
450 3539 638 3596 diebus
666 3537 796 3596 fecit
821 3539 965 3595 Deus
991 3539 1188 3596 coelum
1216 3546 1271 3595 et
1297 3548 1496 3596 terram
1514 3582 1528 3606 ,
1556 3549 1611 3598 et
1650 3540 1832 3596 omnia

229 3647 363 3706 qua:
395 3631 451 3688 in
477 3633 556 3688 eis
604 3639 749 3688 sunt.
789 3629 896 3688 Sex
919 3631 1171 3688 aetatibus
1210 3631 1392 3688 omnia
1420 3642 1646 3688 currunt
1671 3633 1832 3706 hujus

231 3725 428 3784 saeculi
464 3735 726 3797 tempora.

303 3813 482 3872 Sexta
510 3815 595 3870 die
621 3820 834 3870 creatus
865 3823 948 3871 est
985 3817 1148 3872 homo
1173 3815 1240 3872 de
1283 3815 1629 3872 immaculata
1663 3825 1826 3870 terra.

233 3907 416 3965 Sexta
438 3915 597 3962 aetate
621 3907 791 3964 Filius
817 3907 914 3964 Dei
945 3907 1013 3964 de
1039 3907 1385 3967 immaculata
1415 3909 1635 3978 Virgine
1659 3905 1832 3964 factus

235 4009 320 4060 est
345 4003 538 4058 homo.

305 4093 374 4149 ln
403 4095 642 4164 quinque
675 4092 829 4148 libris
869 4092 1165 4148 Israelitico
1204 4091 1400 4164 populo
1433 4091 1642 4164 Moyses
1689 4090 1833 4146 dedit

234 4193 516 4258 praecepta
546 4185 776 4240 vivendi.
808 4185 1054 4256 Quinque
1079 4185 1282 4242 talenta
1308 4184 1554 4240 Christus
1579 4185 1645 4240 ad
1669 4183 1834 4240 coclos

237 4279 466 4333 rediens
495 4277 633 4332 ﬁdeli
667 4277 885 4332 tradidit
909 4293 1064 4332 servo
1097 4275 1310 4350 (Matth.
1339 4293 1466 4344 xxv,
1496 4276 1607 4350 15).

311 4385 486 4467 215
521 4388 761 4457 Quatuor
789 4391 854 4447 de
892 4407 998 4447 uno
1034 4392 1274 4464 paradisi
1315 4391 1461 4448 fonte
1499 4393 1569 4448 ad
1604 4393 1836 4465 irrigan-

239 4484 372 4540 dam
401 4482 675 4564 proﬂuunt
699 4483 918 4542 ﬁumina
949 4495 1148 4544 terram
1178 4485 1334 4560 (Gen.
1362 4503 1424 4552 ιι,
1454 4486 1564 4558 10).
1595 4485 1838 4554 Quatuor

1928 1987 2072 2043 tibus
2099 1985 2474 2058 peccatoribus
2503 1984 2782 2039 salvantur
2807 1979 3013 2038 ﬁdeles.

2002 2074 2152 2134 Unus
2177 2077 2279 2133 fuit
2303 2075 2565 2132 transitus
2594 2071 2872 2128 lsraelitici
2900 2069 3084 2144 populi
3108 2083 3208 2140 per
3235 2063 3384 2122 Mare
3410 2066 3524 2122 Ru-

1927 2173 2085 2228 brum
2103 2214 2117 2240 ,
2147 2180 2209 2227 ut
2235 2171 2560 2244 promissam
2589 2169 2893 2238 acciperent
2923 2174 3126 2220 terram
3155 2161 3352 2235 (Exod.
3383 2157 3516 2229 xrv).

1931 2262 2106 2318 Unum
2147 2273 2220 2317 est
2257 2263 2536 2333 baptisma,
2579 2275 2680 2332 per
2720 2257 2865 2329 quod
2902 2254 3292 2312 transeundum
3331 2259 3414 2308 est
3453 2250 3520 2305 ad

1928 2357 2098 2412 vitam
2122 2363 2381 2412 intentam
2413 2353 2628 2427 (Ephes.
2657 2367 2735 2416 tv,
2765 2349 2841 2422 5).

2391 2479 2418 2508 ει
2457 2461 2792 2521 EPISTULA
2822 2461 2860 2503 4³
2896 2455 3071 2516 (ΖΕΝ.

2501 2573 2570 2613 ΔΒ
2612 2567 2954 2612 γιιιυυςιεωε.

2295 2649 2374 2707 De
2399 2651 2566 2706 tribus
2590 2647 2862 2722 generibus
2888 2646 3165 2700 visionum.

2003 2748 2130 2804 Tria
2158 2754 2283 2805 sunt
2302 2761 2500 2818 genera
2523 2743 2790 2798 visionum
2817 2759 2832 2794 :
2856 2755 3023 2794 unum
3051 2735 3352 2810 corporale,
3380 2733 3524 2789 aliud

1930 2838 2242 2912 spirituale,
2276 2837 2497 2892 tertium
2527 2831 2904 2889 intellectuale.
2936 2827 3228 2900 Corporaie
3261 2834 3346 2882 est
3383 2825 3524 2896 quod

1930 2930 2206 3002 corporeis
2237 2927 2420 2984 oculis,
2437 2916 2648 2980 videtur
2678 2921 2832 2997 [Cod.
2861 2919 3002 2988 Sal.,
3029 2921 3216 2976 videre
3243 2913 3522 2990 solemus].

1931 3019 2221 3094 Spirituale
2247 3027 2332 3074 est
2356 3017 2519 3089 quod,
2551 3024 2762 3072 remota
2783 3011 3050 3086 corporali
3077 3012 3305 3079 visione,
3339 3011 3392 3064 in
3417 3009 3526 3080 spi-

1930 3115 2034 3168 ritu
2083 3113 2199 3168 solo
2241 3127 2341 3184 per
2385 3109 2830 3182 imaginationem
2876 3105 3166 3177 quamdam
3213 3104 3520 3169 cernimus,

1856 3237 1906 3304 ϐ
1934 3205 2210 3262 sicutcum
2233 3201 2372 3257 forte
2396 3199 2659 3272 quidlibet
2684 3199 2924 3270 ignotum
2951 3193 3120 3252 oculis
3145 3190 3522 3266 perspicimus,

1934 3299 2117 3356 statim
2143 3297 2260 3368 ejus
2291 3295 2368 3351 rei
2399 3295 2576 3366 imago
2604 3292 2869 3348 formatur
2905 3289 2960 3345 in
3001 3288 3222 3360 spiritu,
3255 3285 3348 3344 sed
3377 3285 3528 3358 prius

1933 3411 2041 3451 non
2077 3399 2302 3466 apparet
2337 3389 2428 3445 illa
2458 3385 2755 3461 spiritualis
2785 3383 3097 3458 imaginatio
3135 3395 3299 3454 quam
3338 3393 3528 3450 corpo-

1931 3484 2064 3541 ralis
2109 3465 2272 3538 allata
2317 3481 2388 3536 sit
2435 3479 2666 3533 intuitio.
2705 3473 3070 3532 lntellectuale
3109 3479 3194 3527 est
3230 3465 3374 3543 quod
3413 3468 3527 3523 sola

1930 3576 2128 3632 mentis
2153 3572 2440 3628 vivacitate
2466 3567 2895 3633 consideramus,
2923 3563 3088 3620 veluti
3117 3578 3239 3618 cum
3267 3559 3526 3632 scriptum

1930 3665 2158 3739 legimus
2213 3683 2226 3720 :
2285 3663 2483 3734 Diliges
2531 3662 2826 3734 proximum
2883 3667 3028 3712 tuum
3077 3656 3209 3710 sicut
3259 3662 3306 3706 te
3358 3651 3524 3723 ipsum

1933 3759 2149 3832 (Matth.
2199 3772 2316 3824 nx,
2364 3755 2474 3826 l9).
2525 3751 2744 3808 Littera:
2787 3757 2966 3804 autem
3011 3741 3277 3818 corporali
3323 3743 3528 3797 visione

1930 3851 2204 3925 leguntur,
2235 3858 2289 3906 et
2316 3848 2597 3921 proximus
2626 3841 2890 3916 spirituali
2921 3837 3301 3912 imaginatione
3348 3850 3525 3890 reme-

1931 3950 2197 4008 moratur,
2229 3949 2286 3995 et
2312 3939 2528 3996 dilectio
2557 3935 2672 3993 sola
2701 3935 2898 3990 mentis
2926 3928 3292 4002 intelligentia.

2003 4035 2245 4090 Primum
2293 4040 2473 4088 autem
2522 4045 2691 4101 genus
2721 4023 2963 4081 visionis
3011 4023 3260 4079 omnibus
3307 4017 3524 4078 notissi-

1933 4142 2082 4184 mum
2138 4136 2241 4181 est.
2307 4123 2616 4180 Secundum
2676 4135 2826 4191 aeque
2881 4114 3128 4174 omnibus
3187 4123 3524 4170 consuetum.

1936 4216 2180 4272 Tertium
2219 4231 2250 4270 a
2279 4213 2548 4286 plerisque
2577 4213 2899 4284 ignoratum,
2934 4209 3060 4282 quia
3089 4207 3403 4263 discernere
3433 4195 3533 4260 ne-l

1935 4289 2159 4384 queunt,
2187 4309 2318 4382 quid
2359 4307 2429 4362 sit
2471 4303 2770 4378 spirituale,
2812 4303 2938 4376 quid
2980 4298 3332 4360 intellectualc
3365 4318 3376 4352 :
3409 4314 3528 4370 qua:

1937 4385 2385 4474 duo'Apostolus
2442 4414 2551 4454 una
2609 4395 2875 4454 sententia
2929 4402 2979 4450 et
3045 4394 3147 4448 hac
3209 4385 3526 4446 brevissima

1939 4495 2139 4568 Optime
2180 4491 2438 4548 discrevit
2485 4509 2496 4545 :
2549 4487 2724 4544 Orubo
2763 4489 2968 4561 spiritu,
3023 4484 3180 4540 orabo
3223 4492 3270 4538 et
3309 4491 3525 4538 mente:

238 4573 542 4666 Evangelia
569 4575 636 4630 de
674 4591 778 4632 uno
812 4576 980 4641 fonte,
1009 4578 1100 4650 qui
1128 4585 1215 4634 est
1241 4578 1507 4645 Christus,
1538 4577 1831 4650 procedunt

1937 4585 2160 4662 psallam
2207 4585 2416 4657 spiritu,
2464 4581 2689 4656 psallam
2733 4591 2779 4636 et
2823 4589 2990 4634 mente
3019 4577 3084 4652 (I
3115 4575 3236 4631 Cor.
3266 4573 3522 4666 x1315).

242 4666 312 4724 δελ
349 4665 631 4735 ἰιτίείωάδ
661 4667 824 4724 corda
861 4667 1042 4736 arida:
1073 4676 1132 4724 υιῑ
1164 4669 1426 4727 Vimin
1456 4668 1676 4724 ﬂoribus
1712 4683 1835 4723 νεῖ·
1875 4665 1883 4666 ί
1943 4679 2203 4751 Spiritum
2231 4675 2471 4732 occultas
2506 4671 2942 4744 signiﬁcationes,
2973 4683 3092 4738 qua:
3119 4676 3242 4722 sunt
3276 4668 3333 4722 in
3373 4665 3522 4722 Scri-

241 4767 401 4817 nent.

313 4873 567 4942 Quatuor
615 4880 746 4930 sunt
787 4873 1093 4940 elementa,
1137 4874 1335 4944 quibus
1382 4873 1570 4928 mundi
1617 4879 1842 4927 ornatus

243 4965 491 5024 maxillis
527 4973 756 5022 constat.
793 4965 1036 5033 Quatuor
1071 4975 1198 5022 sunt
1221 4967 1470 5034 virtutes,
1506 4966 1702 5037 quibus
1738 4965 1842 5020 mi-

243 5072 353 5112 nor
384 5058 640 5124 mundus,
669 5059 723 5114 id
751 5067 860 5124 est,
887 5059 1050 5114 homo
1071 5058 1256 5114 ornari
1284 5059 1462 5116 debet.

321 5149 523 5205 Tribus
559 5150 730 5204 modis
757 5149 932 5204 Adam
969 5157 1202 5204 tentatus
1230 5161 1336 5216 est,
1367 5158 1422 5205 et
1448 5159 1754 5221 superatus,
1785 5151 1838 5206 id

245 5247 372 5304 est,
419 5237 565 5310 gula,
603 5239 864 5317 jactantia
905 5248 960 5294 et
1004 5241 1250 5294 avaritia.
1299 5240 1492 5294 Tribus
1542 5241 1625 5294 his
1667 5241 1840 5295 modis

249 5330 528 5402 (iterum)
573 5331 824 5386 Christus
869 5339 1106 5386 tentatus
1147 5339 1264 5395 est,
1312 5339 1370 5386 et
1411 5333 1539 5390 vicit
1583 5333 1840 5386 victorem

247 5421 390 5475 Athe
412 5419 619 5492 (Matth.
652 5423 749 5492 tv).

328 5513 501 5570 Totus
547 5515 692 5592 orbis
738 5517 792 5571 in
841 5524 952 5572 tres
998 5516 1255 5574 dividitur
1297 5523 1502 5588 partes,
1547 5518 1840 5589 Europam,

249 5604 532 5674 Africam,
572 5607 754 5664 Asiam
795 5606 986 5680 [Codd.
1021 5624 1146 5674 ms.,
1184 5615 1240 5662 et
1270 5607 1518 5680 Indiam].
1555 5607 1614 5662 In
1650 5608 1846 5679 quibus

334 5772 364 5834 fl
399 5759 565 5834 Hanc
581 5772 637 5834 et
660 5763 899 5834 priorem,
920 5763 1208 5834 epistolam
1245 5763 1454 5819 edimus
1489 5771 1613 5834 post
1643 5763 1844 5818 Lucam

255 5829 516 5888 d’Aeheri
541 5829 686 5906 Spic'.
713 5842 844 5891 tom.
868 5829 975 5902 lli,—
996 5851 1120 5892 nov.
1148 5835 1289 5892 Edit.
1316 5850 1436 5907 pag.
1462 5829 1590 5902 3'22,
1617 5851 1682 5892 ex
1713 5837 1844 5891 duo-

217 5941 252 5978 /

1938 4771 2114 4845 pturis
2140 4768 2361 4832 sanctis,
2393 4763 2718 4828 nominavit;
2749 4769 2803 4816 et
2826 4769 3059 4814 mentem
3089 4756 3404 4812 manifestas
3429 4757 3524 4812 ha—

1940 4879 2061 4918 rum
2099 4857 2475 4931 intelligentias
2509 4854 2812 4927 appellavit.
2853 4851 3018 4924 216
3052 4847 3231 4907 Voluit
3255 4851 3396 4904 enim
3425 4866 3524 4906 nos

1941 4971 2062 5013 cum
2099 4951 2447 5023 intelligentia
2475 4964 2662 5004 eorum
2699 4961 2816 5016 quae
2852 4945 3100 5009 dicimus,
3138 4943 3223 4998 vel
3255 4957 3414 4996 orare
3439 4944 3524 4998 vel

1938 5047 2188 5120 psallere.
2217 5043 2368 5101 Unde
2390 5051 2446 5099 et
2466 5043 2520 5098 in
2547 5041 2652 5096 alio
2669 5040 2789 5096 loco
2810 5039 2940 5094 dicit
2963 5056 2976 5092 :
3002 5035 3062 5093 Si
3084 5045 3296 5091 oravere
3319 5035 3520 5105 lingua,

1939 5141 2154 5212 spiritus
2176 5153 2319 5192 meus
2341 5144 2478 5200 orat,
2497 5151 2640 5190 mens
2664 5149 2778 5187 mea
2799 5133 2910 5188 sine
2931 5131 3106 5200 [ructu
3127 5139 3202 5184 est
3223 5128 3384 5202 (Ibid.
3409 5127 3518 5198 id).

1941 5233 2040 5288 Hic
2059 5239 2238 5285 autem
2262 5229 2440 5300 lingua
2463 5227 2718 5282 obscuras
2747 5233 2801 5279 et
2822 5224 3080 5295 mysticas
3108 5221 3523 5293 signiﬁcationes

1941 5341 2060 5399 quae
2108 5324 2284 5380 solent
2330 5320 2698 5376 tantummodo
2745 5318 2958 5394 spiritu.
2986 5316 3132 5370 cerni
3183 5315 3482 5386 designavit
3505 5357 3518 5382 ,

1939 5431 2173 5492 quarum
2219 5418 2266 5474 si
2311 5412 2715 5488 intelligentiam
2761 5414 3094 5486 ignoramus,
3141 5428 3294 5468 mens
3338 5419 3522 5468 nostra
3574 5460 3586 5467 .

1940 5511 2272 5568 infructuosa
2299 5511 2560 5564 remanet.

2014 5603 2138 5660 Ihec
2162 5619 2378 5675 quoque
2401 5603 2508 5659 duo
2545 5611 2744 5673 genere
2777 5599 3043 5656 visionum
3081 5597 3136 5653 in
3159 5597 3443 5654 Pharaone
3469 5607 3525 5654 et

1941 5761 2044 5816 bus
2085 5775 2214 5816 mss.
2257 5757 2413 5814 codd.
2459 5753 2768 5812 monasterii
2811 5751 2868 5810 S.
2914 5751 3272 5822 Emmerami;
3313 5762 3370 5811 et
3414 5765 3524 5810 uno

1946 5830 2383 5901 Salisburgensi._
2596 5899 2604 5901 _
2719 5893 2810 5901 ___
3443 5871 3447 5875 .

2016 5902 2046 5943 ιι
2081 5893 2236 5973 Apud
2265 5899 2494 5956 Froben.
2524 5899 2678 5987 epist.
2710 5893 2830 5952 155.
