4064 6342
537 372 644 428 479

1391 371 1449 426 Β.
1491 371 1552 427 F.
1591 372 1819 429 ALBINI
1867 374 2000 431 SEU
2039 371 2316 430 ALCUINI
2365 371 2650 432 OPERUM
2685 373 2866 432 PARS
2901 377 2942 433 l.

3701 382 3810 448 tto

536 485 735 556 Joseph
774 483 1097 542 mirabiliter
1121 485 1520 558 distinguuntur
1542 484 1694 557 (Gen.
1720 485 1857 559 xu).
1878 485 1956 543 llli
1979 489 2124 542 enim
2153 491 2203 549 Α
2227 485 2488 542 ambabus
2512 487 2942 545 accusationibus
2967 491 3022 545 in
3049 489 3191 548 illius
3215 495 3560 553 sanctissima
3576 514 3814 570 praesen.

538 579 593 634 in
618 578 810 649 spiritu
849 576 1030 632 futura
1057 577 1499 643 ostendebantur,
1531 577 1621 632 isti
1645 579 1697 632 in
1727 587 1907 634 mente
1930 580 2126 634 horum

537 671 797 726 revelatio
825 670 986 727 facta.
1018 669 1164 725 illius
1191 672 1413 741 spiritus
1438 669 1762 726 informatus
1784 679 1867 727 est
1894 679 1952 726 ut
1978 673 2129 727 vide-

538 771 643 828 ret,
672 762 829 818 istius
853 777 1006 817 mens
1034 761 1333 817 illuminata
1361 769 1445 816 est
1471 770 1531 815 ut
1551 762 1892 834 intelligeret.
1926 763 2127 820 Simili-

537 865 622 912 ter
644 863 700 912 et
728 855 962 911 Danielis
989 854 1304 910 excellentia
1333 862 1538 909 tentata
1566 866 1650 910 est
1670 863 1725 910 et
1753 856 2000 926 probata,
2031 857 2126 927 qui

536 955 593 1003 et
638 946 905 1010 somnium
949 945 1273 1010 futurorum,
1317 945 1461 1014 quod
1504 959 1601 1000 rex
1647 945 1864 1000 videbat
1908 946 2121 1016 spiritu,

536 1036 836 1102 intellexit,
893 1034 1115 1104 ejusque
1168 1035 1669 1106 interpretationem
1722 1038 1835 1108 regi
1891 1038 2126 1093 ostendit

536 1127 699 1200 (Dan.
741 1143 779 1182 ιι
821 1135 867 1179 et
908 1125 1004 1197 ιν).
1054 1124 1178 1180 Ideo
1222 1127 1395 1198 magis
1439 1126 1526 1180 ille
1575 1125 1678 1181 fuit
1718 1129 1981 1198 propheta
2028 1129 2122 1200 qui

533 1226 712 1272 mente
739 1217 1020 1284 intellexit,
1048 1233 1212 1288 quam
1241 1234 1336 1273 rex
1369 1219 1460 1289 qui
1486 1220 1679 1290 spiritu
1703 1221 1978 1277 cernebat.
2014 1222 2122 1278 Sed

532 1311 647 1364 htec
686 1309 791 1363 tria
830 1324 1040 1379 quoque
1077 1325 1275 1379 genera
1303 1311 1570 1365 visionum
1603 1311 1656 1366 in
1694 1311 1785 1366 illa
1817 1311 2118 1383 Scriptura,

531 1414 650 1470 quae
694 1413 878 1454 coram
919 1414 1046 1470 rege
1083 1399 1372 1454 Balthazar
1415 1400 1469 1454 in
1515 1402 1723 1470 pariete
1760 1410 1846 1456 est
1883 1403 2116 1473 depicta,

529 1490 886 1545 ostenduntur
910 1489 1072 1560 (Dan.
1095 1489 1172 1562 v).
1204 1489 1340 1545 Nam
1362 1491 1626 1562 corporali
1652 1493 1856 1547 visione
1886 1509 1980 1548 rex
2003 1511 2121 1550 cer-

530 1579 695 1635 nebat
720 1579 776 1634 in
804 1580 1011 1650 pariete
1033 1579 1243 1635 litteras
1270 1581 1620 1652 perscriptas,
1649 1583 1802 1654 cujus
1834 1600 1934 1638 nec
1961 1585 2121 1655 spiri-

529 1679 617 1726 tus
647 1670 968 1728 informatus
996 1673 1114 1739 fuit,
1142 1682 1203 1728 ut
1230 1689 1344 1739 eas,
1386 1674 1512 1730 licet
1547 1676 1775 1742 videret,
1807 1677 1986 1748 legere
2023 1695 2120 1750 po-

529 1765 752 1830 tuisset;
785 1780 886 1820 nec
911 1781 1064 1821 mens
1091 1765 1387 1822 illuminata
1409 1767 1706 1840 intelligere
1733 1783 1848 1824 eas.
1875 1769 2120 1826 Accessit

2227 575 2301 630 tia
2329 576 2633 647 dijudicari,
2661 578 2706 633 si
2731 594 2839 633 non
2878 580 3331 640 confunderemur
3358 586 3426 643 de
3465 588 3814 652 dissensionis

2223 674 2371 721 nota.
2396 666 2548 734 Quod
2568 683 2700 724 vero
2729 677 2781 724 te
2806 672 3079 729 nesciente
3105 677 3357 746 perrexi,
3387 682 3685 738 necessitas
3711 685 3814 741 hoc

2222 754 2371 823 fecit,
2401 773 2506 812 non
2536 758 2803 815 voluntas.

2293 849 2453 919 217
2493 849 2671 917 Quare
2713 852 2910 909 oblitus
2935 854 3106 922 fuisti,
3149 856 3223 912 fili
3261 859 3356 925 mi,
3392 865 3664 931 quomodo
3695 881 3816 923 cum

2220 939 2476 1013 lacrymis
2516 951 2570 997 et
2614 944 2868 1000 inclinata
2899 948 3110 1003 cervice
3139 957 3191 1005 te
3226 966 3324 1022 pro
3348 969 3480 1023 pace
3509 965 3566 1010 et
3592 973 3818 1013 concor-

2221 1034 2330 1099 dia,
2359 1050 2457 1105 pro
2483 1035 2684 1091 Christi
2714 1053 2897 1092 amore
2935 1048 3186 1110 precatus
3225 1058 3367 1109 sum,
3407 1045 3560 1115 cujus
3601 1047 3818 1102 debitor

2221 1139 2279 1179 es
2320 1126 2466 1179 omni
2505 1126 2730 1194 homini,
2770 1129 2933 1183 etiam
2979 1146 3083 1184 non
3125 1140 3363 1202 rogatus.
3395 1133 3464 1189 Et
3499 1135 3542 1190 si
3586 1135 3817 1192 fratrem

2221 1225 2370 1273 tuum
2396 1220 2733 1288 occidissem,
2764 1223 2950 1293 utique
2975 1223 3045 1278 ob
3071 1224 3274 1280 Christi
3302 1237 3628 1298 praeceptum
3660 1231 3814 1300 igno-

2220 1321 2373 1362 scere
2403 1308 2679 1366 debuisses
2720 1330 2732 1364 :
2775 1321 2980 1381 quanto
3009 1315 3202 1384 magis,
3233 1316 3361 1370 dum
3391 1318 3519 1372 nihil
3547 1320 3595 1374 ei
3629 1321 3814 1387 nocui,

2219 1397 2314 1451 sed
2339 1399 2558 1454 omnino
2579 1399 2839 1455 benefeci.
2866 1402 2934 1456 Et
2958 1403 3027 1457 ob
3056 1405 3158 1458 hoc
3185 1405 3527 1463 benefactum
3555 1409 3608 1462 in
3637 1410 3813 1476 illum,

2218 1489 2468 1544 inimicus
2510 1488 2682 1545 factus
2711 1507 2770 1546 es
2811 1493 2985 1547 amico
3019 1501 3128 1549 tuo.
3171 1495 3281 1550 Nec
3319 1496 3414 1550 tibi
3453 1497 3570 1567 plus
3607 1508 3720 1564 est,
3766 1502 3813 1555 in

2218 1582 2623 1651 regeneratione
2649 1584 2819 1637 sancti
2860 1583 3113 1654 Spiritus,
3159 1586 3343 1642 fratris
3385 1587 3590 1660 [Forte,
3619 1591 3811 1664 frater]

2219 1682 2381 1740 quam
2409 1671 2560 1725 mihi.
2587 1671 2655 1725 Et
2681 1672 2725 1726 si
2757 1672 2810 1726 in
2831 1674 3006 1744 prima
3036 1677 3326 1731 mansisset
3350 1681 3726 1749 generatione,
3751 1698 3811 1736 ex

2218 1775 2326 1830 qua
2347 1769 2467 1816 orta
2489 1771 2573 1816 est
2596 1762 2866 1820 discordia
2895 1766 3038 1820 inter
3066 1767 3416 1824 charissimas
3441 1784 3742 1839 personas;
3765 1782 3814 1828 et

530 1867 712 1914 autem
736 1867 790 1914 et
807 1861 1093 1930 propheta,
1118 1861 1208 1930 qui
1233 1868 1518 1931 utrumque
1543 1870 1598 1916 et
1623 1862 1676 1916 in
1707 1862 1895 1932 spiritu
1921 1862 2113 1919 obscu—
2141 1849 2189 1909 Β
2214 1853 2267 1907 in
2292 1869 2396 1922 qua
2418 1853 2537 1924 plus
2565 1853 2712 1910 illum
2741 1871 2893 1912 amas
2929 1873 3092 1929 quam
3116 1875 3225 1926 me,
3257 1875 3359 1918 nec
3393 1862 3501 1917 tibi
3532 1879 3635 1918 nec
3678 1865 3812 1922 mihi

528 1949 744 2004 ritatem
781 1950 1058 2020 scripturae
1094 1950 1424 2022 perlegebat,
1469 1959 1524 2006 et
1557 1954 1971 2010 obscurissimas
1999 1955 2116 2026 ejus

526 2043 945 2114 signiﬁcationes
973 2045 1168 2099 mentis
1197 2046 1484 2100 vivacitate
1512 2046 1792 2101 intellexit.
1829 2047 1955 2103 Haec
1994 2049 2112 2114 tibi,

528 2135 846 2191 charissime
875 2134 950 2191 ﬁli
980 2147 1006 2176 α
1036 2135 1358 2210 Fridugilse,
1399 2139 1564 2193 citato
1603 2154 1853 2194 sermone
1892 2140 2112 2208 dictavi,

525 2243 594 2283 ne
635 2229 853 2299 ignarus
891 2230 1050 2300 hujus
1075 2231 1361 2302 tripartitaz
1398 2233 1627 2289 rationis
1657 2249 1828 2302 esses,
1853 2251 1973 2306 qua:
1997 2251 2115 2293 om-

524 2320 683 2376 nibus
711 2323 908 2378 usitata
935 2332 1040 2390 est,
1067 2324 1164 2379 sed
1189 2340 1222 2379 a
1250 2326 1435 2396 paucis
1463 2326 1733 2382 intellecta
1757 2329 1808 2382 δ.

987 2449 1009 2477 ο
1047 2437 1380 2496 EPISTOLA
1418 2439 1445 2481 ἀ
1487 2441 1637 2498 CCV.

946 2545 1014 2584 AD
1051 2545 1302 2593 QUEIDAH
1345 2548 1680 2590 DISCIPULUII.

523 2615 751 2673 Causam
791 2618 1124 2676 dissensionis
1164 2639 1195 2675 a
1234 2640 1288 2677 se
1330 2624 1596 2692 amolitur,
1637 2635 1687 2681 et
1724 2627 1780 2682 in
1823 2629 2110 2685 amicitiam

1102 2692 1271 2747 redire
1299 2695 1546 2765 postulat.

591 2777 924 2836 Charissimo
953 2781 1008 2835 in
1035 2781 1234 2838 Christi
1267 2785 1529 2841 charitate
1559 2786 1666 2843 filio
1693 2789 1941 2846 salutem.

594 2868 829 2925 Obsecro
864 2879 926 2926 ut
966 2870 1135 2927 solitae
1170 2873 1387 2944 pietatis
1421 2877 1704 2934 dilectione
1744 2881 1844 2936 has
1871 2890 2112 2952 paternae

521 2959 821 3016 devotionis
856 2961 1119 3019 litterulas
1145 2963 1322 3036 legere
1348 2967 1602 3036 digneris.
1647 2967 1776 3036 Cur,
1803 2971 2110 3030 dulcissime

522 3053 630 3123 ﬁli,
659 3054 1038 3110 contumeliam
1077 3055 1430 3113 dissensionis
1457 3067 1657 3115 nostra:
1687 3062 1741 3116 in
1770 3077 1930 3118 aures
1957 3065 2109 3136 pala-

521 3150 662 3204 tinas
689 3150 903 3204 mittere
917 3149 1132 3205 voluisti
1147 3151 1170 3205 ?
1187 3151 1324 3206 Ecce
1353 3151 1424 3207 ibi
1443 3163 1599 3208 sonat
1624 3172 1638 3209 :
1665 3174 1682 3206 ‹
1706 3155 1844 3223 Quid
1869 3173 1966 3213 nos
1983 3175 2108 3230 spe-

2215 1953 2358 1999 esset
2383 1943 2572 2000 frater.

2286 2035 2601 2105 Revertere,
2639 2048 2935 2108 revertere,
2976 2041 3100 2110 licet
3140 2060 3247 2100 non
3283 2061 3384 2117 pro
3411 2063 3554 2115 meo,
3585 2050 3687 2106 sed
3712 2064 3812 2122 pro

2214 2125 2354 2180 illius
2381 2141 2587 2194 amore,
2618 2129 2709 2200 qui
2737 2145 2860 2186 cum
2900 2132 3104 2189 inimici
3142 2150 3408 2204 essemus,
3451 2141 3810 2202 reconciliavit

2213 2233 2307 2270 nos
2333 2216 2442 2271 Deo
2465 2218 2521 2272 in
2547 2220 2801 2290 sanguine
2827 2238 2924 2277 suo
2953 2222 3176 2296 (Coloss.
3204 2243 3245 2292 ι,
3273 2227 3388 2300 20).
3424 2228 3505 2284 Sit
3535 2229 3625 2286 ille
3653 2233 3812 2288 nobis

2211 2326 2356 2366 nunc
2392 2312 2659 2368 mediator
2685 2315 2753 2369 ad
2786 2331 2996 2386 pacem,
3021 2321 3114 2391 qui
3157 2321 3258 2376 fuit
3286 2331 3409 2379 ante
3432 2324 3703 2381 mediator
3727 2328 3811 2383 ad

2210 2402 2396 2457 vitam.
2444 2403 2500 2459 Si
2543 2405 2644 2462 has
2682 2407 3001 2465 humilitatis
3039 2427 3172 2467 meae
3211 2429 3404 2484 preces
3445 2416 3580 2470 dura
3627 2428 3811 2474 mente

2211 2498 2533 2565 contemnis,
2561 2507 2618 2554 et
2640 2514 2836 2556 nocere
2857 2503 3008 2574 cupis
3034 2504 3142 2576 (cui
3169 2507 3427 2576 prodesse
3452 2507 3536 2563 fas
3561 2524 3688 2565 esse
3717 2526 3811 2566 ne-

2210 2603 2341 2658 gare
2362 2604 2469 2643 non
2497 2591 2722 2660 poteris,
2747 2592 2850 2648 nisi
2875 2602 3158 2664 paternum
3190 2612 3384 2653 nomen
3411 2607 3468 2654 et
3495 2601 3811 2672 magistrale

2211 2677 2278 2731 de
2304 2679 2542 2748 pectoris
2568 2680 2645 2734 tui
2675 2695 2898 2748 arcano,
2927 2681 3013 2737 vel
3047 2683 3158 2738 oris
3187 2684 3398 2756 eloquio
3426 2687 3608 2745 delere
3638 2690 3807 2758 velis;

2209 2769 2354 2838 quod
2384 2769 2609 2840 impium
2638 2786 2758 2826 esse
2787 2788 2945 2828 nemo
2983 2783 3067 2829 est
3093 2777 3185 2844 qui
3225 2779 3459 2846 nesciat,
3506 2781 3601 2851 qui
3641 2782 3808 2838 bene-

2211 2857 2337 2913 ficia
2365 2860 2647 2916 charitatis
2685 2863 2828 2917 inter
2861 2879 2959 2919 nos
2995 2881 3235 2937 unquam
3265 2871 3505 2942 agnovit)
3532 2880 3719 2927 tamen
3743 2888 3811 2930 eo

2209 2958 2545 3020 protegente,
2572 2967 2672 3023 pro
2700 2954 2853 3025 cujus
2878 2971 3064 3012 amore
3088 2958 3204 3015 haec
3229 2968 3341 3014 tam
3369 2961 3683 3033 suppliciter
3709 2964 3812 3023 dc-

2210 3055 2394 3111 posco,
2437 3043 2598 3098 credo
2646 3060 2841 3101 nocere
2886 3063 2990 3103 non
3041 3051 3262 3120 poteris.
3309 3051 3542 3108 Absalon
3591 3064 3808 3126 patrem

2212 3143 2368 3182 suum
2392 3145 2557 3201 regno
2573 3132 2795 3202 expulit,
2815 3136 2908 3190 sed
2929 3137 3168 3208 seipsum
3190 3141 3300 3193 vita
3316 3141 3547 3210 privavit
3563 3142 3650 3214 (II
3669 3145 3805 3220 Reg.

522 3258 648 3297 mre
693 3242 950 3300 debemus
994 3243 1063 3299 de
1110 3243 1321 3299 morum
1369 3246 1627 3312 amicitia,
1675 3211 1765 3318 qrﬁ
1819 3211 1925 3304 “ea
1950 3211 2110 3306 riga-3r
2133 3211 2182 3275 (ἶ
2212 3235 2282 3275 xv
2303 3231 2349 3274 et
2370 3219 2562 3318 xvm);
2587 3232 2643 3276 et
2663 3226 2805 3294 quod
2834 3225 2922 3281 illa
2947 3228 3206 3284 dissensio
3233 3233 3525 3289 carnaliter
3545 3251 3807 3306 perpessa

521 3333 727 3402 seipsos
757 3333 918 3388 ﬁdem
949 3333 1031 3389 vel
1077 3337 1424 3392 concordiam
1474 3354 1693 3394 servare
1723 3343 2053 3411 potuerunt?
2085 3364 2105 3398 ι

481 3420 488 3427 ’
521 3422 692 3494 Magis
730 3425 846 3479 haec
871 3433 1050 3495 potest
1073 3441 1193 3481 esse
1224 3426 1468 3483 confusio
1508 3444 1670 3499 quam
1715 3431 1973 3498 laudatio,
2019 3434 2115 3490 de-

522 3519 758 3589 speratio
797 3517 920 3573 fidei
961 3527 1158 3574 nostrae
1198 3535 1361 3590 quam
1401 3521 1738 3578 conﬁrmatio
1773 3539 1950 3581 causae
1983 3534 2107 3582 tuae.

521 3609 590 3664 Et
617 3625 722 3680 qua
753 3609 928 3664 fronte
956 3611 1353 3681 reprehendere
1381 3615 1586 3684 poteris
1609 3630 1734 3671 eum
1759 3632 1919 3686 quem
1952 3620 2112 3677 toties

520 3699 744 3756 laudare
771 3699 1017 3755 solebas?
1038 3699 1162 3756 Scio
1181 3702 1325 3772 quod
1355 3703 1450 3758 tibi
1475 3704 1556 3758 ira
1581 3713 1673 3760 tua
1691 3705 1838 3775 justa
1863 3709 2106 3775 videtur;

521 3792 648 3863 quia
672 3791 786 3847 haec
825 3801 910 3847 est
941 3801 1142 3847 natura
1186 3795 1408 3850 humani
1450 3795 1667 3865 furoris,
1698 3807 1758 3854 ut
1785 3801 1920 3868 haec,
1950 3805 2104 3873 quid-

520 3883 651 3955 quid
678 3885 789 3956 agit
813 3883 898 3940 vel
926 3884 1074 3952 dicit,
1103 3884 1309 3955 justum
1336 3887 1438 3944 sibi
1467 3904 1586 3945 esse
1613 3892 1879 3948 videatur.
1911 3895 2111 3953 Irasci-

522 3976 652 4030 mini
673 3985 720 4030 et
745 3974 903 4030 nolite
927 3993 1142 4048 peccare
1167 3977 1338 4050 (Psal.
1370 3995 1447 4047 1v,
1477 3979 1557 4048 5),
1585 3982 1636 4037 id
1664 3993 1766 4052 est,
1795 3986 1959 4043 nolite
1986 4005 2110 4060 per-

520 4082 741 4124 manere
770 4068 823 4122 in
853 4068 955 4122 ira.
979 4068 1259 4126 Concessit
1281 4073 1425 4143 quod
1449 4081 1657 4130 naturae
1683 4086 1796 4145 est;
1824 4079 1944 4135 tulit
1963 4083 2108 4153 quod

519 4160 688 4232 culpae
715 4169 815 4217 est.
860 4161 1064 4219 Idcirco
1095 4172 1150 4218 et
1180 4164 1468 4235 Apostolus
1496 4167 1573 4221 ait
1600 4187 1612 4222 :
1646 4169 1742 4224 Sol
1770 4188 1873 4226 non
1903 4175 2108 4232 occidat

517 4269 674 4322 super
711 4253 1042 4307 iracundiam
1078 4264 1299 4310 vestram
1326 4255 1543 4328 (Ephes.
1567 4275 1644 4325 ιν,
1666 4259 1778 4332 26).
1813 4263 1966 4334 Saepe
1990 4281 2106 4321 me-

517 4343 620 4398 lior
645 4353 729 4399 est
753 4341 1002 4400 defensor
1025 4363 1188 4417 quam
1211 4357 1522 4414 accusator;
1547 4353 1675 4422 quia
1705 4353 1792 4411 ille
1819 4358 1886 4411 ad
1913 4374 2106 4429 pacem

519 4432 775 4500 defendit,
824 4436 925 4490 iste
973 4437 1040 4491 ad
1085 4438 1407 4496 discordiam
1448 4453 1686 4500 accusat.
1731 4447 1842 4503 Nec
1883 4450 1938 4504 in
1984 4469 2106 4509 mea

518 4523 704 4580 difﬁdo
745 4540 939 4592 causa,
997 4527 1123 4583 licet
1173 4529 1226 4584 in
1278 4535 1564 4602 prtesentia
1610 4539 1754 4608 regis
1796 4541 2100 4598 ventiletur.

2213 3321 2316 3378 est,
2346 3313 2633 3371 timeamus
2654 3332 2722 3372 ne
2745 3334 2845 3374 nos
2869 3322 3182 3391 spiritaliter
3201 3327 3494 3395 patiamur,
3511 3329 3556 3383 si
3573 3330 3642 3384 ad
3670 3332 3810 3386 cha-

2210 3403 2428 3458 ritatem
2449 3401 2650 3461 Christi
2681 3422 2788 3462 non
2817 3419 3177 3467 revertamur.
3213 3413 3457 3470 Charitas
3490 3419 3695 3488 patiens
3725 3430 3810 3477 est

2212 3496 2280 3550 ad
2319 3495 2706 3565 sufferendum,
2747 3500 2968 3573 benigna
3009 3505 3078 3559 ad
3115 3509 3513 3577 praestandum;
3556 3528 3662 3566 non
3699 3514 3808 3583 agit

2207 3604 2500 3659 perperam,
2544 3589 2597 3645 id
2637 3600 2741 3657 est,
2769 3608 2878 3647 non
2917 3599 3274 3668 superquzerit
3309 3599 3535 3657 fratrem
3561 3620 3722 3660 suum
3752 3607 3806 3661 in

2209 3683 2452 3752 negotio;
2491 3685 2669 3739 omnia
2710 3696 2901 3756 sperat,
2949 3692 3125 3746 omnia
3165 3695 3327 3750 credit
3371 3696 3424 3768 (1
3464 3695 3586 3753 Cor.
3621 3716 3747 3766 xm,
3773 3702 3806 3757 4

2209 3771 2360 3842 δρψ).
2389 3773 2517 3839 Quae
2544 3775 2766 3830 meliora
2801 3787 2945 3847 sunt,
2965 3797 3204 3860 sperare
3239 3786 3497 3844 debemus
3524 3799 3577 3845 et
3599 3793 3803 3863 Optima

2209 3862 2451 3918 credere.

2282 3957 2498 4014 Utinam
2525 3960 2640 4016 haec
2658 3963 2904 4019 chartula
2928 3966 2984 4021 in
3006 3966 3182 4023 locum
3200 3984 3287 4043 me
3313 3973 3454 4042 apud
3482 3982 3536 4028 te
3559 3975 3804 4031 remittat

2205 4051 2522 4121 pristinum;
2552 4061 2606 4108 et
2631 4054 2675 4108 si
2700 4055 2802 4110 hoc
2826 4059 3088 4127 perficere
3113 4077 3218 4116 non
3237 4063 3436 4125 valeat.
3461 4066 3546 4121 vel
3571 4082 3801 4124 excusa-

2206 4151 2322 4199 tum
2350 4145 2549 4202 habeat
2570 4149 2710 4219 apud
2743 4147 2979 4218 iudicem
3008 4169 3214 4222 meum;
3246 4158 3372 4228 quia
3401 4157 3505 4214 feci
3536 4163 3679 4232 quod
3704 4177 3803 4233 po-

2207 4235 2318 4300 tui,
2347 4236 2390 4290 si
2416 4236 2659 4292 obtinere
2695 4255 2800 4294 non
2834 4242 3124 4299 valuissem
3153 4249 3295 4318 quod
3324 4245 3636 4306 veluisscm.
3669 4251 3803 4308 Pos-

2207 4343 2348 4395 sum,
2378 4343 2622 4400 possum,
2646 4333 2830 4399 credo,
2861 4350 2958 4404 per
2983 4351 3128 4403 eum,
3156 4339 3248 4409 qui
3279 4340 3561 4412 inspiravit
3583 4353 3800 4414 pectus-

2207 4421 2387 4476 culum
2422 4437 2623 4490 meum,
2662 4434 2720 4480 ut
2746 4434 2988 4496 peterem
3007 4431 3150 4500 quod
3170 4433 3318 4502 pium
3342 4437 3544 4504 putavi.
3570 4434 3802 4507 inspiret

2206 4512 2370 4566 etiam
2419 4522 2608 4583 pectus
2649 4525 2822 4584 tuum,
2865 4527 2926 4572 ut
2967 4523 3233 4577 concedas
3276 4524 3418 4594 quod
3467 4525 3796 4596 deposceris.

519 4615 697 4669 Testis
735 4623 821 4670 est
860 4616 990 4671 mihi
1037 4619 1238 4672 renium
1279 4593 1540 4677 scrutator
1583 4593 1776 4695 (Ρῖαι.
1828 4645 1927 4696 vn,
1969 4632 2106 4707 10),

2211 4600 2453 4658 Conditio
2480 4620 2609 4659 vero
2649 4607 2798 4676 pacis
2836 4623 2943 4664 non
2972 4625 3109 4680 puer
3141 4613 3213 4667 sit
3239 4593 3394 4683 pater
3421 4593 3798 4685 dissensionis,

519 4719 682 4775 quam
708 4703 934 4760 ﬁdeliter
956 4715 1008 4763 te
1037 4722 1252 4780 semper
1272 4713 1471 4779 amavi,
1501 4723 1556 4769 et
1575 4731 1737 4785 quam
1763 4719 1900 4776 bene
1928 4703 2103 4794 cupivi

517 4796 583 4850 de
609 4793 778 4849 fratre
803 4804 915 4862 tuo,
941 4812 1102 4867 quem
1129 4800 1284 4856 video
1324 4811 1376 4858 te
1414 4805 1533 4875 plus
1558 4810 1850 4867 carnaliter
1889 4829 2104 4872 amasse

447 4949 454 4953 _
516 4901 680 4957 quam
717 4894 925 4956 patrem
967 4889 1297 4960 spiritaliter,
1339 4893 1466 4951 licet
1503 4897 1592 4954 ille
1635 4901 1702 4956 de
1741 4918 1828 4958 me
1869 4907 2103 4975 superbe

515 4978 713 5048 egisset
759 4975 950 5050 [Locus
989 4981 1307 5056 corruptus].
1356 4985 1529 5042 Testis
1573 4998 1659 5046 est
1695 4993 1828 5048 mihi
1874 4995 2103 5053 domnus

518 5084 633 5134 rex,
665 5069 761 5124 Dei
798 5084 917 5125 esse
956 5087 1141 5139 causa,
1185 5090 1254 5128 an
1295 5076 1434 5134 illius
1471 5079 1645 5150 pietas
1683 5084 1834 5155 prius
1872 5085 2102 5142 alterum

518 5162 843 5228 nominaret,
872 5178 940 5218 an
977 5179 1075 5236 ego
1097 5181 1372 5236 precarer.
1404 5171 1471 5225 Et
1491 5187 1599 5228 non
1626 5175 2005 5233 erubescerem
2035 5179 2103 5235 de

589 5311 615 5340 ιι
647 5296 971 5375 Fridugilse.
995 5299 1075 5375 Ita
1097 5301 1299 5358 habent
1322 5304 1477 5375 codd.
1501 5322 1658 5375 mss.;
1682 5310 1777 5364 sed
1799 5311 1976 5368 nullus
2004 5315 2102 5369 du-

513 5370 650 5452 bito,
693 5370 1281 5454 quindlegendumsit,
1326 5373 1615 5454 Fridugise
1645 5370 1749 5434 seu
1794 5379 2096 5454 Fredegise,

516 5440 687 5526 (Elius
713 5440 890 5526 gratia
927 5440 1315 5514 responsiones
1358 5440 1522 5502 dedit'
1550 5449 1619 5504 ad
1666 5440 1994 5522 quaestiones
2034 5440 2100 5512 de

519 5511 804 5578 Triuitate,
835 5521 941 5568 etc.
1029 5511 1047 5514 “
1682 5511 1701 5522 ³
2083 5511 2092 5512 ί

519 5583 932 5682 Mill}???
959 5585 1779 5682 .T§;.S§£:¥E¥1m2‘9a§i..in.
1796 5593 1908 5682 ,ίὲηε
1941 5594 2100 5682 iure

517 5653 785 5775 epistolte,
817 5655 933 5737 haec
959 5657 1120 5712 verba
1147 5658 1417 5714 adduntur
1447 5681 1459 5715 :
1490 5661 1718 5747 Explicit
1745 5662 1900 5747 Liber
1922 5653 2098 5750 Alb'ini

517 5721 552 5776 Β
579 5734 784 5800 agisth
816 5729 977 5800 Jussit
1009 5745 1158 5800 quem
1200 5729 1393 5800 praesul
1435 5731 1717 5790 Baturtcus
1758 5735 1980 5790 scribere
2016 5739 2098 5792 dt-

516 5668 541 5706 (³

515 5809 712 5877 gnum._
746 5795 1030 5877 paturicus'
1080 5795 1271 5877 nempe
1320 5803 1605 5877 episcopus
1657 5805 2092 5877 Ratisbonensis,

515 5863 608 5934 qui
632 5864 914 5924 Adalwino
939 5863 1369 5929 successit'anno
1392 5863 1514 5931 817ξ

2205 4692 2301 4746 sed
2339 4708 2475 4762 puer
2513 4693 2675 4749 Pater
2714 4697 2882 4766 futuri
2920 4700 3100 4755 surculi
3143 4701 3298 4773 (Isai.
3341 4721 3418 4771 rx,
3461 4705 3540 4777 6),
3583 4707 3652 4762 de
3688 4721 3799 4779 quo

2205 4783 2407 4839 dictum
2433 4793 2516 4841 est
2544 4804 2556 4840 ε
2590 4787 2726 4844 Ecce
2747 4807 2878 4861 puer
2895 4809 3040 4847 meus
3068 4811 3219 4865 quem
3241 4796 3390 4866 elegi,
3414 4797 3606 4854 electus
3627 4816 3794 4867 meus,

2204 4874 2260 4928 in
2287 4892 2388 4945 quo
2411 4876 2536 4931 bene
2562 4878 2873 4950 complacuit
2903 4883 3094 4938 anima:
3117 4901 3246 4940 mea:
3269 4885 3484 4957 (Matth.
3528 4904 3630 4954 xu,
3660 4891 3750 4962 18)
3776 4907 3791 4944 :

2203 4973 2264 5020 ut
2282 4966 2425 5038 digni
2445 4969 2746 5024 habeamur
2769 4970 2914 5027 inter
2932 4987 3026 5028 eos
3049 4976 3340 5043 nominari,
3361 4986 3416 5032 et
3433 4992 3555 5033 esse
3572 4995 3791 5049 pueros,

2203 5057 2270 5112 de
2301 5059 2495 5129 quibus
2536 5070 2696 5116 antea
2736 5061 2824 5118 ille
2852 5078 2950 5134 per
2975 5067 3297 5136 prophetam
3332 5069 3582 5139 praedixit
3614 5090 3627 5124 :
3659 5070 3794 5125 Ecce

2202 5164 2294 5219 ego
2315 5158 2362 5203 et
2383 5151 2533 5220 pueri
2558 5152 2680 5219 mei,
2711 5169 2838 5223 quos
2861 5153 3005 5209 dedit
3028 5155 3157 5210 mihi
3180 5155 3322 5211 Deus
3350 5157 3504 5229 (Isai.
3530 5174 3654 5226 vin,
3680 5160 3786 5229 18).

2275 5338 2296 5366 c
2338 5326 2490 5405 lianc
2533 5329 2817 5398 epistolam
2865 5332 3250 5405 descripsimus
3297 5353 3365 5392 ex
3412 5339 3532 5394 cod.
3591 5340 3785 5398 Salish.

2198 5396 2483 5477 Alcuinum
2522 5396 2798 5477 auctorem
2827 5417 2891 5457 ex
2922 5396 3061 5475 stylo
3092 5407 3361 5476 novimus,
3389 5406 3545 5465 et‘ex
3575 5396 3784 5477 ordine,

2199 5483 2358 5537 quem
2393 5468 2484 5522 illa
2524 5471 2578 5525 in
2625 5474 2883 5596 praedicto
2924 5468 3107 5531 codice
3156 5486 3321 5543 tenet,
3345 5468 3610 5537 'medium
3651 5468 3786 5538 inter

2199 5547 2376 5594 certas
2404 5547 2459 5593 et
2493 5541 2618 5594 indu
2662 5543 2824 5596 itatas
2851 5544 2969 5596 eius
2997 5548 3270 5596 enismlas.
3300 5551 3631 5596 nigoinnlnm
3661 5569 3785 5596 vam

2199 5547 2376 5623 certas
2404 5541 2824 5623 et.indubi_tatas
2851 5544 2969 5614 ejus
2997 5548 3270 5623 epistolas.
3300 5541 3633 5623 Discipulum
3661 5569 3785 5609 vero

2198 5609 2348 5693 illum
2389 5611 2480 5693 qui
2505 5614 2756 5693 querelas
2778 5609 2968 5670 contra
2992 5609 3275 5693 A'lcuinum
3305 5622 3373 5676 ad
3411 5609 3673 5693 palatium
3695 5626 3784 5680 de-

2198 5680 2341 5770 tulit,
2364 5690 2421 5770 et
2443 5680 2676 5770 quocum
2788 5701 2977 5757 pacem
3007 5691 3185 5745 redire
3203 5693 3369 5763 cupit,
3395 5680 3542 5752 nullo
3560 5696 3783 5770 vestigio

2197 5750 2597 5862 deprehendere
2624 5750 2912 5826 potuimus.

2335 5823 2482 5862 Annrl
2511 5825 2720 5862 thnn
2775 5830 2911 5862 cnice

2328 5823 2485 5894 Apud
2511 5823 2742 5882 Froben.
2775 5830 2932 5899 epist.
2966 5830 3086 5886 156.
