4062 6436
235 333 323 391 481
349 366 362 379 .
1670 334 2047 395 EPISTOL£.

705 455 730 484 α
766 440 1100 500 EPISTOLA
1137 440 1311 499 CCVI.

791 549 858 588 AD
895 549 1227 589 ωδειρυιωί.

231 621 572 696 Reprehendit
598 621 839 696 illum_ob
865 624 981 677 vitm
1008 624 1389 696 perversitatem
1407 661 1422 688 ,
1448 628 1499 677 et
1525 621 1595 677 ad
1625 637 1802 678 emen-

731 693 993 747 dationem
1018 693 1278 748 hortatur.

294 807 319 848 ιι
357 805 718 862 Dilectissimo
748 803 876 859 filio.

293 899 607 954 Dulcissime
632 897 707 952 fili
727 937 742 964 ,
773 896 942 952 frater
968 905 1024 952 et
1053 897 1245 963 amice,
1274 895 1428 966 cujus
1455 911 1648 953 nomen
1675 904 1802 968 opto

226 1002 281 1048 ut
302 992 538 1048 caelestis
579 990 902 1045 bibliotheca
931 997 1112 1044 teneat
1154 989 1207 1043 in
1245 997 1528 1044 aeternum.
1571 988 1710 1044 Olim
1747 996 1802 1044 te

225 1083 402 1154 genui,
449 1081 671 1146 nutrivi,
713 1081 842 1146 alui,
880 1089 935 1136 et
961 1081 1029 1136 ad
1067 1079 1364 1152 perfectum
1401 1081 1576 1135 virum
1604 1094 1800 1151 usque,

225 1173 330 1228 Deo
354 1173 608 1238 donante,
632 1172 878 1242 perduxi,
906 1171 1110 1227 artibus
1136 1171 1372 1226 studiose
1400 1171 1694 1235 eruditum,
1716 1185 1804 1224 sa-

221 1265 433 1335 pientia:
457 1263 568 1319 sole
595 1263 965 1328 illuminatum,
993 1263 1230 1317 moribus
1251 1262 1491 1331 apprime
1516 1267 1798 1324 ornatum;

220 1357 290 1410 ita
335 1364 396 1410 ut
437 1363 583 1410 tuam
611 1355 821 1410 laudem
852 1363 964 1410 tota
995 1370 1130 1425 pene
1157 1355 1406 1409 decantet
1431 1353 1578 1424 regio
1608 1351 1798 1424 [Codd.

219 1467 312 1503 ms.
349 1448 569 1514 Salisb.,
609 1446 934 1520 Britannia],
978 1454 1033 1501 et
1069 1447 1229 1501 latior
1264 1454 1348 1501 est
1385 1445 1528 1500 fama
1571 1444 1803 1500 nominis

219 1539 289 1592 tui
317 1553 487 1609 quam
531 1539 718 1592 notitia
763 1537 919 1592 faciei
965 1546 1087 1590 tuae.
1133 1535 1302 1606 Hujus
1328 1551 1426 1606 ego
1469 1535 1565 1590 tibi
1591 1535 1803 1590 decoris

217 1629 466 1694 devotus,
503 1628 775 1684 Christum
811 1628 1072 1693 obtestor,
1114 1629 1326 1698 adjutor
1366 1628 1570 1693 exstiti,
1609 1636 1664 1702 et
1703 1642 1803 1698 pro

215 1719 413 1773 virium
442 1734 682 1773 mearum
723 1720 967 1790 portione
996 1728 1070 1783 te,
1101 1720 1146 1775 si
1188 1735 1295 1773 non
1337 1719 1580 1785 idoneus,
1614 1728 1794 1774 tamen

3371 344 3479 404 482

1821 449 1876 509 Α
1898 443 2018 511 tibi,
2047 442 2115 500 de
2153 441 2444 517 longinqua
2482 443 2702 516 regione
2735 445 3052 512 revertenti,
3092 460 3398 517 occurrere,
3432 453 3479 508 si

1900 543 1960 592 tu
1988 551 2094 592 non
2122 537 2422 594 tardaveris
2456 552 2676 610 surgere
2715 544 2772 594 et
2811 536 2992 596 dicere
3020 556 3034 593 :
3068 539 3247 606 Pater,
3276 545 3482 612 peccavi

1899 627 1957 680 in
1997 625 2180 681 caelum
2219 637 2269 683 et
2297 644 2475 684 coram
2513 637 2580 693 te,
2623 628 2740 683 ideo
2781 645 2882 684 non
2922 646 3039 684 sum
3081 631 3270 703 dignus
3308 634 3483 688 vocari

1899 715 2043 784 filius
2071 725 2191 771 tuus
2217 716 2366 789 (Luc.
2399 733 2492 780 xv,
2521 716 2632 777 21).
2664 717 2734 773 Et
2758 734 2864 775 non
2892 719 3062 776 solum
3091 719 3311 778 obviare
3329 762 3346 788 ,
3385 722 3482 783 sed

1899 813 2065 862 etiam
2103 807 2441 879 amplectari,
2478 809 2735 875 osculari,
2760 810 3067 881 optimaque
3096 811 3320 868 induere
3345 813 3482 868 stola

1900 903 1958 952 et
1981 897 2180 953 annulo
2203 912 2401 954 ornare
2439 906 2494 954 et
2518 898 2898 954 calceamentis
2922 900 3154 966 munire,
3181 900 3401 972 insuper
3427 909 3486 957 et

1901 987 2168 1044 deducere
2196 990 2502 1061 dignabitur
2537 990 2593 1046 in
2620 991 2838 1046 domum
2878 991 3196 1048 deliciarum
3235 1009 3478 1059 suarum,

1899 1091 2008 1148 qua
2046 1078 2300 1150 angelicis
2339 1081 2652 1152 conjunctus
2691 1083 2939 1149 cratibus,
2979 1083 3137 1140 beata
3181 1087 3484 1142 aztérnitate

1901 1177 1958 1225 et
1977 1179 2180 1226 aeterna
2202 1171 2529 1228 beatitudine
2554 1175 2866 1232 decantabis
2892 1194 2906 1231 :
2937 1177 3104 1245 Beati,
3132 1181 3220 1250 qui
3242 1181 3481 1237 habitant

1899 1259 1958 1312 in
1981 1259 2136 1314 domo
2166 1270 2258 1316 tua
2285 1261 2526 1329 Domine,
2551 1265 2609 1319 in
2633 1266 2883 1323 saeculum
2915 1269 3094 1324 saeculi
3120 1269 3410 1328 laudabunt
3433 1282 3482 1330 te

1903 1347 2077 1420 (Psal.
2105 1366 2336 1418 Lxxxm,
2362 1351 2439 1423 5).
3500 1429 3524 1464 ι

2377 1475 2399 1504 ο
2443 1463 2778 1523 EPISTOLA
2815 1466 3007 1524 CCVII.

2301 1572 2382 1610 AD
2432 1573 2670 1612 ῐ-Ὶιιυκ
2721 1574 3083 1616 Ριιουιρυιι.

1905 1642 2251 1718 Reprehendit
2277 1646 2518 1718 discipuli
2550 1665 2814 1718 perversos
2851 1667 3040 1718 mores,
3067 1662 3114 1706 et
3146 1654 3215 1707 ad
3239 1656 3483 1710 emenda-

1978 1717 2170 1796 tionem
2200 1718 2315 1798 tritae
2356 1717 2597 1798 provocat
2635 1720 2864 1798 exemplo
2894 1717 3170 1792 cujusdam
3207 1742 3344 1780 nunc
3379 1727 3488 1798 epi—

217 1809 579 1876 voluntarius,
621 1785 760 1865 sicut
798 1811 969 1881 potui,
996 1819 1051 1866 et
1090 1811 1266 1866 adhuc
1294 1811 1569 1866 absentem
1612 1809 1803 1865 obnixe

1976 1786 2136 1856 scopi,
2163 1785 2288 1840 olim
2313 1785 2396 1841 sui
2423 1785 2784 1860 condiscipuli.

213 1899 550 1954 orationibus
593 1914 912 1970 prosequar,
961 1915 1120 1970 quem
1165 1901 1436 1970 quondam
1483 1905 1803 1971 praesentem

213 1991 388 2045 sacris
411 1990 703 2060 disciplinis
729 1992 967 2062 provexi.
1001 1991 1106 2048 Sed
1142 2009 1240 2065 per
1267 1992 1382 2063 ejus
1407 2002 1460 2048 te
1497 1993 1805 2048 misericor-

214 2084 362 2138 diam
389 2085 646 2140 intentius
671 2085 932 2156 deprecor
953 2086 1043 2156 qui
1070 2101 1167 2141 nos
1191 2085 1420 2140 redemit
1435 2124 1450 2149 ,
1483 2083 1806 2138 illuminavit

210 2183 266 2230 et
305 2176 588 2243 exaltavit,
623 2185 679 2232 et
719 2193 828 2233 sua:
871 2178 1158 2249 agnitionis
1194 2177 1484 2248 participes
1520 2175 1697 2231 ellecit
1735 2189 1803 2229 ne

211 2269 470 2325 charitati
512 2285 676 2335 meae,
717 2285 836 2340 quae
879 2285 963 2324 me
993 2285 1098 2324 non
1137 2269 1264 2324 sinit
1289 2277 1492 2333 tacere,
1522 2266 1801 2331 irascaris,

209 2359 256 2414 si
285 2360 494 2431 aliquid
516 2360 702 2413 durius
721 2367 897 2414 tecum
919 2359 1128 2428 loquar.
1159 2359 1328 2428 Urget
1345 2359 1487 2412 enim
1510 2367 1596 2412 m’e
1624 2365 1804 2427 pater-

206 2455 404 2509 nitatis
427 2452 650 2508 aﬂbctus
674 2451 799 2517 fari,
826 2453 966 2522 quod
990 2453 1282 2524 pennigero
1303 2467 1520 2506 rumore
1544 2458 1804 2505 narrante

205 2545 408 2608 didici,
448 2544 575 2614 quia
617 2543 862 2613 quaedam
903 2543 1017 2614 agis
1045 2558 1164 2612 quae
1202 2558 1304 2598 nec
1340 2550 1444 2598 tum
1481 2542 1806 2601 conveniunt

205 2635 386 2704 218
411 2635 678 2705 dignitati,
706 2650 804 2690 nec
829 2649 960 2690 mea!
985 2635 1197 2705 placent
1221 2634 1488 2688 dilectioni
1515 2653 1528 2688 :
1555 2634 1683 2704 quia
1708 2649 1806 2688 no-

205 2723 305 2778 lim
350 2723 554 2778 l‘amam
596 2724 859 2780 claritatis
891 2733 994 2779 tuze
1021 2724 1246 2779 maculis
1278 2721 1477 2780 qucari
1517 2725 1704 2795 nigris,
1734 2739 1804 2781 ne

209 2813 355 2867 alius
381 2813 476 2868 tibi
502 2814 740 2869 debitum
767 2814 1028 2884 subripiat
1069 2814 1268 2880 locum,
1295 2822 1356 2869 ut
1397 2815 1468 2869 sit
1493 2814 1802 2869 nouissimus

209 2903 415 2973 primus
441 2911 490 2957 et
530 2905 729 2975 primus
774 2905 1080 2959 novissimus
1122 2903 1334 2976 (Matth.
1362 2922 1477 2971 xu,
1507 2905 1619 2977 '50).
1664 2905 1802 2972 Quid

209 3001 316 3058 est,
361 2992 460 3058 ﬁli,
498 2995 641 3064 quod
680 2995 746 3049 de
785 3003 837 3050 te
880 2997 1062 3062 audio,
1092 3012 1198 3051 non
1229 3013 1336 3053 uno
1361 2997 1599 3067 quolibet
1626 2997 1680 3051 in
1707 3011 1804 3051 an-

211 3084 336 3158 gulo
366 3093 704 3152 susurrante,
743 3086 834 3142 sed
860 3087 1104 3160 plurimis
1139 3088 1349 3158 publice
1376 3103 1497 3143 cum
1526 3089 1639 3142 risu
1674 3103 1802 3143 nar-

213 3174 466 3230 rantibus
495 3192 507 3228 :
539 3175 682 3245 quod
722 3175 1017 3246 puerilibus
1057 3177 1232 3232 adhuc
1258 3177 1534 3233 deservias
1570 3177 1801 3232 immun-

213 3268 387 3333 ditiis,
413 3274 468 3323 et
505 3282 622 3338 quae
648 3283 922 3338 nunquam
961 3267 1142 3323 facere
1181 3268 1479 3335 debuisses,
1523 3286 1800 3341 nunquam

214 3359 491 3415 dimittere
515 3359 777 3416 voluisses
806 3358 1005 3432 [velis].
1053 3359 1154 3415 Ubi
1194 3368 1278 3415 est
1314 3360 1647 3416 nobilissima
1676 3377 1802 3418 eru-

215 3451 349 3506 ditio
383 3451 510 3506 tua?
540 3450 641 3507 Ubi
665 3459 749 3507 est
785 3451 1084 3507 clarissima
1112 3451 1165 3506 in
1209 3452 1502 3524 Scripturis
1526 3455 1696 3510 sacris
1721 3455 1802 3510 in-

218 3540 430 3595 dustria
455 3542 580 3596 tua?
619 3541 723 3598 Ubi
749 3557 961 3598 morum
987 3542 1338 3598 excellentia?
1367 3544 1469 3600 Ubi
1500 3547 1663 3601 animi
1691 3546 1802 3602 for—

218 3631 432 3686 titudo?
463 3632 557 3688 Ubi
586 3633 744 3689 timor
771 3633 1064 3704 gehennae?
1108 3633 1208 3690 Ubi
1247 3651 1372 3705 spes
1407 3636 1626 3707 gloriae?
1654 3636 1799 3704 Quo-

216 3721 382 3777 modo
406 3721 494 3776 illa
535 3731 846 3794 perpetrare
873 3738 978 3778 non
1007 3723 1301 3788 horrescis,
1330 3740 1449 3794 quae
1475 3725 1594 3780 aliis
1621 3727 1802 3796 prohi-

215 3811 345 3868 bere
387 3812 694 3868 debuisses?
734 3813 1078 3878 Convertere,
1111 3813 1352 3878 obsecro,
1383 3816 1526 3870 intra
1564 3817 1802 3873 animum

218 3909 370 3957 tuum
400 3901 555 3975 [Cod.
587 3902 728 3968 Sal.,
755 3904 808 3958 in
837 3903 934 3976 te],
980 3913 1035 3959 et
1062 3905 1147 3960 dic
1175 3921 1298 3960 cum
1325 3908 1588 3977 propheta
1621 3925 1635 3962 :
1671 3908 1801 3974 Quis

217 3991 362 4048 dabit
397 3995 556 4065 capiti
597 4010 710 4048 meo
752 4011 941 4064 aquam
968 4004 1015 4048 et
1040 3995 1234 4063 fontem
1259 3995 1612 4068 lacrymarum
1639 4001 1803 4054 oculis

217 4087 367 4151 meis,
404 4094 477 4139 out
521 4085 765 4158 plangam
807 4089 891 4143 die
936 4107 999 4144 ac
1043 4100 1190 4145 nocte
1237 4090 1417 4163 (Joan.
1461 4109 1538 4159 1x,
1572 4094 1648 4166 1),
1696 4111 1801 4150 non

218 4172 521 4232 Jerusalem
569 4177 860 4248 Babylonio
911 4179 1034 4250 igne
1087 4187 1330 4235 usturam
1357 4222 1372 4246 ,
1423 4183 1518 4237 sed
1567 4185 1804 4237 animam

221 4265 588 4324 Sodomitanis
615 4267 846 4324 ﬂammis
871 4285 1138 4325 arsuram.
1167 4271 1273 4327 Per
1302 4273 1508 4344 singula
1536 4283 1805 4330 momenta

218 4368 478 4432 properat
519 4361 668 4418 dirus
706 4371 948 4429 exactor,
987 4379 1148 4433 quem
1190 4365 1366 4419 nullus
1396 4367 1570 4422 vitare
1607 4375 1801 4438 potest.

221 4453 357 4521 Quid
387 4456 734 4526 respondebis
763 4464 890 4511 tunc
929 4457 1234 4528 aequissimo
1250 4457 1419 4527 judici
1448 4468 1559 4526 tuo,
1591 4461 1635 4516 si
1661 4476 1803 4516 nunc

221 4559 325 4600 non
354 4545 584 4616 corrigis
608 4545 902 4601 foedissima
938 4547 1079 4602 facta
1115 4549 1238 4602 tua?
1279 4547 1516 4605 Obsecro
1557 4559 1631 4616 te,
1671 4551 1803 4606 dile—

223 4636 461 4692 ctissime
492 4635 585 4702 lili,
611 4651 709 4706 per
739 4645 1002 4693 terrorem
1030 4638 1171 4694 illius
1191 4637 1379 4707 judicii
1399 4681 1414 4705 ,
1443 4642 1586 4710 quod
1614 4657 1801 4699 omnes

223 4727 405 4784 Subire
445 4729 705 4800 cogimur,
751 4739 810 4786 ut
845 4732 914 4787 ab
952 4732 1056 4788 hac
1094 4733 1202 4798 die,
1241 4749 1348 4804 qua
1389 4734 1530 4789 hanc
1558 4735 1803 4807 perlegas

222 4822 554 4894 paginulam,
598 4823 785 4880 intimo
814 4825 995 4880 dolore
1037 4825 1316 4893 dictatam,
1359 4843 1493 4897 pura
1538 4829 1805 4884 charitate

225 4913 607 4983 conscriptam,
636 4923 819 4969 sancta
850 4915 953 4970 fide
981 4915 1287 4986 sigillatam,
1315 4919 1584 4973 constanti
1623 4919 1804 4973 animo

226 4999 453 5073 incipias
479 5012 725 5059 catenam
752 5004 910 5074 hujus
935 5006 1210 5062 diabolica:
1237 5010 1590 5080 suggestionis
1616 5019 1671 5065 et
1704 5011 1805 5065 im-

224 5091 325 5161 piae
347 5094 718 5149 consensionis
741 5095 1094 5166 disrumpere,
1117 5105 1174 5153 et
1199 5100 1384 5169 procul
1410 5116 1442 5154 a
1466 5109 1520 5155 te
1550 5101 1802 5172 abjicere,

227 5192 494 5252 quatenus
520 5200 686 5256 puras
713 5194 766 5240 et
791 5185 988 5242 liberas
1015 5204 1207 5245 manus
1233 5191 1301 5246 ad
1325 5192 1609 5247 Dominum
1636 5193 1805 5248 Deum

229 5281 380 5330 tuum
423 5276 606 5334 levare
643 5279 827 5335 valeas
865 5279 921 5352 (I
951 5279 1086 5335 Tim.
1129 5298 1193 5349 ιι,
1235 5285 1313 5355 8),
1355 5286 1446 5354 qui
1487 5295 1684 5356 praesto
1726 5295 1810 5343 est

302 5402 340 5464 ξ
368 5391 522 5464 Apud
565 5392 762 5447 Mabill.
806 5394 961 5464 epist.
995 5393 1047 5449 9.
1068 5394 1270 5464 collata
1309 5413 1431 5452 cum
1471 5399 1610 5456 binis
1647 5402 1803 5457 codd.

233 5458 529 5546 Salisburg.
548 5464 670 5546 eus.
693 5458 1038 5546 Emrn'erami.
1054 5463 1226 5588 §Apud
1241 5466 1470 5550 Froben.
1486 5470 1644 5539 epist.
1661 5471 1807 5547 157.)

303 5531 333 5571 δ
374 5532 719 5588 Dilectissimo
758 5534 888 5588 ﬁlio.
921 5532 1047 5588 Osul
1074 5551 1106 5588 ο
1146 5535 1410 5588 fortassrs.
1445 5555 1602 5588 niuem
1634 5541 1807 5588 Alani-

303 5531 333 5571 δ
374 5531 719 5609 numnum
756 5534 888 5609 ﬁlio.
921 5531 1410 5609 OsulfoTortassis,
1445 5531 1603 5609 quem
1630 5531 1812 5598 Alcuii

234 5616 340 5658 nus
358 5603 426 5680 ob
449 5619 660 5659 morum
695 5605 1016 5680 pravitatem
1057 5607 1250 5677 sapius
1275 5603 1552 5680 corripuit,
1584 5620 1639 5667 et
1670 5621 1727 5667 ut
1753 5629 1811 5670 se

236 5674 547 5745 φήςει-ει,
578 5674 816 5740 monuit;
847 5683 1008 5745 prout
1047 5674 1302 5732 narratur
1332 5681 1383 5733 in
1414 5674 1546 5734 Vita
1577 5681 1805 5739 Alcuini.

236 5739 728 5825 Illum'Britannum
745 5739 908 5825 fuisse
929 5755 1145 5825 constat
1161 5765 1228 5825 ex
1249 5751 1368 5804 cod.
1389 5748 1612 5825 Salisb.,_
1633 5755 1685 5809 in
1704 5771 1811 5825 quo

231 5815 408 5886 regio,
439 5817 590 5887 cujus
616 5816 824 5873 initium
852 5817 1010 5889 hujus
1035 5819 1274 5890 epistola:
1306 5823 1567 5888 meminit,
1593 5815 1810 5880 Britan-

1972 1895 1999 1937 ἀ
2038 1897 2173 1954 Filio
2193 1901 2414 1972 prodigo
2442 1900 2604 1957 Pater
2632 1901 2817 1974 lugens
2846 1904 3094 1961 salutem.

1977 1989 2106 2056 Quis
2129 1991 2273 2045 dabit
2295 1993 2452 2063 capiti
2478 2010 2591 2049 meo
2617 2011 2806 2065 aquam
2831 2005 2882 2051 et
2906 1997 3099 2066 fontem
3131 1997 3487 2070 lacrymarum

1902 2083 2068 2138 oculis
2095 2084 2221 2139 meis
2245 2085 2379 2156 (Jer.
2405 2101 2482 2151 ιι,
2512 2087 2585 2158 l),
2609 2095 2669 2142 ut
2692 2087 2962 2160 plangam,
2986 2107 3092 2146 non
3113 2092 3486 2164 imaginariam

1901 2175 2176 2230 civitatem
2202 2174 2454 2231 Chaldaea
2494 2179 2792 2248 perituram
2835 2178 3074 2248 ﬂamma,
3105 2183 3199 2238 sed
3227 2185 3485 2251 animam,

1903 2266 2193 2337 imaginem
2219 2266 2418 2324 Christi
2446 2269 2700 2341 inclytam
2719 2311 2734 2336 ,
2763 2280 2817 2326 et
2837 2272 3046 2329 inﬁnita
3075 2289 3486 2344 permansuram

1901 2362 2236 2417 aeternitate?
2263 2363 2405 2418 Heu!
2438 2365 2574 2419 heu!
2606 2365 2787 2421 infelix
2817 2368 3030 2422 animal
3063 2385 3130 2424 ex
3159 2371 3333 2440 pretio
3360 2387 3487 2426 san-

1903 2453 2077 2523 guinis
2125 2453 2325 2509 Christi
2373 2455 2566 2511 nobilis
2592 2497 2608 2522 ,
2659 2457 2754 2512 sed
2805 2473 2872 2513 ex
2919 2459 3123 2529 peccati
3172 2460 3491 2531 contagione

1903 2543 2153 2614 ignobilis
2191 2562 2203 2598 :
2248 2561 2419 2616 quare
2466 2545 2788 2618 dereliquisti
2835 2548 3026 2618 fontem
3068 2551 3184 2605 uitta
3222 2560 3270 2605 et
3309 2551 3492 2620 [odisti

1901 2633 1995 2687 tibi
2022 2635 2272 2690 cisternas
2297 2635 2576 2707 dissipatas
2600 2636 2815 2704 (Jerem.
2847 2655 2921 2707 tt,
2954 2639 3080 2711 i5)?
3106 2640 3402 2708 Cisternas,
3434 2641 3491 2697 in

1901 2725 2096 2794 quibus
2119 2741 2227 2782 non
2255 2734 2338 2783 est
2363 2743 2504 2798 aqua
2544 2728 2756 2794 salutis,
2787 2729 2881 2785 sed
2919 2729 3261 2785 volutabrum
3297 2745 3490 2800 porco-

1902 2831 2024 2870 rum
2047 2816 2242 2888 [Edit.,
2265 2819 2566 2892 pecorum].
2591 2820 2770 2887 Quare
2796 2821 3044 2877 dimisisti
3067 2831 3300 2892 patrem,
3322 2824 3414 2893 qui
3437 2830 3490 2878 te

1903 2905 1982 2960 ab'
1998 2905 2226 2962 infantia
2252 2909 2505 2975 erudivit,
2529 2910 2621 2980 qui
2650 2919 2701 2965 te
2728 2910 3023 2982 disciplinis
3048 2911 3361 2966 liberalibus
3388 2912 3491 2966 im-

1901 2996 2018 3053 buit
2041 3039 2057 3066 ,
2101 3000 2340 3055 moribus
2385 3001 2676 3068 instruxit,
2724 3011 2995 3073 perpetua:
3040 3003 3164 3058 vita:
3208 3002 3491 3074 praeceptis

1900 3089 2149 3154 munivit,
2177 3097 2234 3144 et
2263 3089 2490 3158 junxisti
2531 3098 2584 3146 te
2614 3098 2916 3146 scortorum
2960 3091 3230 3164 gregibus,
3273 3099 3489 3162 potato-

1902 3195 2022 3234 rum
2061 3181 2341 3247 conviviis,
2370 3182 2795 3253 superbientium
2818 3183 3182 3237 vanitatibus?
3215 3181 3403 3237 Nonne
3433 3189 3490 3236 tu

1900 3288 1961 3329 es
2001 3273 2427 3330 adolescentulus
2468 3274 2577 3342 ille,
2618 3276 2860 3331 omnium
2896 3290 2990 3330 ore
3029 3274 3332 3340 laudabilis,
3369 3289 3488 3330 om-

1900 3366 2050 3421 nium
2076 3363 2246 3421 oculis
2273 3365 2541 3431 amabilis,
2569 3365 2812 3422 omnium
2838 3366 3058 3421 auribus
3087 3365 3492 3421 desiderabilis?

1901 3456 2044 3514 Heu!
2092 3458 2228 3512 heu!
2279 3473 2422 3513 nunc
2447 3459 2688 3513 omnium
2730 3471 2827 3517 ore
2868 3446 3325 3528 reprehensibilis,
3370 3472 3490 3512 om-

1900 3551 2050 3605 nium
2070 3551 2238 3607 oculis
2253 3552 2625 3618 exsecrabilis,
2643 3552 2880 3606 omnium
2905 3551 3126 3606 auribus
3137 3551 3487 3607 detestabilis.

1901 3641 2033 3710 Quis
2059 3651 2110 3700 te
2133 3644 2211 3700 sic
2236 3644 2515 3710 subvertit,
2539 3643 2642 3699 nisi
2665 3643 2900 3699 ebrietas
2918 3650 2974 3698 et
2997 3641 3240 3697 luxuria?
3264 3639 3394 3708 Quis
3416 3649 3490 3707 te,

1902 3732 2136 3790 formose
2160 3750 2314 3806 puer,
2339 3733 2479 3790 filius
2505 3734 2780 3799 Ecclesiae,
2808 3731 3116 3789 venerabile
3142 3731 3344 3797 lumen,
3369 3747 3493 3802 per-

1903 3831 2074 3884 suasit
2092 3843 2286 3899 porcos
2304 3843 2550 3897 pascere,
2565 3827 2632 3883 de
2653 3827 2863 3898 siliquis
2881 3841 3070 3882 eorum
3087 3825 3279 3880 edere?
3299 3824 3491 3896 Surge,

1903 3919 1977 3976 ﬁli
1997 3961 2012 3987 ,
2043 3935 2205 3991 surge
2231 3928 2288 3975 et
2321 3927 2596 3974 revertere
2626 3917 2695 3972 ad
2729 3925 2942 3988 patrem
2971 3925 3152 3981 tuum,
3191 3923 3247 3970 et
3274 3914 3364 3970 dic
3388 3929 3490 3974 ste-

1900 4011 2046 4080 pius,
2070 4025 2176 4064 non
2203 4009 2370 4064 semel
2395 4026 2408 4062 :
2433 4007 2596 4061 Pater
2617 4007 2822 4077 peccavi
2851 4007 2907 4059 in
2934 4004 3117 4060 castum
3145 4013 3194 4058 et
3219 4019 3396 4057 coram
3417 4011 3490 4068 te,

1903 4111 1950 4156 et
1971 4101 2085 4155 ideo
2109 4116 2213 4154 non
2233 4116 2348 4154 sum
2372 4099 2562 4169 dignus
2583 4097 2758 4152 vocari
2778 4095 2922 4164 ﬁlius
2945 4104 3065 4148 tuus
3089 4093 3239 4166 (Luc.
3261 4109 3354 4158 xv,
3375 4092 3488 4164 21).

1901 4192 2087 4247 Adhuc
2113 4191 2374 4245 modicum
2420 4190 2584 4259 219
2627 4187 2803 4242 lumen
2839 4196 2915 4242 est
2954 4187 3009 4241 in
3051 4197 3122 4252 te,
3151 4201 3320 4251 curre,
3365 4185 3491 4240 dum

1902 4278 2071 4336 lucem
2107 4279 2282 4343 habes,
2328 4296 2390 4334 ne
2414 4279 2568 4333 modo
2610 4286 2818 4333 (sternte
2857 4277 3164 4349 perditionis
3193 4276 3416 4332 tenebrat
3439 4286 3490 4332 te

1904 4371 2290 4444 apprehendant
2334 4370 2515 4442 (Joan.
2555 4386 2653 4435 xu,
2691 4368 2803 4441 35).
2854 4367 3026 4424 Crede
3071 4368 3125 4422 in
3172 4376 3489 4438 perpetuam

1903 4463 2268 4520 miserationis
2298 4463 2497 4529 lucem,
2527 4472 2588 4518 ut
2615 4462 2757 4518 illius
2784 4462 2918 4518 lucis
2947 4461 3065 4517 ﬁas.
3094 4461 3222 4516 Pius
3259 4470 3344 4517 est
3382 4461 3490 4516 Pa-

1905 4565 2008 4621 ter,
2035 4556 2217 4611 statim
2245 4563 2495 4610 occurret
2522 4555 2807 4610 revertenti
2855 4554 2972 4620 tibi,
3019 4561 3074 4609 et
3118 4555 3170 4609 in
3214 4553 3491 4624 amplexus

1904 4658 2026 4704 tuos
2050 4656 2190 4704 ruet.
2224 4647 2427 4703 Stolam
2456 4647 2689 4718 primam
2728 4647 2824 4702 tibi
2844 4645 3039 4702 afferre
3054 4645 3283 4715 jubebit,
3314 4655 3370 4703 et
3389 4662 3491 4702 an-

1903 4740 2030 4795 nulo
2076 4740 2325 4812 imaginis
2367 4754 2477 4795 suae
2516 4740 2794 4794 dexteram
2837 4739 3113 4794 decorabit
3158 4748 3322 4794 tuam.
3372 4739 3492 4796 Noli

1905 4835 2104 4889 diutius
2131 4850 2228 4905 per
2255 4850 2445 4904 vepres
2483 4835 2736 4891 vitiorum
2773 4835 2922 4891 velut
2947 4837 3064 4892 ovis
3090 4838 3301 4908 perdita
3328 4838 3484 4893 ober-

1906 4941 2051 4993 rare,
2078 4927 2170 4982 sed
2194 4935 2470 4982 revertere
2491 4927 2560 4982 ad
2579 4941 2702 4982 eum
2724 4928 2816 4999 qui
2839 4929 3128 5000 nonaginta
3147 4947 3338 4986 novem
3363 4945 3492 4986 oves

1906 5019 1960 5073 in
1989 5018 2196 5074 caelesti
2227 5018 2509 5073 altitudine
2537 5019 2772 5085 dimisit,
2800 5027 2862 5074 ut
2887 5036 3073 5087 unam,
3103 5037 3222 5091 quae
3246 5022 3299 5076 in
3330 5021 3491 5077 terris

1906 5109 2130 5175 erravit,
2173 5110 2460 5175 inveniret,
2493 5119 2815 5181 reportaret,
2845 5120 2900 5168 et
2926 5112 3211 5168 collocaret
3238 5127 3359 5167 cum
3388 5127 3492 5169 ca.5

1908 5201 2039 5255 teris
2063 5199 2128 5253 ad
2151 5200 2404 5270 gaudium
2436 5201 2748 5272 angelorum
2771 5204 2825 5258 in
2847 5203 3049 5259 caelesti
3076 5203 3251 5272 patria
3273 5201 3486 5274 (Matth.

1907 5306 2065 5355 xvur,
2097 5289 2194 5356 l2;
2221 5289 2350 5345 Luc.
2380 5307 2472 5358 xv,
2493 5290 2550 5357 4,
2572 5292 2647 5364 7).
2678 5291 2934 5365 Cogitans
2963 5293 3161 5363 c0gita,
3189 5300 3392 5362 quanta
3422 5293 3493 5349 sit

1908 5405 1998 5477 nia
2028 5412 2271 5477 vocatur.
2301 5404 2385 5459 Ad
2426 5406 2673 5461 eumdem
2713 5416 2863 5477 puto,
2894 5407 3166 5477 pertinent
3206 5414 3490 5477 sequentes

1909 5475 2028 5530 dum
2053 5474 2312 5543 epistolae,
2345 5483 2401 5530 et
2425 5491 2642 5531 carmen
2672 5474 2750 5532 De
2777 5474 2994 5532 Cuculo.

1982 5554 2005 5584 ο
2046 5545 2296 5612 Quercet.
2340 5547 2469 5611 103;
2521 5547 2714 5602 collata
2756 5563 2878 5603 cum
2925 5548 3079 5603 codd.
3131 5564 3260 5604 mss.
3321 5547 3491 5606 Salis-

1909 5615 2164 5691 burgensi
2208 5626 2263 5671 et
2320 5617 2378 5671 S.
2447 5617 2794 5672 Emmerami.
2857 5617 3033 5690 (Apud
3071 5618 3302 5676 Froben.
3327 5620 3490 5691 epist.

1912 5685 2191 5829 .E‘ilio
2221 5759 2456 5829 prodigo.
2481 5758 2595 5814 Hoc
2606 5756 2834 5829 nomine
2852 5757 3096 5829 Osull‘um
3124 5761 3299 5818 notari
3324 5759 3491 5820 etiam

1913 5824 2230 5884 Mabillonio
2251 5824 2484 5885 videtur.
2519 5826 2642 5884 Vid.
2667 5828 2826 5900 epist.
2859 5828 3118 5901 priorem.
