4062 6436
566 370 674 446 tas
1422 382 1484 439 Β.
1523 380 1587 439 ιτ.
1626 377 1853 437 ALBINI
1878 370 2012 436 seu
2037 330 2147 434 Abt

2247 370 2317 432 Ni
2354 371 2642 432 OPERUM
2678 370 2860 431 PARS
2895 362 2939 429 Ι.
3731 371 3833 431 εει

562 506 753 567 lictitia
791 504 1103 579 angelorum
1126 518 1288 577 super
1318 516 1485 557 unum
1508 506 1850 572 peccatorem
1889 498 2154 569 pmniten—
2176 488 2232 559 Ᾱ
2253 500 2308 548 et
2334 500 2488 562 pater
2516 506 2532 546 :
2559 490 2655 546 ﬁat
2681 487 2835 569 vobis
2877 503 3023 547 nunc
3061 502 3278 562 quoque
3300 505 3411 547 una
3435 492 3753 563 concordia,
3777 505 3832 554 et

566 602 696 657 tiam
725 607 995 673 agentem,
1033 606 1086 655 et
1126 612 1288 667 quam
1328 596 1448 666 pius
1491 601 1547 648 et
1583 592 1893 648 misericors
1931 590 2001 645 sit
2040 589 2145 653 ille,
2244 600 2416 647 unum
2434 583 2623 641 salutis
2655 590 2758 639 tua:
2780 581 3088 649 consilium,
3116 592 3291 639 etuna
3316 584 3702 644 ecclesiastica:
3725 589 3837 660 pie-

564 694 657 766 qui
684 693 761 748 ait
783 709 796 746 :
827 690 965 746 Nolo
992 698 1207 744 mortem
1224 685 1530 759 peccatoris,
1557 684 1647 739 sed
1668 692 1725 738 ut
1745 689 2076 737 convertatur
2101 683 2151 733 et
2252 676 2379 732 tatis
2392 675 2667 766 habitatio.
2685 674 2969 730 Scioillum
2982 675 3088 730 tuis
3098 675 3323 731 multum
3338 677 3836 749 gaudereprofccti-

565 785 721 841 vivat.
742 783 811 839 Et
837 782 1032 838 iterum
1055 795 1151 851 per
1171 779 1490 851 prophetam
1513 776 1689 848 inquit
1713 794 1725 829 :
1758 773 1827 831 In
1845 787 2151 847 quacunque
2251 767 2369 821 bus.
2402 765 2518 821 Noli
2542 781 2730 836 preces
2754 773 3008 837 paternas
3033 776 3399 836 contemnere,
3429 770 3539 827 noli
3564 771 3836 843 lacrymas

563 875 651 931 άεο
678 891 952 931 conversus
982 872 1141 943 fuerit
1167 878 1428 941 peccator,
1457 869 1563 925 υίεα
1588 868 1713 925 vim
1747 875 1796 923 es
1832 883 1938 922 ηυη
1961 858 2155 925 marica
2248 857 2545 928 magisterii
2569 857 2675 913 mei
2696 858 2985 929 negligere.
3014 857 3308 916 Consolare
3328 877 3415 918 me
3436 863 3502 918 de
3523 871 3616 919 tua
3638 864 3833 931 salute,

565 976 651 1024 tur
677 966 893 1040 (Ezech.
920 980 1116 1029 xxxiii,
1146 962 1233 1029 ll,
1263 962 1374 1033 l2).
2250 964 2319 1004 ne
2357 951 2601 1006 diabolus
2641 950 2901 1025 glorietur
2936 959 3125 1008 contra
3150 968 3241 1009 me
3295 952 3350 1009 in
3393 955 3703 1031 perditione
3725 965 3833 1012 tua.

568 1038 569 1041 Ἴ
634 1038 755 1116 Noli
782 1059 880 1125 ﬁli,
910 1057 1022 1113 noli
1047 1064 1332 1112 vocantem
1358 1068 1636 1126 spernere,
1662 1069 1764 1111 nec
1792 1053 2147 1108 miserantem

565 1152 720 1226 [ϐοά.
747 1149 862 1207 Sal.
912 1158 960 1203 et
1012 1148 1073 1204 S.
1113 1148 1456 1213 Emmerami,
1490 1145 1821 1218 miserantis]
1877 1146 2148 1215 negligere

562 1244 839 1316 pietatem.
876 1240 1188 1297 Recordare
1212 1249 1540 1297 internorum
1561 1239 1806 1296 ﬂammas
1847 1245 2146 1294 tormento-

565 1351 708 1402 rum,
760 1336 1374 1398 vermium,venenatos
1401 1334 1608 1396 dentes,
1650 1333 1865 1403 frigoris
1914 1332 2146 1389 immen~

2249 1041 2363 1112 Ego
2399 1048 2448 1097 te
2487 1042 2656 1097 ﬁlium
2708 1042 3085 1099 cbarissimum
3135 1044 3358 1111 nutrivi,
3411 1045 3543 1113 alui,
3604 1048 3836 1103 erudivi.

2249 1131 2367 1188 Non
2392 1133 2467 1189 sis
2496 1134 2630 1190 mihi
2656 1133 2709 1189 in
2730 1134 3104 1192 confusionem
3131 1144 3187 1190 et
3214 1138 3531 1209 tibimetipsi
3552 1141 3610 1195 in
3638 1148 3836 1197 contu-

2248 1226 2485 1293 meliam,
2508 1235 2566 1282 et
2610 1226 2899 1283 coaetaneis
2920 1228 3026 1283 tuis
3051 1228 3109 1284 in
3142 1231 3529 1301 opprobrium:
3554 1231 3642 1289 fac
3667 1233 3840 1288 virili—

2248 1325 2405 1373 teret
2429 1316 2736 1375 confortare
2771 1319 2828 1374 in
2858 1319 3107 1388 Domino,
3135 1330 3191 1377 et
3224 1322 3380 1379 vince
3418 1339 3607 1381 omnes
3638 1326 3840 1383 adver-

563 1426 801 1491 sitatem,
850 1425 1222 1495 plangentium
1271 1423 1469 1489 luctus,
1522 1423 1919 1479 immitissimas
1970 1430 2144 1477 torto-

2247 1410 2421 1466 sarios
2471 1419 2591 1466 tuos
2644 1425 2743 1481 per
2779 1424 2903 1467 eum
2949 1410 3043 1482 qui
3092 1412 3169 1467 ait
3210 1429 3224 1467 :
3275 1412 3557 1485 Con/idae,
3616 1433 3713 1488 ego
3741 1418 3841 1473 vici

561 1532 683 1572 rum
712 1516 879 1571 facies
906 1515 1058 1588 [Cod.
1090 1514 1207 1571 Sal.
1233 1525 1281 1570 et
1298 1515 1356 1571 S.
1388 1514 1728 1583 Emmerami,
1752 1523 2143 1571 tormentorum
2245 1503 2498 1559 mundum
2525 1503 2709 1574 (Ιοαηο
2752 1519 2865 1572 Χνι,
2898 1504 3020 1578 55);
3050 1512 3111 1561 ιιι
3137 1507 3394 1577 gaudium
3418 1523 3597 1564 meum
3618 1509 3841 1580 plenum

562 1608 755 1682 faces],
811 1608 1021 1664 inﬁnita
1051 1609 1285 1666 miseria:
1311 1610 1505 1679 spatia.
1529 1608 1826 1665 Considera
1860 1610 1991 1666 item
2018 1610 2145 1666 bea-
2242 1596 2317 1655 είι
2364 1597 2419 1651 in
2450 1604 2524 1663 ιε,
2571 1607 2627 1652 ει
2650 1597 2906 1668 είὶυόίιιω
2942 1608 3095 1656 tuum
3130 1614 3294 1658 nemo
3321 1602 3476 1661 tollat
3502 1618 3536 1659 a
3563 1612 3639 1660 te.
3667 1604 3839 1662 Filius

562 1701 809 1759 tissimus
837 1701 1153 1772 angelorum
1193 1701 1467 1765 cohortes,
1506 1700 1770 1770 gloriosas
1828 1709 2141 1757 sanctorum

2247 1691 2458 1760 sapiens
2494 1691 2667 1761 gloria
2691 1700 2776 1748 est
2823 1692 3015 1763 patris.
3068 1692 3186 1751 Non
3219 1702 3426 1753 tantum
3463 1697 3620 1764 mihi,
3667 1698 3766 1769 qui
3792 1708 3843 1753 te

562 1803 790 1860 turmas,
819 1803 875 1849 et
902 1794 1071 1864 ipsius
1100 1794 1485 1863 omnipotentis
1530 1794 1626 1849 Dei
1647 1792 1970 1849 ineﬁ‘ahilem
2007 1793 2137 1848 bea-

2247 1784 2425 1854 genui,
2480 1785 2736 1855 gaudium
2796 1785 2964 1845 facies
3012 1786 3304 1854 ineffabile,
3354 1791 3451 1846 sed
3491 1790 3658 1847 etiam
3678 1792 3840 1859 juxta

562 1895 671 1943 tam
712 1888 997 1953 visionem,
1027 1901 1135 1955 qua
1163 1887 1338 1943 sancti
1377 1885 1595 1942 fruituri
1626 1894 1751 1941 sunt
1783 1887 1838 1941 in
1860 1893 2141 1942 aeternum.
2177 1878 2222 1938 Β
2250 1875 2415 1944 220
2442 1876 2809 1947 evangelicam
2835 1874 3171 1949 parabam.
3209 1896 3374 1951 quam
3420 1882 3583 1954 paulo
3626 1895 3763 1939 ante
3790 1883 3842 1938 in

561 1976 754 2037 Adhuc
781 1978 985 2051 poteris
1028 1977 1120 2033 illa
1160 1976 1402 2035 devitarc
1432 1978 1550 2043 tibi,
1590 1985 1646 2034 et
1674 1979 1775 2034 ista
1805 1979 2023 2049 eligere.
2065 1980 2149 2034 Ad

562 2070 715 2129 illum
752 2071 912 2128 ﬁnem
943 2071 1230 2139 impiorum
1252 2070 1466 2126 luxuria
1495 2081 1550 2124 et
1586 2070 2150 2153 iniquitasvperveniet

564 2166 657 2216 tua
690 2177 702 2215 :
754 2159 821 2215 ad
874 2161 1034 2215 istam
1067 2160 1249 2229 itaque
1270 2168 1585 2219 sanctorum
1619 2161 1849 2232 gloriam
1881 2168 1937 2216 et
1964 2161 2150 2217 lauda-

560 2252 735 2317 bilem
758 2251 1146 2307 beatitudinem
1172 2251 1456 2308 conversio
1496 2251 1651 2324 [ϐοά.
1699 2252 1816 2308 Sal.
1843 2262 1891 2308 et
1929 2251 1991 2309 S.
2020 2252 2151 2308 Em-

562 2344 804 2409 merami,
830 2342 1194 2415 conversatio]
1245 2351 1336 2399 tua
1355 2351 1410 2400 et
1427 2344 1746 2413 ptenitentia
1772 2345 1990 2413 poterit,
2039 2345 2149 2402 Deo

560 2437 877 2504 miserante,
933 2438 1237 2507 pervenire."
1290 2436 1501 2495 Sutiicit
1531 2438 1627 2494 tibi
1651 2438 1986 2509 praeteritum
2015 2447 2151 2496 tem-

558 2544 664 2601 pus
690 2529 745 2605 in
772 2529 1000 2595 luxuriis
1025 2539 1082 2588 et
1105 2530 1315 2591 deliciis
1334 2531 1689 2589 transactum.
1747 2530 2028 2602 Resipisce
2045 2533 2147 2589 ali-

563 2620 780 2691 quando
824 2622 893 2679 ab
922 2621 1026 2685 hac
1049 2622 1352 2693 perditione
1392 2631 1506 2691 tua,
1535 2631 1592 2679 et
1616 2623 1899 2680 diabolica:
1952 2640 2149 2697 sugge-

560 2713 726 2770 stioui
759 2713 872 2770 noli
906 2713 1110 2771 diutius
1147 2715 1549 2785 obtemperare.
1570 2713 1679 2771 Sed
1707 2714 1968 2771 conﬁtere
2020 2731 2150 2786 pec-

569 2813 691 2865 cata
717 2814 827 2871 tua,
857 2815 912 2862 et
938 2807 994 2862 in
1019 2823 1114 2877 spe
1134 2808 1303 2864 venite
1327 2808 1701 2878 pmnitentiam
1726 2823 1844 2879 age.
1875 2807 2006 2875 Quis
2029 2811 2147 2875 scit,

566 2894 614 2948 si
640 2905 972 2953 convertatur
991 2906 1041 2952 et
1071 2899 1306 2967 ignoscat
1352 2898 1495 2954 Deus
1518 2899 1678 2971 (Joel.
1723 2917 1787 2966 ιι,
1817 2899 1945 2973 is)?
1970 2900 2151 2958 Multae

568 2993 697 3042 sunt
745 2986 893 3043 enim
955 2986 1335 3045 miserationes
1401 2988 1566 3057 illius,
1620 2998 1676 3047 et
1722 2991 1934 3047 inﬁnita
1976 2993 2151 3062 pietas

564 3091 732 3146 super
758 3092 854 3133 eos
893 3078 987 3148 qui
1030 3086 1249 3150 peccata
1274 3094 1371 3135 sua
1393 3080 1650 3152 plangere
1678 3091 1891 3151 curant,
1921 3098 2031 3139 non
2054 3084 2151 3139 ad-

565 3166 726 3235 dere;
751 3165 987 3237 ahjicere
1016 3168 1219 3228 fascem
1241 3170 1563 3241 iniquitatis,
1592 3188 1703 3230 non
1730 3187 1931 3245 augere
1958 3175 2146 3231 crimio

564 3274 760 3317 nosum
777 3274 935 3319 onus.

636 3349 904 3408 Memento
948 3353 1214 3410 latronem
1240 3355 1299 3411 in
1328 3371 1491 3413 cruce
1514 3359 1860 3429 pendentem,
1910 3367 1967 3416 et
1990 3359 2145 3417 Nini.

564 3441 704 3498 vitas
757 3442 814 3499 in
840 3443 1023 3499 cinere
1074 3446 1346 3514 sedentes,
1397 3457 1453 3504 et
1478 3449 1703 3521 impium
1742 3451 2025 3509 Manassen
2052 3469 2142 3510 re-

568 3548 693 3605 gem
744 3534 813 3593 de
859 3535 1157 3608 Babylonia
1204 3549 1564 3598 revertentem
1611 3546 1945 3616 captivitate.
1988 3548 2145 3605 Sicut

566 3626 674 3684 illis
693 3628 867 3697 pietas
893 3628 1075 3684 divina
1110 3639 1235 3701 post
1279 3635 1655 3703 penitentiam
1709 3639 1963 3694 miserata
2018 3640 2140 3709 fuit,

558 3718 642 3774 ita
663 3727 720 3774 et
752 3720 848 3775 tibi
873 3719 980 3775 erit
1002 3722 1324 3790 certissime,
1374 3726 1421 3781 si
1442 3726 1498 3781 in
1526 3727 1679 3783 illum
1706 3736 1821 3787 tota
1847 3732 2146 3791 intentione

559 3810 768 3881 cordis,
792 3818 849 3868 et
875 3814 1227 3871 conveniens
1255 3816 1400 3883 vitas,
1428 3828 1485 3875 et
1509 3822 1846 3891 ptenitentiaa
1887 3825 2147 3898 lacrymis

566 3910 836 3959 revertere
860 3904 962 3961 vis.
1018 3907 1154 3965 Vide
1191 3910 1618 3983 condiscipulum
1644 3928 1817 3983 tuum,
1872 3919 1967 3987 qui
1995 3919 2145 3974 omni

560 3993 846 4051 devotione
869 3997 1050 4054 cordis
1076 4000 1188 4055 Deo
1225 4005 1712 4074 semper‘adhatsit,
1747 4015 1806 4062 et
1847 4010 2009 4065 modo
2027 4010 2144 4081 epi-

564 4100 788 4162 scopatu
816 4094 1069 4163 praesidet
1094 4095 1433 4154 nobilissimo
1462 4111 1511 4165 α,
1565 4101 1818 4157 omnibus
1870 4096 2141 4171 amabilis,

569 4182 857 4243 laudabilis
881 4196 937 4244 et
969 4186 1365 4247 desiderabilis.
1386 4188 1469 4247 Tu
1497 4206 1647 4260 vero,
1704 4195 2029 4263 miserrime,
2060 4211 2146 4252 er-

566 4277 840 4333 rabundus
864 4293 962 4349 per
987 4282 1243 4337 vitiorum
1265 4280 1486 4351 fruteta,
1538 4287 1741 4342 nemini
1788 4288 2141 4355 honorabilis,

565 4368 663 4423 sed
689 4369 941 4425 omnibus
970 4358 1428 4441 reprehensihilis.
1463 4376 1729 4434 Memento
1769 4390 1974 4450 quanto
1996 4381 2148 4439 fuisti

566 4456 1022 4527 clariorindonis,
1040 4463 1230 4517 melior
1242 4464 1296 4519 in
1310 4465 1629 4533 eruditione,
1655 4472 1864 4526 acutior
1882 4473 1935 4527 in
1959 4488 2143 4541 sensu,

565 4556 621 4603 et
649 4550 795 4604 omni
824 4551 1214 4608 ecclesiastica
1264 4555 1511 4611 doctrina
1566 4560 1981 4628 princellentior.
2040 4563 2147 4619 Sed

568 4657 710 4698 nunc
736 4644 889 4712 quasi
945 4646 1217 4716 tugurium
1259 4646 1314 4701 in
1344 4648 1500 4704 vinea
1531 4650 1869 4719 derelictum,
1892 4655 2143 4725 vulpibus

565 4744 623 4790 et
647 4733 776 4791 feris
804 4736 1083 4804 habitatio,
1120 4740 1211 4810 qui
1236 4740 1525 4810 depascere
1551 4743 1725 4798 solent
1751 4746 1962 4800 vineam
1982 4746 2144 4802 Chri-

571 4826 662 4883 sti.
708 4826 804 4881 llle
826 4842 955 4883 vero
978 4838 1101 4885 tuus
1149 4833 1420 4901 quondam
1472 4848 1697 4908 compar
1731 4845 1787 4892 et
1824 4840 2145 4898 eruditionis

568 4919 857 4989 particeps,
895 4920 1152 4991 templum
1181 4923 1274 4977 Dei
1302 4924 1430 4989 vivi,
1477 4938 1533 4981 et
1557 4929 1733 4983 sancti
1776 4929 2013 4999 Spiritus
2049 4932 2145 4986 ha-

567 5009 777 5077 bitatio,
806 5010 917 5066 Deo
941 5012 1172 5068 dilectus
1191 5024 1247 5068 et
1278 5015 1623 5085 hominibus,
1681 5029 1912 5078 aeternas
1957 5023 2060 5078 sibi
2088 5024 2144 5078 in

558 5102 709 5160 cmlo
738 5105 976 5173 quotidie
993 5116 1262 5177 praeparat
1294 5111 1623 5179 mansiones,
1669 5114 1794 5169 dum
1820 5123 1877 5170 tu
1900 5123 2144 5173 terrenas

563 5198 808 5267 sequeris
834 5198 1106 5255 foeditates
1133 5210 1189 5255 et
1211 5201 1434 5274 lugubre
1457 5208 1775 5275 perditionis
1811 5211 1915 5267 iter
1941 5226 2040 5282 per
2066 5214 2146 5269 vi-

568 5288 766 5344 tiorum
785 5292 1080 5361 praecipitia
1100 5294 1340 5352 ruiturus
1358 5302 1612 5355 recurris.

635 5381 828 5457 Surge,
851 5386 1095 5453 obsecro,
1127 5388 1201 5445 ﬁli
1233 5390 1308 5446 mi
1360 5393 1697 5461 charissime,
1750 5412 1911 5470 surge
1931 5406 1987 5455 et
2008 5401 2145 5455 vade

567 5472 635 5527 ad
663 5474 885 5531 fratrem
918 5477 1091 5551 [tuum
1122 5478 1165 5551 ],
1190 5481 1258 5536 de
1300 5498 1408 5553 quo
1435 5491 1560 5540 ante
1589 5486 1719 5553 dixi,
1752 5490 1878 5560 quia
1903 5507 2002 5549 vos
2036 5510 2144 5550 una

568 5567 750 5638 genuit
769 5569 1032 5638 Ecclesia,
1049 5588 1157 5629 una
1180 5575 1414 5631 erudivit
1436 5576 1739 5649 disciplina,
1766 5599 1903 5639 unus
1922 5584 2146 5644 instruit

638 5739 663 5769 ε
702 5728 759 5813 Si
811 5729 900 5785 hic
931 5730 1099 5813 .filius
1149 5734 1502 5813 prodigus__in
1557 5738 1748 5813 Anglia
1800 5698 2199 5813 quaerendus,“

609 5807 727 5878 ront
756 5816 832 5878 _e_x
861 5802 1083 5878 epistola
1109 5802 1273 5878 p_ri_ori
1305 5802 1570 5874 conjicere.
1602 5802 1746 5878 licet,
1777 5802 1905 5870 tunc
1942 5815 2045 5871 ista
2078 5802 2143 5873 de

615 5868 842 5926 anbaldo
865 5866 1125 5940 episcopo"
1137 5866 1480 5944 Eboracensi,
1503 5880 1593 5947 qui
1618 5866 1909 5951 ancipitia;
1929 5866 2144 5957 quoque

2246 1967 2353 2023 hac
2371 1969 2562 2025 eadem
2584 1970 2812 2040 epistola
2835 1974 3116 2042 proposui,
3154 1977 3406 2032 omnibus
3426 1977 3685 2049 angelicis
3710 1993 3843 2049 gau-

2248 2060 2398 2116 dium
2449 2059 2618 2118 facies
2663 2062 3031 2133 dignitatibus.
3087 2064 3207 2122 Noli
3252 2068 3571 2125 subtrahere
3624 2068 3843 2125 illorum

2249 2151 2450 2208 laetitia:
2473 2162 2527 2209 et
2552 2162 2657 2210 tua:
2704 2154 3044 2212 beatitudini.
3076 2156 3137 2214 Si
3163 2157 3324 2214 modo
3367 2158 3422 2214 in
3452 2159 3710 2230 praesenti
3758 2159 3841 2215 fa-

2251 2248 2364 2305 cias
2392 2249 2514 2306 illos
2531 2250 2703 2306 lietari
2727 2252 2783 2307 in
2820 2259 2912 2307 tua
2942 2253 3280 2321 ptenitentia,
3306 2269 3429 2310 cum
3454 2254 3563 2310 illis
3589 2255 3647 2310 in
3668 2254 3843 2326 gloria

2250 2343 2455 2399 tribuet
2474 2353 2528 2400 te
2558 2344 2701 2399 Deus
2739 2344 2910 2400 laetari
2940 2346 2995 2400 in
3023 2353 3307 2402 aeternum.

2320 2434 2446 2492 Haec
2485 2445 2666 2492 tecum
2716 2447 2934 2495 maneat
2974 2438 3241 2505 chartula,
3267 2446 3323 2494 et
3362 2440 3561 2511 saepius
3604 2438 3840 2512 legatur,

2251 2528 2425 2584 donec
2440 2529 2760 2599 perﬁciatur
2809 2528 2962 2602 [Cod.
3022 2530 3166 2597 Sal.,
3218 2531 3488 2606 perﬁciat]
3515 2533 3665 2604 quod
3690 2542 3843 2603 optat

2248 2622 2343 2692 qui
2371 2622 2592 2678 dictavit
2635 2622 2804 2678 illam.
2845 2622 3021 2680 Credo
3056 2623 3263 2681 faciens
3308 2625 3473 2682 faciet
3524 2626 3673 2682 Deus
3695 2627 3843 2697 quod

2247 2726 2473 2789 paterna
2498 2719 2738 2775 charitas
2777 2720 2970 2789 quierit
2998 2721 3053 2774 in
3090 2720 3222 2775 ﬁlio.
3249 2719 3355 2776 Sed
3391 2729 3450 2775 tu
3482 2720 3598 2775 noli
3617 2721 3843 2776 tardare

2248 2811 2493 2865 converti
2544 2810 2613 2864 ad
2647 2810 2842 2876 Deum,
2870 2811 2997 2881 quia
3043 2813 3317 2867 nescimus
3348 2812 3479 2885 quid
3505 2820 3722 2867 ventura
3745 2826 3845 2884 pa-

2251 2901 2357 2956 riat
2381 2903 2490 2958 dies
2517 2900 2697 2974 (Prov.
2736 2918 2911 2971 xxvn,
2968 2903 3045 2977 1).
3100 2905 3244 2960 Deus
3275 2905 3597 2961 hodiernam
3646 2902 3846 2976 recipit

2251 2997 2552 3054 certissime
2572 2998 2969 3069 paenitentiam,
2999 2998 3092 3053 sed
3115 2997 3514 3070 longzevitatcm
3555 2998 3845 3068 ιιι-εεωὴ

2252 3090 2378 3146 vitae
2419 3106 2526 3146 non
2544 3092 2814 3163 promisit.
2859 3091 2921 3147 In
2941 3091 3106 3148 dubio
3150 3092 3328 3147 ultimi
3355 3090 3462 3148 diei
3500 3104 3604 3148 nos
3640 3092 3842 3148 dereli-

2256 3184 2373 3253 quit
2400 3191 2460 3238 ut
2486 3196 2696 3254 semper
2731 3191 2954 3254 paratos
2981 3183 3249 3241 inveniret
3265 3198 3389 3241 cum
3407 3183 3682 3242 bonum
3706 3184 3845 3240 lam-

2249 3276 2478 3350 padibus
2498 3276 2817 3333 meritorum
2844 3277 3064 3334 obviare
3079 3276 3202 3333 sibi.

2720 3391 2748 3433 δ
2774 3386 3114 3448 EPISTOLA
3151 3380 3372 3448 CCVIII.

2873 3500 2941 3540 AD
2976 3498 3217 3538 EUIDEM.

2247 3577 2499 3652 Deplorat
2526 3576 2770 3650 discipuli
2791 3594 3056 3651 perversos
3078 3592 3269 3652 mores,
3291 3578 3338 3629 et
3356 3560 3604 3652 illum‘aa
3625 3573 3845 3632 meliora

2550 3647 2800 3705 revocare
2818 3656 3039 3702 conatur
3066 3648 3251 3702 timore
3284 3647 3551 3718 gehennar.

2322 3754 2346 3784 ο
2387 3743 2719 3800 Charissimo
2747 3741 2877 3797 tilio.

2320 3836 2491 3907 Quem
2539 3848 2661 3893 sero
2690 3837 2868 3909 genui,
2917 3843 2972 3890 et
3002 3834 3109 3890 cito
3148 3831 3347 3888 dimisi.
3396 3828 3509 3887 Nec
3554 3830 3700 3888 bene
3746 3830 3841 3888 ab-

2248 3929 2481 3986 lactatus
2507 3938 2695 4002 raptus
2723 3937 2806 3986 est
2832 3930 2899 3984 ab
2921 3928 3181 3984 uberibus
3199 3928 3354 3983 meis.
3377 3925 3658 3982 Inimicior
3682 3938 3840 3998 quam

2253 4040 2512 4091 noverca,
2565 4032 2749 4081 tenera
2792 4002 2873 4079 (ἴθ’
2899 4030 3125 4094 paterno
3180 4022 3382 4094 gremio
3433 4038 3532 4094 per
3554 4020 3843 4078 libidinum

2251 4120 2488 4175 vortices
2516 4135 2643 4176 caro
2675 4119 2873 4190 rapuit.
2902 4117 3041 4184 Heu,
3077 4118 3212 4189 proh
3237 4116 3417 4173 dolor!
3467 4117 3600 4187 quid
3625 4116 3839 4181 faciam,

2249 4214 2354 4270 nisi
2396 4215 2649 4286 plangam
2693 4219 3032 4285 pereuntem,
3098 4211 3142 4266 si
3182 4209 3320 4267 forte
3357 4209 3546 4266 calidis
3570 4208 3844 4283 lacryma-

2255 4324 2374 4362 rum
2395 4305 2649 4363 fomentis
2678 4304 2990 4362 resuscitari
3029 4302 3219 4374 possit.
3259 4303 3353 4360 Vae
3379 4302 3552 4368 carni,
3584 4318 3712 4374 quas
3737 4318 3842 4359 non

2254 4400 2407 4453 timet
2435 4399 2754 4470 sulphureos
2808 4398 3047 4468 quinque
3079 4396 3293 4464 urbium
3322 4395 3489 4468 ignes,
3550 4394 3641 4451 vel
3667 4406 3843 4466 pmnat

2253 4486 3013 4548 infernaliumtormentornm
3049 4488 3317 4546 ﬂammas.
3346 4488 3562 4561 Stringe
3583 4488 3841 4560 teipsum,

2170 4583 2500 4667 Dobsecro,
2562 4581 2723 4651 hujus
2755 4582 2965 4638 timoris
3011 4582 3236 4647 catenis,
3268 4589 3322 4636 et
3375 4588 3521 4637 tenta
3566 4579 3842 4652 quomodo

2250 4675 2333 4729 vel
2374 4690 2536 4728 unam
2564 4673 2775 4729 ardoris
2805 4673 3096 4728 scintillam
3145 4669 3373 4728 sufferre
3409 4670 3588 4741 possis
3620 4687 3635 4725 :
3669 4676 3727 4728 et
3753 4687 3845 4727 co—

2251 4766 2362 4837 gita
2388 4764 2516 4834 quid
2571 4764 2659 4827 sit,
2694 4765 2738 4819 si
2767 4771 2936 4818 totum
2975 4778 3171 4833 corpus
3209 4770 3412 4818 aeterno
3456 4762 3738 4818 crucietur
3758 4762 3842 4816 in-

2250 4861 2458 4916 cendio.
2514 4858 2743 4929 Respice
2771 4858 3006 4925 tandem,
3040 4866 3094 4913 et
3136 4856 3247 4914 noli
3307 4857 3614 4913 consentire
3656 4857 3707 4912 ei
3747 4856 3839 4927 qui

2249 4953 2346 5008 tibi
2384 4951 2509 5005 talia
2541 4959 2696 5023 parat
2719 4950 2967 5005 incendia
2994 4964 3009 5004 :
3035 4950 3127 5006 scd
3153 4951 3326 5022 magis
3350 4948 3553 5021 castiga
3578 4950 3837 5020 teipsum,

2248 5051 2304 5100 et
2346 5043 2587 5115 paternis
2619 5042 2902 5114 acquiesce
2947 5042 3409 5097 obsecrationibus
3445 5057 3460 5095 :
3489 5048 3543 5095 et
3578 5040 3675 5095 Dei
3710 5056 3839 5095 ocu-

2247 5135 2317 5191 lis
2367 5140 2415 5191 te
2476 5149 2686 5205 semper
2731 5141 3052 5204 prmscntcm
3095 5150 3213 5190 esse
3257 5123 3546 5205 cognosce,
3592 5142 3651 5187 et
3708 5142 3840 5188 ante

2248 5234 2557 5283 sanctorum
2589 5226 2899 5298 angelorum
2923 5233 3190 5298 aspectus.
3217 5225 3490 5281 Erubesce
3516 5225 3571 5280 in
3605 5239 3840 5295 conpe—

2246 5327 2339 5375 ctu
2378 5318 2591 5374 illorum
2622 5317 2797 5373 facere
2836 5332 2956 5388 quae
2992 5316 3265 5373 horrescis
3316 5318 3370 5373 in
3417 5326 3712 5389 conspectu
3742 5334 3841 5373 cu-

2240 5408 2464 5479 juslibet
2505 5409 2737 5464 hominis
2795 5418 3128 5481 perpetrare.
3199 5408 3325 5466 Scio
3368 5411 3513 5481 quod
3566 5408 3836 5479 judicium

2248 5503 2425 5558 credis
2448 5502 2701 5558 omnibus
2728 5517 2846 5558 esse
2886 5501 3146 5568 futurum,
3179 5512 3234 5558 et
3263 5510 3316 5558 te
3341 5502 3518 5559 credis
3537 5501 3682 5558 inter
3708 5504 3839 5561 illos

2245 5608 2368 5651 esse
2408 5597 2502 5665 qui
2523 5596 2653 5651 talia
2684 5604 2913 5666 egerunt
2962 5597 3141 5667 qualia
3169 5598 3267 5654 tibi
3297 5599 3538 5670 quotidie
3578 5598 3839 5655 diabolus

2245 5750 2459 5807 Alcuini
2490 5750 2610 5817 fuit,
2655 5760 2776 5822 apte
2797 5753 3019 5823 intelligi
3047 5764 3291 5826 possunt.

2320 5822 2347 5862 ι)
2385 5821 2615 5862 nitor-nni
2667 5825 2767 5862 HL
2833 5824 2994 5862 Παιηία
3057 5827 3127 5862 ιιι
3156 5826 3291 5862 Ινηηι

2320 5822 2347 5862 b
2385 5821 2636 5906 Quercet.
2667 5821 2811 5907 {Mt
2833 5821 3014 5880 Canis.
3049 5821 3127 5881 δι
3156 5826 3408 5952 Froben.
3444 5830 3586 5903 159).

2320 5904 2341 5930 ο
2385 5893 2706 5949 Charisstmo
2733 5894 2865 5962 ﬁlio.
2898 5895 3099 5953 Osulfo.
3135 5898 3163 5952 ἃ
3186 5916 3357 5955 Αιιιιι..
