4064 6342
234 340 342 410 Idi

1669 342 2047 405 EPISTOLE.

3384 346 3493 421 tu

236 466 445 526 madet.
498 464 640 522 leue
672 465 792 521 heri
825 463 1003 521 faciti
1048 461 1382 519 voluntatem
1424 462 1612 520 carnis
1666 470 1803 529 tum;
1834 466 1884 531 Α
1910 464 2053 519 ravit
2082 463 2224 521 Deus
2249 462 2524 535 periculis.
2562 462 2717 522 Illum
2762 480 2907 533 ama,
2950 470 3008 522 et
3035 467 3104 527 ad
3129 467 3249 539 ejus
3277 467 3493 529 miseri-

235 558 393 617 hodie
420 558 572 615 vadis
596 558 653 619 in
681 557 988 614 inuuidiam
1018 557 1159 628 ignis
1178 556 1385 613 ειεηιί.

588 702 595 705 -
686 680 713 710 ι
752 666 1087 724 EPISTOLA
1139 666 1314 723 CCIX.

850 758 918 796 AD
958 755 1182 797 AMICUIo

302 831 619 890 Conversion
644 832 714 891 ad
737 830 978 897 meliora,
1010 831 1252 891 hortatur
1275 830 1343 885 ad
1369 829 1738 889 constantiam.

299 925 660 989 Dilectissimo
706 927 882 982 amico
925 925 1092 982 totius
1120 924 1492 996 promeritam
1532 923 1814 995 priesentis

222 1028 284 1078 et
310 1026 530 1076 eterna:
560 1019 908 1076 beatitudinis
933 1028 1245 1090 perpetuam
1278 1017 1528 1075 salutem.

295 1110 486 1182 Magna
522 1110 656 1167 mihi
686 1110 872 1167 laetitia
897 1110 993 1167 'est
1016 1111 1081 1166 de
1126 1110 1267 1166 bona
1311 1108 1587 1166 voluntate
1632 1116 1814 1167 vestra

223 1223 391 1279 quam
414 1207 595 1264 audivi
619 1223 651 1263 a
680 1206 846 1263 fratre
873 1215 1059 1263 nostro
1088 1204 1384 1261 Benedicto
1410 1204 1466 1261 in
1492 1205 1647 1261 vobis
1667 1218 1808 1260 esse.

224 1300 390 1372 Opto,
443 1310 607 1371 atque
652 1302 821 1358 Deum
861 1302 1142 1372 deprecor,
1189 1309 1249 1354 ut
1293 1298 1454 1354 citius
1495 1313 1621 1355 eum
1664 1297 1814 1355 omni

221 1393 602 1451 convenientia
648 1392 980 1464 perﬁciatur.
1024 1392 1299 1463 Scriptum
1357 1398 1441 1448 est
1487 1390 1677 1447 enim:
1731 1389 1815 1447 Ne

221 1484 403 1541 tardes
431 1484 659 1540 converti
700 1485 770 1540 ad
800 1484 1082 1545 Dominum
1130 1484 1322 1551 Deum,
1347 1485 1471 1555 quia
1499 1484 1664 1540 nescis
1687 1483 1814 1555 quid

220 1585 442 1631 uentura
466 1575 642 1642 pariat
684 1572 796 1632 dies
822 1574 1012 1647 (Eccli.
1044 1591 1101 1641 v,
1138 1574 1216 1645 8).
1265 1574 1408 1630 Erue
1434 1583 1486 1631 te
1521 1576 1586 1631 de
1618 1576 1815 1632 harum

216 1682 445 1723 caream
475 1667 897 1729 tribulationum,
942 1681 1067 1739 qum
1094 1666 1149 1722 in
1191 1667 1296 1723 hoc
1340 1667 1542 1724 mundo
1578 1666 1814 1723 ﬁdelium

216 1758 439 1817 animos
487 1765 743 1829 torquere
790 1758 949 1825 solet,
995 1759 1136 1814 sicut
1163 1760 1425 1830 scriptum
1466 1766 1590 1816 est:
1626 1758 1815 1816 Multa:

216 1849 592 1904 tribulatione:
608 1848 911 1920 justornm:
940 1858 1000 1905 ut
1025 1850 1168 1921 quod
1198 1852 1446 1921 sequitur
1467 1852 1565 1908 tibi
1590 1853 1810 1909 evenire
1837 1844 1887 1906 Β

214 1942 528 1998 merearis:
565 1940 673 1998 Sed
707 1942 773 1996 de
793 1943 875 1997 his
905 1942 1145 2001 omnibus
1173 1942 1412 2001 liberabit
1436 1960 1525 2001 eos
1552 1943 1809 2002 Dominus

150 2084 157 2091 .
212 2032 399 2106 (Psal.
431 2049 631 2102 ιιιιιι,
654 2034 769 2106 90).
812 2034 881 2090 Et
914 2049 1046 2092 mve
1071 2036 1501 2107 diligentissime,
1533 2053 1601 2096 ne
1624 2054 1733 2110 qua
1759 2045 1811 2093 te

210 2137 465 2184 aratrum
506 2128 718 2183 Domini
763 2137 1037 2185 tenentem
1082 2128 1348 2199 iniustitia
1377 2139 1525 2187 retro
1569 2137 1805 2188 revocet.

211 2218 395 2276 Nemo
442 2219 598 2276 miles
628 2221 856 2277 sarcinis
900 2222 1093 2281 alienis
1119 2230 1348 2278 onustus
1389 2223 1457 2278 ad
1498 2223 1640 2279 bella
1672 2223 1812 2280 bene

208 2312 486 2382 procedit,
513 2313 619 2369 nisi
665 2313 833 2368 armis
859 2313 1232 2369 tantummodo
1261 2312 1597 2380 victricibus,
1628 2314 1713 2370 vel
1741 2315 1811 2373 ad

206 2403 591 2459 defensionem
612 2404 718 2469 sui,
739 2404 825 2458 vel
849 2404 917 2458 ad
936 2404 1211 2461 lassionem
1241 2405 1560 2463 adversarii.

288 2493 489 2549 Omnia
515 2510 635 2564 quas
658 2495 811 2551 vobis
835 2496 1146 2551 necessaria
1175 2496 1498 2553 videbantur
1525 2498 1657 2554 mihi
1684 2498 1813 2554 iide-

202 2582 435 2640 lissimo
484 2584 639 2640 iratri
686 2586 978 2644 Benedicto
1025 2588 1159 2643 dixi.
1206 2588 1351 2644 Loca
1403 2588 1732 2658 adiutorium
1758 2598 1815 2647 et

206 2675 395 2735 animi
424 2679 782 2734 constantiam
814 2678 983 2753 [locus
1009 2682 1329 2755 corruptus].
1356 2681 1463 2739 Sed
1488 2684 1630 2739 scim
1650 2685 1814 2742 debes

206 2768 368 2841 quod
419 2768 476 2823 in
519 2770 667 2825 omni
722 2770 841 2826 loco
890 2772 983 2827 ubi
1026 2773 1307 2829 hominum
1349 2776 1694 2831 conversatio
1727 2783 1813 2832 est

208 2858 602 2930 plurimorum,
632 2867 923 2931 utrumque
951 2870 1007 2917 et
1031 2863 1156 2918 boni
1182 2871 1237 2919 et
1263 2866 1392 2920 mali
1417 2866 1768 2922 inveniuntur
1792 2882 1809 2921 :

211 2947 326 3005 Sed
361 2949 575 3021 sapiens
613 2951 828 3007 animus
851 2960 1209 3025 utrorumque
1255 2963 1440 3015 utatur
1467 2957 1809 3028 magisterio,

210 3040 266 3098 id
294 3048 406 3106 est,
435 3049 495 3097 ut
523 3042 792 3099 malorum
811 3054 1004 3103 caveat
1029 3047 1314 3113 malitiam,
1339 3056 1394 3104 et
1416 3049 1684 3105 bonorum
1721 3063 1809 3105 se-

211 3142 423 3203 quatur
450 3132 739 3203 justitiam.
772 3135 921 3192 Mens
951 3138 1231 3195 rationalis
1276 3155 1398 3211 que
1440 3141 1644 3197 homini
1684 3143 1809 3197 data

212 3234 317 3291 est,
361 3226 668 3283 discernere
697 3228 855 3284 debet
884 3244 1003 3299 quae
1031 3230 1140 3285 sint
1167 3204 1434 3298 cavenda,
1478 3242 1535 3288 et
1556 3249 1677 3303 qua:
1702 3236 1811 3292 sint
1834 3204 1885 3272 θ

212 3312 537 3389 sequenda;
571 3334 672 3375 nec
714 3320 944 3377 multum
992 3322 1059 3383 de
1087 3323 1207 3383 loco
1233 3323 1493 3393 dillidere,
1526 3327 1610 3382 vel
1646 3328 1809 3383 etiam

212 3408 517 3476 conﬁdere,
547 3412 673 3481 quia
700 3412 745 3466 si
773 3409 922 3468 locus
945 3413 1199 3484 adjuvare
1223 3417 1505 3485 potuisset,
1534 3435 1810 3491 nunquam

213 3501 450 3574 angelus
474 3502 541 3558 de
564 3503 701 3559 casio
732 3503 1032 3572 cecidisset,
1060 3506 1144 3562 vel
1174 3509 1334 3565 homo
1364 3511 1418 3565 in
1444 3513 1694 3581 paradiso
1721 3530 1813 3584 po-

215 3593 361 3650 situs
391 3604 696 3665 peccasset;
731 3598 826 3652 sed
861 3612 1089 3669 regnum
1118 3600 1231 3666 Dei,
1258 3610 1317 3656 ut
1342 3603 1454 3673 ipsa
1477 3604 1691 3661 Veritas
1712 3607 1807 3673 ait,

215 3686 371 3749 intra
399 3688 761 3758 nosmetipsos
781 3691 1127 3759 quaerendum
1150 3700 1235 3748 est
1264 3693 1416 3764 (Lac.
1436 3711 1570 3765 xvii,
1604 3696 1715 3768 2i).
1746 3698 1812 3754 Et

213 3781 514 3837 Psalmista
539 3799 552 3835 :
586 3779 781 3835 Timete
803 3781 1085 3837 Dominum
1119 3801 1296 3841 omnes
1326 3788 1494 3841 sancti
1521 3789 1655 3859 ejus,
1686 3791 1811 3860 quia

215 3872 352 3929 nihil
385 3871 528 3928 deest
558 3872 856 3927 timentibus
884 3890 1001 3928 eum
1049 3872 1223 3948 (Psal.
1260 3893 1454 3943 xxnn,
1482 3879 1590 3951 10).
1627 3878 1813 3936 Timor

216 3962 442 4020 Ι)οῶἰηὶ
489 3978 716 4034 peccare
747 3974 916 4032 vetat,
955 3966 1082 4021 dum
1130 3969 1292 4024 homo
1326 3970 1525 4041 ubique
1566 3973 1659 4027 Dei
1708 3975 1811 4030 sibi

216 4056 569 4129 praesentiam
590 4057 904 4127 agnoscitet
934 4058 1111 4125 timet,
1145 4060 1272 4130 quia
1296 4063 1686 4132 quiconscium
1716 4066 1813 4120 ha-

216 4150 306 4207 bet
361 4149 775 4221 cogitationum,
808 4155 1118 4220 verborum,
1165 4155 1249 4211 vel
1294 4174 1519 4228 operum
1568 4176 1809 4229 suorum,

216 4242 369 4300 hunc
401 4243 684 4300 habiturus
709 4254 792 4301 est
819 4253 873 4300 et
911 4245 1178 4315 judicent;
1222 4262 1321 4304 nec
1358 4266 1479 4305 cum
1520 4253 1814 4325 quidquam

219 4334 413 4409 eﬂ'ugit
466 4336 656 4403 nostri,
704 4351 807 4392 nec
857 4337 1061 4409 aliquid
1109 4339 1460 4410 injudicatum
1514 4342 1812 4412 dimiserit,

219 4430 375 4501 quia,
413 4429 555 4485 sicut
580 4428 780 4487 dictum
812 4440 914 4499 est,
963 4433 1253 4506 unicuique
1284 4436 1471 4493 reddet
1517 4439 1813 4495 secundum

220 4537 391 4594 opera
419 4536 540 4577 sua.

292 4637 440 4692 Dum
495 4642 709 4707 tempus
755 4638 1037 4707 habemus,
1083 4656 1371 4714 operemur
1412 4644 1649 4714 bonum,
1684 4648 1810 4719 quia

221 4740 345 4800 post
380 4736 609 4785 mortem
640 4745 747 4784 non
788 4740 871 4786 est
901 4740 1109 4804 tempus
1138 4737 1420 4806 operandi,
1462 4740 1557 4795 sed
1602 4748 1815 4813 tempus

223 4822 540 4878 mercedem
575 4821 887 4892 recipiendi.
917 4820 1045 4880 Hmc
1071 4828 1334 4898 cogitans,
1364 4828 1681 4886 charissima
1718 4831 1814 4900 ﬁli,

224 4916 302 4971 tui
332 4914 512 4985 ipsius
531 4929 718 4971 curam
763 4917 978 4981 habeto,
1010 4931 1218 4974 memor
1246 4919 1313 4975 de
1356 4921 1574 4991 quantis
1599 4929 1650 4977 te
1687 4921 1820 4978 libe-

296 5042 324 5070 α
349 5027 589 5085 Froben.
621 5026 779 5097 epist.
804 5025 929 5082 2H.

296 5099 328 5139 δ
356 5100 502 5154 Edit.
532 5095 781 5165 Quercet.
815 5097 906 5163 45,
935 5095 1115 5153 Canis.
1158 5096 1260 5166 67;
1290 5097 1484 5156 collata
1508 5115 1629 5156 cum
1659 5101 1815 5158 codd.

228 5186 364 5227 mss.
367 5169 572 5242 _(Apud
598 5168 826 5242 Froben.
856 5169 1012 5239 epist.
1048 5168 1194 5242 160.)

262 5258 268 5263 θ
302 5255 325 5280 ε
358 5238 635 5313 Fraterme
655 5238 945 5313 dilectionis
972 5238 1183 5313 amicis,
1209 5247 1313 5295 etc.
1362 5240 1487 5296 Haec
1513 5248 1567 5296 et
1595 5258 1824 5313 sequen-

226 5321 314 5396 tes
336 5310 718 5394 dumepistolm
743 5309 1191 5396 commendantis:
1216 5320 1336 5396 sunt
1358 5313 1656 5394 amicorum
1674 5309 1827 5384 pere-

226 5381 590 5456 grinantium,
619 5389 674 5437 et
702 5381 767 5436 ad
796 5382 908 5436 loca
935 5389 1119 5435 sancta
1148 5383 1501 5437 tendentium.
1675 5381 1692 5384 ⁷

300 5453 329 5494 d
363 5450 723 5507 Fordradum.
766 5451 877 5506 lioc
907 5467 1101 5507 nomen
1128 5453 1396 5508 omittitur
1440 5454 1491 5508 in
1519 5454 1639 5510 aliis
1665 5453 1821 5509 codd.

227 5540 369 5597 mss.
402 5542 421 5575 ι
472 5522 731 5597 Fordredi
771 5522 1001 5597 abbatis,
1033 5523 1126 5593 qui
1155 5522 1223 5577 ad
1265 5523 1449 5597 limina
1478 5523 1582 5579 BB.
1615 5533 1827 5597 aposto-

227 5596 413 5651 lorum
460 5603 515 5649 et
543 5594 612 5650 ob
662 5609 879 5648 causam
911 5594 994 5649 sui
1039 5595 1346 5650 monasterii
1392 5596 1616 5652 Romam
1649 5594 1825 5663 venit,

231 5665 442 5722 mentio
493 5664 657 5737 ﬁtiiin
699 5665 894 5721 litteris
920 5663 1072 5722 Pauli
1094 5664 1125 5737 ly
1155 5667 1223 5721 ad
1268 5666 1592 5737 Ecgbertum
1620 5668 1829 5723 archie-

230 5737 519 5807 piscopum
563 5736 979 5807 Eboracensem,
1022 5746 1077 5795 et
1114 5736 1443 5797 Eadbertum
1485 5755 1663 5807 regem
1692 5738 1829 5794 Nor-

232 5806 531 5863 thumbria;
571 5822 712 5863 anno
741 5806 865 5875 757,
892 5815 953 5863 ut
980 5807 1211 5873 videtur,
1257 5809 1412 5866 datis.
1461 5806 1571 5865 Sed
1592 5826 1657 5865 eo
1686 5826 1827 5867 anno

227 5877 504 5939 Alcuinus
542 5877 661 5951 ejus
691 5879 866 5937 astatis
893 5878 980 5937 vel
1010 5880 1347 5938 auctoritatis
1375 5881 1518 5938 haud
1560 5880 1743 5948 fuerit,
1767 5888 1829 5936 ut

1839 4590 1895 4653 D

1914 560 2155 615 cordiam
2182 569 2526 626 convertere,
2556 568 2616 615 ut
2643 560 2922 617 deleantur
2945 559 3143 619 delicta
3168 570 3287 630 tua,
3312 569 3366 616 et
3387 577 3495 621 me-

1912 649 2087 705 rearis
2112 649 2293 706 locum
2319 648 2618 722 refrigerii,
2658 650 2796 707 lucis
2832 659 2886 706 et
2918 652 3067 721 pacis
3092 652 3334 723 recipere
3367 667 3492 709 cum

1910 741 2116 797 sanctis
2164 741 2279 798 Dei.
2328 741 2538 812 Meique
2585 757 2792 799 memor
2821 760 2943 803 cum
2976 745 3085 803 Deo
3114 745 3491 813 servientibus.

1911 846 2012 901 pro
2035 841 2193 904 teque
2223 832 2698 903 intercedentibus,
2737 838 2919 894 valeas
2940 848 3197 909 perpetua
3217 839 3492 911 prosperi-

1914 929 2048 991 tate,
2079 923 2393 983 dulcissime
2416 926 2614 983 amice.

2414 1016 2441 1056 ι’
2469 1016 2804 1075 EPISTOLA
2831 1018 2989 1079 CCX.

2307 1101 2749 1146 COIIENDATITIA
2788 1108 2853 1145 AD
2893 1108 3101 1147 ANICOS.

1914 1172 2353 1235 Commendatitia
2418 1180 2709 1266 cujusdam.
2757 1184 3039 1255 presbyteri
3105 1181 3371 1239 Fordradi
3422 1184 3491 1239 ad

2603 1268 2818 1307 07113008.

1984 1338 2260 1397 Fraternze
2294 1339 2597 1398 dilectionis
2624 1342 2644 1382 ι
2664 1344 2854 1399 amicis
2877 1360 2975 1415 per
3018 1346 3260 1402 diversas
3314 1345 3493 1401 nomi-

1912 1447 2043 1488 num
2093 1432 2400 1507 dignitates,
2434 1433 2661 1491 Albinus
2680 1450 2973 1493 conservus
2998 1438 3054 1493 in
3076 1436 3290 1495 Christo
3319 1444 3499 1495 vester

1915 1524 2166 1581 salutem.

1984 1616 2136 1673 Licet
2174 1625 2443 1675 terrarum
2489 1619 2854 1691 longinquitas
2896 1619 3138 1677 diversas
3165 1619 3501 1680 Christiano-

1915 1724 2036 1765 rum
2084 1709 2247 1768 faciat
2302 1713 2679 1780 habitationes,
2738 1722 2919 1770 tamen
2975 1722 3175 1772 sanctae
3217 1715 3501 1772 charitatis

1915 1805 2166 1866 societas,
2222 1807 2323 1861 sub
2372 1821 2479 1862 uno
2521 1815 2738 1878 pastore
2759 1806 2997 1874 Christo,
3048 1822 3215 1863 unum
3259 1825 3354 1866 eos
3371 1807 3501 1864 facit

1912 1912 2030 1953 esse
2054 1910 2289 1969 gregem.
2309 1896 2366 1953 In
2396 1896 2551 1971 cujus
2579 1897 2771 1954 fiducia
2800 1906 2993 1955 vestrae
3038 1901 3225 1972 pietati
3251 1915 3351 1971 per
3372 1914 3496 1971 pre-

1911 1987 2144 2042 catorias
2192 1995 2391 2043 nostras
2440 1986 2726 2059 parvitatis
2768 1988 2981 2046 litteras
3033 1991 3179 2045 hunc
3226 1989 3502 2062 presbyte-

1914 2093 2054 2143 rum,
2106 2077 2134 2117 ἀ
2194 2077 2532 2135 Fordradum
2564 2080 2800 2144 nomine,
2872 2081 3283 2154 diligentissime
3356 2095 3502 2136 com-

1911 2170 2128 2235 mendo,
2157 2179 2218 2225 ut
2243 2171 2551 2228 dilectionis
2598 2183 2796 2229 vestras
2837 2170 3115 2243 juvamine
3160 2170 3408 2228 suffultus
3424 2171 3505 2227 fa-

1912 2261 2070 2315 cilius
2096 2270 2297 2318 sanctaa
2316 2263 2772 2332 peregrinationis
2799 2263 2942 2318 viam
2960 2272 3202 2335 peragat,
3231 2274 3287 2318 et
3310 2272 3505 2320 vestra:

1911 2353 2173 2409 bonitatis
2201 2368 2411 2410 merces
2437 2363 2562 2409 ante
2578 2354 2763 2411 oculos
2784 2354 3171 2425 omnipotentis
3183 2355 3278 2408 Dei
3307 2355 3498 2424 221-

1912 2445 2137 2517 267“
2154 2453 2436 2516 augeatur.
2452 2444 2554 2512 Qui
2578 2453 2662 2501 est
2678 2446 2781 2511 uia,
2798 2446 2903 2499 vita
2917 2456 2963 2499 et
2981 2446 3169 2500 veritas
3189 2444 3370 2515 (Joan.
3390 2460 3501 2510 xw,

1914 2537 1992 2612 6),
2014 2540 2170 2596 vobis
2191 2538 2334 2594 viam
2367 2548 2564 2595 vestrm
2600 2538 2789 2594 salutis
2814 2538 3122 2605 ostendere,
3146 2545 3202 2593 et
3219 2538 3505 2594 veritatem

1915 2631 2109 2704 [Edit.,
2137 2630 2400 2704 requiem]
2429 2641 2647 2687 (eterna:
2681 2632 2868 2709 gloria:
2894 2632 3150 2698 tribuere,
3179 2639 3233 2687 et
3255 2630 3505 2691 beatissi-

1912 2738 2057 2779 mam
2075 2723 2244 2779 vitam
2264 2724 2561 2780 concedere
2574 2724 2841 2795 dignetur.
2861 2722 3259 2797 [Proﬁcientetn
3282 2732 3354 2791 te,
3374 2724 3503 2780 cha-

1913 2817 2128 2874 rissime
2148 2815 2340 2886 frater,
2374 2818 2553 2875 divina
2600 2817 2894 2874 auxilietur
2912 2818 3086 2887 gratia
3110 2818 3167 2873 in
3191 2813 3500 2891 aeternum]

2421 2941 2446 2972 ο
2477 2927 2815 2985 EPISTOLA
2839 2928 3019 2985 CCXI.

2443 3017 2511 3057 AD
2554 3016 2728 3057 OINEB
2762 3016 2973 3057 Αιιεοε.
3056 3032 3062 3039 ·

1910 3093 2353 3155 Comendstitia
2398 3093 2689 3151 Noraberet
2703 3092 3002 3177 presbyteri
3027 3092 3407 3166 peregrinantis
3433 3090 3503 3153 ad

2607 3182 2823 3220 atmcos.

1985 3255 2248 3315 Omnibus
2277 3258 2332 3315 in
2358 3256 2561 3316 Christi
2582 3248 2847 3319 charitate
2868 3256 3079 3325 amicis,
3102 3254 3320 3315 humilis
3346 3253 3506 3312 levita

1910 3348 2172 3407 Alcuinus
2198 3348 2447 3407 salutem.

1986 3442 2302 3515 Ubicunque
2329 3441 2431 3500 iste
2459 3442 2758 3515 presbyter,
2800 3438 3095 3499 Noroberet
3122 3439 3255 3515 [Al.,
3280 3440 3503 3517 Norbet]

1912 3535 2154 3600 nomine,
2187 3535 2242 3590 in
2273 3542 2509 3591 vestram
2537 3534 2844 3607 pervenerit
2879 3536 3246 3606 praesentiam,
3281 3537 3508 3593 obsecro

1911 3635 1972 3683 ut
2000 3627 2236 3698 benigne
2279 3643 2403 3683 eum
2433 3626 2705 3697 suscipere
2753 3627 3071 3698 dignemini,
3104 3627 3156 3683 in
3189 3642 3509 3699 quocunque

1911 3719 2129 3788 negotio
2149 3717 2233 3773 vel
2254 3718 2579 3773 necessitate
2607 3733 2740 3789 opus
2763 3717 2979 3775 habeat.
3007 3717 3320 3775 Ccrtissime
3340 3720 3507 3775 Deum

1910 3809 2181 3865 habebitis
2222 3809 2479 3865 bonitatis
2529 3818 2722 3867 vestras
2766 3818 3248 3879 remuneratorem,
3291 3813 3383 3883 qui
3427 3813 3511 3868 dia

1911 3906 2095 3957 cturus
2121 3899 2225 3953 erit
2254 3898 2309 3952 in
2336 3898 2421 3953 die
2442 3898 2632 3968 judicii
2660 3916 2673 3951 :
2712 3895 2913 3971 Hospes
2943 3916 3110 3965 eram,
3136 3909 3183 3953 et
3224 3896 3506 3971 collegisti:

1911 4006 1993 4049 nte
2017 3990 2231 4061 (Matth.
2258 4006 2386 4056 xxv,
2411 3989 2524 4061 55).
2553 3989 2689 4047 Etsi
2713 4006 2831 4046 mea
2857 3991 2984 4062 quid
3007 3993 3247 4063 parvitas
3273 3993 3496 4063 poterit,

1913 4083 2067 4139 vobis
2094 4083 2393 4153 gratiarum
2416 4081 2657 4138 actiones
2684 4083 2739 4138 in
2762 4083 3095 4153 quantalibet
3124 4100 3285 4141 causa
3316 4098 3505 4156 repen-

1913 4175 2059 4238 dere,
2090 4173 2325 4229 studiose
2359 4182 2413 4227 et
2444 4173 2674 4229 fideliter
2698 4172 2877 4231 facere
2915 4175 3137 4230 curabo.
3172 4174 3325 4230 Hunc
3354 4189 3503 4239 vero,

1912 4265 1997 4321 vel
2022 4263 2157 4320 alios
2204 4278 2303 4334 pro
2350 4262 2553 4321 Christi
2599 4264 2813 4321 nomine
2856 4265 3281 4336 peregrinantes,
3315 4265 3368 4319 in
3410 4281 3507 4323 sua

1914 4357 2196 4417 mansione
2220 4344 2620 4427 suscipientem,
2650 4356 2799 4417 illum
2826 4356 3004 4411 divina
3030 4356 3085 4410 in
3117 4354 3324 4412 caelesti
3349 4355 3505 4412 babi.

1915 4453 2120 4508 tat-ioue
2164 4450 2422 4522 suscipiat
2470 4450 2776 4509 clementia.
2826 4450 3035 4519 Valete,
3080 4450 3184 4507 viri
3227 4449 3424 4509 fratres
3450 4450 3509 4511 in

1916 4545 2152 4601 Christo.

2398 4614 2420 4654 ί
2459 4613 2794 4670 EPISTOLA
2821 4612 3019 4669 CCXiI.

2335 4701 2776 4742 COMMENDATITIA
2804 4701 2871 4738 AD
2898 4698 3107 4740 ANICOS.

1915 4773 2308 4831 Commendatio
2328 4773 2398 4828 ad
2418 4776 2613 4828 amicos
2640 4791 2736 4844 pro
2756 4774 3206 4843 peregrinantibus
3226 4778 3296 4831 ad
3320 4777 3507 4837 limina

2517 4843 2891 4915 apostolorum.

1989 4940 2253 4998 Omnibus
2290 4938 2688 4994 venerabilibus
2729 4937 2881 5007 viris,
2910 4947 2964 4994 et
2992 4951 3326 4996 diversarum
3352 4952 3505 5013 pote-

1920 5054 2125 5111 uictare
2147 5051 2383 5119 potuerit
2408 5049 2714 5119 hujusmodi
2748 5051 2973 5108 litteras.
2999 5072 3017 5105 ι
3051 5052 3280 5119 lAlford,
3308 5054 3501 5110 Annal.

1920 5123 2250 5197 AnglocSaag.
2300 5123 2368 5177 ad
2413 5139 2536 5178 eum
2580 5138 2803 5197 annum,
2834 5140 2888 5197 ιι.
2914 5123 2995 5197 2.)
3052 5124 3158 5197 Sed
3198 5140 3276 5180 ea:
3315 5125 3508 5183 litterae

1921 5193 2098 5253 serius
2123 5195 2238 5251 dari
2267 5201 2580 5263 potuerunt,
2607 5201 2700 5248 aut
2726 5193 3031 5251 Fordredus
3054 5196 3159 5249 alia
3185 5196 3347 5250 etiam
3388 5197 3506 5251 vita:

1923 5268 2150 5323 Romam
2179 5266 2346 5320 adire.
2378 5266 2497 5322 Vid.
2534 5266 2698 5321 etiam
2734 5274 2888 5321 notas
2915 5267 3073 5335 epist.
3106 5266 3176 5321 εἳ
3199 5267 3365 5338 (nunc
3389 5265 3505 5339 S7.)

1993 5357 2050 5398 δά
2073 5355 2391 5431 intermedii
2419 5356 2632 5431 nume_ri
2657 5357 2979 5431 omittuntur
2997 5365 3218 5431 propter
3245 5357 3505 5430 epistola-

1923 5446 2043 5485 rum
2070 5428 2536 5483 interversionem.
2572 5428 2726 5483 EDIT.
2759 5427 2928 5483 Pun.

1999 5509 2023 5539 ο
2062 5499 2203 5554 Edit.
2229 5499 2477 5567 Quercet.
2515 5498 2603 5565 5i,
2639 5498 2819 5554 Canis.
2854 5497 2924 5552 52
2944 5497 3198 5573 (Froben.
3230 5499 3375 5575 161).

2002 5594 2021 5635 f
2052 5593 2306 5669 (Froben.
2330 5595 2495 5669 epist.
2527 5591 2672 5669 162.)
2708 5591 2831 5649 lisse
2855 5593 3013 5669 epist.
3044 5593 3505 5669 commendantis,

1928 5663 2191 5725 hactenus
2225 5663 2450 5729 inedita,
2491 5663 2670 5738 prodit
2695 5680 2764 5738 ex
2775 5663 2919 5738 cod.
2939 5680 3042 5721 ms.
3087 5663 3503 5738 Sglisburgeusi.

1926 5739 2119 5795 Exstat
2132 5752 2344 5809 quoque
2365 5738 2421 5793 in
2442 5736 2558 5809 cod.
2587 5752 2691 5809 ms.
2716 5735 3109 5809 bibliothrreg.
3128 5735 3324 5809 Paris.,
3342 5735 3507 5809 Quam

1929 5810 2054 5867 inde
2078 5805 2413 5879 descriptam,
2430 5806 2497 5862 ad
2518 5823 2601 5861 me
2625 5806 2771 5862 misit
2794 5807 2854 5862 D.
2871 5805 3508 5879 Liehle’hibliothecarius

1932 5877 2469 5944 San-Germa‘nensis,
2500 5878 2723 5947 posthac
2748 5877 3017 5951 ropiosius
3035 5877 3353 5936 laudandus.
