4064 6342
541 351 648 420 487

1408 349 1471 404 Β.
1507 347 1570 403 F.
1608 340 1836 401 ALBINI
1873 337 2008 398 SEU
2045 331 2323 394 ALCUINI
2361 329 2648 390 OPERUM
2681 325 2865 386 PARS
2899 325 2944 384 I.

3648 297 3656 308 “
3705 318 3811 377 tes

540 476 773 536 statibus
797 473 1118 548 dignitatum
1139 477 1196 527 et
1219 473 1419 525 saneta
1447 461 1729 520 charitatis
1755 458 1882 514 ﬁliis
1909 453 2130 512 humilis
2153 460 2210 519 Α
2233 450 2362 523 quid
2391 448 2620 506 ecclesia
2644 444 2922 518 peccavit?
2965 440 3148 510 Quare
3159 453 3270 496 non
3287 443 3592 495 memorant
3618 437 3698 492 tui
3733 435 3822 507 ju-

543 567 707 626 levita
730 566 991 624 Alcuinus
1016 563 1360 631 sempiterna:
1381 552 1732 613 beatitudinis
1757 550 2003 606 salutem.

618 660 835 718 Scimus
859 657 1040 728 itaque
1066 662 1264 710 vestrae
1293 646 1552 706 bonitatis
1573 646 1826 717 pietatem
1854 656 1954 710 pro
1982 635 2138 693 Chri-

546 753 618 812 sti
641 767 824 809 amore
851 758 907 807 et
931 748 1125 804 futura:
1162 743 1345 818 gloria:
1371 738 1726 797 retributione
1750 732 2139 807 peregrinoset

547 845 790 916 hospites
813 851 869 899 et
909 841 1141 897 maxime
1171 853 1266 894 eos
1294 835 1386 906 qui
1433 847 1531 904 pro
1561 826 1926 886 ecclesiastica
1953 834 2139 878 neces-

547 941 708 996 sitate
749 937 835 994 vel
861 952 960 1007 pro
1003 933 1174 990 salute
1204 931 1509 985 animarum
1539 937 1782 987 suarum,
1819 933 1972 975 saera
2017 930 2140 971 san-

547 1048 758 1095 ctorum
785 1032 1150 1105 apostolorum
1200 1028 1384 1083 limina
1414 1025 1637 1080 visitare
1686 1018 1876 1079 solent,
1909 1013 2140 1083 benigne

547 1129 844 1199 suscipere.
874 1123 976 1192 Qui
1016 1123 1117 1179 hos
1146 1119 1415 1192 receperit
1456 1117 1509 1172 in
1536 1116 1696 1170 domo
1739 1126 1858 1176 sua,
1892 1106 2142 1162 Christus

547 1239 673 1280 eum
711 1229 1028 1291 recepturus
1056 1216 1161 1272 erit
1191 1216 1244 1271 in
1279 1213 1449 1286 gloria
1476 1227 1572 1267 sua
1600 1227 1614 1276 ;
1665 1207 1790 1278 quia
1823 1202 1943 1277 [ita]
1983 1201 2038 1256 in
2064 1206 2143 1253 ta-

545 1315 691 1371 libus
743 1290 993 1368 Christus
1046 1316 1294 1378 receptus
1342 1305 1486 1369 erit;
1543 1309 1604 1356 ut
1653 1301 1769 1370 ipsa
1821 1293 2037 1351 Veritas
2086 1290 2143 1345 in

545 1405 837 1478 Evangelio
880 1403 989 1458 ait:
1035 1400 1238 1471 Hospes
1265 1398 1344 1470 {ui
1389 1407 1436 1452 et
1462 1392 1758 1464 suscepistis
1803 1405 1884 1443 me
1923 1385 2137 1455 (Matth.

547 1516 675 1562 xxv,
707 1497 820 1568 '55).
849 1496 1053 1551 Tamen
1080 1508 1179 1563 pro
1203 1488 1558 1562 portitoribus
1579 1483 1839 1541 chartulae
1865 1479 2024 1548 hujus
2045 1493 2143 1548 ego

543 1591 804 1648 Alcuinus
842 1586 1016 1642 ﬁdelis
1059 1591 1240 1640 vester
1281 1580 1507 1642 amicus,
1549 1593 1582 1633 ο
1629 1577 1818 1631 Patres
1849 1570 2040 1643 optimi
2089 1577 2143 1642 et

546 1680 745 1738 fratres
765 1674 1113 1740 sanctissimi,
1138 1682 1194 1730 et
1219 1672 1316 1726 ﬁlii
1338 1668 1670 1726 dilectissimi
1698 1668 1712 1720 !
1743 1672 1975 1720 vestram
1999 1675 2146 1716 sum-

549 1789 773 1845 mopere
800 1773 1062 1842 deprecor
1090 1766 1432 1829 charitatem,
1464 1770 1524 1816 ut
1565 1759 1798 1830 benigne
1840 1771 1934 1810 eos
1972 1750 2142 1808 susci-

2235 546 2417 602 niores
2443 558 2606 614 quam
2627 539 2947 598 terribiliter
2968 537 3161 595 beatus
3185 536 3382 592 Petrus
3408 534 3665 605 princeps
3692 546 3820 604 apo-

2237 637 2498 700 stolorum
2519 641 2826 697 venditores
2847 637 3034 710 gratia:
3055 636 3110 691 in
3128 633 3306 706 primo
3322 630 3480 701 hujus
3502 629 3821 686 hzeresisin-

2236 741 2459 788 ventore
2479 731 2743 804 percellit,
2773 730 2988 785 dicens:
3042 725 3276 781 Pecunia
3324 732 3417 777 tua
3470 730 3641 776 tecum
3668 721 3738 774 sit
3767 719 3824 774 in

2237 826 2522 898 perditione
2562 824 2699 896 (Act.
2730 839 2851 889 vui,
2885 819 3000 893 20).
3067 819 3362 888 Deprecor,
3408 812 3827 870 clementissime

2238 915 2421 980 Pater,
2444 915 2500 969 in
2536 929 2601 970 ea
2627 913 2894 969 charitate
2914 925 3021 980 qua
3042 909 3184 964 Deus
3207 921 3304 961 nos
3331 903 3638 974 conjunxit;
3690 909 3747 958 et
3771 901 3827 958 in

2239 1020 2305 1061 ea
2327 1004 2431 1060 ﬁde
2460 1020 2566 1076 qua
2596 1002 2953 1066 oondiximus,
2981 1016 3050 1055 ne
3072 998 3200 1070 quid
3228 997 3352 1052 novi
3373 996 3554 1051 mittas
3570 994 3622 1048 in
3655 992 3831 1049 eccle-

2241 1100 2352 1155 sias
2373 1098 2547 1155 sancti
2567 1095 2780 1152 Martini
2809 1104 2864 1150 et
2886 1095 2942 1150 in
2966 1108 3058 1148 res
3084 1092 3246 1148 illius.
3276 1089 3475 1143 Potens
3505 1094 3590 1142 est
3609 1092 3829 1141 sanctus

2243 1191 2506 1247 Martinus
2528 1189 2669 1261 apud
2700 1189 2870 1244 Deum
2894 1185 3187 1241 defendere
3213 1197 3302 1237 res
3342 1192 3490 1243 suas,
3529 1178 3574 1233 si
3606 1191 3828 1232 necesse

2243 1295 2326 1342 est
2351 1285 2425 1341 illi
2447 1284 2685 1338 clamare
2713 1281 2781 1336 ad
2801 1281 2990 1335 Deum.
3039 1277 3279 1339 Dimitte,
3326 1273 3368 1328 si
3419 1271 3652 1343 placeat,
3703 1276 3760 1324 et
3785 1269 3828 1324 si

2243 1378 2361 1433 ﬁeri
2385 1377 2581 1449 possit,
2638 1374 2718 1429 sic
2743 1389 2863 1428 esse
2909 1370 3153 1426 ecclesiis
3181 1365 3405 1430 Christi,
3459 1378 3581 1433 qua:
3618 1360 3826 1417 suntin

2245 1470 2583 1525 immunitate
2604 1465 2776 1521 sancti
2793 1462 3041 1527 Martini;
3066 1468 3122 1516 et
3143 1460 3199 1513 in
3228 1455 3484 1528 parochia
3499 1461 3707 1517 vestra,
3738 1450 3828 1505 do-

2243 1576 2346 1617 nec
2372 1559 2760 1631 colloquamur.
2819 1552 3087 1624 Quidquid
3133 1550 3275 1605 enim
3321 1545 3526 1617 justum
3571 1552 3657 1600 est
3687 1551 3825 1597 tuam

2245 1653 2489 1724 recipere
2515 1652 2585 1707 ab
2603 1652 2684 1707 eis
2708 1649 3106 1710 auctoritatem,
3127 1660 3234 1699 non
3257 1656 3446 1705 renuo,
3462 1637 3558 1694 sed
3586 1637 3823 1700 omnino,

2247 1744 2293 1799 si
2324 1744 2420 1799 tibi
2447 1743 2761 1799 obedientes
2788 1756 2895 1795 non
2916 1745 3097 1802 erunt,
3150 1750 3250 1806 ego
3294 1742 3471 1790 tecum
3518 1729 3827 1800 constringe

547 1822 730 1937 piatris,
761 1864 815 1918 in
839 1822 1161 1932 qiiocunque
1187 1855 1404 1926 negotio
1433 1852 1518 1908 vel
1547 1850 1870 1906 necessitate
1905 1846 1982 1901 illi
2009 1858 2143 1914 opus
2171 1824 2219 1885 Β
2245 1851 2368 1902 eos;
2394 1837 2462 1891 ad
2491 1844 2640 1890 tuam
2667 1834 2810 1889 enim
2837 1831 3101 1904 synodum
3128 1828 3313 1884 venire
3339 1825 3554 1888 debent,
3586 1830 3643 1879 et
3670 1822 3828 1876 ratio-

549 1936 806 2016 habeant.
837 1954 1060 2009 Habetis
1084 1953 1253 2006 Deum
1279 1952 1757 2004 remuneratorem,
1784 1953 1977 2008 meque
1996 1936 2146 1992 dehi-

550 2057 725 2105 torem
768 2046 1063 2104 secundum
1109 2039 1571 2113 opportunitatem
1619 2031 1898 2104 temporis,
1953 2037 2013 2085 ut
2058 2043 2160 2102 ve—_

551 2149 679 2196 strte
704 2135 968 2194 voluntati
997 2132 1328 2190 satisfaciam
1359 2131 1412 2184 in
1439 2128 1676 2184 Christo.

1012 2262 1038 2290 ι
1063 2243 1396 2302 EPISTOLA
1435 2241 1658 2298 CCXIII.

905 2337 972 2376 Αι)
1001 2321 1030 2361 1³
1066 2331 1456 2374 ιιιιωκιιειιτωι
1492 2326 1802 2368 εριεεοιηιιι.

1130 2411 1309 2483 (Anno
1322 2405 1575 2476 incerto.)

552 2510 898 2583 Conqueritur
940 2507 1004 2561 de
1051 2505 1194 2583 novis
1241 2501 1641 2583 exactionibus;
1687 2493 2146 2583 quibusnministri

685 2563 938 2663 iscopales
981 2574 1235 2658 uexabant
1264 2573 1585 2645 presbyteros
1611 2571 1667 2624 in
1699 2563 1936 2622 ecclesiis
1981 2563 2148 2617 sancti

687 2656 846 2706 artini
868 2656 1162 2704 servientes.
1265 2687 1279 2700 .

623 2741 850 2797 Domino
862 2735 1188 2801 venerando,
1211 2733 1473 2801 nobisque
1499 2729 1698 2786 Christi
1721 2742 1906 2783 amore
1923 2723 2147 2780 colendo

553 2834 888 2904 Ragerberto
911 2821 1183 2899 episcopo,
1217 2823 1477 2879 Alcuinus
1502 2821 1662 2876 levita
1690 2818 1938 2872 salutem.

629 2927 837 2981 Memor
858 2923 1124 2978 condicta:
1153 2917 1405 2972 amicitiae
1434 2915 1575 2968 inter
1603 2927 1702 2966 nos
1727 2916 1985 2980 quantam
2015 2904 2148 2960 mihi

557 3018 810 3076 ﬁduciam
839 3021 1062 3085 prastat
1094 3008 1296 3079 aliquid
1330 3004 1598 3061 scribendi
1622 3002 1689 3057 ad
1733 3016 1846 3064 vos,
1895 2997 2038 3068 quod
2059 3012 2152 3051 no-

553 3110 640 3164 bis
665 3124 732 3164 ex
768 3115 1004 3175 utraque
1058 3111 1211 3174 parte
1241 3097 1606 3155 necessarium
1638 3095 1869 3150 videtur.
1935 3090 2148 3145 Dictum

555 3209 641 3256 est
687 3200 839 3266 mihi,
878 3197 1023 3268 quod
1047 3193 1214 3251 vestri
1263 3191 1508 3262 juniores
1537 3188 1770 3258 aliquam
1802 3199 1996 3240 novant
2020 3197 2150 3237 con-
2177 3183 2225 3246 C

557 3293 896 3350 suetudinem
924 3291 1200 3345 misissent
1229 3301 1389 3356 super
1422 3282 1680 3339 ecclesias
1724 3288 1779 3334 et
1808 3279 2154 3348 presbyteros

557 3385 732 3442 sancti
765 3382 1010 3436 Martini:
1068 3380 1181 3435 lmo
1206 3387 1263 3434 et
1309 3378 1375 3432 de
1410 3372 1813 3442 vobismetipsis
1865 3369 2148 3432 dixerunt;

561 3485 744 3532 tamen
775 3475 840 3529 de
863 3479 1045 3527 vestra
1071 3470 1360 3524 sanctitate
1389 3467 1495 3522 hoc
1523 3480 1628 3520 non
1651 3461 1960 3524 credebam,
2013 3457 2157 3512 msti—

560 3583 718 3624 mans
745 3581 843 3620 vos
872 3576 1110 3618 canones
1128 3561 1332 3630 optime
1357 3571 1594 3621 servare,
1618 3564 1672 3611 et
1691 3553 1924 3608 maxime
1941 3549 2156 3605 Domim

561 3657 735 3713 nostri
756 3654 882 3710 Jesu
909 3652 1112 3708 Christi
1141 3650 1507 3721 evangelicam
1530 3645 1874 3707 sententiam,
1917 3641 2010 3696 ubi
2041 3640 2115 3693 ait
2139 3653 2153 3691 :

564 3745 742 3802 Gratis
766 3743 1055 3815 accepistis,
1103 3741 1268 3812 gratis
1311 3740 1432 3794 date
1477 3737 1692 3810 (Matth.
1725 3751 1781 3800 x,
1814 3733 1891 3805 8).
1964 3731 2159 3787 Dicunt

563 3839 742 3894 enim:
776 3835 943 3892 vestri
979 3835 1131 3890 missi
1161 3833 1510 3888 mandassent
1551 3827 1897 3898 presbyteros
1944 3833 2160 3880 nostros

562 3932 630 3986 de
667 3945 804 4001 pane
827 3928 1005 3984 modio
1043 3935 1099 3982 et
1130 3925 1382 3982 dimidio:
1445 3924 1511 3978 de
1539 3923 1665 3977 vino
1689 3920 1906 3985 modio;
1964 3919 2032 3973 de
2063 3934 2161 3972 an-

560 4039 706 4080 nona
735 4024 802 4079 ad
826 4021 1063 4078 caballos
1089 4019 1270 4076 modia
1309 4027 1559 4088 quatuor,
1613 4015 1793 4071 casios
1819 4013 1871 4081 6,
1902 4028 2002 4069 ova
2032 4011 2157 4078 100,

523 4152 528 4160 -
569 4115 746 4187 pisces
768 4123 824 4170 et
844 4121 964 4169 orto
989 4120 1043 4167 et
1081 4112 1332 4184 legumen
1357 4107 1755 4164 adsutﬁcienter
1795 4106 1862 4161 ab
1915 4119 2161 4175 unoquo-

568 4223 673 4278 que
703 4206 1053 4278 presbytero;
1105 4203 1225 4258 etsi
1266 4204 1370 4257 hoc
1397 4216 1504 4256 non
1535 4197 1909 4262 reddidissent,
1961 4213 2029 4252 ex
2067 4211 2162 4251 ve-

565 4308 678 4356 stra
729 4299 1054 4354 auctoritate
1089 4295 1436 4350 interdictum
1478 4293 1765 4357 haberent,
1819 4292 2016 4346 missas
2051 4306 2160 4345 non

563 4399 784 4446 cantare
812 4390 866 4443 in
887 4388 1131 4444 ecclesiis
1173 4386 1404 4450 nostris;
1446 4400 1547 4440 nec
1573 4385 1736 4440 etiam
1763 4383 1898 4438 alios
1931 4383 2160 4452 presby-

567 4490 714 4536 teros
748 4480 802 4533 in
831 4478 1075 4534 ecclesiis
1119 4476 1292 4532 sancti
1333 4475 1551 4529 Martini
1580 4483 1801 4529 cantare
1827 4473 2033 4527 licitum
2063 4473 2161 4526 ha-

566 4573 717 4628 bere.

641 4662 834 4716 Mirum
849 4660 980 4715 mihi
1000 4659 1232 4722 videtur,
1251 4673 1359 4729 qua
1373 4658 1606 4712 autorita
1616 4663 1667 4712 te
1682 4654 1942 4710 ecclesias
1953 4653 2156 4710 Christi

570 4753 1046 4810 excommunicare
1064 4751 1312 4818 voluisti;
1373 4750 1418 4806 si
1449 4747 1751 4822 presbyteri
1777 4751 2155 4818 peccaverunt,

641 4921 669 4949 ι
707 4905 922 4961 Froben
950 4905 1109 4975 epist.
1135 4905 1260 4960 I99.

641 4979 671 5020 ιι
737 4971 1098 5055 Conqueritur
1159 4975 1419 5055 Aleuinus
1485 4974 1538 5028 in
1604 4974 1710 5029 hac
1755 4971 2034 5055 .epistola.
2093 4972 2158 5026 de

569 5065 710 5126 nova
738 5043 901 5126 atque
927 5047 1143 5126 insolita
1172 5047 1454 5126 exactione
1502 5059 1665 5126 quain
1698 5043 1928 5126 ministri
1951 5043 2160 5126 episco-

569 5113 1090 5200 pal_es_intentabarit
1115 5117 1446 5200 presbyteris
1473 5113 1535 5170 et
1555 5116 1800 5197 ecclesiis
1822 5113 1997 5172 sancti
2019 5113 2160 5196 Mar-

570 5186 688 5246 iini.
730 5189 1047 5258 Huiusmodi
1075 5186 1404 5250 exactiones,
1436 5202 1556 5257 qua:
1583 5187 1800 5258 nomine
1821 5186 2160 5255 procuratio-

571 5278 700 5317 num
732 5257 824 5316 aut
851 5259 1161 5332 synodatici
1197 5258 1461 5332 veniunt,_
1500 5258 1626 5332 olim
1685 5257 1928 5322 minime,
1973 5257 2075 5310 nisi
2103 5257 2158 5310 in

573 5348 704 5388 casu
730 5327 1091 5396 necessitatis,
1134 5327 1249 5382 ﬁeri
1294 5327 1678 5398 permittebant
1725 5342 1962 5383 canones
1989 5336 2044 5380 et
2066 5327 2159 5380 de-

572 5412 724 5460 creta
765 5402 1139 5466 conciliorum,
1186 5408 1346 5469 prout
1386 5398 1571 5469 videre
1609 5406 1691 5453 est
1720 5398 1860 5469 apud
1897 5398 2159 5452 Thomas-

573 5475 751 5530 sinum
779 5474 898 5529 Vet.
943 5480 998 5528 et
1023 5471 1159 5526 Nov.
1187 5467 1509 5538 'Disciplinae
1547 5467 1694 5522 Part.
1726 5485 1810 5533 ιιι,
1833 5468 1926 5522 lib.
1952 5485 2014 5533 ιι,
2037 5484 2155 5538 cap.

572 5545 642 5601 '52
666 5554 720 5616 et
743 5561 860 5616 seq.
890 5574 963 5585 —
990 5541 1152 5616 Cujus
1175 5539 1722 5616 sedisRaganbertus
1745 5554 1838 5593 seu
1862 5539 2161 5616 Ragerber-

574 5623 668 5699 tus
694 5608 1027 5699 .(utrumque
1063 5608 1417 5699 enim_habe.t_
1438 5608 1589 5692 'ms.)
1628 5610 1924 5699 episcopus
1955 5608 2158 5699 fuerit,

574 5678 712 5766 mihi
736 5678 1128 5766 incompertum
1151 5693 1274 5766 est;
1307 5683 1420 5738 'sedi
1454 5678 1597 5736 enim
1628 5679 1930 5766 Turonensi
1957 5678 2160 5733 nullum

575 5750 1022 5839 hujusnomiiiis,
1050 5754 1260 5810 Alcuini
1286 5762 1467 5839 aetate,
1498 5750 2160 5839 ‘praafu‘i'sse'episcopum

577 5818 826 5898 reperio;
867 5818 1118 5883 existimo
1144 5841 1276 5882 vero
1297 5818 1643 5896 presbyteros
1661 5820 1782 5878 illos
1805 5818 1975 5877 fuisse
1999 5818 2160 5892 paro-

2245 1948 2370 1988 nem
2391 1931 2620 1987 reddere
2648 1931 2714 1986 de
2733 1927 2923 1984 olﬁciis
2951 1923 3304 1997 spiritalibus,
3327 1930 3383 1976 et
3410 1929 3464 1975 tu
3489 1918 3663 1991 gratis
3702 1917 3830 1972 dare

2244 2025 2349 2084 illis
2373 2039 2494 2095 qua:
2521 2023 2614 2078 Dei
2653 2029 2801 2085 sunt,
2832 2020 2972 2075 sicut
2995 2024 3120 2071 ante
3147 2012 3395 2086 praedixi,
3447 2009 3678 2065 Domino
3705 2005 3828 2062 Jesu

2245 2117 2603 2176 demandante
2631 2123 2692 2169 ut
2711 2113 2878 2185 gratis
2917 2107 3180 2182 spiritalia
3231 2112 3373 2160 dona
3401 2103 3597 2157 dentur
3621 2099 3696 2154 ab
3721 2104 3831 2153 om-

2245 2210 2435 2265 nibus:
2492 2214 2550 2262 et
2573 2203 2833 2274 majorem
2862 2201 2956 2255 tibi
2983 2196 3398 2270 prosperitatem
3427 2199 3649 2263 praestat
3670 2189 3834 2244 inter-

2245 2303 2421 2359 cessio
2447 2299 2619 2357 sancti
2649 2296 2864 2352 Martini
2905 2305 2960 2350 et
2988 2291 3160 2348 sancti
3185 2289 3368 2345 Aredii
3387 2329 3402 2353 ,
3432 2303 3596 2357 quam
3620 2285 3832 2340 illorum

2246 2396 2529 2454 concilium
2557 2392 2650 2464 qui
2674 2392 2816 2446 hanc
2843 2390 3131 2444 hortantur
3165 2384 3504 2440 exactionem
3549 2389 3605 2437 et
3637 2381 3832 2436 tributa

2247 2487 2488 2543 solvere:
2517 2493 2573 2543 et
2598 2485 2642 2539 si
2668 2482 2788 2537 aliis
2818 2479 2995 2535 facere
3010 2478 3297 2541 voluisses,
3352 2488 3630 2543 nunquam
3657 2480 3831 2526 tamen

2246 2579 2450 2634 nostris
2473 2579 2615 2632 hanc
2635 2573 3012 2630 necessitatem
3057 2569 3331 2639 imponere
3360 2575 3413 2620 te
3443 2563 3582 2619 velle
3630 2561 3832 2633 putavi,

2247 2678 2468 2742 propter
2494 2664 2786 2721 amicitiam
2807 2664 2948 2718 inter
2967 2676 3066 2715 nos
3093 2655 3516 2720 condictam,vel
3541 2653 3721 2725 magis
3749 2653 3838 2707 ho-

2249 2776 2438 2816 norem
2475 2758 2648 2814 saneti
2681 2755 2918 2819 Martini,
2950 2768 3109 2823 quem
3159 2751 3302 2805 Deus
3356 2755 3506 2802 tanta
3553 2744 3840 2803 honoravit

2249 2851 2592 2915 auctoritate,
2623 2856 2684 2903 ut
2701 2845 2952 2902 omnibus
2978 2841 3236 2898 auxilium
3285 2838 3486 2894 sanctis
3515 2835 3632 2892 suis
3675 2835 3838 2889 inter-

2250 2943 2584 3000 cessionibus
2611 2945 2875 3011 praestare
2911 2935 3129 3007 poterit.
3177 2931 3508 2988 Incolumem
3532 2936 3591 2983 et
3632 2927 3838 2982 felicem

2249 3035 2640 3092 beatitudinem
2696 3039 2866 3096 tuam,
2921 3035 3176 3096 recteque
3230 3023 3614 3096 praedicantem
3663 3019 3838 3074 divina

2252 3126 2543 3182 clementia
2569 3130 2855 3194 protegere
2903 3127 2959 3176 et
3013 3117 3256 3173 exaltare
3309 3115 3581 3186 dignetur,
3626 3111 3840 3167 domine

2255 3216 2614 3273 sanctissime.

2714 3359 2740 3389 ο
2771 3345 3108 3404 EPISTOLA
3149 3343 3373 3401 CCXIV.

2678 3477 2747 3516 AD
2786 3475 3066 3517 NIFBIDIUM
3103 3473 3411 3515 εριεοορυιι.

2825 3575 3002 3647 (Anno
3019 3573 3269 3644 incerto.)

2260 3692 2572 3747 Memoriam
2587 3690 2670 3745 sui
2692 3690 2747 3743 in
2769 3689 3089 3743 orationibus
3109 3695 3322 3748 exorat;
3375 3684 3718 3739 Benedictum
3738 3700 3771 3737 a
3793 3699 3845 3738 se

2677 3759 3053 3832 digredientem
3077 3757 3426 3812 commendat.

2331 3896 2538 3952 Dilecto
2573 3893 2721 3950 Patri
2752 3892 2780 3933 ἀ
2815 3892 3044 3948 Nifridio
3104 3893 3356 3963 episcopo
3394 3890 3658 3947 Alcuinus
3708 3890 3850 3947 salu—

2262 3999 2392 4046 tem.

2333 4105 2416 4160 Sit
2461 4119 2670 4160 memor
2697 4101 2827 4168 mei,
2879 4101 3127 4168 obsecro,
3175 4100 3413 4156 Charitas
3441 4109 3536 4155 tua
3571 4101 3627 4156 in
3665 4115 3852 4156 sacro-

2261 4199 2464 4256 sanctis
2485 4197 2823 4255 orationibus
2861 4197 2967 4252 tuis
2991 4211 3115 4250 cum
3142 4194 3400 4250 fratribus
3435 4195 3658 4250 nostris.
3692 4195 3852 4250 Tem-

2259 4308 2392 4365 pora
2421 4292 2564 4347 enim
2589 4298 2715 4346 sunt
2736 4288 3061 4360 periculosa,
3087 4295 3144 4342 et
3165 4287 3310 4342 solus
3334 4285 3421 4341 ille
3446 4285 3676 4341 feliciter
3701 4286 3850 4348 vivit,
3890 4349 3896 4353 ,

2261 4384 2351 4454 qui
2368 4385 2478 4438 Deo
2513 4379 2716 4436 serviet
2741 4378 2794 4432 in
2822 4379 3088 4432 cliaritate
3113 4375 3372 4448 perfecta,
3395 4385 3451 4431 et
3475 4376 3581 4430 ﬁde
3603 4384 3780 4441 recta,
3803 4381 3857 4428 et
3890 4422 3896 4427 _

2262 4491 2354 4545 spe
2375 4474 2535 4538 bona,
2553 4487 2672 4541 qua:
2694 4455 2818 4524 sunt
2832 4484 3054 4524 summa:
3076 4469 3336 4522 veritates
3355 4467 3708 4522 servientium
3725 4467 3853 4521 Deo.
3894 4461 3898 4482 ⁵

2187 4546 2237 4605 D
2261 4566 2317 4619 ln
2343 4566 2426 4619 his
2443 4573 2533 4618 tua
2564 4578 2622 4618 se
2647 4569 2900 4620 exerceat
2926 4561 3206 4625 sanctitas,
3230 4567 3290 4613 ut
3319 4559 3427 4613 Deo
3459 4557 3765 4613 auxiliante
3795 4557 3858 4612 de

2259 4656 2420 4726 hujus
2464 4655 2588 4710 vitae
2615 4654 2800 4710 labore
2828 4654 2896 4708 ad
2920 4661 3194 4725 perpetuae
3223 4653 3420 4724 quietis
3458 4652 3858 4708 beatitudinem

2257 4749 2540 4822 pervenire
2554 4747 2838 4802 merearis.

2259 4910 2390 4964 chos
2414 4907 2468 4961 in
2493 4905 2740 4962 ecclesiis
2765 4911 2920 4958 extra
2948 4902 3209 4957 dimcesin
3236 4902 3608 4957 Turonensem
3638 4900 3861 4966 sitis,et

2260 4983 2328 5034 ad
2358 4979 2744 5032 monasterium
2803 4974 2976 5029 sancti
3008 4973 3222 5028 Martini
3281 4971 3727 5042 pertinentibus;
3772 4970 3861 5041 qui

2259 5057 2440 5104 tamen
2467 5046 2759 5103 visitationi
2789 5044 3024 5115 episcopi
3063 5043 3290 5113 subjecti
3339 5044 3572 5106 fuerant,
3601 5051 3661 5097 et
3688 5043 3752 5098 in
3777 5057 3864 5114 sy-

2259 5120 2416 5175 nodis
2440 5133 2757 5188 comparere
2781 5117 3070 5188 debebant.

2334 5203 2355 5230 ο
2398 5185 2630 5244 Froben.
2664 5188 2822 5258 epist.
2850 5185 2974 5239 202.

2331 5260 2358 5301 (ι
2403 5260 2638 5330 Nifridio
2697 5254 2956 5330 episcopo.
3023 5255 3121 5309 Est
3165 5254 3519 5330 is_l_\lefridi_us
3565 5256 3866 5330 episcopus

2259 5325 2670 5404 Narbonetisis,_
2697 5325 2789 5398 qui
2819 5325 2962 5404 alibi
2980 5342 3192 5404 quoque
3228 5325 3653 5404 Ni_mfridi_us__e_t_
3674 5325 3867 5404 Νἱῧιὶ-

2259 5403 2467 5457 hridius
2502 5397 2848 5472 appellatur,__
2875 5397 2965 5472 qui
2992 5397 3045 5472 in
3076 5411 3240 5472 causa
3289 5399 3509 5472 haeresis
3539 5397 3581 5472 _F
3586 5397 3754 5472 elicis
3813 5405 3869 5450 et

2261 5467 2554 5543 Elipandif
2571 5467 2703 5543 cum
2721 5469 2881 5543 sociis
2905 5467 3184 5543 _Laidrado
3210 5468 3550 5543 Lugdunensi
3573 5468 3868 5543 __episcopo

2261 5552 2316 5599 et
2342 5537 2628 5597 Benedicto
2658 5540 2854 5594 abbate
2889 5538 3184 5609 Anianensi
3215 5537 3412 5593 miésus
3455 5546 3541 5593 est
3573 5537 3864 5609 Urgellas:

2262 5631 2368 5684 qua
2403 5613 2688 5684 occasione
2712 5609 2970 5684 Alcuinus
2993 5608 3197 5684 eisdem
3217 5609 3390 5684 libros
3411 5608 3676 5664 adversus
3714 5611 3869 5664 illam

2261 5679 2490 5740 haeresin
2517 5683 2765 5752 scriptos,
2796 5679 3014 5749 praeﬁxa
3039 5679 3287 5752 epistola,
3338 5680 3631 5751 inscripsit,
3661 5680 3736 5735 de
3758 5695 3871 5752 qua

2263 5771 2363 5812 suo
2387 5755 2526 5812 loco.
2590 5750 2726 5808 Vide
2752 5758 2865 5807 not.
2899 5761 2944 5817 ο,
2987 5750 3091 5806 col.
3121 5751 3245 5807 489.
