4064 6342
226 356 322 426 489

1654 340 2032 412 EPISTOLA‘Z.

3383 357 3489 423 190

264 448 478 537 Frater
500 483 634 534 vero
661 487 688 518 ι
716 456 1038 531 Benedictus
1073 480 1195 530 mea
1222 472 1406 529 omnia
1438 472 1533 528 tibi
1587 472 1797 527 innote—
1826 475 1872 534 Α
1898 477 1961 523 ut
2011 470 2215 540 optimo
2257 470 2370 542 regi
2406 467 2609 541 optime
2652 465 2941 525 serviatur.
2993 466 3097 537 Qui
3125 470 3266 527 bona
3313 438 3496 550 elegat

222 587 368 631 scere
398 571 658 644 potuerit,
693 584 852 640 quem
878 584 1001 624 cum
1030 568 1285 640 lacrymis
1322 566 1522 622 dimisi.
1565 565 1645 621 Tu
1671 581 1801 621 vero

221 684 336 727 cum
383 663 580 739 gaudio
623 663 853 735 recipias
877 677 1029 729 eum;
1077 677 1175 716 vos
1215 676 1345 717 vero
1375 660 1533 715 ambo
1558 659 1802 715 laborate

220 758 368 831 quasi
411 756 538 812 boni
584 764 832 828 pastores
866 755 920 810 in
948 769 1108 826 grege
1132 753 1365 818 Christi;
1391 752 1523 808 nihil
1549 753 1804 807 haesitan-

219 860 294 907 tes
325 852 393 907 de
413 849 663 905 mercede
684 856 967 920 perpetua,
1019 862 1139 918 quae
1169 846 1384 902 dabitur
1409 846 1639 901 ﬁdeliter
1683 860 1803 917 gre—

217 957 332 1017 gem
381 941 582 999 Christi
611 941 976 1013 pascentibus.
1032 940 1232 996 Omnes
1261 954 1390 995 vero
1431 941 1712 1011 episcopos
1748 946 1805 993 et

215 1036 404 1092 Patres
443 1034 672 1091 fratrum
702 1043 1010 1092 nostrorum
1039 1050 1106 1090 ex
1134 1034 1305 1090 nostri
1367 1034 1599 1089 nominis
1627 1031 1802 1090 officio

213 1130 266 1187 in
294 1131 562 1187 charitate
613 1136 670 1186 et
712 1129 1072 1202 prosperitate
1122 1129 1371 1194 salutate,
1412 1137 1664 1199 rogantes
1709 1143 1805 1183 eos

212 1225 387 1282 nostri
406 1239 527 1281 esse
538 1238 810 1280 memores
836 1223 1051 1279 assidua
1076 1222 1479 1285 intercessione;
1507 1229 1568 1275 ut
1592 1222 1659 1276 de
1682 1235 1805 1276 mea

208 1317 385 1377 salute
412 1318 485 1373 illi
513 1317 820 1373 mercedem
853 1316 1089 1371 habeant
1120 1315 1523 1386 sempiternam.

273 1414 448 1486 268
474 1413 618 1467 Deus
644 1425 833 1466 omnes
873 1409 990 1465 illos
1010 1417 1269 1482 perpetua
1327 1408 1663 1478 protectione
1706 1420 1805 1460 cu-

206 1508 413 1566 stodiat
435 1515 491 1562 et
510 1505 676 1561 faciat
697 1520 792 1560 eos
818 1504 869 1558 in
906 1503 1051 1559 omni
1080 1517 1244 1573 opere
1269 1501 1412 1556 bono
1436 1486 1722 1571 proﬁcere,
1746 1506 1809 1553 ut

204 1599 565 1673 multiplicato
595 1596 918 1653 talentorum
970 1611 1196 1651 numero
1239 1593 1517 1664 multiplici
1554 1607 1808 1647 remune-

205 1692 423 1748 ratione
447 1690 592 1763 digni
605 1687 910 1745 efﬁciantur
935 1688 1074 1764 apud
1098 1685 1290 1741 Deum.
1326 1685 1524 1740 Vivant
1543 1698 1732 1739 omnes
1753 1690 1810 1738 et

202 1783 440 1843 ﬂoreant
464 1783 691 1840 feliciter
720 1782 773 1836 in
812 1779 1029 1836 Christo
1050 1780 1279 1835 Domino
1308 1778 1418 1834 Deo
1455 1786 1659 1833 nostro.

691 1897 721 1937 b
744 1894 1079 1951 EPISTOLA
1102 1894 1304 1951 CCXV.

622 1984 689 2022 ΔΙ)
729 1983 1128 2023 οιιεετιεδιιεοε
1166 1982 1387 2023 PATRES.

771 2059 949 2131 (Anno
987 2058 1239 2127 incerto.)

202 2151 477 2212 Hortatur
508 2152 629 2209 illos
657 2152 725 2208 ad
751 2153 1061 2207 charitatem
1086 2161 1134 2206 et
1183 2151 1252 2206 ad
1282 2150 1486 2206 labores
1538 2151 1656 2206 vitae
1688 2167 1802 2205 mo-

642 2228 645 2231 i
794 2250 797 2253 ’
891 2246 1126 2300 nasticw.

272 2339 662 2397 Dilectissimis
714 2338 769 2392 in
806 2336 1024 2392 Christo
1052 2336 1297 2407 patribus
1336 2343 1655 2407 perpetuam
1710 2351 1800 2392 sa-

193 2431 407 2490 lutem.

275 2523 436 2590 Quos
459 2520 566 2576 ﬁda
583 2535 795 2591 semper
820 2519 1065 2589 sequitur
1088 2516 1351 2582 charitas,
1379 2518 1574 2589 saepius
1598 2517 1804 2573 littera—

189 2629 331 2671 rum
358 2619 687 2683 sequaturet
700 2612 888 2676 series,
916 2610 1323 2680 quiaquoddam
1348 2618 1435 2665 est
1460 2611 1692 2666 amantis
1719 2625 1804 2665 re-

190 2708 513 2781 frigerium,
539 2707 821 2763 aestuantis
853 2707 1020 2761 animi
1048 2705 1320 2762 fervorem
1345 2704 1524 2760 verbis
1550 2703 1635 2758 vel
1662 2701 1804 2757 litte-

190 2803 276 2858 ris
296 2799 598 2872 explicare,
641 2799 767 2870 quia
796 2798 963 2853 verba
992 2797 1117 2852 data
1165 2805 1291 2853 sunt
1336 2797 1405 2851 ad
1430 2794 1676 2850 veritatis
1710 2793 1804 2848 de-

189 2892 681 2955 menstrationem,
741 2891 819 2945 uti
844 2890 987 2960 quod
1014 2904 1109 2945 cor
1134 2889 1403 2944 veraciter
1426 2887 1679 2957 concipit,
1703 2884 1805 2939 lin-

190 3000 306 3058 gua
331 2999 446 3042 non
468 2982 736 3040 fallaciter
748 2983 1014 3055 proferat,
1060 2990 1116 3037 et
1164 2998 1320 3038 suum
1348 2996 1442 3036 cor
1476 2980 1644 3035 frater
1670 2978 1804 3033 alte-

190 3082 317 3137 rius
343 3078 597 3136 infundat
619 3077 784 3144 cordi,
830 3084 887 3132 et
916 3075 1010 3130 fiat
1032 3075 1362 3130 unanimitas
1398 3075 1723 3139 animorum,
1746 3074 1800 3128 in

193 3173 410 3245 quibus
426 3171 826 3229 estcommunio
847 3167 1162 3234 charitatis;
1188 3166 1521 3241 nanianima
1540 3166 1658 3221 sine
1668 3168 1801 3221 cha-

190 3264 372 3320 ritate
406 3270 619 3319 mortua
640 3270 746 3329 est,
782 3277 887 3317 non
909 3260 1115 3316 habens
1154 3258 1347 3315 divina:
1371 3257 1637 3314 Bonitatis
1668 3258 1804 3313 ima-

191 3355 413 3428 ginem,
446 3353 514 3409 ad
535 3369 699 3424 quam
723 3354 891 3409 creati
918 3366 1104 3407 sumus
1128 3368 1144 3417 ;
1175 3351 1339 3406 etiam
1365 3360 1421 3406 et
1440 3350 1683 3406 renovati
1706 3364 1805 3422 per

191 3447 512 3504 bonitatem
536 3446 835 3503 Salvatoris
862 3445 1060 3511 nostri,
1109 3444 1202 3515 qui
1232 3444 1308 3498 ait
1339 3462 1351 3497 :
1395 3442 1463 3497 In
1490 3444 1587 3498 hoc
1613 3460 1804 3513 cogno-

192 3549 347 3595 scent
368 3556 571 3605 omnes,
621 3540 747 3611 quia
792 3539 894 3593 mei
934 3536 1178 3608 discipuli
1206 3537 1350 3601 estis,
1402 3537 1446 3591 si
1472 3534 1801 3591 dilectionem

193 3630 503 3685 habueritis
522 3629 592 3685 ad
630 3629 848 3684 invicem
888 3628 1071 3699 (Joan.
1101 3643 1223 3693 xm,
1250 3627 1361 3699 55).
1403 3626 1478 3683 De
1506 3626 1659 3697 cujus
1685 3628 1804 3683 dul-

195 3719 402 3776 cedine
432 3721 547 3775 non
581 3720 714 3776 mihi
739 3734 875 3791 opus
895 3733 1016 3774 esse
1040 3719 1277 3774 arbitror
1308 3718 1539 3790 plurima
1566 3720 1803 3775 scribere

195 3824 408 3872 vestrae
428 3816 724 3883 sanctitati,
753 3832 913 3887 quam
937 3816 1066 3871 olim
1088 3816 1374 3883 didicistis,
1403 3825 1459 3873 et
1490 3817 1692 3874 habere
1721 3818 1803 3873 in-

196 3907 507 3983 notuistis.‘
557 3905 818 3980 Superest
837 3916 898 3963 ut
914 3924 1086 3979 usque
1139 3909 1207 3963 ad
1230 3910 1391 3964 ﬁnem
1420 3909 1634 3965 ﬁrmum
1670 3911 1804 3965 reti-

196 3999 410 4065 neatis,
437 3998 695 4069 quoniam
722 3999 811 4071 qui
832 4000 1232 4071 perseveraverit
1253 4017 1414 4072 usque
1443 4001 1501 4056 in
1527 4002 1688 4071 ﬁnem
1716 4003 1802 4057 hic

195 4090 387 4147 salvus
408 4092 510 4146 erit
535 4089 748 4164 (Matth.
779 4106 834 4159 x,
863 4090 976 4162 22).

275 4181 475 4240 Saluta
527 4199 764 4256 quoque,
820 4195 842 4223 ο
884 4185 1223 4240 sanctissime
1265 4184 1428 4240 Pater
1459 4185 1665 4241 lnfridii
1694 4184 1808 4241 ira.

196 4286 322 4335 tres
341 4286 565 4334 nostros
586 4278 884 4334 servientes
896 4278 1164 4349 siquidem
1188 4287 1389 4334 sanctae
1408 4277 1623 4335 MANE.
1653 4278 1805 4350 Opti-

199 4387 358 4427 mam
378 4386 511 4427 vere
536 4369 815 4443 elegerunt
842 4371 1136 4434 dominam,
1186 4379 1244 4427 et
1263 4372 1527 4444 optimum
1546 4388 1802 4444 sponsum

196 4464 457 4536 ejusdem
488 4465 719 4521 dominae
746 4473 803 4520 et
824 4465 1025 4536 reginae
1067 4464 1357 4532 cmlorum;
1390 4472 1448 4521 et
1474 4465 1694 4537 dignum
1719 4473 1803 4521 est

1907 561 2115 636 [ποι-ιε,
2158 565 2326 636 eligit,
2358 565 2441 621 vel
2468 564 2684 639 elegit],
2722 565 2863 620 bona
2888 568 3176 632 custodiat,
3207 569 3346 626 bona
3384 590 3494 632 non

1903 656 2266 728 derelinquat,
2297 657 2392 712 sed
2415 657 2804 729 perpetualiter
2824 657 2965 712 bona
2990 659 3241 715 retineat.
3292 663 3495 723 Parum

1903 756 1991 802 est
2025 748 2289 820 incepisse
2325 749 2485 814 bona,
2526 750 2629 804 nisi
2657 757 2717 803 ut
2741 761 3051 821 perseveret
3089 753 3142 807 in
3179 754 3354 821 bonis,
3400 758 3494 828 qui

1903 840 2043 895 bona
2073 842 2239 912 eligit.
2294 841 2433 910 Quid
2480 850 2563 897 est
2612 842 2850 897 laborem
2880 844 3215 899 fructuosum
3262 848 3495 903 derelin-

1904 946 2092 1000 quere,
2144 942 2199 987 et
2225 933 2396 988 labori
2446 933 2778 988 infructuose
2818 936 3147 1005 mancipari?
3187 937 3364 992 Labor
3391 941 3499 994 ita-

1904 1038 2008 1093 que
2038 1026 2368 1080 monachicze
2403 1026 2527 1080 vitae
2550 1024 2856 1080 fructuosus
2883 1036 2998 1092 est;
3044 1026 3194 1081 labor
3222 1044 3351 1085 vero
3398 1047 3499 1085 sae-

1904 1116 2009 1172 culi
2064 1115 2427 1172 infructuosus
2481 1128 2583 1173 est.
2652 1118 2780 1174 Sine
2831 1118 3016 1174 labore
3072 1137 3232 1176 nemo
3284 1124 3416 1178 vivit
3442 1125 3498 1179 in

1904 1208 2133 1275 mundo;
2173 1219 2228 1264 et
2253 1206 2380 1262 felix
2403 1209 2651 1274 nimium,
2674 1210 2768 1278 qui
2797 1210 2863 1263 de
2892 1209 3077 1266 labore
3106 1214 3251 1269 venit
3308 1215 3363 1268 in
3410 1230 3499 1270 re-

1906 1302 2110 1372 quiem,
2167 1310 2224 1357 et
2255 1301 2439 1356 infelix
2467 1302 2558 1372 qui
2611 1301 2677 1356 de
2698 1300 2883 1357 labore
2909 1303 3057 1358 venit
3104 1305 3157 1359 in
3188 1314 3495 1375 tormenta;

1906 1392 2118 1448 laborat
2145 1394 2289 1448 enim
2335 1402 2395 1448 ut
2430 1393 2570 1448 male
2598 1394 2817 1460 habeat,
2854 1402 3038 1449 etnon
3088 1396 3336 1469 intelligit
3368 1398 3501 1468 quid

1906 1472 2055 1538 iacit.
2108 1483 2461 1556 lntelligentia
2507 1485 2652 1540 enim
2678 1498 2813 1554 Opus
2839 1490 2925 1538 est
2962 1484 3017 1538 in
3064 1485 3195 1551 vita,
3254 1495 3315 1541 ut
3363 1489 3502 1544 sciat

1909 1577 2072 1632 homo
2095 1578 2161 1631 ad
2192 1593 2351 1647 quem
2397 1576 2558 1632 ﬁnem
2603 1576 2790 1631 tendat
2818 1576 3104 1632 retributio
3138 1576 3340 1634 laboris
3390 1579 3497 1635 sui.

1908 1668 2119 1725 Parvus
2147 1670 2301 1725 labor
2325 1671 2376 1725 in
2400 1670 2540 1724 bono
2563 1669 2782 1724 homine
2823 1676 3083 1740 perpetua
3124 1670 3499 1727 remunerabi-

1908 1769 1998 1817 tur
2031 1764 2231 1833 quiete.
2318 1760 2669 1831 Omnipotens
2697 1760 2839 1816 Deus
2884 1762 2953 1817 ad
3008 1761 3302 1818 multorum
3353 1762 3499 1818 salu-

1824 1854 1876 1915 B
1904 1863 2012 1910 tem
2031 1870 2129 1911 vos
2143 1853 2385 1925 longaeva
2403 1852 2761 1925 prosperitate
2771 1850 3036 1923 proﬁcere
3054 1855 3336 1923 concedat,
3363 1855 3500 1912 cha-

1864 1992 1869 1995 .
1904 1947 2105 2003 rissimi
2135 1946 2346 2003 Patres.

2259 2061 2287 2101 ἀ
2311 2061 2477 2134 269
2502 2059 2837 2118 EPISTOLA
2871 2060 3099 2118 CCXVI.

2286 2179 2355 2217 AD
2391 2177 2767 2218 CUNIBERCTUH
2800 2180 3109 2219 EPISCOPUI.

1904 2257 2246 2313 Commendat
2288 2258 2594 2311 memoriam
2641 2267 2922 2312 contracta:
2952 2259 3076 2312 olim
3107 2261 3371 2315 amicitia.
3411 2261 3501 2318 Ad

1976 2346 2104 2399 opus
2134 2329 2529 2402 praedicationis
2540 2328 2820 2402 hortatur,
2861 2328 3008 2382 nulla
3037 2329 3219 2384 swculi
3246 2340 3500 2402 potestate

1974 2398 2068 2453 aut
2094 2398 2323 2453 vanitate
2357 2398 2765 2469 impediendum.

1976 2512 2310 2569 Veneranda:
2340 2512 2616 2582 dignitatis
2638 2512 2781 2566 Patri
2821 2524 2843 2551 ο
2871 2513 3197 2572 Cunihercto
3220 2516 3500 2590 episcopo,

1904 2605 2126 2663 humilis
2156 2604 2339 2658 Levita
2366 2603 2628 2659 Alcuinus
2654 2605 2902 2661 salutem.

1975 2695 2116 2752 Olim
2151 2696 2170 2735 ί
2213 2696 2268 2750 in
2304 2694 2550 2766 synodali
2600 2706 2908 2751 sanctorum
2957 2695 3180 2753 Patrum
3232 2707 3504 2758 conventu

1902 2798 2083 2846 vestra
2136 2790 2353 2845 bonitas
2398 2789 2681 2844 nobiscum
2728 2791 2934 2863 pepigit
2980 2799 3138 2862 pacta
3192 2794 3499 2864 charitatis,

1904 2897 2025 2952 quae
2056 2888 2281 2951 propter
2310 2880 2771 2949 opportunitatem
2815 2878 2974 2948 hujus
2998 2883 3279 2951 portitoris
3305 2880 3503 2940 his‘lit-

1904 2975 2096 3031 terulis
2128 2974 2455 3030 humilitatis
2483 2986 2683 3031 nostra:
2709 2991 2971 3032 renovare
3002 2979 3240 3045 studeat,
3268 2994 3338 3035 ne
3359 2980 3502 3037 forte

1902 3068 2062 3141 longa
2100 3070 2344 3125 absentia
2381 3070 2710 3126 oblivionem
2739 3071 2914 3126 nostri
2960 3074 3195 3129 nominis
3219 3075 3501 3132 vobiscum

1905 3160 2149 3218 fecisses.
2199 3161 2449 3217 Charitas
2480 3158 2807 3218 obliviOnem
2837 3178 2946 3219 non
2970 3165 3191 3234 patitur,
3222 3174 3279 3221 et
3298 3168 3503 3227 veritas

1908 3257 2053 3312 nulla
2085 3265 2343 3326 temporis
2380 3256 2713 3328 longitudine
2737 3258 3131 3327 maculabitur,
3176 3262 3414 3317 maxime
3441 3263 3500 3317 in

1905 3350 1999 3407 tali
2032 3366 2263 3421 persona
2295 3358 2351 3406 et
2388 3359 2498 3405 tam
2536 3349 2796 3420 praeclaro
2824 3352 3131 3408 sanctitatis
3168 3354 3305 3419 viro,
3345 3353 3501 3426 cujus

1904 3448 2202 3506 latissimus
2241 3446 2482 3505 melliﬁui
2522 3448 2759 3519 pectoris
2784 3447 2937 3502 sinus
2966 3448 3363 3506 multitudinem
3388 3454 3501 3522 spi-

1903 3543 2142 3599 ritalium
2165 3557 2495 3615 congregare
2516 3541 2814 3597 amicorum
2838 3541 3012 3609 solet;
3045 3542 3190 3597 inter
3213 3559 3352 3614 quos
3378 3558 3505 3615 par-

1902 3636 2085 3691 vitatis
2114 3650 2249 3691 mea:
2276 3649 2473 3690 nomen
2508 3633 2762 3704 aliquem,
2812 3634 3094 3703 deprecor,
3140 3635 3378 3691 inveniat
3418 3636 3501 3694 lo-

1904 3747 2065 3799 cum,
2114 3739 2170 3788 et
2214 3738 2391 3786 vestra
2430 3729 2763 3785 nobilissima
2800 3729 3033 3785 ﬁdelitas
3079 3732 3389 3801 quondam,
3436 3741 3503 3789 ut

1899 3823 2250 3893 praediximus
2273 3862 2289 3887 ,
2337 3821 2656 3892 promittere
2707 3835 2814 3875 non
2861 3820 3191 3876 abhorruit:
3243 3836 3344 3876 nec
3390 3837 3500 3879 non

1903 3913 2128 3985 supplici
2152 3912 2543 3975 obsecratione,
2575 3911 2740 3965 Pater
2760 3912 2832 3965 mi
2863 3912 2875 3964 !
2907 3911 3159 3981 deposco,
3188 3919 3247 3966 ut
3271 3913 3501 3968 sanctis-

1902 4008 2053 4063 simis
2072 4006 2238 4061 vestri
2266 4004 2544 4076 regiminis
2564 4003 2823 4058 fratribus
2845 3999 3103 4059 eamdem
3121 4003 3188 4060 de
3212 4005 3370 4061 nobis
3394 4007 3503 4079 spi-

1901 4098 2114 4152 ritalem
2145 4112 2328 4151 curam
2369 4094 2569 4150 habere
2580 4094 2839 4163 jubeatis.

1973 4187 2170 4242 Fateor
2195 4186 2315 4252 tibi,
2344 4186 2681 4242 sanctissime
2708 4186 2905 4256 praesul
2930 4188 2943 4242 l
2990 4189 3136 4258 quod
3160 4191 3500 4249 venerabiles

1901 4280 2129 4336 fratrum
2175 4279 2619 4351 congregationes
2649 4278 2889 4336 studiose
2915 4281 3110 4349 amavi,
3149 4297 3284 4353 quas
3311 4284 3365 4338 in
3392 4283 3499 4342 illis

1903 4373 2213 4447 regionibus
2241 4373 2352 4428 Deo
2391 4373 2665 4429 deservire
2706 4374 2884 4446 dignis
2910 4375 3153 4432 moribus
3175 4419 3189 4444 ,
3238 4387 3499 4436 narrante

1902 4466 2067 4535 fama,
2101 4466 2405 4522 audivimus
2433 4482 2449 4532 ;
2482 4465 2608 4521 licet
2634 4467 2791 4523 nobis
2828 4467 3014 4525 datum
3044 4484 3152 4525 non
3181 4479 3325 4527 esset
3375 4487 3499 4530 cor-

280 4611 312 4639 a
352 4596 689 4677 Fratervero
712 4600 1060 4677 Benedicme
1093 4599 1643 4677 Αὶιιιξιςι-Αιιίειιιεὲῐι-εἰε2
1682 4618 1807 4677 san-
1835 4608 1886 4669 Ι)
1909 4604 2085 4664 Ionius
2112 4600 2309 4677 Annal.
2322 4600 2462 4677 libr.
2485 4616 2636 4663 XXIV.
2694 4616 2841 4677 num.
2865 4600 2955 4677 8_6,
2986 4590 3299 4677 pagg“).
3329 4604 3500 4677 Igitur

198 4672 400 4743 gtitate
428 4669 678 4743 celebris,
717 4672 810 4742 qui
870 4673 974 4727 sub
1020 4671 1214 4728 Carolo
1239 4671 1431 4743 Magno
1454 4680 1511 4726 et
1532 4671 1800 4731 Ludovico

196 4740 309 4800 Pio
328 4740 803 4813 monasteriorum,
855 4744 1156 4816 praesertim
1189 4740 1514 4816 Aquitaniae,
1565 4744 1803 4816 discipli-

197 4832 343 4899 nam
366 4815 701 4901 reformavit,
757 4834 821 4874 ac
846 4814 1042 4901 sepius
1088 4823 1372 4901 prppterea
1414 4814 1803 4901 aulamhatgue

198 4887 393 4960 ipsum
423 4887 709 4960 Alcuinum
758 4887 1007 4956 accessit,
1060 4887 1354 4960 multaque:
1402 4887 1804 4960 necessitudine

198 4957 287 5033 i_ll_i
309 4958 558 5033 adhaesit,
581 4957 885 5033 ejusjlitam
906 4961 1124 5017 consule
1139 4957 1279 5033 apud
1296 4959 1660 5033 Mahillonium
1680 4958 1799 5015 Act.

199 4974 285 5013 ιιιι
309 4974 558 5024 aonaesit,
581 4974 697 5085 egus
714 4974 885 5016 Vitam
906 4974 1124 5017 consule
1139 4974 1279 5033 apud
1296 4974 1660 5016 maculonium
1680 4974 1799 5015 act.

199 5028 321 5084 SS.
351 5028 575 5105 Or_di_ni_s_
640 5031 816 5105 ._Ben.
1004 5040 1243 5105 iv,pa_rt.
1263 5047 1442 5103 i,pag.
1465 5032 1561 5087 191
1582 5041 1639 5089 et
1660 5046 1800 5105 seq.,

200 5050 321 5084 na.
351 5050 569 5085 Ul'umls
596 5050 653 5085 δ.
686 5050 816 5086 neu.
853 5050 977 5088 saec.
1004 5050 1080 5097 iv,
1140 5050 1279 5088 art.i

196 5109 265 5157 et
281 5100 781 5229 ῗρὲἑιοξεοὲιεὲῐξξυξιι
792 5103 1043 5229 2ai(t)15diem
1068 5050 1136 5158 1?
1157 5102 1289 5159 Feb.

568 5213 582 5226 .
674 5189 721 5228 is
750 5213 763 5226 .
904 5213 918 5226 .

396 5186 582 5227 tonen.
606 5186 763 5228 emst.
792 5186 918 5228 205.

283 5188 318 5211 υ
352 5188 582 5227 r'ronen.
606 5188 763 5243 optat.
792 5188 918 5229 zuo.

283 5239 700 5315 ¢_A_Sanctissime
723 5243 883 5298 Pater
911 5243 1147 5315 Infridii.
1182 5244 1493 5315 Legende
1521 5253 1670 5300 certe
1709 5244 1806 5300 Nic

231 5313 392 5379 'ridii,
416 5315 758 5398 commutatis
776 5313 1033 5440 inﬁt-ima
1045 5315 1247 5399 syllaba
1269 5313 1493 5370 litterisi
1519 5324 1575 5370 et
1591 5333 1645 5382 η,
1661 5317 1805 5387 quod

231 5399 479 5440 renuens
502 5394 589 5440 est
607 5402 660 5440 ιιι
686 5393 856 5440 veteri
895 5401 959 5440 us
982 5394 1281 5440 scripturis.
1344 5404 1367 5440 ι
1398 5386 1446 5440 ls
1466 5386 1626 5440 paulo
1681 5395 1805 5440 ante

224 5385 485 5457 requens
502 5394 589 5457 est
607 5385 671 5457 in
686 5385 959 5442 veteribus
982 5385 1281 5457 scripturis.
1344 5404 1367 5442 ι
1398 5386 1446 5440 ls
1465 5386 1626 5457 paulo
1678 5385 1806 5442 ante

195 5469 440 5526 annum,
468 5455 571 5512 778
595 5456 802 5526 primus
847 5464 1054 5521 auctor,
1090 5455 1353 5526 idemque
1380 5455 1585 5526 primus
1639 5457 1807 5514 abbas

194 5523 328 5595 fuit
346 5525 572 5595 insignis
597 5523 910 5582 monasterii
932 5526 1113 5583 Beata:
1138 5523 1319 5583 Maria:
1354 5523 1421 5581 de
1447 5524 1681 5583 Orbione
1710 5544 1806 5584 seu

197 5594 569 5670 yrbionesic
592 5598 720 5670 dicti
736 5615 777 5670 7a
798 5597 959 5670 ﬂuvio
1005 5599 1271 5670 proximo,
1322 5597 1484 5670 quod
1517 5598 1806 5669 aliquando

194 5665 405 5740 Beata;
431 5667 615 5724 Maria:
638 5669 704 5723 de
734 5665 1101 5735 Navaliisfab
1131 5665 1356 5725 ammna'
1384 5667 1543 5740 valle,
1587 5665 1640 5724 iii
1698 5685 1806 5740 qua

194 5735 388 5792 situm
417 5747 531 5803 est;
593 5748 867 5809 postremo
887 5741 1063 5795 Beatae
1080 5740 1263 5796 Mariae
1281 5742 1349 5796 de
1375 5739 1574 5795 Crassa
1602 5735 1809 5796 nuncu-

192 5812 416 5883 patur;
448 5809 907 5883 deincepsfactus
916 5810 1016 5883 fuit
1034 5812 1469 5883 archiepiscopus
1492 5811 1808 5883 Narbonen-

199 5877 336 5945 sis,
367 5886 427 5936 ut
449 5895 517 5937 ex
551 5877 721 5937 veteri
761 5880 865 5937 loci
890 5881 1206 5956 Necrologio
1218 5877 1500 5945 discimus.
1535 5903 1555 5938 ι
1602 5882 1811 5957 (Mahil-
1838 5967 1842 5971 ‘

710 5975 987 6037 Ρηιιοι..
1036 5974 1105 6039 C.

1907 4679 1973 4736 ad
1998 4674 2293 4730 monachos
2322 4671 2484 4741 hujus
2526 4671 2841 4726 monasterii
2879 4671 3021 4725 hanc
3050 4671 3335 4742 epistolam
3356 4671 3497 4736 Scri-

1901 4760 2054 4824 ptam
2087 4743 2253 4798 fuisse
2273 4744 2544 4798 existimo.

1974 4819 2002 4859 τι
2032 4815 2264 4871 Froben.
2295 4814 2451 4882 epist.
2481 4810 2585 4867 204

2078 4832 2264 4870 ronen.
2295 4832 2451 4870 ευιει.
2481 4832 2605 4867 Ζυιι.

1979 4902 2003 4930 e
2034 4885 2341 4955 Cunibercto
2362 4884 2633 4955 episcopo.
2664 4882 2720 4937 In
2749 4882 3049 4955 Britannia,
3076 4893 3137 4940 ut
3174 4902 3241 4943 ex
3276 4892 3492 4949 verbis:

1903 4964 1976 5019 Et
2016 4966 2209 5014 nostra:
2244 4952 2590 5009 celeberrimae
2626 4952 2813 5008 insqu
2852 4954 3146 5011 Britannia:
3183 4960 3497 5019 habitatori-

1906 5035 2020 5097 bus,
2044 5041 2176 5093 etc.,
2203 5025 2413 5097 colligo.
2443 5024 2539 5080 Est
2562 5025 2609 5097 is
2620 5026 3226 5097 absuubioliinebertus
3242 5032 3498 5092 Ventanaa

1904 5102 2143 5163 civitatis
2190 5096 2431 5167 pontifex
2479 5096 2659 5151 socius
2702 5096 3009 5167 Aedilbardi
3055 5100 3111 5154 in
3145 5102 3339 5158 itinere
3380 5105 3493 5162 Ro-

1905 5190 2087 5233 mano.
2123 5166 2405 5246 Videbat.
2449 5167 2621 5246 Epist.
2655 5166 3094 5246 1_1§.__Cuniberti
3119 5174 3278 5246 etiam
3314 5176 3495 5246 cujus-

1906 5249 2028 5304 dam
2059 5240 2305 5298 meminit
2331 5236 2646 5295 Anastasius
2672 5239 3119 5297 Bibliothecarius
3142 5244 3195 5297 in
3217 5245 3335 5300 Vita
3359 5236 3495 5303 Leo-

1904 5321 1991 5374 nis
2034 5314 2098 5370 lll
2150 5313 2292 5366 inter
2337 5310 2533 5365 missos
2583 5309 2924 5365 ﬁdelissimos
2977 5312 3045 5366 ad
3095 5313 3493 5381 dijudicandam

1906 5401 2127 5445 causam
2152 5381 2391 5451 ejusdem
2426 5382 2621 5437 summi
2651 5381 2920 5451 pontiﬁcis
2948 5397 3090 5437 anno
3137 5384 3237 5440 799
3264 5386 3489 5444 Romam

1905 5460 2129 5532 legath.
2158 5453 2358 5532 ᾼιι-ὶιίυ
2386 5453 2527 5532 idem
2544 5468 2673 5532 cum
2701 5460 2886 5506 nostro
2911 5453 3003 5532 sit,
3027 5454 3309 5510 incertum.

2170 5525 2190 5565 τ
2242 5522 2575 5611 In‘sy‘nodali
2611 5534 2911 5611 sanctorum
2950 5522 3491 5611 Patrum-conventu.

1908 5593 2688 5672 Qui—{hicconventusfuerit,
2729 5603 2783 5672 et
2808 5594 2863 5646 in
2889 5609 2995 5672 quo
3018 5594 3152 5661 loco,
3182 5597 3237 5650 in
3273 5598 3492 5672 Anglia,

1907 5664 1974 5726 a'n
2001 5671 2058 5725 in
2084 5667 2253 5725 Gallia
2282 5666 2603 5730 celebratus,
2645 5665 2848 5735 pariter
2889 5664 3129 5734 ignotum
3176 5677 3279 5724 est.
3332 5664 3494 5729 Knno

2037 5742 2253 5819 quidam
2275 5736 2690 5819 Chumberchus
2715 5735 2997 5819 episcopus
3021 5738 3252 5819 decretis
3279 5742 3493 5819 concilii

1907 5805 2321 5887 Calchuthensis
2359 5806 2700 5887 subscripsit.
2763 5805 2993 5864 Wilkins
3040 5808 3243 5866 Concil.
3310 5811 3488 5887 Magn.

1906 5882 2201 5942 Britanniae
2220 5879 2330 5937 vol.
2359 5877 2401 5948 ι,
2423 5893 2546 5951 pag.
2577 5876 2701 5935 151.

2974 5978 3050 6041 16
