4064 6342
523 381 632 439 495

1388 365 1448 421 Β.
1497 365 1558 419 F.
1598 359 1825 417 ALBlNl
1862 356 1995 414 SEU
2032 348 2310 411 ALCUINI
2347 342 2631 408 OPERUM
2668 344 2849 401 PARS
2880 340 2922 400 l.

3681 332 3811 427 496‘
3874 414 3883 427 ν

524 505 618 552 tus
627 493 827 563 jaceat,
854 497 909 543 et
929 486 1032 543 iste
1055 498 1187 541 sano
1211 482 1383 552 vigeat
1408 492 1651 548 corpore.
1677 476 1847 530 Tuam
1868 471 2107 544 paterni-
2136 473 2183 532 Α
2212 439 2432 521 idcirco.
2464 459 2757 563 studiosius
2809 470 2987 511 meam
3022 452 3187 563 Q79
3213 448 3534 563 parvitatem
3573 438 3803 525 ,δεηώ
3876 454 3883 463 ι

526 562 696 644 tatem
735 596 833 655 pro
859 580 1015 636 nobis
1064 574 1481 632 intercedentem
1529 569 1652 641 pius
1697 568 1841 623 Deus
1878 566 1934 621 in
1962 562 2109 621 omni

528 680 675 737 bono
696 675 961 748 proﬁcere
989 669 1170 725 faciat.

914 798 917 801 ν
1000 800 1025 828 ιι
1050 779 1383 840 EPISTOLA
1420 775 1675 849 cum.

1153 914 1221 953 Δί)
1262 908 1497 949 EUlDEI.

539 1017 804 1091 Epistolas
828 1014 983 1068 mittit
1017 1011 1122 1091 regi
1158 983 1214 1062 Oet
1236 1004 1378 1090 “aliis
1424 1021 1455 1091 a
1487 994 2112 1091 Benediclotradendas;

749 1068 890 1157 optat
915 1068 1105 1152 smpqu
1135 1079 1370 1148 accipere
1397 1075 1460 1128 ab
1489 1074 1602 1144 ipso
1633 1068 1897 1141 epistolas.

606 1201 926 1258 Benedictus
973 1197 1116 1251 Deus
1163 1191 1455 1248 Benedicto
1499 1187 1649 1243 Patri
1686 1184 2115 1243 benedictionem

536 1296 627 1352 det
652 1302 932 1348 aeternam.

611 1382 642 1426 ι)
668 1381 872 1451 Scripsi
919 1374 1301 1449 epistiunculas
1352 1374 1583 1443 aliquas,
1634 1369 1775 1425 sicut
1816 1366 2125 1439 intelligere

540 1492 728 1534 earum
782 1474 1008 1529 lectione
1051 1469 1287 1541 poteris;
1343 1467 1388 1522 si
1425 1466 1523 1521 tibi
1571 1456 1814 1533 dignum'
1849 1459 2115 1515 videatur.

538 1567 725 1623 Redde
753 1564 977 1636 singulis
1004 1560 1268 1632 singulas;
1309 1556 1424 1628 regi
1449 1571 1577 1610 vero
1606 1569 1757 1609 suam
1784 1567 1905 1607 cum
1936 1549 2119 1604 multis

538 1657 880 1715 salutationis
910 1653 1090 1709 verbis
1122 1667 1136 1705 :
1165 1659 1219 1707 et
1244 1650 1438 1706 melius
1479 1648 1609 1702 mihi
1645 1647 1820 1701 visum
1848 1653 1932 1701 est
1958 1652 2011 1698 te
2040 1643 2121 1698 di-

543 1764 671 1807 cere
699 1746 813 1817 ejus
840 1745 1029 1817 pietati
1045 1744 1280 1799 denobis
1302 1739 1971 1810 nostraquevoluntate,et
2010 1735 2121 1791 lilio

2209 556 2546 615 orationibus
2570 551 2768 608 vestris
2793 548 3172 606 commendare
3195 560 3470 612 curamus,
3498 544 3803 615 deprecan-

2211 660 2294 705 tes
2320 658 2376 703 ut
2397 645 2569 702 nostri
2598 641 2831 700 nominis
2874 639 3075 695 habere
3112 636 3406 709 dignemini
3428 635 3753 692 memoriam
3781 653 3800 706 ;

2186 804 2193 825 ³
2214 740 2355 795 sicut
2380 739 2552 794 beata:
2574 732 2848 790 memoria:
2874 742 2896 771 ε
2921 731 3081 786 Pater
3102 738 3281 785 vester
3301 728 3639 785 venerandus
3666 726 3806 784 olim

2213 830 2344 887 mihi
2378 830 2734 900 perdonatum
2761 825 2962 879 habere
2992 821 3259 877 credimus
3286 862 3301 888 ,
3328 820 3481 891 quod
3531 820 3621 876 his
3651 820 3808 875 litte-
3884 846 3891 851 ο

2212 927 2292 982 ris
2322 926 2621 994 horumque
2655 918 2815 976 simul
2851 917 3081 971 fratrum
3129 916 3474 987 suggestione
3511 908 3810 991 renovare

2214 1018 2532 1083 studemus;
2578 1014 2706 1085 quia
2760 1025 3013 1082 magnam
3037 1051 3053 1077 ,
3089 1018 3151 1064 ut
3197 1007 3391 1074 fateor,
3415 998 3421 1003 ’
3445 1006 3706 1081 ﬁduciam
3741 1007 3813 1063 de

2216 1112 2328 1167 Deo
2376 1089 2731 1166 servientium.
2777 1102 3165 1159 intercessione
3215 1103 3269 1157 in
3301 1092 3480 1181 cordis
3515 1090 3812 1156 dulcedine

2170 1198 2179 1204 ”
2216 1202 2506 1267 habemus;
2540 1198 2667 1268 quia
2695 1196 2838 1266 quod
2867 1194 2998 1250 mihi
3026 1194 3180 1249 deest
3198 1193 3253 1248 in
3281 1192 3491 1248 meritis
3513 1233 3529 1259 ,
3582 1191 3812 1247 illorum
3881 1182 3889 1192 ’

2216 1294 2485 1366 precibus,
2514 1290 2777 1360 largiente
2803 1288 2982 1343 divina
3002 1288 3175 1358 gratia
3193 1327 3209 1353 ,
3235 1285 3513 1358 possidere
3529 1293 3811 1370 optamus.

2218 1385 2357 1453 Quid
2382 1391 2465 1439 est
2492 1383 2635 1453 quod
2662 1380 2751 1451 pia
2774 1378 3102 1434 uuanimitas
3142 1386 3343 1432 sanctae
3371 1375 3815 1446 congregationis

2220 1492 2328 1532 non
2354 1475 2531 1530 valeat
2580 1466 3059 1544 impetrareapud
3107 1485 3232 1526 eum
3280 1470 3373 1539 qui
3421 1469 3535 1523 ait:
3565 1466 3678 1521 Ubi
3709 1468 3815 1522 duo
3879 1472 3886 1477 ‘

2188 1636 2196 1643 .
2220 1568 2299 1623 vel
2324 1577 2429 1622 tres
2457 1565 2753 1636 congregati
2781 1564 2837 1617 in
2871 1564 3077 1618 nomine
3100 1579 3213 1637 meo
3237 1576 3259 1627 ,‘
3282 1559 3353 1614 ibi
3380 1576 3498 1615 sum
3533 1559 3591 1613 in
3637 1558 3817 1613 medio

2220 1678 2400 1716 eorum
2432 1658 2649 1733 (Matth.
2681 1673 2835 1722 xvm,
2882 1656 3018 1729 20)?
3071 1654 3210 1722 Quid
3256 1664 3341 1709 est
3392 1653 3602 1709 dulcius
3646 1667 3818 1722 quam
3882 1656 3887 1665 ‘

2225 1753 2502 1809 Christum
2532 1763 2744 1819 semper
2769 1749 2971 1803 habere
3003 1754 3357 1817 prresentem;
3386 1758 3546 1815 quam
3590 1742 3699 1797 ﬁlii
3725 1741 3819 1799 Dei
3882 1754 3887 1761 '

542 1851 754 1906 nostro,
784 1855 946 1911 quam
975 1839 1098 1894 inde
1140 1836 1342 1907 aliquid
1371 1833 1733 1903 scripsissem,
1766 1832 1891 1901 quia
1931 1830 2125 1886 litterae
2154 1830 2202 1894 Β
2226 1847 2440 1912 vocari,
2497 1845 2611 1915 ipsa
2665 1841 2911 1899 veritate
2940 1839 3152 1895 dicente
3184 1856 3197 1891 ε
3229 1837 3381 1893 Beati
3416 1836 3655 1913 ραι-ἱρά,
3687 1851 3817 1907 quo-

539 1950 640 2007 per
669 1948 863 1988 manus
905 1938 1131 1986 currunt
1156 1929 1476 1993 multorum;
1508 1926 1671 1981 verba
1700 1940 1829 1979 vero
1868 1923 1924 1978 in
1962 1923 2125 1980 corde

540 2034 863 2100 permanent
893 2024 1056 2080 fideli.
1085 2022 1376 2093 Epistolam
1412 2034 1541 2074 vero
1582 2019 1648 2073 ad
1689 2016 1886 2072 fratres
1912 2025 2128 2072 nostros

541 2119 903 2175 communiter
933 2115 1154 2187 scripsi;
1185 2115 1229 2170 si
1258 2114 1474 2182 dignum
1505 2110 1639 2182 quid.
1681 2110 1733 2163 in
1764 2124 1827 2163 ea
1859 2109 2125 2175 invenies,

536 2208 760 2280 iubeam
809 2208 1016 2282 (Forte,
1057 2204 1272 2278 jubeas]
1329 2205 1520 2259 melius
1565 2200 1921 2273 perscribere,
1974 2208 2031 2255 et
2081 2201 2128 2257 si

544 2302 677 2373 quid
704 2301 1007 2356 addendum
1037 2299 1294 2363 aestimas,
1328 2296 1413 2351 fac
1458 2293 1756 2351 secundum
1803 2293 2089 2348 consilium
2110 2332 2127 2358 ,

540 2395 670 2467 quia
701 2393 801 2449 sub
836 2393 1185 2448 festinatione
1206 2389 1407 2445 dictata
1435 2388 1536 2442 fuit
1562 2389 1629 2443 ad
1660 2388 2130 2443 rememorandum

543 2485 799 2540 amicitiae
822 2483 1235 2552 iucunditatem,
1268 2488 1323 2537 et
1347 2481 1654 2536 orationum
1674 2495 1774 2549 pro
1799 2479 1955 2534 nobis
1976 2479 2132 2534 sedu-

540 2575 750 2632 litatem
769 2617 782 2639 ,
820 2575 960 2630 sicut
989 2575 1098 2629 scis
1121 2589 1377 2644 magnum
1422 2587 1522 2627 nos
1547 2572 1747 2626 habere
1772 2570 2128 2636 desiderium,

540 2683 794 2739 magnam
821 2668 985 2722 etiam
1012 2665 1409 2729 necessitatem,
1451 2679 1706 2733 spemque
1732 2665 1930 2719 bonam
1959 2661 2025 2717 de
2063 2661 2131 2715 il-

539 2755 719 2815 lorum
762 2758 963 2813 habere
991 2756 1377 2835 sacratissimis
1403 2755 1762 2809 orationibus.
1795 2751 1899 2809 Ubi
1945 2760 2025 2819 tu,
2058 2750 2133 2806 ibi

540 2858 600 2908 et
622 2865 744 2920 ego,
771 2858 826 2904 et
857 2849 997 2903 Deus
1019 2848 1297 2902 nobiscum
1330 2848 1385 2901 in
1410 2855 1693 2901 aeternum.
1790 2868 1793 2871 -
1940 2864 1943 2867 ·
2073 2862 2079 2868 ’

616 2941 925 2997 Secundum
945 2939 1401 3010 opportunitatem
1422 2938 1700 3008 portitoris
1721 2936 1917 3006 saepius
1941 2936 2135 2992 littera:

542 3022 786 3098 veniant,
829 3046 930 3086 nec
976 3030 1280 3094 rusticitas,
1312 3030 1376 3083 de
1419 3044 1524 3098 qua
1555 3035 1607 3082 te
1649 3042 1911 3083 excusare
1959 3027 2134 3093 soles,

543 3124 865 3182 charitatem
913 3131 1093 3177 tacere
1117 3121 1301 3185 faciat,
1330 3134 1398 3174 ne
1438 3121 1617 3175 minus
1639 3119 1854 3174 ﬂamma
1897 3119 2136 3174 lucescat

541 3215 711 3282 illius,
739 3218 832 3272 sed
869 3216 1071 3287 fulgeat
1115 3216 1167 3269 in
1200 3213 1483 3279 chartulis,
1511 3229 1631 3283 quae
1662 3213 1717 3267 iu
1750 3212 1914 3268 corde
1937 3226 2134 3283 perpe-
2160 3207 2207 3268 C

543 3309 767 3393 tualiter
787 3309 1004 3363 incensa
1037 3309 1211 3363 ardet.
1249 3307 1462 3363 Vadens
1494 3307 1650 3370 vade,
1683 3307 1792 3361 Deo
1817 3306 2134 3371 miserante,

545 3415 676 3458 cum
703 3401 848 3455 omni
877 3399 1251 3470 prosperitate.
1275 3397 1469 3453 Videat
1494 3406 1546 3452 te
1572 3397 1760 3452 oculus
1784 3411 1954 3462 meus,
1986 3405 2141 3452 ante-

545 3493 1349 3605 FT’f'I‘A_"{9r"TTj_ff{iSET‘f'A'_
1374 3493 1469 3548 sed
1514 3507 1733 3563 smpms’
1762 3492 1998 3548 donante
2026 3491 2139 3548 Deo
2244 3531 2401 3595 solet,
2428 3531 2606 3605 sciens
2641 3491 2956 3603 perlectamv
2983 3527 3056 3581 ibi
3086 3542 3193 3582 non
3221 3541 3342 3582 esse
3365 3525 3725 3591 charitatem,
3750 3522 3841 3581 ubi

546 3586 766 3658 semper
796 3588 851 3640 in
880 3595 1143 3640 :eternum
1170 3584 1372 3639 valeas.

916 3701 1082 3772 278
1121 3711 1143 3739 ο
1186 3697 1520 3754 EPISTOLA
1558 3695 1809 3753 CCXXII.

951 3791 979 3832 ἀ
1014 3809 1083 3848 an
1120 3806 1484 3846 ututntsssss
1520 3805 1780 3846 munus.
1876 3848 1881 3851 _

551 3914 937 3974 Commemorat
989 3911 1187 3981 famam
1224 3910 1371 3965 bona:
1413 3908 1647 3981 illorum;
1687 3906 2093 3981 conversationis
2122 3921 2141 3960 :

623 3986 862 4060 precibus
890 3976 1069 4060 eorum
1099 3998 1154 4036 se
1182 3979 1510 4035 commendat
1546 3995 1565 4035 :
1625 3978 1869 4033 hortatur
1908 3976 1977 4033 ad
2028 3993 2144 4030 mu-

626 4055 775 4112 tuam
810 4055 1121 4110 charitatem
1147 4062 1195 4107 et
1227 4067 1425 4123 pacem.

624 4167 915 4239 Religiosa:
966 4162 1371 4235 congregationi
1440 4159 1768 4217 sanctissimi
1816 4159 1993 4215 Patris
2035 4157 2145 4215 Ho-

454 4324 457 4327 _
553 4260 759 4325 uorati,
790 4258 1050 4313 Alcuinus
1075 4256 1333 4322 diaconus
1363 4253 1611 4309 salutem.

635 4348 958 4419 Congaudeo
982 4345 1209 4401 multum
1226 4345 1292 4399 de
1316 4344 1519 4414 optima
1547 4342 1693 4398 fama
1719 4342 2147 4399 conversationis

565 4448 782 4504 vestrae,
822 4447 878 4493 et
908 4438 1172 4510 regularis
1200 4437 1328 4491 vitae
1353 4436 1751 4502 observatione,
1786 4444 1843 4491 et
1868 4436 1970 4505 piae
1999 4435 2147 4505 pacis

561 4530 940 4595 unanimitate,
958 4542 1122 4599 quam
1143 4527 1453 4583 testimonio
1472 4535 1782 4581 nostrorum
1810 4525 1894 4580 vel
1921 4526 2147 4582 aliorum

560 4624 885 4683 audivimus.
942 4622 1050 4679 Sed
1102 4622 1306 4677 certius
1362 4620 1558 4675 horum
1607 4615 1836 4674 fratrum
1887 4618 2148 4675 relatione

568 4734 734 4777 omne
757 4720 981 4783 bonum,
999 4715 1141 4772 sicut
1166 4714 1556 4779 desideramus,
1576 4712 1642 4769 de
1661 4711 1816 4768 vobis
1841 4712 2141 4781 audientes,

634 4891 663 4923 ι
686 4878 921 4934 Froben.
950 4874 1106 4946 epist.
1135 4874 1259 4930 210.
1417 4945 1422 4946 γ
1669 4943 1677 4946 _
1768 4888 1771 4893 ’

633 4948 799 5021 274
826 4948 857 5021 ιζ
892 4941 1090 5021 Scripsi
1114 4945 1486 5021 epistiunculas
1510 4941 1903 5021 quasdam-Ex
1943 4943 2029 5021 his
2055 4958 2146 5021 ξο-

560 5013 686 5077 ιιιῖῖ
698 5013 945 5074 ῖιιὲηιὶηὶι
972 5013 1210 5085 epistola:
1232 5013 1829 5085 cujusdam—adgregem',
1856 5020 1909 5067 et
1929 5013 2148 5070 alterius

561 5092 632 5148 ad
660 5090 873 5144 fratres.
910 5084 1045 5141 Tres
1091 5094 1380 5154 supersunt
1429 5084 1667 5154 epistola:
1702 5084 1779 5138 ad
1826 5084 2048 5154 abbates
2094 5092 2149 5139 et

562 5102 632 5148 ad
660 5102 873 5144 fratres.
910 5102 1045 5141 'l‘res
1091 5102 1380 5154 supersunt
1429 5102 1459 5139 e
1500 5102 1667 5140 Ismuc
1711 5102 1779 5138 aa
1826 5102 2048 5139 annales
2094 5102 2149 5139 et

562 5160 861 5217 monachos
884 5157 1115 5222 Gothiae,
1146 5155 1400 5211 nimirum
1435 5102 1554 5219 1&2,
1590 5155 1712 5219 133,
1763 5153 1886 5225 154.
1920 5153 2149 5225 (Insuper

563 5241 624 5288 et
647 5232 714 5286 ad
741 5230 860 5284 illos
884 5245 975 5298 per
1003 5228 1209 5298 beatum
1233 5225 1569 5298 Benedictum
1598 5223 2019 5298 misit_libellum
2054 5223 2147 5298 ad-

562 5317 755 5357 versus
783 5294 1014 5354 hmresin
1044 5297 1237 5351 Felicis
1256 5337 1270 5361 ,
1302 5297 1357 5349 in
1376 5295 1585 5349 illorum
1616 5294 1861 5361 solatium
1884 5305 1930 5349 et
1956 5296 2150 5366 con/ir-

561 5372 841 5427 mationem
864 5366 1465 5450 ﬁdeicatholicw,prout
1485 5366 1751 5447 legiturin
1771 5366 1999 5435 cpistola
2025 5366 2145 5420 152.

564 5440 651 5497 Au
678 5442 742 5496 de
765 5455 870 5493 una
897 5455 962 5493 ex
990 5439 1093 5501 his,
1120 5453 1186 5491 an
1219 5437 1283 5491 de
1316 5436 1418 5490 alia
1451 5434 1627 5505 aliqua
1660 5436 1886 5504 epistola
1908 5478 1922 5502 ,
1947 5437 2151 5491 adhuc-

565 5512 694 5567 dum
722 5510 944 5573 latente,
974 5507 1245 5577 loquatur,
1272 5522 1338 5561 ex
1369 5507 1472 5560 hoc
1497 5505 1760 5577 locoerui
1784 5506 1928 5577 haud
1950 5515 2147 5576 potest.
2184 5522 2187 5523 '

564 5579 839 5636 Fortassis
884 5578 987 5632 hac
1030 5575 1313 5634 occasione
1353 5578 1518 5631 etiam
1566 5575 1713 5630 misit
1759 5575 2042 5644 epistolam
2084 5576 2151 5632 ad

565 5649 917 5721 Leutfredum
971 5663 1097 5721 mox
1140 5657 1296 5721 antea
1333 5647 1657 5721 exhibitam;
1684 5654 1747 5721 Aet
1797 5647 2153 5721 adamicum

568 5735 715 5799 nunc
748 5719 1137 5799 exhibendam,
1155 5717 1311 5799 __quas
1338 5727 1622 5790 propterea
1642 5717 1795 5774 hisce
1832 5718 1900 5774 ad
1930 5717 2154 5775 Benedi-

570 5796 725 5859 ctum
742 5789 968 5859 iungere
990 5789 1212 5859 placuit.

643 5867 670 5900 ο
699 5856 1109 5932 Apud—Froben.
1140 5860 1297 5931 epist.
1327 5858 1448 5915 216.

2187 1992 2195 2002 ,
2226 1941 2369 1995 niam
2398 1935 2498 2007 ﬁlii
2536 1934 2643 2007 Dei
2672 1931 2998 1989 vocabuntur
3031 1929 3246 2011 (Matth.
3270 1944 3323 2005 γ,
3350 1929 3445 2000 9)?
3464 1928 3590 1983 ideo
3615 1942 3822 1998 perne-
3882 1944 3885 1947 ·

2227 2014 2526 2085 cessarium
2553 2032 2637 2081 est
2664 2023 2940 2086 omnibus,
2984 2020 3079 2076 sed
3130 2020 3303 2091 magis
3346 2020 3402 2074 in
3437 2033 3596 2075 sacro
3624 2018 3821 2074 ordine

2192 2192 2197 2198 t
2227 2122 2493 2195 regularis
2530 2119 2654 2173 vitae
2701 2116 3019 2186 degentibus
3047 2155 3062 2180 ,
3104 2113 3407 2169 concordiae
3435 2113 3641 2168 bonum
3674 2109 3818 2167 omni
3881 2122 3887 2129 ‘

2229 2213 2408 2271 studio
2457 2213 2765 2273 observare,
2801 2216 2856 2263 et
2897 2206 3047 2280 pacis
3072 2206 3525 2283 unanimitatem;
3563 2205 3698 2275 quia
3732 2202 3821 2274 qui
3880 2212 3891 2222 ’

2229 2304 2513 2360 veritatem
2540 2308 2740 2358 sanctae
2783 2299 2936 2370 pacis
2980 2313 3088 2353 non
3125 2296 3456 2362 custodiunt,
3497 2295 3822 2367 dignitatem
3874 2296 3889 2316 τ

2190 2468 2195 2477 ἤ
2229 2395 2327 2451 ﬁlii
2375 2394 2609 2467 perdere
2633 2400 2840 2447 certum
2868 2398 2953 2445 est
2987 2406 3001 2443 :
3033 2388 3232 2454 videte,
3257 2387 3393 2443 dixit
3419 2387 3680 2458 egregius
3732 2383 3825 2440 do-

2230 2496 2365 2547 ctor.
2394 2489 2439 2541 si
2466 2485 2683 2540 invicem
2711 2481 2977 2546 mordetis,
3026 2480 3337 2535 neinvicem
3375 2476 3826 2533 consummamini

2233 2577 2381 2651 (Gal.
2409 2594 2462 2642 v,
2495 2577 2605 2649 15).
2638 2575 2755 2631 Non
2782 2583 2960 2646 potest
2984 2581 3132 2629 recte
3158 2572 3302 2628 ﬁlius
3329 2572 3424 2627 Dei
3449 2572 3579 2636 dici,
3608 2570 3706 2640 qui
3730 2584 3825 2640 pa-
3878 2590 3889 2598 ί

2234 2689 2352 2731 cem
2387 2689 2493 2729 non
2540 2673 2652 2727 vult
2687 2660 2959 2742 amplecti.
2990 2669 3099 2725 Pax
3141 2667 3487 2724 concordiam
3507 2664 3747 2720 fratrum
3774 2670 3829 2719 et
3868 2674 3892 2686 ·”

2235 2767 2556 2824 charitatem
2581 2763 2797 2834 copulat
2823 2762 3212 2832 proximorum.
3246 2758 3435 2813 Pacem
3456 2773 3654 2823 meam,
3695 2756 3830 2812 dixit
3886 2762 3891 2779 ³

2234 2863 2517 2921 Dominus,
2545 2861 2612 2914 do
2634 2860 2794 2924 vobis,
2821 2872 3001 2929 pacem
3025 2872 3192 2935 meam
3211 2854 3444 2925 relinquo
3468 2842 3614 2907 vobis
3640 2849 3828 2924 (locst.
3880 2852 3883 2853 ⁷

2235 2970 2347 3019 xiv,
2370 2953 2487 3023 27),
2508 2953 2563 3007 id
2591 2960 2693 3015 est,
2719 2951 2773 3005 in
2803 2964 2937 3020 pace
2966 2946 3146 3003 dimisi
3166 2960 3280 3011 vos,
3311 2944 3364 2999 in
3390 2957 3525 3015 pace
3552 2940 3834 2997 inveniam

2235 3064 2350 3103 vos.
2396 3044 2753 3101 Proficiscens
2781 3042 2950 3098 voluit
2984 3042 3113 3096 dare
3137 3081 3152 3107 ,
3198 3054 3321 3111 quae
3363 3036 3721 3094 desiderabat
3750 3048 3836 3116 ref

2238 3126 2392 3197 diens
2418 3139 2472 3194 in
2494 3137 2745 3193 omnibus
2768 3136 3033 3192 invenire.
3118 3137 3124 3142 ’
3212 3136 3222 3143 '
3423 3137 3433 3145 ‘

2310 3255 2387 3311 De
2413 3255 2516 3311 hac
2533 3254 2635 3326 piae
2661 3253 2809 3323 pacis
2829 3251 3069 3306 bonitate
3097 3250 3219 3306 ideo
3262 3248 3569 3321 diligentius
3593 3260 3838 3320 suggero
3884 3208 3895 3223 ‘

2240 3348 2413 3412 vobis,
2444 3345 2747 3401 cbarissimi
2793 3343 3167 3421 fratres,_quia
3196 3344 3434 3398 maxime
3464 3340 3615 3396 fraus
3640 3341 3840 3396 diabo-
3888 3396 3889 3403 η

2241 3439 2343 3494 lica
2370 3436 2814 3493 murmurationis
2863 3436 3114 3507 sagittam
3144 3434 3287 3488 inter
3308 3432 3506 3487 fratres
3537 3432 3841 3488 immittere

2243 3618 2688 3686 murmurationis
2707 3617 2813 3673 telo
2836 3617 3115 3671 charitatis
3136 3616 3467 3671 unanimitas
3490 3614 3837 3670 vulneratur.

2244 3684 2495 3767 Charitas
2515 3718 2600 3766 est
2617 3710 2872 3781 quoniam
2893 3709 3138 3780 cooperit
3161 3694 3562 3763 multitudinem
3584 3716 3844 3779 peccato—
3940 3724 3952 3741 ι

2247 3819 2367 3859 rum
2420 3801 2472 3873 (I
2508 3801 2653 3855 Petr.
2688 3817 2763 3867 tv,
2814 3799 2893 3873 8),
2946 3800 3062 3855 sine
3112 3784 3233 3869 qua
3264 3799 3428 3854 etiam
3475 3808 3710 3869 peccata
3737 3812 3843 3853 non

2248 3870 2591 3948 dimittuntur
2622 3910 2635 3945 :
2665 3908 2827 3962 quam
2848 3870 3042 3946 beatus
3066 3890 3353 3962 Apostolus
3377 3890 3433 3945 in
3458 3897 3678 3946 tantum
3725 3890 3844 3945 lau—
3882 3870 3889 3881 ’

2185 4034 2191 4040 .
2247 3987 2413 4052 davit,
2443 3994 2504 4041 ut
2530 4001 2630 4040 nec
2658 3985 3010 4057 martyrium,
3063 3998 3166 4039 nec
3211 3982 3392 4039 εωουί
3442 3991 3843 4054 contemptum,

2248 4095 2351 4134 nec
2374 4077 2713 4133 ﬂammarum
2737 4054 2985 4131 incendia
3010 4075 3125 4130 sine
3148 4060 3289 4129 illius
3316 4059 3557 4128 bonitate
3578 4073 3847 4144 prodesse

2249 4175 2507 4234 testetur;
2537 4166 2603 4221 In
2648 4165 2742 4220 hoc
2770 4166 2928 4228 enim,
2958 4156 3155 4235 inquit,
3202 4164 3338 4219 dixit
3365 4152 3629 4219 Dominus
3658 4162 3844 4228 Iesus,

2251 4270 2555 4333 cognoscent
2576 4276 2770 4323 omnes,
2793 4259 2916 4329 quia
2944 4260 3046 4312 mei
3076 4257 3320 4329 discipuli
3352 4258 3498 4324 estis,
3528 4258 3576 4312 si
3603 4257 3849 4312 dilectio-

2252 4370 2368 4409 nem
2398 4352 2685 4407 habueritis
2711 4350 2779 4406 ad
2826 4351 3044 4404 invicem
3092 4349 3275 4423 (Joan.
3325 4364 3451 4416 xm,
3502 4348 3618 4422 55).
3649 4348 3849 4406 Omnis

2252 4443 2592 4509 obedientiaa,
2624 4442 2707 4496 vel
2734 4441 3050 4497 humilitatis
3094 4439 3356 4510 subjectio
3384 4441 3439 4497 in
3486 4439 3853 4496 monasteriis

2173 4573 2228 4634 Β
2254 4533 2534 4589 charitatis
2560 4532 2855 4587 munimine
2890 4532 3140 4588 roborari
3166 4530 3345 4598 debet,
3381 4547 3502 4603 qua:
3526 4532 3654 4588 sine
3682 4534 3856 4588 simu-
3880 4518 3881 4521 ¹

2252 4624 2449 4679 latione
2471 4705 2475 4709 _
2497 4622 2646 4679 falsa:
2684 4622 3018 4679 extrinsecus
3062 4623 3440 4680 ostentationis
3478 4624 3533 4679 in
3588 4638 3854 4696 corpore,

2252 4717 2373 4773 fieri
2402 4732 2625 4774 necesse
2644 4725 2757 4785 est;
2779 4718 2875 4774 sed
2902 4733 2969 4773 ex
2995 4718 3159 4775 corde
3185 4717 3410 4790 diligere
3432 4732 3535 4775 nos
3550 4715 3854 4784 debanus,

2318 4874 2346 4913 ἀ
2390 4874 2474 4928 Ad
2525 4872 2859 4927 Hillirienses
2904 4873 3114 4943 fratres.
3174 4873 3253 4928 lta
3281 4871 3497 4944 quidem
3537 4870 3633 4927 hic
3662 4871 3860 4927 titulus

2245 4944 2521 5068 legiturin
2555 4944 2673 4999 cod.
2704 4959 2831 5010 ms.,
2859 4944 2954 4999 sed
2972 4958 3039 4999 ex
3060 4944 3305 5028 sequenti
3328 4944 3692 5028 inscriptione
3736 4955 3890 5005 mae,

2249 5033 2301 5068 m
2328 5024 2504 5068 estum
2533 5024 2632 5068 est.
2657 5013 2943 5068 legendum
2968 5029 3113 5068 esse.
3141 5014 3210 5068 ad
3232 5013 3549 5068 Lirinenses.
3581 5013 3643 5068 1n
3672 5013 3859 5068 insula

2249 5013 2504 5085 nifestum
2533 5024 2632 5085 est,
2657 5013 2943 5085 legendum
2968 5029 3113 5079 esse,
3138 5013 3210 5068 ad
3232 5013 3549 5068 Lirinenses.
3581 5013 3643 5069 1n
3672 5013 3859 5085 insula

2248 5084 2512 5156 siquidem
2560 5083 2829 5139 Lirinensi
2866 5083 3024 5156 illud,
3051 5085 3441 5156 monasterium
3487 5092 3598 5156 est,
3630 5099 3739 5140 seu
3771 5083 3862 5138 illa

2249 5154 2616 5227 congregatio,
2648 5170 2809 5227 quam
2858 5155 3012 5211 initio
3038 5171 3160 5211 Stec.
3191 5171 3225 5208 v
3252 5156 3333 5227 ibi
3374 5154 3644 5221 fundavit,
3690 5164 3864 5227 atque

2247 5225 2689 5296 vitairsa’nctitate
2721 5226 3012 5281 illustravit
3038 5234 3260 5281 sanctus
3287 5225 3601 5296 Honoratus
3630 5226 3864 5296 episco-

2247 5311 2350 5367 pus
2372 5295 2703 5351 Arelatensis
2731 5317 2744 5351 :
2775 5296 3086 5353 Lirinenses
3110 5296 3384 5367 (monachi
3432 5294 3736 5365 aliquoties
3767 5295 3869 5349 de-

2248 5362 2480 5438 votionis
2532 5381 2698 5421 causa
2753 5376 3018 5427 venerunt
3055 5366 3123 5422 ad
3152 5367 3210 5423 S.
3240 5362 3555 5438 Mat-tinum,
3585 5375 3767 5438 prout
3797 5380 3867 5421 ex

2250 5437 2479 5510 epistola
2502 5437 2601 5493 l90
2619 5445 2675 5492 et
2706 5452 2783 5510 ex
2814 5440 3056 5510 sequenti
3096 5445 3328 5510 constat.
3379 5435 3869 5510 Smpius‘quoque

2251 5508 2509 5563 Alcuinus
2555 5523 2679 5590 cum
2702 5507 2820 5590 illis
2844 5507 3099 5590 egit-per,
3122 5508 3410 5579 epistolas;
3464 5515 3537 5590 et,
3563 5507 3870 5590 exemplar

2251 5592 2465 5706 quoque
2489 5578 2728 5648 epistolae
2754 5578 2843 5662 90.
2861 5577 2928 5635 de
2966 5577 3333 5663 Hispanorum
3359 5577 3530 5634 variis
3561 5577 3873 5634 erroribus

2291 5665 2412 5706 tritu
2441 5665 2472 5703 a
2497 5648 2950 5706 LugdunenSIbus
2971 5650 3160 5706 voluit.

2291 5648 2412 5720 irigi
2441 5665 2472 5703 a
2497 5648 2950 5720 Lugdunensibus
2971 5648 3160 5706 voluit.

2330 5716 2540 5773 e'Pater
2582 5716 2761 5801 vester.
2800 5718 2883 5775 An
2911 5721 3261 5801 'i‘eotgarius,
3308 5719 3378 5801 ad
3422 5734 3587 5801 quem
3615 5716 3879 5790 epistola

2254 5804 2510 5867 sequens,
2539 5805 2610 5845 an
2636 5790 2796 5860 hujus
2843 5790 3157 5850 anteces'sor
3185 5792 3405 5864 aliquis,
3440 5790 3889 5867 incompertum

2180 5858 2185 5863 ’
2257 5858 2454 5918 habeo.
2504 5876 2508 5883 δ

2308 5930 2327 5957 δ
