  <div class='ocr_page' id='page_1' title='image "/cluster/home/n/w/nwhite01/storage/ocr_20150623/100/hvd.32044024239972/254.png"; bbox 0 0 4062 6436; ppageno 0'>
   <div class='ocr_carea' id='block_1_1' title="bbox 249 438 352 498">
    <p class='ocr_par' dir='ltr' id='par_1_1' title="bbox 249 438 352 498">
     <span class='ocr_line' id='line_1_1' title="bbox 249 438 352 498; baseline -0.058 1"><span class='ocrx_word' id='word_1_1' title='bbox 249 438 352 498; x_wconf 75' lang='grc'><strong>497</strong></span> 
     </span>
    </p>
   </div>
   <div class='ocr_carea' id='block_1_2' title="bbox 190 616 1837 706">
    <p class='ocr_par' dir='ltr' id='par_1_2' title="bbox 190 616 1837 706">
     <span class='ocr_line' id='line_1_2' title="bbox 190 616 1837 706; baseline -0.015 -5"><span class='ocrx_word' id='word_1_2' title='bbox 190 616 196 623; x_wconf 29' lang='grc'><em>’</em></span> <span class='ocrx_word' id='word_1_3' title='bbox 249 616 414 701; x_wconf 73' lang='lat' dir='ltr'><strong>ditant</strong></span> <span class='ocrx_word' id='word_1_4' title='bbox 428 616 724 696; x_wconf 74' lang='lat' dir='ltr'><strong>habemus.</strong></span> <span class='ocrx_word' id='word_1_5' title='bbox 752 632 1062 706; x_wconf 79' lang='lat' dir='ltr'><strong>Angelicam</strong></span> <span class='ocrx_word' id='word_1_6' title='bbox 1086 630 1256 684; x_wconf 92' lang='lat' dir='ltr'><strong>vitam</strong></span> <span class='ocrx_word' id='word_1_7' title='bbox 1280 626 1415 681; x_wconf 91' lang='lat' dir='ltr'><strong>vivit</strong></span> <span class='ocrx_word' id='word_1_8' title='bbox 1437 626 1489 680; x_wconf 93' lang='lat' dir='ltr'><strong>in</strong></span> <span class='ocrx_word' id='word_1_9' title='bbox 1510 624 1695 689; x_wconf 88' lang='lat' dir='ltr'><strong>terris,</strong></span> <span class='ocrx_word' id='word_1_10' title='bbox 1742 621 1837 692; x_wconf 89' lang='lat' dir='ltr'><strong>qui</strong></span> 
     </span>
    </p>
   </div>
   <div class='ocr_carea' id='block_1_3' title="bbox 244 713 1873 812">
    <p class='ocr_par' dir='ltr' id='par_1_3' title="bbox 244 713 1873 812">
     <span class='ocr_line' id='line_1_3' title="bbox 244 713 1873 812; baseline -0.016 -21"><span class='ocrx_word' id='word_1_11' title='bbox 244 733 467 812; x_wconf 81' lang='lat' dir='ltr'><strong>pacifica</strong></span> <span class='ocrx_word' id='word_1_12' title='bbox 496 729 788 791; x_wconf 84' lang='lat' dir='ltr'><strong>charitate,</strong></span> <span class='ocrx_word' id='word_1_13' title='bbox 835 734 891 779; x_wconf 92' lang='lat' dir='ltr'><strong>et</strong></span> <span class='ocrx_word' id='word_1_14' title='bbox 915 729 1104 778; x_wconf 88' lang='lat' dir='ltr'><strong>sancta</strong></span> <span class='ocrx_word' id='word_1_15' title='bbox 1135 717 1421 812; x_wconf 77' lang='lat' dir='ltr'><strong>dilectione</strong></span> <span class='ocrx_word' id='word_1_16' title='bbox 1460 715 1655 812; x_wconf 35' lang='lat' dir='ltr'><strong>.viverc</strong></span> <span class='ocrx_word' id='word_1_17' title='bbox 1694 713 1838 812; x_wconf 76' lang='lat' dir='ltr'><strong>inter</strong></span> <span class='ocrx_word' id='word_1_18' title='bbox 1870 768 1873 775; x_wconf 69' lang='grc'>,</span> 
     </span>
    </p>
   </div>
   <div class='ocr_carea' id='block_1_4' title="bbox 247 804 1833 885">
    <p class='ocr_par' dir='ltr' id='par_1_4' title="bbox 247 804 1833 885">
     <span class='ocr_line' id='line_1_4' title="bbox 247 804 1833 885; baseline -0.016 -3"><span class='ocrx_word' id='word_1_19' title='bbox 247 804 492 884; x_wconf 73' lang='lat' dir='ltr'><strong>homines</strong></span> <span class='ocrx_word' id='word_1_20' title='bbox 519 818 725 883; x_wconf 90' lang='lat' dir='ltr'><strong>studet;</strong></span> <span class='ocrx_word' id='word_1_21' title='bbox 758 822 814 870; x_wconf 90' lang='lat' dir='ltr'><strong>et</strong></span> <span class='ocrx_word' id='word_1_22' title='bbox 831 812 976 885; x_wconf 92' lang='lat' dir='ltr'><strong>quod</strong></span> <span class='ocrx_word' id='word_1_23' title='bbox 1000 811 1092 867; x_wconf 91' lang='lat' dir='ltr'><strong>hic</strong></span> <span class='ocrx_word' id='word_1_24' title='bbox 1115 824 1183 866; x_wconf 84' lang='lat' dir='ltr'><strong>ex</strong></span> <span class='ocrx_word' id='word_1_25' title='bbox 1202 815 1359 881; x_wconf 92' lang='lat' dir='ltr'><strong>parte</strong></span> <span class='ocrx_word' id='word_1_26' title='bbox 1388 805 1592 862; x_wconf 89' lang='lat' dir='ltr'><strong>habere</strong></span> <span class='ocrx_word' id='word_1_27' title='bbox 1625 804 1833 875; x_wconf 83' lang='lat' dir='ltr'><strong>incipit,</strong></span> 
     </span>
    </p>
   </div>
   <div class='ocr_carea' id='block_1_5' title="bbox 249 895 1832 976">
    <p class='ocr_par' dir='ltr' id='par_1_5' title="bbox 249 895 1832 976">
     <span class='ocr_line' id='line_1_5' title="bbox 249 895 1832 976; baseline -0.015 -3"><span class='ocrx_word' id='word_1_28' title='bbox 249 916 303 973; x_wconf 87' lang='lat' dir='ltr'><strong>in</strong></span> <span class='ocrx_word' id='word_1_29' title='bbox 348 909 684 968; x_wconf 75' lang='lat' dir='ltr'><strong>beatitudine</strong></span> <span class='ocrx_word' id='word_1_30' title='bbox 732 905 941 962; x_wconf 73' lang='lat' dir='ltr'><strong>ctelesti</strong></span> <span class='ocrx_word' id='word_1_31' title='bbox 970 903 1200 976; x_wconf 91' lang='lat' dir='ltr'><strong>pleniter</strong></span> <span class='ocrx_word' id='word_1_32' title='bbox 1227 898 1505 971; x_wconf 86' lang='lat' dir='ltr'><strong>possidere</strong></span> <span class='ocrx_word' id='word_1_33' title='bbox 1559 895 1832 968; x_wconf 77' lang='lat' dir='ltr'><strong>gaudebit.</strong></span> 
     </span>
    </p>
   </div>
   <div class='ocr_carea' id='block_1_6' title="bbox 182 987 1836 1075">
    <p class='ocr_par' dir='ltr' id='par_1_6' title="bbox 182 987 1836 1075">
     <span class='ocr_line' id='line_1_6' title="bbox 182 987 1836 1075; baseline -0.014 -9"><span class='ocrx_word' id='word_1_34' title='bbox 182 994 187 997; x_wconf 49' lang='grc'>’</span> <span class='ocrx_word' id='word_1_35' title='bbox 245 1007 371 1067; x_wconf 65' lang='lat' dir='ltr'><strong>Haec</strong></span> <span class='ocrx_word' id='word_1_36' title='bbox 398 1013 488 1062; x_wconf 90' lang='lat' dir='ltr'><strong>est</strong></span> <span class='ocrx_word' id='word_1_37' title='bbox 510 1002 712 1075; x_wconf 88' lang='lat' dir='ltr'><strong>optima</strong></span> <span class='ocrx_word' id='word_1_38' title='bbox 742 988 893 1072; x_wconf 80' lang='lat' dir='ltr'><strong>pars,</strong></span> <span class='ocrx_word' id='word_1_39' title='bbox 915 1012 1037 1068; x_wconf 68' lang='lat' dir='ltr'><strong>qua:</strong></span> <span class='ocrx_word' id='word_1_40' title='bbox 1077 1010 1183 1051; x_wconf 91' lang='lat' dir='ltr'><strong>non</strong></span> <span class='ocrx_word' id='word_1_41' title='bbox 1208 991 1486 1047; x_wconf 77' lang='lat' dir='ltr'><strong>auferetur</strong></span> <span class='ocrx_word' id='word_1_42' title='bbox 1513 988 1581 1044; x_wconf 89' lang='lat' dir='ltr'><strong>ab</strong></span> <span class='ocrx_word' id='word_1_43' title='bbox 1607 1004 1695 1054; x_wconf 89' lang='lat' dir='ltr'><strong>eo,</strong></span> <span class='ocrx_word' id='word_1_44' title='bbox 1744 987 1836 1058; x_wconf 90' lang='lat' dir='ltr'><strong>qui</strong></span> 
     </span>
    </p>
   </div>
   <div class='ocr_carea' id='block_1_7' title="bbox 245 1076 1837 1171">
    <p class='ocr_par' dir='ltr' id='par_1_7' title="bbox 245 1076 1837 1171">
     <span class='ocr_line' id='line_1_7' title="bbox 245 1076 1837 1171; baseline -0.013 -16"><span class='ocrx_word' id='word_1_45' title='bbox 245 1099 470 1171; x_wconf 76' lang='lat' dir='ltr'><strong>vestigia</strong></span> <span class='ocrx_word' id='word_1_46' title='bbox 498 1076 701 1151; x_wconf 75' lang='lat' dir='ltr'><strong>Christi</strong></span> <span class='ocrx_word' id='word_1_47' title='bbox 731 1093 785 1147; x_wconf 92' lang='lat' dir='ltr'><strong>in</strong></span> <span class='ocrx_word' id='word_1_48' title='bbox 830 1082 1112 1147; x_wconf 88' lang='lat' dir='ltr'><strong>charitatis</strong></span> <span class='ocrx_word' id='word_1_49' title='bbox 1161 1084 1338 1141; x_wconf 82' lang='lat' dir='ltr'><strong>ollicio</strong></span> <span class='ocrx_word' id='word_1_50' title='bbox 1381 1084 1438 1139; x_wconf 92' lang='lat' dir='ltr'><strong>in</strong></span> <span class='ocrx_word' id='word_1_51' title='bbox 1482 1084 1586 1138; x_wconf 94' lang='lat' dir='ltr'><strong>hoc</strong></span> <span class='ocrx_word' id='word_1_52' title='bbox 1640 1080 1837 1137; x_wconf 63' lang='lat' dir='ltr'><strong>saeculo</strong></span> 
     </span>
    </p>
   </div>
   <div class='ocr_carea' id='block_1_8' title="bbox 241 1175 1837 1254">
    <p class='ocr_par' dir='ltr' id='par_1_8' title="bbox 241 1175 1837 1254">
     <span class='ocr_line' id='line_1_8' title="bbox 241 1175 1837 1254; baseline -0.014 -6"><span class='ocrx_word' id='word_1_53' title='bbox 241 1189 388 1248; x_wconf 86' lang='lat' dir='ltr'><strong>omni</strong></span> <span class='ocrx_word' id='word_1_54' title='bbox 438 1182 619 1243; x_wconf 87' lang='lat' dir='ltr'><strong>studio</strong></span> <span class='ocrx_word' id='word_1_55' title='bbox 672 1183 922 1254; x_wconf 86' lang='lat' dir='ltr'><strong>amplecti</strong></span> <span class='ocrx_word' id='word_1_56' title='bbox 965 1179 1216 1236; x_wconf 88' lang='lat' dir='ltr'><strong>intendit.</strong></span> <span class='ocrx_word' id='word_1_57' title='bbox 1271 1175 1702 1232; x_wconf 87' lang='lat' dir='ltr'><strong>lntercedentem</strong></span> <span class='ocrx_word' id='word_1_58' title='bbox 1736 1187 1837 1243; x_wconf 92' lang='lat' dir='ltr'><strong>pro</strong></span> 
     </span>
    </p>
   </div>
   <div class='ocr_carea' id='block_1_9' title="bbox 184 1262 1879 1358">
    <p class='ocr_par' dir='ltr' id='par_1_9' title="bbox 184 1262 1879 1358">
     <span class='ocr_line' id='line_1_9' title="bbox 184 1262 1879 1358; baseline -0.009 -18"><span class='ocrx_word' id='word_1_59' title='bbox 184 1272 187 1277; x_wconf 67' lang='grc'><em>’</em></span> <span class='ocrx_word' id='word_1_60' title='bbox 240 1283 443 1358; x_wconf 80' lang='lat' dir='ltr'><strong>pepulo</strong></span> <span class='ocrx_word' id='word_1_61' title='bbox 467 1281 782 1338; x_wconf 86' lang='lat' dir='ltr'><strong>Christiano</strong></span> <span class='ocrx_word' id='word_1_62' title='bbox 815 1276 1162 1333; x_wconf 86' lang='lat' dir='ltr'><strong>sanctitatem</strong></span> <span class='ocrx_word' id='word_1_63' title='bbox 1189 1262 1452 1328; x_wconf 79' lang='lat' dir='ltr'><strong>vestram</strong></span> <span class='ocrx_word' id='word_1_64' title='bbox 1500 1271 1681 1327; x_wconf 89' lang='lat' dir='ltr'><strong>divina</strong></span> <span class='ocrx_word' id='word_1_65' title='bbox 1728 1269 1837 1325; x_wconf 87' lang='lat' dir='ltr'><strong>cle-</strong></span> <span class='ocrx_word' id='word_1_66' title='bbox 1875 1320 1879 1325; x_wconf 87' lang='lat'><strong>.</strong></span> 
     </span>
    </p>
   </div>
   <div class='ocr_carea' id='block_1_10' title="bbox 240 1361 1764 1440">
    <p class='ocr_par' dir='ltr' id='par_1_10' title="bbox 240 1361 1764 1440">
     <span class='ocr_line' id='line_1_10' title="bbox 240 1361 1764 1440; baseline -0.012 -7"><span class='ocrx_word' id='word_1_67' title='bbox 240 1375 448 1433; x_wconf 86' lang='lat' dir='ltr'><strong>mentia</strong></span> <span class='ocrx_word' id='word_1_68' title='bbox 477 1372 738 1430; x_wconf 78' lang='lat' dir='ltr'><strong>exaudire</strong></span> <span class='ocrx_word' id='word_1_69' title='bbox 766 1369 1043 1440; x_wconf 77' lang='lat' dir='ltr'><strong>dignetur,</strong></span> <span class='ocrx_word' id='word_1_70' title='bbox 1073 1363 1411 1421; x_wconf 85' lang='lat' dir='ltr'><strong>dilectissimi</strong></span> <span class='ocrx_word' id='word_1_71' title='bbox 1441 1361 1657 1418; x_wconf 79' lang='lat' dir='ltr'><strong>fratres.</strong></span> <span class='ocrx_word' id='word_1_72' title='bbox 1758 1419 1764 1431; x_wconf 55' lang='grc'><em>,</em></span> 
     </span>
    </p>
   </div>
   <div class='ocr_carea' id='block_1_11' title="bbox 604 1494 1474 1575">
    <p class='ocr_par' dir='ltr' id='par_1_11' title="bbox 604 1494 1474 1575">
     <span class='ocr_line' id='line_1_11' title="bbox 604 1494 1474 1575; baseline -0.01 -18"><span class='ocrx_word' id='word_1_73' title='bbox 604 1504 812 1575; x_wconf 65' lang='lat' dir='ltr'><strong>agon</strong></span> <span class='ocrx_word' id='word_1_74' title='bbox 842 1497 1180 1557; x_wconf 77' lang='lat' dir='ltr'><strong>EPISTOLA</strong></span> <span class='ocrx_word' id='word_1_75' title='bbox 1201 1494 1474 1554; x_wconf 82' lang='lat' dir='ltr'><strong>ccxxm.</strong></span> 
     </span>
    </p>
   </div>
   <div class='ocr_carea' id='block_1_12' title="bbox 241 1608 1834 1678">
    <p class='ocr_par' dir='ltr' id='par_1_12' title="bbox 241 1608 1834 1678">
     <span class='ocr_line' id='line_1_12' title="bbox 241 1608 1834 1678; baseline -0.008 0"><span class='ocrx_word' id='word_1_76' title='bbox 241 1619 272 1663; x_wconf 73' lang='grc' dir='ltr'>δ</span> <span class='ocrx_word' id='word_1_77' title='bbox 300 1636 371 1677; x_wconf 67' lang='lat' dir='ltr'><strong>sn</strong></span> <span class='ocrx_word' id='word_1_78' title='bbox 423 1633 774 1677; x_wconf 73' lang='lat' dir='ltr'><strong>TBOTGARIUI</strong></span> <span class='ocrx_word' id='word_1_79' title='bbox 803 1608 1050 1673; x_wconf 64' lang='grc' dir='ltr'>Αιωλτειι</span> <span class='ocrx_word' id='word_1_80' title='bbox 1070 1632 1141 1670; x_wconf 78' lang='grc' dir='ltr'><strong>ετ</strong></span> <span class='ocrx_word' id='word_1_81' title='bbox 1163 1627 1429 1678; x_wconf 66' lang='lat' dir='ltr'><strong>munus,</strong></span> <span class='ocrx_word' id='word_1_82' title='bbox 1457 1624 1646 1675; x_wconf 76' lang='lat' dir='ltr'><strong>curans</strong></span> <span class='ocrx_word' id='word_1_83' title='bbox 1684 1624 1834 1665; x_wconf 67' lang='lat' dir='ltr'><strong>rne-</strong></span> 
     </span>
    </p>
   </div>
   <div class='ocr_carea' id='block_1_13' title="bbox 835 1701 1238 1743">
    <p class='ocr_par' dir='ltr' id='par_1_13' title="bbox 835 1701 1238 1743">
     <span class='ocr_line' id='line_1_13' title="bbox 835 1701 1238 1743; baseline 0 -1"><span class='ocrx_word' id='word_1_84' title='bbox 835 1702 956 1743; x_wconf 68' lang='grc' dir='ltr'><strong>εδει</strong></span> <span class='ocrx_word' id='word_1_85' title='bbox 977 1701 1238 1742; x_wconf 66' lang='grc' dir='ltr'><strong>γωετυιι.</strong></span> 
     </span>
    </p>
   </div>
   <div class='ocr_carea' id='block_1_14' title="bbox 238 1795 1835 1920">
    <p class='ocr_par' dir='ltr' id='par_1_14' title="bbox 238 1795 1835 1920">
     <span class='ocr_line' id='line_1_14' title="bbox 238 1795 1835 1920; baseline -0.008 -60"><span class='ocrx_word' id='word_1_86' title='bbox 238 1801 480 1860; x_wconf 79' lang='lat' dir='ltr'><strong>Remittit</strong></span> <span class='ocrx_word' id='word_1_87' title='bbox 511 1801 702 1873; x_wconf 80' lang='lat' dir='ltr'><strong>fratres</strong></span> <span class='ocrx_word' id='word_1_88' title='bbox 728 1800 797 1854; x_wconf 90' lang='lat' dir='ltr'><strong>ad</strong></span> <span class='ocrx_word' id='word_1_89' title='bbox 844 1798 906 1855; x_wconf 90' lang='lat' dir='ltr'><strong>S.</strong></span> <span class='ocrx_word' id='word_1_90' title='bbox 954 1797 1246 1881; x_wconf 69' lang='lat' dir='ltr'><strong>Martinam</strong></span> <span class='ocrx_word' id='word_1_91' title='bbox 1263 1795 1670 1920; x_wconf 63' lang='lat' dir='ltr'><strong>¢peregrinantes</strong></span> <span class='ocrx_word' id='word_1_92' title='bbox 1716 1810 1835 1876; x_wconf 79' lang='lat' dir='ltr'><strong>cum</strong></span> 
     </span>
     <span class='ocr_line' id='line_1_15' title="bbox 306 1864 1832 1920; baseline -0.003 0"><span class='ocrx_word' id='word_1_93' title='bbox 306 1874 533 1920; x_wconf 70' lang='lat' dir='ltr'><strong>mintnln</strong></span> <span class='ocrx_word' id='word_1_94' title='bbox 556 1889 574 1920; x_wconf 88' lang='lat'><strong>.-</strong></span> <span class='ocrx_word' id='word_1_95' title='bbox 606 1873 808 1920; x_wconf 78' lang='lat' dir='ltr'><strong>neniam</strong></span> <span class='ocrx_word' id='word_1_96' title='bbox 844 1869 951 1920; x_wconf 85' lang='lat' dir='ltr'><strong>illis</strong></span> <span class='ocrx_word' id='word_1_97' title='bbox 1004 1868 1066 1920; x_wconf 90' lang='lat' dir='ltr'><strong>ob</strong></span> <span class='ocrx_word' id='word_1_98' title='bbox 1110 1867 1262 1920; x_wconf 86' lang='lat' dir='ltr'><strong>mobe</strong></span> <span class='ocrx_word' id='word_1_99' title='bbox 1301 1876 1512 1920; x_wconf 71' lang='lat' dir='ltr'><strong>tentiam</strong></span> <span class='ocrx_word' id='word_1_100' title='bbox 1573 1874 1620 1919; x_wconf 91' lang='lat' dir='ltr'><strong>et</strong></span> <span class='ocrx_word' id='word_1_101' title='bbox 1668 1864 1832 1920; x_wconf 71' lang='lat' dir='ltr'><strong>neat:-</strong></span> 
     </span>
    </p>
   </div>
   <div class='ocr_carea' id='block_1_15' title="bbox 306 1864 1832 1947">
    <p class='ocr_par' dir='ltr' id='par_1_15' title="bbox 306 1864 1832 1947">
     <span class='ocr_line' id='line_1_16' title="bbox 306 1864 1832 1947; baseline -0.009 -18"><span class='ocrx_word' id='word_1_102' title='bbox 306 1864 533 1947; x_wconf 80' lang='lat' dir='ltr'><strong>epistola</strong></span> <span class='ocrx_word' id='word_1_103' title='bbox 555 1889 574 1927; x_wconf 91' lang='lat'><strong><em>:</em></strong></span> <span class='ocrx_word' id='word_1_104' title='bbox 606 1873 808 1927; x_wconf 79' lang='lat' dir='ltr'><strong>veniam</strong></span> <span class='ocrx_word' id='word_1_105' title='bbox 844 1869 951 1947; x_wconf 85' lang='lat' dir='ltr'><strong>il_l_is</strong></span> <span class='ocrx_word' id='word_1_106' title='bbox 981 1868 1066 1921; x_wconf 74' lang='lat' dir='ltr'><strong>&#39;ob</strong></span> <span class='ocrx_word' id='word_1_107' title='bbox 1110 1864 1512 1947; x_wconf 84' lang='lat' dir='ltr'><strong>inobedientiam</strong></span> <span class='ocrx_word' id='word_1_108' title='bbox 1552 1864 1628 1947; x_wconf 42' lang='lat' dir='ltr'><strong>‘et&#39;</strong></span> <span class='ocrx_word' id='word_1_109' title='bbox 1668 1864 1832 1936; x_wconf 88' lang='lat' dir='ltr'><strong>negli-</strong></span> 
     </span>
    </p>
   </div>
   <div class='ocr_carea' id='block_1_16' title="bbox 308 1940 1834 2087">
    <p class='ocr_par' dir='ltr' id='par_1_16' title="bbox 308 1940 1834 2087">
     <span class='ocr_line' id='line_1_17' title="bbox 308 1940 1834 2018; baseline -0.008 -18"><span class='ocrx_word' id='word_1_110' title='bbox 308 1940 544 2018; x_wconf 67' lang='lat' dir='ltr'><strong>gentiam</strong></span> <span class='ocrx_word' id='word_1_111' title='bbox 595 1951 799 1998; x_wconf 73' lang='lat' dir='ltr'><strong>exorat.</strong></span> <span class='ocrx_word' id='word_1_112' title='bbox 864 1940 1118 1994; x_wconf 74' lang='lat' dir='ltr'><strong>Errantes</strong></span> <span class='ocrx_word' id='word_1_113' title='bbox 1188 1946 1331 1993; x_wconf 82' lang='lat' dir='ltr'><strong>oatat</strong></span> <span class='ocrx_word' id='word_1_114' title='bbox 1396 1940 1657 1995; x_wconf 83' lang='lat' dir='ltr'><strong>revocari.</strong></span> <span class='ocrx_word' id='word_1_115' title='bbox 1729 1952 1834 1990; x_wconf 88' lang='lat' dir='ltr'><strong>non</strong></span> 
     </span>
     <span class='ocr_line' id='line_1_18' title="bbox 313 2016 1764 2087; baseline -0.008 -16"><span class='ocrx_word' id='word_1_116' title='bbox 313 2016 502 2087; x_wconf 82' lang='lat' dir='ltr'><strong>abjici.</strong></span> <span class='ocrx_word' id='word_1_117' title='bbox 1758 2074 1764 2082; x_wconf 32' lang='lat'><em>.</em></span> 
     </span>
    </p>
   </div>
   <div class='ocr_carea' id='block_1_17' title="bbox 314 2120 1885 2196">
    <p class='ocr_par' dir='ltr' id='par_1_17' title="bbox 314 2120 1885 2196">
     <span class='ocr_line' id='line_1_19' title="bbox 314 2120 1885 2196; baseline -0.006 -11"><span class='ocrx_word' id='word_1_118' title='bbox 314 2128 679 2186; x_wconf 89' lang='lat' dir='ltr'><strong>Sanctissimo</strong></span> <span class='ocrx_word' id='word_1_119' title='bbox 724 2126 875 2182; x_wconf 91' lang='lat' dir='ltr'><strong>Patri</strong></span> <span class='ocrx_word' id='word_1_120' title='bbox 903 2124 1193 2196; x_wconf 88' lang='lat' dir='ltr'><strong>Teotgario</strong></span> <span class='ocrx_word' id='word_1_121' title='bbox 1239 2131 1296 2179; x_wconf 92' lang='lat' dir='ltr'><strong>et</strong></span> <span class='ocrx_word' id='word_1_122' title='bbox 1332 2122 1480 2178; x_wconf 89' lang='lat' dir='ltr'><strong>omni</strong></span> <span class='ocrx_word' id='word_1_123' title='bbox 1511 2122 1623 2177; x_wconf 90' lang='lat' dir='ltr'><strong>Deo</strong></span> <span class='ocrx_word' id='word_1_124' title='bbox 1649 2120 1837 2177; x_wconf 63' lang='lat' dir='ltr'><strong>electa:</strong></span> <span class='ocrx_word' id='word_1_125' title='bbox 1876 2134 1885 2139; x_wconf 69' lang='lat'><strong><em>&#39;</em></strong></span> 
     </span>
    </p>
   </div>
   <div class='ocr_carea' id='block_1_18' title="bbox 236 2217 1882 2285">
    <p class='ocr_par' dir='ltr' id='par_1_18' title="bbox 236 2217 1882 2285">
     <span class='ocr_line' id='line_1_20' title="bbox 236 2217 1882 2285; baseline -0.005 -6"><span class='ocrx_word' id='word_1_126' title='bbox 236 2224 410 2280; x_wconf 84' lang='lat' dir='ltr'><strong>etiam</strong></span> <span class='ocrx_word' id='word_1_127' title='bbox 433 2232 489 2279; x_wconf 91' lang='lat' dir='ltr'><strong>et</strong></span> <span class='ocrx_word' id='word_1_128' title='bbox 517 2221 816 2278; x_wconf 61' lang='lat' dir='ltr'><strong>benedicta:</strong></span> <span class='ocrx_word' id='word_1_129' title='bbox 844 2219 1082 2285; x_wconf 66' lang='lat' dir='ltr'><strong>familiae,</strong></span> <span class='ocrx_word' id='word_1_130' title='bbox 1112 2218 1370 2274; x_wconf 78' lang='lat' dir='ltr'><strong>Alcuinus</strong></span> <span class='ocrx_word' id='word_1_131' title='bbox 1397 2217 1631 2272; x_wconf 84' lang='lat' dir='ltr'><strong>famulus</strong></span> <span class='ocrx_word' id='word_1_132' title='bbox 1664 2217 1837 2272; x_wconf 87' lang='lat' dir='ltr'><strong>sancti</strong></span> <span class='ocrx_word' id='word_1_133' title='bbox 1877 2239 1882 2245; x_wconf 60' lang='grc' dir='ltr'>ν</span> 
     </span>
    </p>
   </div>
   <div class='ocr_carea' id='block_1_19' title="bbox 172 2292 1839 2381">
    <p class='ocr_par' dir='ltr' id='par_1_19' title="bbox 172 2292 1839 2381">
     <span class='ocr_line' id='line_1_21' title="bbox 172 2292 1839 2381; baseline -0.003 -14"><span class='ocrx_word' id='word_1_134' title='bbox 172 2358 177 2367; x_wconf 93' lang='grc'><strong>.</strong></span> <span class='ocrx_word' id='word_1_135' title='bbox 236 2292 465 2370; x_wconf 73' lang='lat' dir='ltr'><strong>Martini</strong></span> <span class='ocrx_word' id='word_1_136' title='bbox 494 2330 618 2370; x_wconf 89' lang='lat' dir='ltr'><strong>cum</strong></span> <span class='ocrx_word' id='word_1_137' title='bbox 640 2311 901 2379; x_wconf 85' lang='lat' dir='ltr'><strong>fratribus</strong></span> <span class='ocrx_word' id='word_1_138' title='bbox 922 2312 978 2366; x_wconf 94' lang='lat' dir='ltr'><strong>in</strong></span> <span class='ocrx_word' id='word_1_139' title='bbox 999 2311 1119 2381; x_wconf 87' lang='lat' dir='ltr'><strong>ejus</strong></span> <span class='ocrx_word' id='word_1_140' title='bbox 1149 2309 1482 2365; x_wconf 90' lang='lat' dir='ltr'><strong>monasterio</strong></span> <span class='ocrx_word' id='word_1_141' title='bbox 1516 2308 1630 2364; x_wconf 87' lang='lat' dir='ltr'><strong>Deo</strong></span> <span class='ocrx_word' id='word_1_142' title='bbox 1654 2308 1839 2363; x_wconf 89' lang='lat' dir='ltr'><strong>deser-</strong></span> 
     </span>
    </p>
   </div>
   <div class='ocr_carea' id='block_1_20' title="bbox 231 2400 1477 2476">
    <p class='ocr_par' dir='ltr' id='par_1_20' title="bbox 231 2400 1477 2476">
     <span class='ocr_line' id='line_1_22' title="bbox 231 2400 1477 2476; baseline -0.009 -12"><span class='ocrx_word' id='word_1_143' title='bbox 231 2408 537 2472; x_wconf 76' lang='lat' dir='ltr'><strong>vientibus,</strong></span> <span class='ocrx_word' id='word_1_144' title='bbox 560 2412 835 2476; x_wconf 80' lang='lat' dir='ltr'><strong>perpetuae</strong></span> <span class='ocrx_word' id='word_1_145' title='bbox 856 2402 1207 2458; x_wconf 81' lang='lat' dir='ltr'><strong>beatitudinis</strong></span> <span class='ocrx_word' id='word_1_146' title='bbox 1229 2400 1477 2456; x_wconf 87' lang='lat' dir='ltr'><strong>salutem.</strong></span> 
     </span>
    </p>
   </div>
   <div class='ocr_carea' id='block_1_21' title="bbox 314 2488 1884 2565">
    <p class='ocr_par' dir='ltr' id='par_1_21' title="bbox 314 2488 1884 2565">
     <span class='ocr_line' id='line_1_23' title="bbox 314 2488 1884 2565; baseline -0.008 -11"><span class='ocrx_word' id='word_1_147' title='bbox 314 2500 443 2554; x_wconf 84' lang='lat' dir='ltr'><strong>Misi</strong></span> <span class='ocrx_word' id='word_1_148' title='bbox 485 2505 685 2552; x_wconf 84' lang='lat' dir='ltr'><strong>vestrae</strong></span> <span class='ocrx_word' id='word_1_149' title='bbox 722 2495 908 2565; x_wconf 88' lang='lat' dir='ltr'><strong>pietati</strong></span> <span class='ocrx_word' id='word_1_150' title='bbox 957 2508 1056 2564; x_wconf 91' lang='lat' dir='ltr'><strong>per</strong></span> <span class='ocrx_word' id='word_1_151' title='bbox 1084 2490 1433 2548; x_wconf 83' lang='lat' dir='ltr'><strong>Sizimarium</strong></span> <span class='ocrx_word' id='word_1_152' title='bbox 1479 2488 1703 2545; x_wconf 89' lang='lat' dir='ltr'><strong>fratrem</strong></span> <span class='ocrx_word' id='word_1_153' title='bbox 1746 2502 1839 2543; x_wconf 88' lang='lat' dir='ltr'><strong>ve-</strong></span> <span class='ocrx_word' id='word_1_154' title='bbox 1876 2512 1884 2522; x_wconf 67' lang='grc' dir='ltr'><strong>ο</strong></span> 
     </span>
    </p>
   </div>
   <div class='ocr_carea' id='block_1_22' title="bbox 227 2588 1856 2655">
    <p class='ocr_par' dir='ltr' id='par_1_22' title="bbox 227 2588 1856 2655">
     <span class='ocr_line' id='line_1_24' title="bbox 227 2588 1856 2655; baseline -0.004 -6"><span class='ocrx_word' id='word_1_155' title='bbox 227 2602 421 2651; x_wconf 89' lang='lat' dir='ltr'><strong>strum</strong></span> <span class='ocrx_word' id='word_1_156' title='bbox 468 2592 634 2647; x_wconf 88' lang='lat' dir='ltr'><strong>verba</strong></span> <span class='ocrx_word' id='word_1_157' title='bbox 676 2590 1040 2655; x_wconf 85' lang='lat' dir='ltr'><strong>salutationis,</strong></span> <span class='ocrx_word' id='word_1_158' title='bbox 1081 2597 1137 2644; x_wconf 91' lang='lat' dir='ltr'><strong>et</strong></span> <span class='ocrx_word' id='word_1_159' title='bbox 1179 2605 1324 2644; x_wconf 91' lang='lat' dir='ltr'><strong>nunc</strong></span> <span class='ocrx_word' id='word_1_160' title='bbox 1351 2588 1549 2644; x_wconf 89' lang='lat' dir='ltr'><strong>iterum</strong></span> <span class='ocrx_word' id='word_1_161' title='bbox 1599 2588 1856 2643; x_wconf 87' lang='lat' dir='ltr'><strong>secundo.</strong></span> 
     </span>
    </p>
   </div>
   <div class='ocr_carea' id='block_1_23' title="bbox 227 2680 1887 2755">
    <p class='ocr_par' dir='ltr' id='par_1_23' title="bbox 227 2680 1887 2755">
     <span class='ocr_line' id='line_1_25' title="bbox 227 2680 1887 2755; baseline -0.004 -13"><span class='ocrx_word' id='word_1_162' title='bbox 227 2686 437 2744; x_wconf 85' lang='lat' dir='ltr'><strong>eadem</strong></span> <span class='ocrx_word' id='word_1_163' title='bbox 459 2693 709 2755; x_wconf 76' lang='lat' dir='ltr'><strong>repetere</strong></span> <span class='ocrx_word' id='word_1_164' title='bbox 732 2693 954 2755; x_wconf 89' lang='lat' dir='ltr'><strong>propter</strong></span> <span class='ocrx_word' id='word_1_165' title='bbox 981 2684 1443 2754; x_wconf 89' lang='lat' dir='ltr'><strong>opportunitatem</strong></span> <span class='ocrx_word' id='word_1_166' title='bbox 1486 2683 1679 2737; x_wconf 92' lang='lat' dir='ltr'><strong>horum</strong></span> <span class='ocrx_word' id='word_1_167' title='bbox 1722 2680 1838 2737; x_wconf 67' lang='lat' dir='ltr'><strong>fra~</strong></span> <span class='ocrx_word' id='word_1_168' title='bbox 1880 2703 1887 2709; x_wconf 64' lang='grc' dir='ltr'><strong><em>ε</em></strong></span> 
     </span>
    </p>
   </div>
   <div class='ocr_carea' id='block_1_24' title="bbox 229 2760 1883 2851">
    <p class='ocr_par' dir='ltr' id='par_1_24' title="bbox 229 2760 1883 2851">
     <span class='ocr_line' id='line_1_26' title="bbox 229 2760 1883 2851; baseline -0.002 -17"><span class='ocrx_word' id='word_1_169' title='bbox 229 2785 415 2843; x_wconf 58' lang='lat' dir='ltr'><strong>cum,</strong></span> <span class='ocrx_word' id='word_1_170' title='bbox 447 2777 539 2848; x_wconf 87' lang='lat' dir='ltr'><strong>qui</strong></span> <span class='ocrx_word' id='word_1_171' title='bbox 586 2760 865 2837; x_wconf 85' lang='lat' dir='ltr'><strong>venerunt</strong></span> <span class='ocrx_word' id='word_1_172' title='bbox 897 2777 965 2831; x_wconf 91' lang='lat' dir='ltr'><strong>ad</strong></span> <span class='ocrx_word' id='word_1_173' title='bbox 1009 2791 1130 2843; x_wconf 91' lang='lat' dir='ltr'><strong>nos,</strong></span> <span class='ocrx_word' id='word_1_174' title='bbox 1156 2847 1160 2851; x_wconf 22' lang='grc' dir='ltr'>ι</span> <span class='ocrx_word' id='word_1_175' title='bbox 1185 2784 1245 2831; x_wconf 92' lang='lat' dir='ltr'><strong>ut</strong></span> <span class='ocrx_word' id='word_1_176' title='bbox 1290 2792 1350 2831; x_wconf 91' lang='lat' dir='ltr'><strong>se</strong></span> <span class='ocrx_word' id='word_1_177' title='bbox 1398 2776 1842 2831; x_wconf 87' lang='lat' dir='ltr'><strong>commendarent</strong></span> <span class='ocrx_word' id='word_1_178' title='bbox 1880 2794 1883 2801; x_wconf 60' lang='grc' dir='ltr'>ί</span> 
     </span>
    </p>
   </div>
   <div class='ocr_carea' id='block_1_25' title="bbox 174 2850 1885 2937">
    <p class='ocr_par' dir='ltr' id='par_1_25' title="bbox 174 2850 1885 2937">
     <span class='ocr_line' id='line_1_27' title="bbox 174 2850 1885 2937; baseline -0.002 -13"><span class='ocrx_word' id='word_1_179' title='bbox 174 2857 179 2863; x_wconf 70' lang='grc'><strong>’</strong></span> <span class='ocrx_word' id='word_1_180' title='bbox 227 2868 422 2932; x_wconf 66' lang='grc' dir='ltr'><strong>κυοῑί</strong></span> <span class='ocrx_word' id='word_1_181' title='bbox 448 2866 663 2922; x_wconf 82' lang='lat' dir='ltr'><strong>Martini</strong></span> <span class='ocrx_word' id='word_1_182' title='bbox 693 2850 1207 2932; x_wconf 73' lang='lat' dir='ltr'><strong>intercessionibus;</strong></span> <span class='ocrx_word' id='word_1_183' title='bbox 1230 2866 1373 2921; x_wconf 92' lang='lat' dir='ltr'><strong>idem</strong></span> <span class='ocrx_word' id='word_1_184' title='bbox 1399 2874 1647 2937; x_wconf 90' lang='lat' dir='ltr'><strong>repetere</strong></span> <span class='ocrx_word' id='word_1_185' title='bbox 1677 2864 1761 2921; x_wconf 83' lang='lat' dir='ltr'><strong>fas</strong></span> <span class='ocrx_word' id='word_1_186' title='bbox 1787 2873 1843 2921; x_wconf 91' lang='lat' dir='ltr'><strong>et</strong></span> <span class='ocrx_word' id='word_1_187' title='bbox 1878 2886 1885 2895; x_wconf 73' lang='grc'><strong>’</strong></span> 
     </span>
    </p>
   </div>
   <div class='ocr_carea' id='block_1_26' title="bbox 173 2956 3358 3023">
    <p class='ocr_par' dir='ltr' id='par_1_26' title="bbox 173 2956 3358 3023">
     <span class='ocr_line' id='line_1_28' title="bbox 173 2956 3358 3023; baseline -0.002 -9"><span class='ocrx_word' id='word_1_188' title='bbox 173 3009 177 3014; x_wconf 88' lang='grc'>.</span> <span class='ocrx_word' id='word_1_189' title='bbox 232 2958 619 3016; x_wconf 82' lang='lat' dir='ltr'><strong>necessarium</strong></span> <span class='ocrx_word' id='word_1_190' title='bbox 670 2972 793 3014; x_wconf 85' lang='lat' dir='ltr'><strong>esse</strong></span> <span class='ocrx_word' id='word_1_191' title='bbox 842 2959 1021 3013; x_wconf 90' lang='lat' dir='ltr'><strong>visum</strong></span> <span class='ocrx_word' id='word_1_192' title='bbox 1062 2966 1177 3023; x_wconf 92' lang='lat' dir='ltr'><strong>est;</strong></span> <span class='ocrx_word' id='word_1_193' title='bbox 1202 2957 1344 3012; x_wconf 92' lang='lat' dir='ltr'><strong>unde</strong></span> <span class='ocrx_word' id='word_1_194' title='bbox 1391 2965 1448 3012; x_wconf 91' lang='lat' dir='ltr'><strong>et</strong></span> <span class='ocrx_word' id='word_1_195' title='bbox 1475 2958 1574 3012; x_wconf 89' lang='lat' dir='ltr'><strong>has</strong></span> <span class='ocrx_word' id='word_1_196' title='bbox 1628 2956 1839 3013; x_wconf 88' lang='lat' dir='ltr'><strong>litteras</strong></span> <span class='ocrx_word' id='word_1_197' title='bbox 1880 2972 1884 2981; x_wconf 78' lang='lat'>&#39;</span> <span class='ocrx_word' id='word_1_198' title='bbox 1942 2956 2146 2969; x_wconf 82' lang='lat'><strong>“&quot;&quot;“&quot;‘</strong></span> <span class='ocrx_word' id='word_1_199' title='bbox 2167 2956 2353 3023; x_wconf 54' lang='lat' dir='ltr'><strong>“ff”</strong></span> <span class='ocrx_word' id='word_1_200' title='bbox 2384 2956 2523 3023; x_wconf 71' lang='lat'><strong>&quot;&quot;_“}‘</strong></span> <span class='ocrx_word' id='word_1_201' title='bbox 2551 2956 2791 3023; x_wconf 67' lang='lat' dir='ltr'><strong>&#39;,&#39;,&#39;_:f_&quot;&quot;&quot;</strong></span> <span class='ocrx_word' id='word_1_202' title='bbox 2821 2956 3286 3023; x_wconf 61' lang='lat' dir='ltr'><strong>“_“:&quot;&quot;“f&quot;&quot;&quot;‘&quot;&quot;</strong></span> <span class='ocrx_word' id='word_1_203' title='bbox 3312 2956 3358 3023; x_wconf 52' lang='lat'><strong>&#39;_‘,</strong></span> 
     </span>
    </p>
   </div>
   <div class='ocr_carea' id='block_1_27' title="bbox 1876 3007 3540 3082">
    <p class='ocr_par' dir='ltr' id='par_1_27' title="bbox 1876 3007 3540 3082">
     <span class='ocr_line' id='line_1_29' title="bbox 1876 3007 3540 3082; baseline 0.001 -18"><span class='ocrx_word' id='word_1_204' title='bbox 1876 3042 1884 3055; x_wconf 79' lang='grc' dir='ltr'><strong>ι</strong></span> <span class='ocrx_word' id='word_1_205' title='bbox 1938 3026 2039 3081; x_wconf 93' lang='lat' dir='ltr'><strong>pro</strong></span> <span class='ocrx_word' id='word_1_206' title='bbox 2067 3010 2305 3080; x_wconf 90' lang='lat' dir='ltr'><strong>peccatis</strong></span> <span class='ocrx_word' id='word_1_207' title='bbox 2334 3010 2536 3064; x_wconf 89' lang='lat' dir='ltr'><strong>nostris</strong></span> <span class='ocrx_word' id='word_1_208' title='bbox 2579 3008 2706 3082; x_wconf 84' lang='lat' dir='ltr'><strong>(Tit.</strong></span> <span class='ocrx_word' id='word_1_209' title='bbox 2737 3026 2801 3075; x_wconf 88' lang='grc' dir='ltr'><strong>ιι,</strong></span> <span class='ocrx_word' id='word_1_210' title='bbox 2849 3007 2962 3081; x_wconf 73' lang='grc'><strong>14),</strong></span> <span class='ocrx_word' id='word_1_211' title='bbox 2991 3017 3053 3063; x_wconf 91' lang='lat' dir='ltr'><strong>ut</strong></span> <span class='ocrx_word' id='word_1_212' title='bbox 3098 3025 3199 3064; x_wconf 90' lang='lat' dir='ltr'><strong>nos</strong></span> <span class='ocrx_word' id='word_1_213' title='bbox 3246 3009 3540 3066; x_wconf 88' lang='lat' dir='ltr'><strong>redimeret</strong></span> 
     </span>
    </p>
   </div>
   <div class='ocr_carea' id='block_1_28' title="bbox 180 3047 1840 3120">
    <p class='ocr_par' dir='ltr' id='par_1_28' title="bbox 180 3047 1840 3120">
     <span class='ocr_line' id='line_1_30' title="bbox 180 3047 1840 3120; baseline -0.002 -14"><span class='ocrx_word' id='word_1_214' title='bbox 180 3092 185 3099; x_wconf 84' lang='lat'><strong>.</strong></span> <span class='ocrx_word' id='word_1_215' title='bbox 233 3049 401 3106; x_wconf 75' lang='lat' dir='ltr'><strong>vobis</strong></span> <span class='ocrx_word' id='word_1_216' title='bbox 438 3048 673 3120; x_wconf 75' lang='lat' dir='ltr'><strong>dirigere</strong></span> <span class='ocrx_word' id='word_1_217' title='bbox 701 3048 904 3113; x_wconf 88' lang='lat' dir='ltr'><strong>studui,</strong></span> <span class='ocrx_word' id='word_1_218' title='bbox 944 3049 1070 3118; x_wconf 87' lang='lat' dir='ltr'><strong>quia</strong></span> <span class='ocrx_word' id='word_1_219' title='bbox 1115 3048 1340 3119; x_wconf 70' lang='lat' dir='ltr'><strong>praefato</strong></span> <span class='ocrx_word' id='word_1_220' title='bbox 1391 3047 1561 3102; x_wconf 88' lang='lat' dir='ltr'><strong>fratre</strong></span> <span class='ocrx_word' id='word_1_221' title='bbox 1609 3047 1840 3102; x_wconf 80' lang='lat' dir='ltr'><strong>abeunte</strong></span> 
     </span>
    </p>
   </div>
   <div class='ocr_carea' id='block_1_29' title="bbox 182 3135 1839 3213">
    <p class='ocr_par' dir='ltr' id='par_1_29' title="bbox 182 3135 1839 3213">
     <span class='ocr_line' id='line_1_31' title="bbox 182 3135 1839 3213; baseline -0.004 -15"><span class='ocrx_word' id='word_1_222' title='bbox 182 3164 185 3167; x_wconf 56' lang='grc' dir='ltr'>λ</span> <span class='ocrx_word' id='word_1_223' title='bbox 238 3156 450 3213; x_wconf 89' lang='lat' dir='ltr'><strong>magna</strong></span> <span class='ocrx_word' id='word_1_224' title='bbox 500 3156 587 3195; x_wconf 89' lang='lat' dir='ltr'><strong>me</strong></span> <span class='ocrx_word' id='word_1_225' title='bbox 618 3138 848 3194; x_wconf 87' lang='lat' dir='ltr'><strong>febrium</strong></span> <span class='ocrx_word' id='word_1_226' title='bbox 879 3138 1147 3208; x_wconf 17' lang='lat' dir='ltr'><strong>molestia,</strong></span> <span class='ocrx_word' id='word_1_227' title='bbox 1177 3135 1405 3208; x_wconf 87' lang='lat' dir='ltr'><strong>fatigare</strong></span> <span class='ocrx_word' id='word_1_228' title='bbox 1452 3138 1631 3208; x_wconf 64' lang='lat' dir='ltr'><strong>coepit.</strong></span> <span class='ocrx_word' id='word_1_229' title='bbox 1685 3135 1839 3192; x_wconf 85' lang='lat' dir='ltr'><strong>Unde</strong></span> 
     </span>
    </p>
   </div>
   <div class='ocr_carea' id='block_1_30' title="bbox 178 3222 1840 3302">
    <p class='ocr_par' dir='ltr' id='par_1_30' title="bbox 178 3222 1840 3302">
     <span class='ocr_line' id='line_1_32' title="bbox 178 3222 1840 3302; baseline -0.006 -11"><span class='ocrx_word' id='word_1_230' title='bbox 178 3222 185 3298; x_wconf 64' lang='grc' dir='ltr'>ξ</span> <span class='ocrx_word' id='word_1_231' title='bbox 237 3232 503 3291; x_wconf 75' lang='lat' dir='ltr'><strong>obnixius</strong></span> <span class='ocrx_word' id='word_1_232' title='bbox 533 3232 795 3302; x_wconf 89' lang='lat' dir='ltr'><strong>deprecor</strong></span> <span class='ocrx_word' id='word_1_233' title='bbox 817 3230 1161 3286; x_wconf 91' lang='lat' dir='ltr'><strong>clementiam</strong></span> <span class='ocrx_word' id='word_1_234' title='bbox 1186 3237 1425 3284; x_wconf 73' lang='lat' dir='ltr'><strong>vestram</strong></span> <span class='ocrx_word' id='word_1_235' title='bbox 1441 3269 1457 3294; x_wconf 94' lang='lat'><strong>,</strong></span> <span class='ocrx_word' id='word_1_236' title='bbox 1483 3235 1544 3283; x_wconf 92' lang='lat' dir='ltr'><strong>ut</strong></span> <span class='ocrx_word' id='word_1_237' title='bbox 1570 3243 1658 3283; x_wconf 90' lang='lat' dir='ltr'><strong>me</strong></span> <span class='ocrx_word' id='word_1_238' title='bbox 1687 3228 1840 3299; x_wconf 90' lang='lat' dir='ltr'><strong>adju-</strong></span> 
     </span>
    </p>
   </div>
   <div class='ocr_carea' id='block_1_31' title="bbox 236 3302 1834 3393">
    <p class='ocr_par' dir='ltr' id='par_1_31' title="bbox 236 3302 1834 3393">
     <span class='ocr_line' id='line_1_33' title="bbox 236 3302 1834 3393; baseline -0.005 -15"><span class='ocrx_word' id='word_1_239' title='bbox 236 3337 379 3378; x_wconf 82' lang='lat' dir='ltr'><strong>vare</strong></span> <span class='ocrx_word' id='word_1_240' title='bbox 434 3302 728 3393; x_wconf 85' lang='lat' dir='ltr'><strong>dignemini</strong></span> <span class='ocrx_word' id='word_1_241' title='bbox 759 3321 812 3374; x_wconf 91' lang='lat' dir='ltr'><strong>in</strong></span> <span class='ocrx_word' id='word_1_242' title='bbox 852 3318 1211 3374; x_wconf 83' lang='lat' dir='ltr'><strong>sanctissimis</strong></span> <span class='ocrx_word' id='word_1_243' title='bbox 1239 3326 1437 3372; x_wconf 78' lang='lat' dir='ltr'><strong>vestrae</strong></span> <span class='ocrx_word' id='word_1_244' title='bbox 1463 3316 1834 3371; x_wconf 90' lang='lat' dir='ltr'><strong>unanimitatis</strong></span> 
     </span>
    </p>
   </div>
   <div class='ocr_carea' id='block_1_32' title="bbox 182 3407 1887 3486">
    <p class='ocr_par' dir='ltr' id='par_1_32' title="bbox 182 3407 1887 3486">
     <span class='ocr_line' id='line_1_34' title="bbox 182 3407 1887 3486; baseline -0.005 -17"><span class='ocrx_word' id='word_1_245' title='bbox 182 3456 187 3459; x_wconf 25' lang='grc' dir='ltr'>Α</span> <span class='ocrx_word' id='word_1_246' title='bbox 234 3411 756 3486; x_wconf 44' lang='grc' dir='ltr'><strong>οηῑὶοιιίὶιιιενίιιιίει</strong></span> <span class='ocrx_word' id='word_1_247' title='bbox 782 3411 893 3466; x_wconf 90' lang='lat' dir='ltr'><strong>scio</strong></span> <span class='ocrx_word' id='word_1_248' title='bbox 911 3418 1148 3465; x_wconf 82' lang='lat' dir='ltr'><strong>vestram</strong></span> <span class='ocrx_word' id='word_1_249' title='bbox 1176 3409 1509 3479; x_wconf 88' lang='lat' dir='ltr'><strong>religiosam,</strong></span> <span class='ocrx_word' id='word_1_250' title='bbox 1536 3407 1648 3462; x_wconf 90' lang='lat' dir='ltr'><strong>Deo</strong></span> <span class='ocrx_word' id='word_1_251' title='bbox 1674 3408 1837 3462; x_wconf 90' lang='lat' dir='ltr'><strong>devo—</strong></span> <span class='ocrx_word' id='word_1_252' title='bbox 1882 3424 1887 3447; x_wconf 69' lang='grc' dir='ltr'><em>λ</em></span> 
     </span>
    </p>
   </div>
   <div class='ocr_carea' id='block_1_33' title="bbox 183 3498 3507 3574">
    <p class='ocr_par' dir='ltr' id='par_1_33' title="bbox 183 3498 3507 3571">
     <span class='ocr_line' id='line_1_35' title="bbox 183 3498 3507 3571; baseline 0 -44"><span class='ocrx_word' id='word_1_253' title='bbox 183 3545 191 3550; x_wconf 34' lang='grc'><strong><em>³</em></strong></span> <span class='ocrx_word' id='word_1_254' title='bbox 242 3512 365 3559; x_wconf 61' lang='grc' dir='ltr'>ω</span> <span class='ocrx_word' id='word_1_255' title='bbox 1064 3506 1067 3509; x_wconf 91' lang='grc'>·</span> <span class='ocrx_word' id='word_1_256' title='bbox 1882 3508 1889 3539; x_wconf 64' lang='grc' dir='ltr'><em>ς</em></span> <span class='ocrx_word' id='word_1_257' title='bbox 1938 3498 2215 3543; x_wconf 62' lang='grc' dir='ltr'>μιυιᾰιιιςιυ,</span> <span class='ocrx_word' id='word_1_258' title='bbox 2246 3498 2340 3541; x_wconf 72' lang='grc' dir='ltr'>ιιυι</span> <span class='ocrx_word' id='word_1_259' title='bbox 2366 3498 2657 3542; x_wconf 64' lang='grc' dir='ltr'>ιιυιιδδιιιω</span> <span class='ocrx_word' id='word_1_260' title='bbox 2685 3498 2879 3525; x_wconf 74' lang='grc' dir='ltr'>ιιυνιςιιι</span> <span class='ocrx_word' id='word_1_261' title='bbox 2901 3498 3032 3526; x_wconf 68' lang='grc' dir='ltr'><strong>Πνῦδ</strong></span> <span class='ocrx_word' id='word_1_262' title='bbox 3062 3498 3271 3525; x_wconf 71' lang='grc' dir='ltr'>υιιιιιθιι</span> <span class='ocrx_word' id='word_1_263' title='bbox 3298 3498 3353 3525; x_wconf 88' lang='grc' dir='ltr'><strong>ΙΙΙ</strong></span> <span class='ocrx_word' id='word_1_264' title='bbox 3380 3498 3507 3527; x_wconf 83' lang='grc' dir='ltr'>ωυιι</span> 
     </span>
    </p>
   </div>
   <div class='ocr_carea' id='block_1_34' title="bbox 1880 3563 3540 3641">
    <p class='ocr_par' dir='ltr' id='par_1_34' title="bbox 1880 3563 3540 3641">
     <span class='ocr_line' id='line_1_36' title="bbox 1880 3563 3540 3641; baseline 0.001 -24"><span class='ocrx_word' id='word_1_265' title='bbox 1880 3600 1887 3617; x_wconf 59' lang='grc' dir='ltr'><strong>ι</strong></span> <span class='ocrx_word' id='word_1_266' title='bbox 1940 3565 2122 3641; x_wconf 51' lang='lat' dir='ltr'><strong>tibus,</strong></span> <span class='ocrx_word' id='word_1_267' title='bbox 2153 3571 2406 3618; x_wconf 85' lang='lat' dir='ltr'><strong>ut&#39;unam</strong></span> <span class='ocrx_word' id='word_1_268' title='bbox 2435 3570 2713 3618; x_wconf 88' lang='lat' dir='ltr'><strong>errantem</strong></span> <span class='ocrx_word' id='word_1_269' title='bbox 2741 3563 3037 3629; x_wconf 88' lang='lat' dir='ltr'><strong>inveniret;</strong></span> <span class='ocrx_word' id='word_1_270' title='bbox 3064 3570 3119 3618; x_wconf 91' lang='lat' dir='ltr'><strong>et</strong></span> <span class='ocrx_word' id='word_1_271' title='bbox 3154 3563 3398 3618; x_wconf 90' lang='lat' dir='ltr'><strong>humeris</strong></span> <span class='ocrx_word' id='word_1_272' title='bbox 3423 3563 3540 3618; x_wconf 85' lang='lat' dir='ltr'><strong>suis</strong></span> 
     </span>
    </p>
   </div>
   <div class='ocr_carea' id='block_1_35' title="bbox 182 3591 1838 3666">
    <p class='ocr_par' dir='ltr' id='par_1_35' title="bbox 182 3591 1838 3666">
     <span class='ocr_line' id='line_1_37' title="bbox 182 3591 1838 3666; baseline -0.004 -16"><span class='ocrx_word' id='word_1_273' title='bbox 182 3638 191 3643; x_wconf 90' lang='lat'><strong>-</strong></span> <span class='ocrx_word' id='word_1_274' title='bbox 244 3595 471 3665; x_wconf 83' lang='lat' dir='ltr'><strong>superni</strong></span> <span class='ocrx_word' id='word_1_275' title='bbox 510 3595 720 3666; x_wconf 80' lang='lat' dir='ltr'><strong>regis...</strong></span> <span class='ocrx_word' id='word_1_276' title='bbox 754 3594 966 3649; x_wconf 89' lang='lat' dir='ltr'><strong>dicente</strong></span> <span class='ocrx_word' id='word_1_277' title='bbox 1012 3594 1130 3664; x_wconf 88' lang='lat' dir='ltr'><strong>ipsa</strong></span> <span class='ocrx_word' id='word_1_278' title='bbox 1159 3593 1401 3647; x_wconf 85' lang='lat' dir='ltr'><strong>Veritate</strong></span> <span class='ocrx_word' id='word_1_279' title='bbox 1434 3610 1446 3645; x_wconf 91' lang='lat'><strong>:</strong></span> <span class='ocrx_word' id='word_1_280' title='bbox 1481 3591 1838 3661; x_wconf 82' lang='lat' dir='ltr'><strong>Quodcunque</strong></span> 
     </span>
    </p>
   </div>
   <div class='ocr_carea' id='block_1_36' title="bbox 183 3682 3143 3762">
    <p class='ocr_par' dir='ltr' id='par_1_36' title="bbox 183 3682 3143 3762">
     <span class='ocr_line' id='line_1_38' title="bbox 183 3682 3143 3762; baseline -0.001 -22"><span class='ocrx_word' id='word_1_281' title='bbox 183 3719 193 3747; x_wconf 63' lang='grc' dir='ltr'><strong>ε</strong></span> <span class='ocrx_word' id='word_1_282' title='bbox 243 3687 505 3759; x_wconf 76' lang='lat' dir='ltr'><strong>petieritis</strong></span> <span class='ocrx_word' id='word_1_283' title='bbox 530 3686 796 3762; x_wconf 83' lang='lat' dir='ltr'><strong>credentes</strong></span> <span class='ocrx_word' id='word_1_284' title='bbox 829 3687 1092 3759; x_wconf 75' lang='lat' dir='ltr'><strong>accipietis</strong></span> <span class='ocrx_word' id='word_1_285' title='bbox 1144 3684 1358 3758; x_wconf 75' lang='lat' dir='ltr'><strong>(Matth.</strong></span> <span class='ocrx_word' id='word_1_286' title='bbox 1393 3686 1507 3750; x_wconf 56' lang='lat' dir='ltr'><strong>xxx,-</strong></span> <span class='ocrx_word' id='word_1_287' title='bbox 1533 3684 1658 3756; x_wconf 66' lang='lat' dir='ltr'><strong>se);</strong></span> <span class='ocrx_word' id='word_1_288' title='bbox 1707 3682 1840 3739; x_wconf 88' lang='lat' dir='ltr'><strong>Cre-</strong></span> <span class='ocrx_word' id='word_1_289' title='bbox 1878 3698 1889 3705; x_wconf 87' lang='lat'><strong>-</strong></span> <span class='ocrx_word' id='word_1_290' title='bbox 1939 3682 2327 3762; x_wconf 57' lang='grc' dir='ltr'>ιιξψυδυξξδειδ</span> <span class='ocrx_word' id='word_1_291' title='bbox 2367 3682 2777 3762; x_wconf 45' lang='lat' dir='ltr'><strong>mutuare?“</strong></span> <span class='ocrx_word' id='word_1_292' title='bbox 2814 3682 3143 3762; x_wconf 48' lang='grc' dir='ltr'>δικυυωξιιιε</span> 
     </span>
    </p>
   </div>
   <div class='ocr_carea' id='block_1_37' title="bbox 1884 3749 3538 3822">
    <p class='ocr_par' dir='ltr' id='par_1_37' title="bbox 1884 3749 3538 3822">
     <span class='ocr_line' id='line_1_39' title="bbox 1884 3749 3538 3822; baseline 0 -17"><span class='ocrx_word' id='word_1_293' title='bbox 1884 3780 1895 3791; x_wconf 76' lang='grc' dir='ltr'><strong>ι</strong></span> <span class='ocrx_word' id='word_1_294' title='bbox 1938 3758 1999 3805; x_wconf 86' lang='grc' dir='ltr'><strong>ιιι</strong></span> <span class='ocrx_word' id='word_1_295' title='bbox 2027 3751 2201 3822; x_wconf 89' lang='lat' dir='ltr'><strong>angeli</strong></span> <span class='ocrx_word' id='word_1_296' title='bbox 2236 3749 2637 3822; x_wconf 80' lang='lat' dir='ltr'><strong>congauderent</strong></span> <span class='ocrx_word' id='word_1_297' title='bbox 2663 3750 2730 3805; x_wconf 90' lang='lat' dir='ltr'><strong>de</strong></span> <span class='ocrx_word' id='word_1_298' title='bbox 2762 3749 2872 3806; x_wconf 53' lang='lat' dir='ltr'><strong>ove&quot;</strong></span> <span class='ocrx_word' id='word_1_299' title='bbox 2893 3751 3110 3805; x_wconf 89' lang='lat' dir='ltr'><strong>inventa</strong></span> <span class='ocrx_word' id='word_1_300' title='bbox 3138 3749 3352 3822; x_wconf 82' lang='lat' dir='ltr'><strong>(Matth.</strong></span> <span class='ocrx_word' id='word_1_301' title='bbox 3379 3765 3538 3816; x_wconf 77' lang='lat' dir='ltr'><strong>xvrn,</strong></span> 
     </span>
    </p>
   </div>
   <div class='ocr_carea' id='block_1_38' title="bbox 244 3775 1837 3847">
    <p class='ocr_par' dir='ltr' id='par_1_38' title="bbox 244 3775 1837 3847">
     <span class='ocr_line' id='line_1_40' title="bbox 244 3775 1837 3847; baseline -0.001 -17"><span class='ocrx_word' id='word_1_302' title='bbox 244 3776 445 3831; x_wconf 88' lang='lat' dir='ltr'><strong>dentes</strong></span> <span class='ocrx_word' id='word_1_303' title='bbox 466 3776 621 3841; x_wconf 84' lang='lat' dir='ltr'><strong>dixit,</strong></span> <span class='ocrx_word' id='word_1_304' title='bbox 647 3776 774 3847; x_wconf 90' lang='lat' dir='ltr'><strong>quia</strong></span> <span class='ocrx_word' id='word_1_305' title='bbox 799 3776 1115 3847; x_wconf 75' lang='lat' dir='ltr'><strong>impossibile</strong></span> <span class='ocrx_word' id='word_1_306' title='bbox 1143 3787 1217 3831; x_wconf 88' lang='lat' dir='ltr'><strong>est</strong></span> <span class='ocrx_word' id='word_1_307' title='bbox 1238 3777 1350 3830; x_wconf 88' lang='lat' dir='ltr'><strong>sine</strong></span> <span class='ocrx_word' id='word_1_308' title='bbox 1369 3776 1474 3845; x_wconf 75' lang='lat' dir='ltr'><strong>ﬁde</strong></span> <span class='ocrx_word' id='word_1_309' title='bbox 1496 3775 1710 3847; x_wconf 79' lang='lat' dir='ltr'><strong>placere&#39;</strong></span> <span class='ocrx_word' id='word_1_310' title='bbox 1729 3775 1837 3829; x_wconf 86' lang='lat' dir='ltr'><strong>Deo</strong></span> 
     </span>
    </p>
   </div>
   <div class='ocr_carea' id='block_1_39' title="bbox 188 3864 1891 3938">
    <p class='ocr_par' dir='ltr' id='par_1_39' title="bbox 188 3864 1891 3938">
     <span class='ocr_line' id='line_1_41' title="bbox 188 3864 1891 3938; baseline -0.003 -15"><span class='ocrx_word' id='word_1_311' title='bbox 188 3918 197 3923; x_wconf 83' lang='lat'><strong>.</strong></span> <span class='ocrx_word' id='word_1_312' title='bbox 246 3864 442 3937; x_wconf 83' lang='lat' dir='ltr'><strong>(Hebr.</strong></span> <span class='ocrx_word' id='word_1_313' title='bbox 468 3883 545 3930; x_wconf 78' lang='lat' dir='ltr'><strong>xi,</strong></span> <span class='ocrx_word' id='word_1_314' title='bbox 567 3865 641 3938; x_wconf 90' lang='lat'><strong>6).</strong></span> <span class='ocrx_word' id='word_1_315' title='bbox 662 3866 852 3937; x_wconf 33' lang='lat' dir='ltr'><strong>,Qnare</strong></span> <span class='ocrx_word' id='word_1_316' title='bbox 874 3866 1139 3922; x_wconf 89' lang='lat' dir='ltr'><strong>catholica</strong></span> <span class='ocrx_word' id='word_1_317' title='bbox 1167 3867 1449 3937; x_wconf 74' lang='lat' dir='ltr'><strong>integritas</strong></span> <span class='ocrx_word' id='word_1_318' title='bbox 1474 3868 1679 3923; x_wconf 84' lang='lat' dir='ltr'><strong>vestris</strong></span> <span class='ocrx_word' id='word_1_319' title='bbox 1724 3881 1841 3920; x_wconf 91' lang='lat' dir='ltr'><strong>ma-</strong></span> <span class='ocrx_word' id='word_1_320' title='bbox 1880 3864 1891 3903; x_wconf 77' lang='grc' dir='ltr'><strong><em>ἱ</em></strong></span> 
     </span>
    </p>
   </div>
   <div class='ocr_carea' id='block_1_40' title="bbox 190 3958 1893 4040">
    <p class='ocr_par' dir='ltr' id='par_1_40' title="bbox 190 3958 1893 4040">
     <span class='ocr_line' id='line_1_42' title="bbox 190 3958 1893 4040; baseline -0.003 -24"><span class='ocrx_word' id='word_1_321' title='bbox 190 4008 195 4023; x_wconf 82' lang='grc'>,</span> <span class='ocrx_word' id='word_1_322' title='bbox 248 3967 382 4016; x_wconf 90' lang='lat' dir='ltr'><strong>neat</strong></span> <span class='ocrx_word' id='word_1_323' title='bbox 408 3959 465 4013; x_wconf 92' lang='lat' dir='ltr'><strong>in</strong></span> <span class='ocrx_word' id='word_1_324' title='bbox 484 3958 758 4027; x_wconf 86' lang='lat' dir='ltr'><strong>cordibus,</strong></span> <span class='ocrx_word' id='word_1_325' title='bbox 784 3968 1055 4040; x_wconf 84' lang='lat' dir='ltr'><strong>quatenus</strong></span> <span class='ocrx_word' id='word_1_326' title='bbox 1076 3960 1337 4031; x_wconf 86' lang='lat' dir='ltr'><strong>quidquid</strong></span> <span class='ocrx_word' id='word_1_327' title='bbox 1357 3958 1624 4029; x_wconf 90' lang='lat' dir='ltr'><strong>petieritis</strong></span> <span class='ocrx_word' id='word_1_328' title='bbox 1655 3958 1708 4012; x_wconf 92' lang='lat' dir='ltr'><strong>in</strong></span> <span class='ocrx_word' id='word_1_329' title='bbox 1739 3972 1839 4012; x_wconf 86' lang='lat' dir='ltr'><strong>no-</strong></span> <span class='ocrx_word' id='word_1_330' title='bbox 1883 3987 1893 3998; x_wconf 74' lang='grc' dir='ltr'><strong><em>ο</em></strong></span> 
     </span>
    </p>
   </div>
   <div class='ocr_carea' id='block_1_41' title="bbox 192 4049 1889 4127">
    <p class='ocr_par' dir='ltr' id='par_1_41' title="bbox 192 4049 1889 4127">
     <span class='ocr_line' id='line_1_43' title="bbox 192 4049 1889 4127; baseline -0.003 -17"><span class='ocrx_word' id='word_1_331' title='bbox 192 4104 203 4110; x_wconf 88' lang='grc'><strong>-</strong></span> <span class='ocrx_word' id='word_1_332' title='bbox 247 4052 397 4110; x_wconf 84' lang='lat' dir='ltr'><strong>mine</strong></span> <span class='ocrx_word' id='word_1_333' title='bbox 423 4049 577 4117; x_wconf 70' lang='lat' dir='ltr'><strong>Iesu,</strong></span> <span class='ocrx_word' id='word_1_334' title='bbox 607 4053 853 4122; x_wconf 88' lang='lat' dir='ltr'><strong>accipere</strong></span> <span class='ocrx_word' id='word_1_335' title='bbox 877 4053 1216 4117; x_wconf 91' lang='lat' dir='ltr'><strong>mereamini,</strong></span> <span class='ocrx_word' id='word_1_336' title='bbox 1260 4067 1357 4108; x_wconf 90' lang='lat' dir='ltr'><strong>seu</strong></span> <span class='ocrx_word' id='word_1_337' title='bbox 1401 4066 1521 4127; x_wconf 34' lang='lat' dir='ltr'><strong>pro.</strong></span> <span class='ocrx_word' id='word_1_338' title='bbox 1549 4050 1842 4111; x_wconf 71' lang='lat' dir='ltr'><strong>stabilitate</strong></span> <span class='ocrx_word' id='word_1_339' title='bbox 1882 4067 1889 4073; x_wconf 60' lang='grc' dir='ltr'><strong><em>ο</em></strong></span> 
     </span>
    </p>
   </div>
   <div class='ocr_carea' id='block_1_42' title="bbox 192 4142 1893 4214">
    <p class='ocr_par' dir='ltr' id='par_1_42' title="bbox 192 4142 1893 4214">
     <span class='ocr_line' id='line_1_44' title="bbox 192 4142 1893 4214; baseline -0.004 -13"><span class='ocrx_word' id='word_1_340' title='bbox 192 4198 199 4201; x_wconf 87' lang='grc'>.</span> <span class='ocrx_word' id='word_1_341' title='bbox 246 4143 376 4201; x_wconf 76' lang='lat' dir='ltr'><strong>vita:</strong></span> <span class='ocrx_word' id='word_1_342' title='bbox 401 4150 599 4198; x_wconf 75' lang='lat' dir='ltr'><strong>vestra:</strong></span> <span class='ocrx_word' id='word_1_343' title='bbox 645 4151 701 4198; x_wconf 92' lang='lat' dir='ltr'><strong>et</strong></span> <span class='ocrx_word' id='word_1_344' title='bbox 727 4144 1133 4214; x_wconf 85' lang='lat' dir='ltr'><strong>perseverantia</strong></span> <span class='ocrx_word' id='word_1_345' title='bbox 1178 4144 1307 4199; x_wconf 91' lang='lat' dir='ltr'><strong>boui</strong></span> <span class='ocrx_word' id='word_1_346' title='bbox 1358 4143 1540 4214; x_wconf 90' lang='lat' dir='ltr'><strong>operis</strong></span> <span class='ocrx_word' id='word_1_347' title='bbox 1568 4157 1740 4213; x_wconf 89' lang='lat' dir='ltr'><strong>usque</strong></span> <span class='ocrx_word' id='word_1_348' title='bbox 1786 4142 1840 4195; x_wconf 84' lang='lat' dir='ltr'><strong>in</strong></span> <span class='ocrx_word' id='word_1_349' title='bbox 1888 4172 1893 4178; x_wconf 65' lang='grc' dir='ltr'><strong>ι</strong></span> 
     </span>
    </p>
   </div>
   <div class='ocr_carea' id='block_1_43' title="bbox 249 4233 1893 4306">
    <p class='ocr_par' dir='ltr' id='par_1_43' title="bbox 249 4233 1893 4306">
     <span class='ocr_line' id='line_1_45' title="bbox 249 4233 1893 4306; baseline -0.005 -12"><span class='ocrx_word' id='word_1_350' title='bbox 249 4236 447 4302; x_wconf 79' lang='lat' dir='ltr'><strong>ﬁnem;</strong></span> <span class='ocrx_word' id='word_1_351' title='bbox 483 4236 595 4291; x_wconf 91' lang='lat' dir='ltr'><strong>sive</strong></span> <span class='ocrx_word' id='word_1_352' title='bbox 622 4251 721 4306; x_wconf 88' lang='lat' dir='ltr'><strong>pro</strong></span> <span class='ocrx_word' id='word_1_353' title='bbox 743 4238 933 4291; x_wconf 85' lang='lat' dir='ltr'><strong>amicis</strong></span> <span class='ocrx_word' id='word_1_354' title='bbox 963 4237 1182 4301; x_wconf 89' lang='lat' dir='ltr'><strong>vestris,</strong></span> <span class='ocrx_word' id='word_1_355' title='bbox 1212 4235 1304 4306; x_wconf 92' lang='lat' dir='ltr'><strong>qui</strong></span> <span class='ocrx_word' id='word_1_356' title='bbox 1327 4234 1488 4290; x_wconf 80' lang='lat' dir='ltr'><strong>fidem</strong></span> <span class='ocrx_word' id='word_1_357' title='bbox 1510 4234 1746 4289; x_wconf 89' lang='lat' dir='ltr'><strong>habeant</strong></span> <span class='ocrx_word' id='word_1_358' title='bbox 1774 4233 1842 4287; x_wconf 91' lang='lat' dir='ltr'><strong>de</strong></span> <span class='ocrx_word' id='word_1_359' title='bbox 1886 4266 1893 4272; x_wconf 68' lang='grc' dir='ltr'><strong>ι</strong></span> 
     </span>
    </p>
   </div>
   <div class='ocr_carea' id='block_1_44' title="bbox 249 4323 1842 4394">
    <p class='ocr_par' dir='ltr' id='par_1_44' title="bbox 249 4323 1842 4394">
     <span class='ocr_line' id='line_1_46' title="bbox 249 4323 1842 4394; baseline -0.004 -12"><span class='ocrx_word' id='word_1_360' title='bbox 249 4334 439 4382; x_wconf 85' lang='lat' dir='ltr'><strong>vestra</strong></span> <span class='ocrx_word' id='word_1_361' title='bbox 464 4326 705 4382; x_wconf 87' lang='lat' dir='ltr'><strong>bonitate</strong></span> <span class='ocrx_word' id='word_1_362' title='bbox 728 4335 785 4383; x_wconf 90' lang='lat' dir='ltr'><strong>et</strong></span> <span class='ocrx_word' id='word_1_363' title='bbox 808 4327 1090 4382; x_wconf 88' lang='lat' dir='ltr'><strong>charitate.</strong></span> <span class='ocrx_word' id='word_1_364' title='bbox 1141 4324 1384 4380; x_wconf 83' lang='lat' dir='ltr'><strong>Charitas</strong></span> <span class='ocrx_word' id='word_1_365' title='bbox 1437 4325 1575 4379; x_wconf 89' lang='lat' dir='ltr'><strong>enim</strong></span> <span class='ocrx_word' id='word_1_366' title='bbox 1614 4323 1842 4394; x_wconf 85' lang='lat' dir='ltr'><strong>coaperit</strong></span> 
     </span>
    </p>
   </div>
   <div class='ocr_carea' id='block_1_45' title="bbox 253 4414 1843 4488">
    <p class='ocr_par' dir='ltr' id='par_1_45' title="bbox 253 4414 1843 4488">
     <span class='ocr_line' id='line_1_47' title="bbox 253 4414 1843 4488; baseline -0.001 -18"><span class='ocrx_word' id='word_1_367' title='bbox 253 4415 647 4471; x_wconf 81' lang='lat' dir='ltr'><strong>multitudinem</strong></span> <span class='ocrx_word' id='word_1_368' title='bbox 696 4426 1027 4488; x_wconf 81' lang='lat' dir='ltr'><strong>peccatorum</strong></span> <span class='ocrx_word' id='word_1_369' title='bbox 1075 4415 1127 4486; x_wconf 91' lang='grc'><strong>(1</strong></span> <span class='ocrx_word' id='word_1_370' title='bbox 1160 4416 1306 4471; x_wconf 89' lang='lat' dir='ltr'><strong>Petr.</strong></span> <span class='ocrx_word' id='word_1_371' title='bbox 1356 4431 1431 4481; x_wconf 81' lang='lat' dir='ltr'><strong>IV,</strong></span> <span class='ocrx_word' id='word_1_372' title='bbox 1459 4416 1547 4486; x_wconf 89' lang='lat'><strong>8);</strong></span> <span class='ocrx_word' id='word_1_373' title='bbox 1576 4425 1623 4469; x_wconf 92' lang='lat' dir='ltr'><strong>et</strong></span> <span class='ocrx_word' id='word_1_374' title='bbox 1651 4415 1741 4485; x_wconf 86' lang='lat' dir='ltr'><strong>qui</strong></span> <span class='ocrx_word' id='word_1_375' title='bbox 1786 4414 1843 4468; x_wconf 86' lang='lat' dir='ltr'><strong>in</strong></span> 
     </span>
    </p>
   </div>
   <div class='ocr_carea' id='block_1_46' title="bbox 200 4508 1843 4587">
    <p class='ocr_par' dir='ltr' id='par_1_46' title="bbox 200 4508 1843 4587">
     <span class='ocr_line' id='line_1_48' title="bbox 200 4508 1843 4587; baseline -0.003 -18"><span class='ocrx_word' id='word_1_376' title='bbox 200 4564 205 4569; x_wconf 82' lang='lat'><strong>.</strong></span> <span class='ocrx_word' id='word_1_377' title='bbox 253 4512 512 4565; x_wconf 83' lang='lat' dir='ltr'><strong>charitate</strong></span> <span class='ocrx_word' id='word_1_378' title='bbox 531 4518 728 4576; x_wconf 87' lang='lat' dir='ltr'><strong>manet,</strong></span> <span class='ocrx_word' id='word_1_379' title='bbox 763 4511 819 4565; x_wconf 87' lang='lat' dir='ltr'><strong>in</strong></span> <span class='ocrx_word' id='word_1_380' title='bbox 843 4509 953 4565; x_wconf 88' lang='lat' dir='ltr'><strong>Deo</strong></span> <span class='ocrx_word' id='word_1_381' title='bbox 977 4519 1175 4575; x_wconf 88' lang='lat' dir='ltr'><strong>manet,</strong></span> <span class='ocrx_word' id='word_1_382' title='bbox 1195 4509 1320 4580; x_wconf 86' lang='lat' dir='ltr'><strong>quia</strong></span> <span class='ocrx_word' id='word_1_383' title='bbox 1340 4508 1480 4563; x_wconf 87' lang='lat' dir='ltr'><strong>Deus</strong></span> <span class='ocrx_word' id='word_1_384' title='bbox 1507 4509 1735 4587; x_wconf 82' lang='lat' dir='ltr'><strong>charitas</strong></span> <span class='ocrx_word' id='word_1_385' title='bbox 1766 4518 1843 4564; x_wconf 84' lang='lat' dir='ltr'><strong>est</strong></span> 
     </span>
    </p>
   </div>
   <div class='ocr_carea' id='block_1_47' title="bbox 257 4601 865 4675">
    <p class='ocr_par' dir='ltr' id='par_1_47' title="bbox 257 4601 865 4675">
     <span class='ocr_line' id='line_1_49' title="bbox 257 4601 865 4675; baseline -0.002 -19"><span class='ocrx_word' id='word_1_386' title='bbox 257 4601 312 4675; x_wconf 86' lang='grc' dir='ltr'><strong>(Ι</strong></span> <span class='ocrx_word' id='word_1_387' title='bbox 331 4602 495 4656; x_wconf 81' lang='lat' dir='ltr'><strong>Joan.</strong></span> <span class='ocrx_word' id='word_1_388' title='bbox 527 4618 602 4667; x_wconf 74' lang='grc' dir='ltr'><strong>ιν,</strong></span> <span class='ocrx_word' id='word_1_389' title='bbox 635 4601 744 4675; x_wconf 86' lang='grc'><strong>16).</strong></span> <span class='ocrx_word' id='word_1_390' title='bbox 859 4660 865 4666; x_wconf 52' lang='grc'><em>,</em></span> 
     </span>
    </p>
   </div>
   <div class='ocr_carea' id='block_1_48' title="bbox 326 4693 1842 4763">
    <p class='ocr_par' dir='ltr' id='par_1_48' title="bbox 326 4693 1842 4763">
     <span class='ocr_line' id='line_1_50' title="bbox 326 4693 1842 4763; baseline 0.001 -14"><span class='ocrx_word' id='word_1_391' title='bbox 326 4694 385 4750; x_wconf 87' lang='lat' dir='ltr'><strong>In</strong></span> <span class='ocrx_word' id='word_1_392' title='bbox 423 4693 584 4763; x_wconf 90' lang='lat' dir='ltr'><strong>hujus</strong></span> <span class='ocrx_word' id='word_1_393' title='bbox 607 4710 738 4750; x_wconf 89' lang='lat' dir='ltr'><strong>vero</strong></span> <span class='ocrx_word' id='word_1_394' title='bbox 768 4695 1051 4750; x_wconf 87' lang='lat' dir='ltr'><strong>charitatis</strong></span> <span class='ocrx_word' id='word_1_395' title='bbox 1080 4694 1368 4749; x_wconf 87' lang='lat' dir='ltr'><strong>sanctitate</strong></span> <span class='ocrx_word' id='word_1_396' title='bbox 1393 4694 1493 4749; x_wconf 91' lang='lat' dir='ltr'><strong>hos</strong></span> <span class='ocrx_word' id='word_1_397' title='bbox 1524 4694 1720 4749; x_wconf 88' lang='lat' dir='ltr'><strong>fratres</strong></span> <span class='ocrx_word' id='word_1_398' title='bbox 1744 4710 1842 4751; x_wconf 90' lang='lat' dir='ltr'><strong>ve-</strong></span> 
     </span>
    </p>
   </div>
   <div class='ocr_carea' id='block_1_49' title="bbox 255 4786 1845 4857">
    <p class='ocr_par' dir='ltr' id='par_1_49' title="bbox 255 4786 1845 4857">
     <span class='ocr_line' id='line_1_51' title="bbox 255 4786 1845 4857; baseline -0.001 -15"><span class='ocrx_word' id='word_1_399' title='bbox 255 4793 424 4851; x_wconf 86' lang='lat' dir='ltr'><strong>stros,</strong></span> <span class='ocrx_word' id='word_1_400' title='bbox 465 4786 629 4841; x_wconf 87' lang='lat' dir='ltr'><strong>etiam</strong></span> <span class='ocrx_word' id='word_1_401' title='bbox 671 4792 911 4850; x_wconf 90' lang='lat' dir='ltr'><strong>nostros,</strong></span> <span class='ocrx_word' id='word_1_402' title='bbox 940 4786 1009 4839; x_wconf 87' lang='lat' dir='ltr'><strong>ad</strong></span> <span class='ocrx_word' id='word_1_403' title='bbox 1048 4794 1287 4840; x_wconf 89' lang='lat' dir='ltr'><strong>vestram</strong></span> <span class='ocrx_word' id='word_1_404' title='bbox 1312 4786 1566 4855; x_wconf 89' lang='lat' dir='ltr'><strong>pietatem</strong></span> <span class='ocrx_word' id='word_1_405' title='bbox 1612 4786 1845 4857; x_wconf 81' lang='lat' dir='ltr'><strong>dirigere</strong></span> 
     </span>
    </p>
   </div>
   <div class='ocr_carea' id='block_1_50' title="bbox 257 4868 1844 4951">
    <p class='ocr_par' dir='ltr' id='par_1_50' title="bbox 257 4868 1844 4951">
     <span class='ocr_line' id='line_1_52' title="bbox 257 4868 1844 4951; baseline 0.001 -22"><span class='ocrx_word' id='word_1_406' title='bbox 257 4875 467 4940; x_wconf 84' lang='lat' dir='ltr'><strong>curavi,</strong></span> <span class='ocrx_word' id='word_1_407' title='bbox 497 4876 589 4945; x_wconf 91' lang='lat' dir='ltr'><strong>qui</strong></span> <span class='ocrx_word' id='word_1_408' title='bbox 614 4876 875 4931; x_wconf 85' lang='lat' dir='ltr'><strong>orationis</strong></span> <span class='ocrx_word' id='word_1_409' title='bbox 913 4876 1084 4947; x_wconf 89' lang='lat' dir='ltr'><strong>gratia</strong></span> <span class='ocrx_word' id='word_1_410' title='bbox 1104 4868 1297 4951; x_wconf 79' lang='lat' dir='ltr'><strong>sancti</strong></span> <span class='ocrx_word' id='word_1_411' title='bbox 1335 4874 1546 4930; x_wconf 84' lang='lat' dir='ltr'><strong>Martini</strong></span> <span class='ocrx_word' id='word_1_412' title='bbox 1589 4876 1844 4947; x_wconf 87' lang='lat' dir='ltr'><strong>reliquias</strong></span> 
     </span>
    </p>
   </div>
   <div class='ocr_carea' id='block_1_51' title="bbox 202 4965 1846 5035">
    <p class='ocr_par' dir='ltr' id='par_1_51' title="bbox 202 4965 1846 5035">
     <span class='ocr_line' id='line_1_53' title="bbox 202 4965 1846 5035; baseline -0.001 -13"><span class='ocrx_word' id='word_1_413' title='bbox 202 4976 207 4983; x_wconf 86' lang='lat'><strong><em>’</em></strong></span> <span class='ocrx_word' id='word_1_414' title='bbox 258 4967 486 5022; x_wconf 87' lang='lat' dir='ltr'><strong>visitare</strong></span> <span class='ocrx_word' id='word_1_415' title='bbox 513 4967 825 5030; x_wconf 87' lang='lat' dir='ltr'><strong>voluerunt;</strong></span> <span class='ocrx_word' id='word_1_416' title='bbox 855 4966 951 5021; x_wconf 90' lang='lat' dir='ltr'><strong>sed</strong></span> <span class='ocrx_word' id='word_1_417' title='bbox 992 4975 1048 5021; x_wconf 89' lang='lat' dir='ltr'><strong>et</strong></span> <span class='ocrx_word' id='word_1_418' title='bbox 1084 4966 1215 5021; x_wconf 91' lang='lat' dir='ltr'><strong>mihi</strong></span> <span class='ocrx_word' id='word_1_419' title='bbox 1250 4966 1615 5021; x_wconf 88' lang='lat' dir='ltr'><strong>secretissime</strong></span> <span class='ocrx_word' id='word_1_420' title='bbox 1644 4965 1846 5035; x_wconf 91' lang='lat' dir='ltr'><strong>aliquid</strong></span> 
     </span>
    </p>
   </div>
   <div class='ocr_carea' id='block_1_52' title="bbox 262 5058 1847 5130">
    <p class='ocr_par' dir='ltr' id='par_1_52' title="bbox 262 5058 1847 5130">
     <span class='ocr_line' id='line_1_54' title="bbox 262 5058 1847 5130; baseline 0 -17"><span class='ocrx_word' id='word_1_421' title='bbox 262 5058 328 5114; x_wconf 91' lang='lat' dir='ltr'><strong>de</strong></span> <span class='ocrx_word' id='word_1_422' title='bbox 349 5074 450 5114; x_wconf 85' lang='lat' dir='ltr'><strong>sua</strong></span> <span class='ocrx_word' id='word_1_423' title='bbox 475 5060 839 5115; x_wconf 89' lang='lat' dir='ltr'><strong>inobedientia</strong></span> <span class='ocrx_word' id='word_1_424' title='bbox 859 5060 945 5113; x_wconf 93' lang='lat' dir='ltr'><strong>vel</strong></span> <span class='ocrx_word' id='word_1_425' title='bbox 971 5059 1295 5130; x_wconf 87' lang='lat' dir='ltr'><strong>negligentia</strong></span> <span class='ocrx_word' id='word_1_426' title='bbox 1317 5060 1593 5124; x_wconf 87' lang='lat' dir='ltr'><strong>dixerunt,</strong></span> <span class='ocrx_word' id='word_1_427' title='bbox 1618 5074 1847 5129; x_wconf 82' lang='lat' dir='ltr'><strong>precan-</strong></span> 
     </span>
    </p>
   </div>
   <div class='ocr_carea' id='block_1_53' title="bbox 260 5152 1847 5222">
    <p class='ocr_par' dir='ltr' id='par_1_53' title="bbox 260 5152 1847 5222">
     <span class='ocr_line' id='line_1_55' title="bbox 260 5152 1847 5222; baseline 0.001 -15"><span class='ocrx_word' id='word_1_428' title='bbox 260 5158 345 5207; x_wconf 85' lang='lat' dir='ltr'><strong>tes</strong></span> <span class='ocrx_word' id='word_1_429' title='bbox 371 5167 471 5206; x_wconf 92' lang='lat' dir='ltr'><strong>nos</strong></span> <span class='ocrx_word' id='word_1_430' title='bbox 499 5167 624 5207; x_wconf 92' lang='lat' dir='ltr'><strong>cum</strong></span> <span class='ocrx_word' id='word_1_431' title='bbox 646 5153 820 5207; x_wconf 87' lang='lat' dir='ltr'><strong>sancti</strong></span> <span class='ocrx_word' id='word_1_432' title='bbox 842 5152 1054 5207; x_wconf 83' lang='lat' dir='ltr'><strong>Martini</strong></span> <span class='ocrx_word' id='word_1_433' title='bbox 1083 5153 1282 5222; x_wconf 89' lang='lat' dir='ltr'><strong>pietate</strong></span> <span class='ocrx_word' id='word_1_434' title='bbox 1310 5152 1698 5207; x_wconf 89' lang='lat' dir='ltr'><strong>intercessores</strong></span> <span class='ocrx_word' id='word_1_435' title='bbox 1724 5167 1847 5208; x_wconf 92' lang='lat' dir='ltr'><strong>esse</strong></span> 
     </span>
    </p>
   </div>
   <div class='ocr_carea' id='block_1_54' title="bbox 280 5284 1147 5356">
    <p class='ocr_par' dir='ltr' id='par_1_54' title="bbox 280 5284 1147 5356">
     <span class='ocr_line' id='line_1_56' title="bbox 280 5284 1147 5356; baseline -0.001 -17"><span class='ocrx_word' id='word_1_436' title='bbox 280 5324 299 5339; x_wconf 88' lang='lat'><strong>.</strong></span> <span class='ocrx_word' id='word_1_437' title='bbox 333 5297 361 5325; x_wconf 74' lang='grc' dir='ltr'><strong>ι</strong></span> <span class='ocrx_word' id='word_1_438' title='bbox 393 5284 560 5356; x_wconf 70' lang='grc' dir='ltr'><strong>Αριιρ</strong></span> <span class='ocrx_word' id='word_1_439' title='bbox 576 5285 808 5341; x_wconf 87' lang='lat' dir='ltr'><strong>Froben.</strong></span> <span class='ocrx_word' id='word_1_440' title='bbox 836 5286 991 5355; x_wconf 89' lang='lat' dir='ltr'><strong>epist.</strong></span> <span class='ocrx_word' id='word_1_441' title='bbox 1023 5286 1147 5339; x_wconf 77' lang='lat' dir='ltr'><strong>‘2l7.</strong></span> 
     </span>
    </p>
   </div>
   <div class='ocr_carea' id='block_1_55' title="bbox 334 5354 1848 5427">
    <p class='ocr_par' dir='ltr' id='par_1_55' title="bbox 334 5354 1848 5427">
     <span class='ocr_line' id='line_1_57' title="bbox 334 5354 1848 5427; baseline 0.001 -17"><span class='ocrx_word' id='word_1_442' title='bbox 334 5356 364 5395; x_wconf 75' lang='grc' dir='ltr'><strong>ι’</strong></span> <span class='ocrx_word' id='word_1_443' title='bbox 409 5354 495 5427; x_wconf 71' lang='grc' dir='ltr'><em>Ᾰά</em></span> <span class='ocrx_word' id='word_1_444' title='bbox 522 5354 856 5427; x_wconf 81' lang='lat' dir='ltr'><strong>Teotgarium</strong></span> <span class='ocrx_word' id='word_1_445' title='bbox 870 5354 1154 5409; x_wconf 36' lang='lat' dir='ltr'><strong>’abbatem.</strong></span> <span class='ocrx_word' id='word_1_446' title='bbox 1172 5355 1389 5427; x_wconf 23' lang='lat' dir='ltr'><strong>.ACujus</strong></span> <span class='ocrx_word' id='word_1_447' title='bbox 1417 5354 1648 5409; x_wconf 74' lang='lat' dir='ltr'><strong>emnobii</strong></span> <span class='ocrx_word' id='word_1_448' title='bbox 1672 5355 1848 5427; x_wconf 84' lang='lat' dir='ltr'><strong>abbas</strong></span> 
     </span>
    </p>
   </div>
   <div class='ocr_carea' id='block_1_56' title="bbox 265 5425 1849 5498">
    <p class='ocr_par' dir='ltr' id='par_1_56' title="bbox 265 5425 1849 5498">
     <span class='ocr_line' id='line_1_58' title="bbox 265 5425 1849 5498; baseline 0 -16"><span class='ocrx_word' id='word_1_449' title='bbox 265 5425 432 5498; x_wconf 83' lang='lat' dir='ltr'><strong>fuerit</strong></span> <span class='ocrx_word' id='word_1_450' title='bbox 459 5425 778 5498; x_wconf 80' lang='lat' dir='ltr'><strong>Teotgarius</strong></span> <span class='ocrx_word' id='word_1_451' title='bbox 801 5442 868 5481; x_wconf 80' lang='lat' dir='ltr'><strong>ex</strong></span> <span class='ocrx_word' id='word_1_452' title='bbox 894 5427 995 5481; x_wconf 89' lang='lat' dir='ltr'><strong>hac</strong></span> <span class='ocrx_word' id='word_1_453' title='bbox 1015 5425 1242 5498; x_wconf 86' lang='lat' dir='ltr'><strong>epistola</strong></span> <span class='ocrx_word' id='word_1_454' title='bbox 1273 5426 1517 5498; x_wconf 77' lang='lat' dir='ltr'><strong>equidem</strong></span> <span class='ocrx_word' id='word_1_455' title='bbox 1546 5425 1688 5498; x_wconf 83' lang='lat' dir='ltr'><strong>haud</strong></span> <span class='ocrx_word' id='word_1_456' title='bbox 1715 5428 1849 5482; x_wconf 89' lang='lat' dir='ltr'><strong>satis</strong></span> 
     </span>
    </p>
   </div>
   <div class='ocr_carea' id='block_1_57' title="bbox 264 5494 1850 5568">
    <p class='ocr_par' dir='ltr' id='par_1_57' title="bbox 264 5494 1850 5568">
     <span class='ocr_line' id='line_1_59' title="bbox 264 5494 1850 5568; baseline -0.001 -16"><span class='ocrx_word' id='word_1_457' title='bbox 264 5495 472 5568; x_wconf 89' lang='lat' dir='ltr'><strong>liquet;</strong></span> <span class='ocrx_word' id='word_1_458' title='bbox 504 5494 759 5568; x_wconf 75' lang='lat' dir='ltr'><strong>quoniam</strong></span> <span class='ocrx_word' id='word_1_459' title='bbox 782 5513 913 5568; x_wconf 80' lang='lat' dir='ltr'><strong>vero</strong></span> <span class='ocrx_word' id='word_1_460' title='bbox 938 5494 1138 5551; x_wconf 82' lang='lat' dir='ltr'><strong>mentio</strong></span> <span class='ocrx_word' id='word_1_461' title='bbox 1168 5497 1255 5551; x_wconf 91' lang='lat' dir='ltr'><strong>hic</strong></span> <span class='ocrx_word' id='word_1_462' title='bbox 1287 5494 1348 5550; x_wconf 83' lang='lat' dir='ltr'><strong>tit</strong></span> <span class='ocrx_word' id='word_1_463' title='bbox 1367 5497 1434 5568; x_wconf 86' lang='lat' dir='ltr'><strong>de</strong></span> <span class='ocrx_word' id='word_1_464' title='bbox 1459 5494 1717 5568; x_wconf 85' lang='lat' dir='ltr'><strong>fratribus</strong></span> <span class='ocrx_word' id='word_1_465' title='bbox 1757 5498 1850 5567; x_wconf 89' lang='lat' dir='ltr'><strong>qui</strong></span> 
     </span>
    </p>
   </div>
   <div class='ocr_carea' id='block_1_58' title="bbox 268 5514 1852 5637">
    <p class='ocr_par' dir='ltr' id='par_1_58' title="bbox 268 5514 1852 5637">
     <span class='ocr_line' id='line_1_60' title="bbox 268 5514 1850 5568; baseline -0.001 -16"><span class='ocrx_word' id='word_1_466' title='bbox 268 5514 300 5552; x_wconf 85' lang='grc' dir='ltr'><strong>ιι</strong></span> <span class='ocrx_word' id='word_1_467' title='bbox 342 5514 472 5562; x_wconf 58' lang='lat' dir='ltr'><strong>“ei;</strong></span> <span class='ocrx_word' id='word_1_468' title='bbox 504 5514 759 5568; x_wconf 73' lang='lat' dir='ltr'><strong>quoniam</strong></span> <span class='ocrx_word' id='word_1_469' title='bbox 782 5514 913 5552; x_wconf 72' lang='grc' dir='ltr'><strong>νει-ο</strong></span> <span class='ocrx_word' id='word_1_470' title='bbox 938 5514 1138 5551; x_wconf 86' lang='lat' dir='ltr'><strong>menuo</strong></span> <span class='ocrx_word' id='word_1_471' title='bbox 1170 5514 1255 5551; x_wconf 86' lang='lat' dir='ltr'><strong>nlC</strong></span> <span class='ocrx_word' id='word_1_472' title='bbox 1287 5514 1348 5550; x_wconf 86' lang='grc' dir='ltr'><strong>ιιι</strong></span> <span class='ocrx_word' id='word_1_473' title='bbox 1367 5514 1434 5549; x_wconf 87' lang='lat' dir='ltr'><strong>ue</strong></span> <span class='ocrx_word' id='word_1_474' title='bbox 1459 5514 1717 5549; x_wconf 74' lang='lat' dir='ltr'><strong>[ralrlDllS</strong></span> <span class='ocrx_word' id='word_1_475' title='bbox 1757 5514 1850 5567; x_wconf 82' lang='grc' dir='ltr'>(ιιιι</span> 
     </span>
     <span class='ocr_line' id='line_1_61' title="bbox 268 5514 1852 5637; baseline -0.001 -15"><span class='ocrx_word' id='word_1_476' title='bbox 268 5514 339 5622; x_wconf 58' lang='lat' dir='ltr'><strong>ad</strong></span> <span class='ocrx_word' id='word_1_477' title='bbox 361 5569 755 5623; x_wconf 83' lang='lat' dir='ltr'><strong>monasterium</strong></span> <span class='ocrx_word' id='word_1_478' title='bbox 776 5567 1093 5623; x_wconf 83' lang='lat' dir='ltr'><strong>Turonense</strong></span> <span class='ocrx_word' id='word_1_479' title='bbox 1114 5566 1699 5637; x_wconf 69' lang='lat' dir='ltr'><strong>veneruntdevotionis</strong></span> <span class='ocrx_word' id='word_1_480' title='bbox 1727 5583 1852 5637; x_wconf 87' lang='lat' dir='ltr'><strong>gra-</strong></span> 
     </span>
    </p>
   </div>
   <div class='ocr_carea' id='block_1_59' title="bbox 268 5636 1907 5703">
    <p class='ocr_par' dir='ltr' id='par_1_59' title="bbox 268 5636 1907 5703">
     <span class='ocr_line' id='line_1_62' title="bbox 268 5636 1907 5703; baseline -0.001 -10"><span class='ocrx_word' id='word_1_481' title='bbox 268 5639 364 5703; x_wconf 87' lang='lat' dir='ltr'><strong>tia,</strong></span> <span class='ocrx_word' id='word_1_482' title='bbox 392 5647 449 5694; x_wconf 91' lang='lat' dir='ltr'><strong>et</strong></span> <span class='ocrx_word' id='word_1_483' title='bbox 482 5646 545 5693; x_wconf 90' lang='lat' dir='ltr'><strong>ut</strong></span> <span class='ocrx_word' id='word_1_484' title='bbox 568 5654 628 5693; x_wconf 90' lang='lat' dir='ltr'><strong>se</strong></span> <span class='ocrx_word' id='word_1_485' title='bbox 671 5640 1107 5694; x_wconf 87' lang='lat' dir='ltr'><strong>commendarent</strong></span> <span class='ocrx_word' id='word_1_486' title='bbox 1135 5637 1305 5692; x_wconf 90' lang='lat' dir='ltr'><strong>sancti</strong></span> <span class='ocrx_word' id='word_1_487' title='bbox 1351 5636 1563 5690; x_wconf 87' lang='lat' dir='ltr'><strong>Martini</strong></span> <span class='ocrx_word' id='word_1_488' title='bbox 1592 5636 1853 5692; x_wconf 87' lang='lat' dir='ltr'><strong>interces-</strong></span> <span class='ocrx_word' id='word_1_489' title='bbox 1900 5641 1907 5645; x_wconf 78' lang='grc'><em>’</em></span> 
     </span>
    </p>
   </div>
   <div class='ocr_carea' id='block_1_60' title="bbox 270 5706 1851 5780">
    <p class='ocr_par' dir='ltr' id='par_1_60' title="bbox 270 5706 1851 5780">
     <span class='ocr_line' id='line_1_63' title="bbox 270 5706 1851 5780; baseline -0.001 -17"><span class='ocrx_word' id='word_1_490' title='bbox 270 5710 534 5780; x_wconf 80' lang='lat' dir='ltr'><strong>sionibus,</strong></span> <span class='ocrx_word' id='word_1_491' title='bbox 563 5710 691 5765; x_wconf 92' lang='lat' dir='ltr'><strong>hinc</strong></span> <span class='ocrx_word' id='word_1_492' title='bbox 734 5709 1002 5780; x_wconf 84' lang='lat' dir='ltr'><strong>conjicere</strong></span> <span class='ocrx_word' id='word_1_493' title='bbox 1024 5724 1253 5780; x_wconf 92' lang='lat' dir='ltr'><strong>pronum</strong></span> <span class='ocrx_word' id='word_1_494' title='bbox 1296 5717 1404 5780; x_wconf 76' lang='lat' dir='ltr'><strong>est,</strong></span> <span class='ocrx_word' id='word_1_495' title='bbox 1431 5715 1488 5762; x_wconf 89' lang='lat' dir='ltr'><strong>et</strong></span> <span class='ocrx_word' id='word_1_496' title='bbox 1514 5706 1708 5780; x_wconf 84' lang='lat' dir='ltr'><strong>fratres</strong></span> <span class='ocrx_word' id='word_1_497' title='bbox 1733 5707 1851 5780; x_wconf 76' lang='lat' dir='ltr'><strong>illos</strong></span> 
     </span>
    </p>
   </div>
   <div class='ocr_carea' id='block_1_61' title="bbox 271 5777 1854 5848">
    <p class='ocr_par' dir='ltr' id='par_1_61' title="bbox 271 5777 1854 5848">
     <span class='ocr_line' id='line_1_64' title="bbox 271 5777 1854 5848; baseline 0 -14"><span class='ocrx_word' id='word_1_498' title='bbox 271 5778 440 5835; x_wconf 86' lang='lat' dir='ltr'><strong>fuisse</strong></span> <span class='ocrx_word' id='word_1_499' title='bbox 480 5781 779 5837; x_wconf 90' lang='lat' dir='ltr'><strong>monachos</strong></span> <span class='ocrx_word' id='word_1_500' title='bbox 825 5777 1158 5846; x_wconf 82' lang='lat' dir='ltr'><strong>Lirinenses,</strong></span> <span class='ocrx_word' id='word_1_501' title='bbox 1212 5793 1349 5848; x_wconf 91' lang='lat' dir='ltr'><strong>quos</strong></span> <span class='ocrx_word' id='word_1_502' title='bbox 1380 5778 1433 5832; x_wconf 92' lang='lat' dir='ltr'><strong>in</strong></span> <span class='ocrx_word' id='word_1_503' title='bbox 1480 5777 1706 5848; x_wconf 90' lang='lat' dir='ltr'><strong>epistola</strong></span> <span class='ocrx_word' id='word_1_504' title='bbox 1748 5778 1854 5834; x_wconf 76' lang='grc'><strong>212</strong></span> 
     </span>
    </p>
   </div>
   <div class='ocr_carea' id='block_1_62' title="bbox 222 5796 1856 5923">
    <p class='ocr_par' dir='ltr' id='par_1_62' title="bbox 222 5796 1856 5923">
     <span class='ocr_line' id='line_1_65' title="bbox 271 5796 1854 5848; baseline 0 -14"><span class='ocrx_word' id='word_1_505' title='bbox 271 5796 440 5835; x_wconf 75' lang='lat' dir='ltr'><strong>ruisse</strong></span> <span class='ocrx_word' id='word_1_506' title='bbox 480 5796 779 5837; x_wconf 90' lang='lat' dir='ltr'><strong>monacnos</strong></span> <span class='ocrx_word' id='word_1_507' title='bbox 825 5796 1158 5846; x_wconf 76' lang='lat' dir='ltr'><strong>Ltnnenses,</strong></span> <span class='ocrx_word' id='word_1_508' title='bbox 1251 5796 1349 5833; x_wconf 93' lang='lat' dir='ltr'><strong>uos</strong></span> <span class='ocrx_word' id='word_1_509' title='bbox 1380 5796 1433 5832; x_wconf 85' lang='grc' dir='ltr'>ιη</span> <span class='ocrx_word' id='word_1_510' title='bbox 1480 5796 1706 5848; x_wconf 72' lang='grc' dir='ltr'>θριειοιιι</span> <span class='ocrx_word' id='word_1_511' title='bbox 1748 5796 1854 5834; x_wconf 74' lang='lat' dir='ltr'><strong>zu</strong></span> 
     </span>
     <span class='ocr_line' id='line_1_66' title="bbox 222 5796 1856 5923; baseline 0.002 -22"><span class='ocrx_word' id='word_1_512' title='bbox 222 5894 231 5901; x_wconf 89' lang='lat'><strong>.</strong></span> <span class='ocrx_word' id='word_1_513' title='bbox 274 5851 440 5923; x_wconf 57' lang='lat' dir='ltr'><strong>Qunc</strong></span> <span class='ocrx_word' id='word_1_514' title='bbox 469 5851 596 5923; x_wconf 83' lang='grc'><strong>190)</strong></span> <span class='ocrx_word' id='word_1_515' title='bbox 618 5851 775 5923; x_wconf 80' lang='lat' dir='ltr'><strong>dixit,</strong></span> <span class='ocrx_word' id='word_1_516' title='bbox 822 5858 1174 5923; x_wconf 12' lang='lat' dir='ltr'><strong>anterpauc‘os</strong></span> <span class='ocrx_word' id='word_1_517' title='bbox 1212 5796 1477 5923; x_wconf 64' lang='lat' dir='ltr'><strong>diesilluc</strong></span> <span class='ocrx_word' id='word_1_518' title='bbox 1502 5848 1743 5923; x_wconf 64' lang='lat' dir='ltr'><strong>venisse;</strong></span> <span class='ocrx_word' id='word_1_519' title='bbox 1801 5857 1856 5905; x_wconf 92' lang='lat' dir='ltr'><strong>et</strong></span> 
     </span>
    </p>
   </div>
   <div class='ocr_carea' id='block_1_63' title="bbox 322 5918 1855 5996">
    <p class='ocr_par' dir='ltr' id='par_1_63' title="bbox 322 5918 1855 5996">
     <span class='ocr_line' id='line_1_67' title="bbox 322 5918 1855 5996; baseline -0.001 -18"><span class='ocrx_word' id='word_1_520' title='bbox 322 5918 627 5996; x_wconf 86' lang='lat' dir='ltr'><strong>eotgarium</strong></span> <span class='ocrx_word' id='word_1_521' title='bbox 665 5921 834 5979; x_wconf 87' lang='lat' dir='ltr'><strong>fuisse</strong></span> <span class='ocrx_word' id='word_1_522' title='bbox 860 5918 1220 5979; x_wconf 81' lang='lat' dir='ltr'><strong>Lirinensium</strong></span> <span class='ocrx_word' id='word_1_523' title='bbox 1267 5919 1536 5975; x_wconf 88' lang='lat' dir='ltr'><strong>abbatem.</strong></span> <span class='ocrx_word' id='word_1_524' title='bbox 1588 5918 1855 5977; x_wconf 70' lang='lat' dir='ltr'><strong>Caeterum</strong></span> 
     </span>
    </p>
   </div>
   <div class='ocr_carea' id='block_1_64' title="bbox 1695 410 2076 471">
    <p class='ocr_par' dir='ltr' id='par_1_64' title="bbox 1695 410 2076 471">
     <span class='ocr_line' id='line_1_68' title="bbox 1695 410 2076 471; baseline -0.008 0"><span class='ocrx_word' id='word_1_525' title='bbox 1695 410 2076 471; x_wconf 61' lang='lat' dir='ltr'><strong>EPISTOLIE.</strong></span> 
     </span>
    </p>
   </div>
   <div class='ocr_carea' id='block_1_65' title="bbox 251 518 3533 626">
    <p class='ocr_par' dir='ltr' id='par_1_65' title="bbox 251 518 3533 626">
     <span class='ocr_line' id='line_1_69' title="bbox 251 518 3533 626; baseline -0.006 -18"><span class='ocrx_word' id='word_1_526' title='bbox 251 518 515 626; x_wconf 77' lang='lat' dir='ltr'><strong>operetu</strong></span> <span class='ocrx_word' id='word_1_527' title='bbox 542 542 853 607; x_wconf 88' lang='lat' dir='ltr'><strong>ostendere,</strong></span> <span class='ocrx_word' id='word_1_528' title='bbox 884 537 1027 611; x_wconf 89' lang='lat' dir='ltr'><strong>quod</strong></span> <span class='ocrx_word' id='word_1_529' title='bbox 1051 537 1109 594; x_wconf 92' lang='lat' dir='ltr'><strong>in</strong></span> <span class='ocrx_word' id='word_1_530' title='bbox 1136 534 1316 592; x_wconf 85' lang='lat' dir='ltr'><strong>cordis</strong></span> <span class='ocrx_word' id='word_1_531' title='bbox 1355 533 1615 589; x_wconf 90' lang='lat' dir='ltr'><strong>thesauro</strong></span> <span class='ocrx_word' id='word_1_532' title='bbox 1642 545 1835 626; x_wconf 44' lang='lat' dir='ltr'><strong>reconf</strong></span> <span class='ocrx_word' id='word_1_533' title='bbox 1862 531 1914 590; x_wconf 83' lang='lat' dir='ltr'><strong>A</strong></span> <span class='ocrx_word' id='word_1_534' title='bbox 1940 527 2197 626; x_wconf 34' lang='lat' dir='ltr'><strong>pro-illis,</strong></span> <span class='ocrx_word' id='word_1_535' title='bbox 2227 536 2289 626; x_wconf 68' lang='lat' dir='ltr'><strong>ut</strong></span> <span class='ocrx_word' id='word_1_536' title='bbox 2309 528 2639 626; x_wconf 81' lang='lat' dir='ltr'><strong>recipiantur</strong></span> <span class='ocrx_word' id='word_1_537' title='bbox 2660 527 2715 583; x_wconf 93' lang='lat' dir='ltr'><strong>in</strong></span> <span class='ocrx_word' id='word_1_538' title='bbox 2735 526 2913 626; x_wconf 82' lang='lat' dir='ltr'><strong>locum</strong></span> <span class='ocrx_word' id='word_1_539' title='bbox 2941 541 3126 596; x_wconf 90' lang='lat' dir='ltr'><strong>suum;</strong></span> <span class='ocrx_word' id='word_1_540' title='bbox 3159 538 3216 586; x_wconf 89' lang='lat' dir='ltr'><strong>et</strong></span> <span class='ocrx_word' id='word_1_541' title='bbox 3241 545 3342 604; x_wconf 88' lang='lat' dir='ltr'><strong>ego</strong></span> <span class='ocrx_word' id='word_1_542' title='bbox 3371 549 3533 590; x_wconf 87' lang='lat' dir='ltr'><strong>man-</strong></span> 
     </span>
    </p>
   </div>
   <div class='ocr_carea' id='block_1_66' title="bbox 3405 418 3527 518">
    <p class='ocr_par' dir='ltr' id='par_1_66' title="bbox 3405 418 3527 518">
     <span class='ocr_line' id='line_1_70' title="bbox 3405 418 3527 518; baseline 0.008 -44"><span class='ocrx_word' id='word_1_543' title='bbox 3405 418 3527 518; x_wconf 42' lang='lat'><strong>.128</strong></span> 
     </span>
    </p>
   </div>
   <div class='ocr_carea' id='block_1_67' title="bbox 1937 620 3535 692">
    <p class='ocr_par' dir='ltr' id='par_1_67' title="bbox 1937 620 3535 692">
     <span class='ocr_line' id='line_1_71' title="bbox 1937 620 3535 692; baseline 0.004 -17"><span class='ocrx_word' id='word_1_544' title='bbox 1937 621 2059 675; x_wconf 82' lang='lat' dir='ltr'><strong>(lavi</strong></span> <span class='ocrx_word' id='word_1_545' title='bbox 2107 620 2212 675; x_wconf 92' lang='lat' dir='ltr'><strong>illis</strong></span> <span class='ocrx_word' id='word_1_546' title='bbox 2251 620 2502 686; x_wconf 79' lang='lat' dir='ltr'><strong>firmiter,</strong></span> <span class='ocrx_word' id='word_1_547' title='bbox 2548 628 2733 675; x_wconf 83' lang='lat' dir='ltr'><strong>tacere</strong></span> <span class='ocrx_word' id='word_1_548' title='bbox 2774 621 2912 692; x_wconf 87' lang='lat' dir='ltr'><strong>apud</strong></span> <span class='ocrx_word' id='word_1_549' title='bbox 2953 636 3143 677; x_wconf 91' lang='lat' dir='ltr'><strong>omnes</strong></span> <span class='ocrx_word' id='word_1_550' title='bbox 3186 623 3432 679; x_wconf 87' lang='lat' dir='ltr'><strong>homines</strong></span> <span class='ocrx_word' id='word_1_551' title='bbox 3464 625 3535 682; x_wconf 89' lang='lat' dir='ltr'><strong>de</strong></span> 
     </span>
    </p>
   </div>
   <div class='ocr_carea' id='block_1_68' title="bbox 1937 711 3536 786">
    <p class='ocr_par' dir='ltr' id='par_1_68' title="bbox 1937 711 3536 786">
     <span class='ocr_line' id='line_1_72' title="bbox 1937 711 3536 786; baseline 0.002 -17"><span class='ocrx_word' id='word_1_552' title='bbox 1937 728 2104 769; x_wconf 90' lang='lat' dir='ltr'><strong>causa</strong></span> <span class='ocrx_word' id='word_1_553' title='bbox 2131 712 2469 786; x_wconf 67' lang='lat' dir='ltr'><strong>negligentiae</strong></span> <span class='ocrx_word' id='word_1_554' title='bbox 2497 727 2630 778; x_wconf 75' lang='lat' dir='ltr'><strong>suae,</strong></span> <span class='ocrx_word' id='word_1_555' title='bbox 2679 711 2870 768; x_wconf 91' lang='lat' dir='ltr'><strong>nolens</strong></span> <span class='ocrx_word' id='word_1_556' title='bbox 2918 712 3121 783; x_wconf 85' lang='lat' dir='ltr'><strong>aliquid</strong></span> <span class='ocrx_word' id='word_1_557' title='bbox 3169 712 3318 769; x_wconf 80' lang='lat' dir='ltr'><strong>foras</strong></span> <span class='ocrx_word' id='word_1_558' title='bbox 3346 716 3536 772; x_wconf 85' lang='lat' dir='ltr'><strong>venire</strong></span> 
     </span>
    </p>
   </div>
   <div class='ocr_carea' id='block_1_69' title="bbox 1936 802 3558 877">
    <p class='ocr_par' dir='ltr' id='par_1_69' title="bbox 1936 802 3558 877">
     <span class='ocr_line' id='line_1_73' title="bbox 1936 802 3558 877; baseline 0.001 -16"><span class='ocrx_word' id='word_1_559' title='bbox 1936 819 1970 861; x_wconf 71' lang='grc' dir='ltr'>ει</span> <span class='ocrx_word' id='word_1_560' title='bbox 1991 804 2338 859; x_wconf 90' lang='lat' dir='ltr'><strong>sanctissima</strong></span> <span class='ocrx_word' id='word_1_561' title='bbox 2360 804 2777 876; x_wconf 79' lang='lat' dir='ltr'><strong>congregatione</strong></span> <span class='ocrx_word' id='word_1_562' title='bbox 2796 811 3001 870; x_wconf 87' lang='lat' dir='ltr'><strong>vestra,</strong></span> <span class='ocrx_word' id='word_1_563' title='bbox 3029 804 3134 859; x_wconf 90' lang='lat' dir='ltr'><strong>nisi</strong></span> <span class='ocrx_word' id='word_1_564' title='bbox 3161 806 3365 877; x_wconf 83' lang='lat' dir='ltr'><strong>Optima</strong></span> <span class='ocrx_word' id='word_1_565' title='bbox 3385 802 3558 877; x_wconf 49' lang='lat' dir='ltr'><strong>qua?</strong></span> 
     </span>
    </p>
   </div>
   <div class='ocr_carea' id='block_1_70' title="bbox 1936 894 3532 966">
    <p class='ocr_par' dir='ltr' id='par_1_70' title="bbox 1936 894 3532 966">
     <span class='ocr_line' id='line_1_74' title="bbox 1936 894 3532 966; baseline 0.003 -16"><span class='ocrx_word' id='word_1_566' title='bbox 1936 910 2071 966; x_wconf 89' lang='lat' dir='ltr'><strong>que;</strong></span> <span class='ocrx_word' id='word_1_567' title='bbox 2092 896 2218 965; x_wconf 86' lang='lat' dir='ltr'><strong>quia</strong></span> <span class='ocrx_word' id='word_1_568' title='bbox 2242 894 2395 950; x_wconf 88' lang='lat' dir='ltr'><strong>multi</strong></span> <span class='ocrx_word' id='word_1_569' title='bbox 2425 903 2552 950; x_wconf 91' lang='lat' dir='ltr'><strong>sunt</strong></span> <span class='ocrx_word' id='word_1_570' title='bbox 2581 896 3002 966; x_wconf 86' lang='lat' dir='ltr'><strong>reprehensores</strong></span> <span class='ocrx_word' id='word_1_571' title='bbox 3025 897 3149 952; x_wconf 70' lang='lat' dir='ltr'><strong>vitae</strong></span> <span class='ocrx_word' id='word_1_572' title='bbox 3171 904 3372 953; x_wconf 76' lang='lat' dir='ltr'><strong>nostrte</strong></span> <span class='ocrx_word' id='word_1_573' title='bbox 3410 913 3532 955; x_wconf 82' lang='lat' dir='ltr'><strong>ma-</strong></span> 
     </span>
    </p>
   </div>
   <div class='ocr_carea' id='block_1_71' title="bbox 1936 989 3534 1062">
    <p class='ocr_par' dir='ltr' id='par_1_71' title="bbox 1936 989 3534 1062">
     <span class='ocr_line' id='line_1_75' title="bbox 1936 989 3534 1062; baseline 0.003 -19"><span class='ocrx_word' id='word_1_574' title='bbox 1936 989 2018 1059; x_wconf 90' lang='lat' dir='ltr'><strong>gis</strong></span> <span class='ocrx_word' id='word_1_575' title='bbox 2036 1003 2198 1057; x_wconf 88' lang='lat' dir='ltr'><strong>quam</strong></span> <span class='ocrx_word' id='word_1_576' title='bbox 2245 995 2565 1053; x_wconf 89' lang='lat' dir='ltr'><strong>sectatores,</strong></span> <span class='ocrx_word' id='word_1_577' title='bbox 2619 989 2881 1058; x_wconf 84' lang='lat' dir='ltr'><strong>cupientes</strong></span> <span class='ocrx_word' id='word_1_578' title='bbox 2892 1006 2989 1043; x_wconf 89' lang='lat' dir='ltr'><strong>sua</strong></span> <span class='ocrx_word' id='word_1_579' title='bbox 3013 990 3292 1045; x_wconf 82' lang='lat' dir='ltr'><strong>criminosa</strong></span> <span class='ocrx_word' id='word_1_580' title='bbox 3315 1001 3534 1062; x_wconf 86' lang='lat' dir='ltr'><strong>peccata</strong></span> 
     </span>
    </p>
   </div>
   <div class='ocr_carea' id='block_1_72' title="bbox 1937 1077 3534 1154">
    <p class='ocr_par' dir='ltr' id='par_1_72' title="bbox 1937 1077 3534 1154">
     <span class='ocr_line' id='line_1_76' title="bbox 1937 1077 3534 1154; baseline 0.003 -21"><span class='ocrx_word' id='word_1_581' title='bbox 1937 1077 2386 1147; x_wconf 84' lang='lat' dir='ltr'><strong>monasterialium</strong></span> <span class='ocrx_word' id='word_1_582' title='bbox 2410 1079 2805 1149; x_wconf 81' lang='lat' dir='ltr'><strong>reprehensione</strong></span> <span class='ocrx_word' id='word_1_583' title='bbox 2833 1080 3111 1135; x_wconf 79' lang='lat' dir='ltr'><strong>abscondi.</strong></span> <span class='ocrx_word' id='word_1_584' title='bbox 3132 1080 3239 1136; x_wconf 83' lang='lat' dir='ltr'><strong>Sed</strong></span> <span class='ocrx_word' id='word_1_585' title='bbox 3267 1080 3534 1154; x_wconf 83' lang='lat' dir='ltr'><strong>quidquid</strong></span> 
     </span>
    </p>
   </div>
   <div class='ocr_carea' id='block_1_73' title="bbox 1938 1170 3535 1240">
    <p class='ocr_par' dir='ltr' id='par_1_73' title="bbox 1938 1170 3535 1240">
     <span class='ocr_line' id='line_1_77' title="bbox 1938 1170 3535 1240; baseline 0.004 -15"><span class='ocrx_word' id='word_1_586' title='bbox 1938 1183 2095 1225; x_wconf 87' lang='lat' dir='ltr'><strong>secus</strong></span> <span class='ocrx_word' id='word_1_587' title='bbox 2116 1184 2361 1239; x_wconf 89' lang='lat' dir='ltr'><strong>agamus,</strong></span> <span class='ocrx_word' id='word_1_588' title='bbox 2375 1184 2539 1239; x_wconf 90' lang='lat' dir='ltr'><strong>quam</strong></span> <span class='ocrx_word' id='word_1_589' title='bbox 2560 1170 2827 1240; x_wconf 82' lang='lat' dir='ltr'><strong>regularis</strong></span> <span class='ocrx_word' id='word_1_590' title='bbox 2851 1172 2963 1226; x_wconf 86' lang='lat' dir='ltr'><strong>vita</strong></span> <span class='ocrx_word' id='word_1_591' title='bbox 2982 1173 3222 1238; x_wconf 85' lang='lat' dir='ltr'><strong>definiat,</strong></span> <span class='ocrx_word' id='word_1_592' title='bbox 3246 1181 3535 1233; x_wconf 87' lang='lat' dir='ltr'><strong>remaneat</strong></span> 
     </span>
    </p>
   </div>
   <div class='ocr_carea' id='block_1_74' title="bbox 1938 1260 3533 1331">
    <p class='ocr_par' dir='ltr' id='par_1_74' title="bbox 1938 1260 3533 1331">
     <span class='ocr_line' id='line_1_78' title="bbox 1938 1260 3533 1331; baseline 0.005 -16"><span class='ocrx_word' id='word_1_593' title='bbox 1938 1260 2081 1331; x_wconf 92' lang='lat' dir='ltr'><strong>apud</strong></span> <span class='ocrx_word' id='word_1_594' title='bbox 2108 1276 2209 1316; x_wconf 92' lang='lat' dir='ltr'><strong>nos</strong></span> <span class='ocrx_word' id='word_1_595' title='bbox 2237 1267 2469 1325; x_wconf 87' lang='lat' dir='ltr'><strong>tantum,</strong></span> <span class='ocrx_word' id='word_1_596' title='bbox 2499 1268 2554 1315; x_wconf 91' lang='lat' dir='ltr'><strong>et</strong></span> <span class='ocrx_word' id='word_1_597' title='bbox 2575 1263 2968 1330; x_wconf 86' lang='lat' dir='ltr'><strong>reconcilietur,</strong></span> <span class='ocrx_word' id='word_1_598' title='bbox 2996 1272 3053 1319; x_wconf 91' lang='lat' dir='ltr'><strong>et</strong></span> <span class='ocrx_word' id='word_1_599' title='bbox 3079 1266 3136 1319; x_wconf 92' lang='lat' dir='ltr'><strong>in</strong></span> <span class='ocrx_word' id='word_1_600' title='bbox 3180 1267 3533 1325; x_wconf 89' lang='lat' dir='ltr'><strong>concordiam</strong></span> 
     </span>
    </p>
   </div>
   <div class='ocr_carea' id='block_1_75' title="bbox 1938 1352 3534 1431">
    <p class='ocr_par' dir='ltr' id='par_1_75' title="bbox 1938 1352 3534 1431">
     <span class='ocr_line' id='line_1_79' title="bbox 1938 1352 3534 1431; baseline 0.006 -23"><span class='ocrx_word' id='word_1_601' title='bbox 1938 1360 2226 1408; x_wconf 89' lang='lat' dir='ltr'><strong>revocetur</strong></span> <span class='ocrx_word' id='word_1_602' title='bbox 2253 1369 2385 1424; x_wconf 80' lang='lat' dir='ltr'><strong>grex</strong></span> <span class='ocrx_word' id='word_1_603' title='bbox 2416 1352 2642 1420; x_wconf 79' lang='lat' dir='ltr'><strong>Christi,</strong></span> <span class='ocrx_word' id='word_1_604' title='bbox 2670 1370 2738 1409; x_wconf 91' lang='lat' dir='ltr'><strong>ne</strong></span> <span class='ocrx_word' id='word_1_605' title='bbox 2782 1356 3055 1427; x_wconf 89' lang='lat' dir='ltr'><strong>gaudeant</strong></span> <span class='ocrx_word' id='word_1_606' title='bbox 3104 1358 3319 1415; x_wconf 87' lang='lat' dir='ltr'><strong>inimici</strong></span> <span class='ocrx_word' id='word_1_607' title='bbox 3365 1374 3534 1431; x_wconf 83' lang='lat' dir='ltr'><strong>super</strong></span> 
     </span>
    </p>
   </div>
   <div class='ocr_carea' id='block_1_76' title="bbox 1938 1442 3538 1517">
    <p class='ocr_par' dir='ltr' id='par_1_76' title="bbox 1938 1442 3538 1517">
     <span class='ocr_line' id='line_1_80' title="bbox 1938 1442 3538 1517; baseline 0.008 -20"><span class='ocrx_word' id='word_1_608' title='bbox 1938 1457 2058 1497; x_wconf 92' lang='lat' dir='ltr'><strong>nos.</strong></span> <span class='ocrx_word' id='word_1_609' title='bbox 2091 1442 2208 1499; x_wconf 81' lang='lat' dir='ltr'><strong>Non</strong></span> <span class='ocrx_word' id='word_1_610' title='bbox 2237 1451 2325 1498; x_wconf 89' lang='lat' dir='ltr'><strong>est</strong></span> <span class='ocrx_word' id='word_1_611' title='bbox 2363 1444 2525 1498; x_wconf 90' lang='lat' dir='ltr'><strong>homo</strong></span> <span class='ocrx_word' id='word_1_612' title='bbox 2568 1445 2660 1513; x_wconf 93' lang='lat' dir='ltr'><strong>qui</strong></span> <span class='ocrx_word' id='word_1_613' title='bbox 2690 1460 2797 1499; x_wconf 92' lang='lat' dir='ltr'><strong>non</strong></span> <span class='ocrx_word' id='word_1_614' title='bbox 2839 1452 3057 1517; x_wconf 78' lang='lat' dir='ltr'><strong>peccet;</strong></span> <span class='ocrx_word' id='word_1_615' title='bbox 3099 1458 3156 1504; x_wconf 85' lang='lat' dir='ltr'><strong>et</strong></span> <span class='ocrx_word' id='word_1_616' title='bbox 3200 1449 3404 1505; x_wconf 91' lang='lat' dir='ltr'><strong>bonum</strong></span> <span class='ocrx_word' id='word_1_617' title='bbox 3444 1457 3538 1509; x_wconf 84' lang='lat' dir='ltr'><strong>est</strong></span> 
     </span>
    </p>
   </div>
   <div class='ocr_carea' id='block_1_77' title="bbox 1880 1536 3533 1615">
    <p class='ocr_par' dir='ltr' id='par_1_77' title="bbox 1880 1536 3533 1615">
     <span class='ocr_line' id='line_1_81' title="bbox 1880 1536 3533 1615; baseline 0.007 -28"><span class='ocrx_word' id='word_1_618' title='bbox 1880 1584 1885 1587; x_wconf 81' lang='grc'><strong><em>,</em></strong></span> <span class='ocrx_word' id='word_1_619' title='bbox 1938 1543 2213 1590; x_wconf 88' lang='lat' dir='ltr'><strong>errantem</strong></span> <span class='ocrx_word' id='word_1_620' title='bbox 2231 1550 2388 1615; x_wconf 86' lang='lat' dir='ltr'><strong>ovem</strong></span> <span class='ocrx_word' id='word_1_621' title='bbox 2409 1550 2668 1592; x_wconf 87' lang='lat' dir='ltr'><strong>revocare</strong></span> <span class='ocrx_word' id='word_1_622' title='bbox 2688 1536 2744 1591; x_wconf 93' lang='lat' dir='ltr'><strong>in</strong></span> <span class='ocrx_word' id='word_1_623' title='bbox 2770 1536 2911 1592; x_wconf 86' lang='lat' dir='ltr'><strong>ovile</strong></span> <span class='ocrx_word' id='word_1_624' title='bbox 2940 1537 3169 1607; x_wconf 88' lang='lat' dir='ltr'><strong>Christi,</strong></span> <span class='ocrx_word' id='word_1_625' title='bbox 3199 1541 3317 1612; x_wconf 90' lang='lat' dir='ltr'><strong>ejus</strong></span> <span class='ocrx_word' id='word_1_626' title='bbox 3342 1556 3533 1600; x_wconf 83' lang='lat' dir='ltr'><strong>exem-</strong></span> 
     </span>
    </p>
   </div>
   <div class='ocr_carea' id='block_1_78' title="bbox 1876 1626 3537 1705">
    <p class='ocr_par' dir='ltr' id='par_1_78' title="bbox 1876 1626 3537 1705">
     <span class='ocr_line' id='line_1_82' title="bbox 1876 1626 3537 1705; baseline 0.005 -24"><span class='ocrx_word' id='word_1_627' title='bbox 1876 1676 1886 1681; x_wconf 89' lang='lat'><strong>-</strong></span> <span class='ocrx_word' id='word_1_628' title='bbox 1936 1626 2026 1697; x_wconf 88' lang='lat' dir='ltr'><strong>plo</strong></span> <span class='ocrx_word' id='word_1_629' title='bbox 2050 1627 2141 1697; x_wconf 90' lang='lat' dir='ltr'><strong>qui</strong></span> <span class='ocrx_word' id='word_1_630' title='bbox 2163 1627 2229 1680; x_wconf 87' lang='lat' dir='ltr'><strong>de</strong></span> <span class='ocrx_word' id='word_1_631' title='bbox 2260 1626 2397 1683; x_wconf 69' lang='lat' dir='ltr'><strong>caelo</strong></span> <span class='ocrx_word' id='word_1_632' title='bbox 2424 1626 2706 1684; x_wconf 89' lang='lat' dir='ltr'><strong>descendit</strong></span> <span class='ocrx_word' id='word_1_633' title='bbox 2732 1636 2793 1684; x_wconf 92' lang='lat' dir='ltr'><strong>ut</strong></span> <span class='ocrx_word' id='word_1_634' title='bbox 2815 1644 2973 1685; x_wconf 90' lang='lat' dir='ltr'><strong>ovem</strong></span> <span class='ocrx_word' id='word_1_635' title='bbox 2996 1631 3266 1701; x_wconf 87' lang='lat' dir='ltr'><strong>perditam</strong></span> <span class='ocrx_word' id='word_1_636' title='bbox 3290 1633 3537 1705; x_wconf 81' lang='lat' dir='ltr'><strong>require-</strong></span> 
     </span>
    </p>
   </div>
   <div class='ocr_carea' id='block_1_79' title="bbox 1937 1717 3451 1772">
    <p class='ocr_par' dir='ltr' id='par_1_79' title="bbox 1937 1717 3451 1772">
     <span class='ocr_line' id='line_1_83' title="bbox 1937 1717 3451 1772; baseline -0.002 0"><span class='ocrx_word' id='word_1_637' title='bbox 1937 1726 2023 1772; x_wconf 87' lang='lat' dir='ltr'><strong>ret</strong></span> <span class='ocrx_word' id='word_1_638' title='bbox 2050 1718 2104 1771; x_wconf 91' lang='lat' dir='ltr'><strong>in</strong></span> <span class='ocrx_word' id='word_1_639' title='bbox 2136 1717 2318 1772; x_wconf 88' lang='lat' dir='ltr'><strong>terris.</strong></span> <span class='ocrx_word' id='word_1_640' title='bbox 3268 1766 3275 1772; x_wconf 87' lang='lat'><strong>.</strong></span> <span class='ocrx_word' id='word_1_641' title='bbox 3448 1744 3451 1769; x_wconf 67' lang='grc' dir='ltr'>ς</span> 
     </span>
    </p>
   </div>
   <div class='ocr_carea' id='block_1_80' title="bbox 2006 1806 3639 1882">
    <p class='ocr_par' dir='ltr' id='par_1_80' title="bbox 2006 1806 3639 1882">
     <span class='ocr_line' id='line_1_84' title="bbox 2006 1806 3639 1882; baseline 0.006 -21"><span class='ocrx_word' id='word_1_642' title='bbox 2006 1806 2272 1862; x_wconf 85' lang='lat' dir='ltr'><strong>Patientia</strong></span> <span class='ocrx_word' id='word_1_643' title='bbox 2287 1807 2633 1878; x_wconf 68' lang='lat' dir='ltr'><strong>praelatorum</strong></span> <span class='ocrx_word' id='word_1_644' title='bbox 2660 1810 2807 1867; x_wconf 89' lang='lat' dir='ltr'><strong>salus</strong></span> <span class='ocrx_word' id='word_1_645' title='bbox 2825 1811 3117 1868; x_wconf 90' lang='lat' dir='ltr'><strong>debetesse</strong></span> <span class='ocrx_word' id='word_1_646' title='bbox 3138 1812 3532 1882; x_wconf 72' lang='lat' dir='ltr'><strong>subiectorum.</strong></span> <span class='ocrx_word' id='word_1_647' title='bbox 3628 1868 3639 1881; x_wconf 84' lang='grc'><strong>,</strong></span> 
     </span>
    </p>
   </div>
   <div class='ocr_carea' id='block_1_81' title="bbox 1868 1893 3534 1985">
    <p class='ocr_par' dir='ltr' id='par_1_81' title="bbox 1868 1893 3534 1985">
     <span class='ocr_line' id='line_1_85' title="bbox 1868 1893 3534 1985; baseline 0.005 -31"><span class='ocrx_word' id='word_1_648' title='bbox 1868 1893 1912 1954; x_wconf 85' lang='grc' dir='ltr'><strong>Β</strong></span> <span class='ocrx_word' id='word_1_649' title='bbox 1939 1899 2129 1985; x_wconf 83' lang='lat' dir='ltr'><strong>Melius</strong></span> <span class='ocrx_word' id='word_1_650' title='bbox 2168 1908 2255 1956; x_wconf 91' lang='lat' dir='ltr'><strong>est</strong></span> <span class='ocrx_word' id='word_1_651' title='bbox 2291 1902 2572 1972; x_wconf 87' lang='lat' dir='ltr'><strong>ignoscere</strong></span> <span class='ocrx_word' id='word_1_652' title='bbox 2595 1902 3035 1974; x_wconf 89' lang='lat' dir='ltr'><strong>delinquentibus</strong></span> <span class='ocrx_word' id='word_1_653' title='bbox 3065 1904 3229 1976; x_wconf 86' lang='lat' dir='ltr'><strong>quam</strong></span> <span class='ocrx_word' id='word_1_654' title='bbox 3255 1906 3534 1977; x_wconf 80' lang='lat' dir='ltr'><strong>expellere</strong></span> 
     </span>
    </p>
   </div>
   <div class='ocr_carea' id='block_1_82' title="bbox 1937 1993 3526 2065">
    <p class='ocr_par' dir='ltr' id='par_1_82' title="bbox 1937 1993 3526 2065">
     <span class='ocr_line' id='line_1_86' title="bbox 1937 1993 3526 2065; baseline 0.003 -17"><span class='ocrx_word' id='word_1_655' title='bbox 1937 2000 2277 2064; x_wconf 81' lang='lat' dir='ltr'><strong>peccantes;</strong></span> <span class='ocrx_word' id='word_1_656' title='bbox 2303 1994 2430 2063; x_wconf 91' lang='lat' dir='ltr'><strong>quia</strong></span> <span class='ocrx_word' id='word_1_657' title='bbox 2453 1994 2500 2048; x_wconf 92' lang='lat' dir='ltr'><strong>si</strong></span> <span class='ocrx_word' id='word_1_658' title='bbox 2530 2001 2739 2049; x_wconf 89' lang='lat' dir='ltr'><strong>tantum</strong></span> <span class='ocrx_word' id='word_1_659' title='bbox 2781 1993 2918 2065; x_wconf 91' lang='lat' dir='ltr'><strong>justi</strong></span> <span class='ocrx_word' id='word_1_660' title='bbox 2962 2004 3247 2052; x_wconf 86' lang='lat' dir='ltr'><strong>remanent</strong></span> <span class='ocrx_word' id='word_1_661' title='bbox 3279 2005 3336 2052; x_wconf 90' lang='lat' dir='ltr'><strong>et</strong></span> <span class='ocrx_word' id='word_1_662' title='bbox 3378 1998 3526 2064; x_wconf 89' lang='lat' dir='ltr'><strong>sani,</strong></span> 
     </span>
    </p>
   </div>
   <div class='ocr_carea' id='block_1_83' title="bbox 1938 2083 3537 2161">
    <p class='ocr_par' dir='ltr' id='par_1_83' title="bbox 1938 2083 3537 2161">
     <span class='ocr_line' id='line_1_87' title="bbox 1938 2083 3537 2161; baseline 0.004 -23"><span class='ocrx_word' id='word_1_663' title='bbox 1938 2083 2121 2140; x_wconf 90' lang='lat' dir='ltr'><strong>forsan</strong></span> <span class='ocrx_word' id='word_1_664' title='bbox 2145 2084 2291 2140; x_wconf 90' lang='lat' dir='ltr'><strong>solus</strong></span> <span class='ocrx_word' id='word_1_665' title='bbox 2311 2094 2498 2156; x_wconf 90' lang='lat' dir='ltr'><strong>pastor</strong></span> <span class='ocrx_word' id='word_1_666' title='bbox 2524 2086 2671 2141; x_wconf 92' lang='lat' dir='ltr'><strong>solus</strong></span> <span class='ocrx_word' id='word_1_667' title='bbox 2693 2094 2939 2142; x_wconf 88' lang='lat' dir='ltr'><strong>remanet</strong></span> <span class='ocrx_word' id='word_1_668' title='bbox 2957 2088 3162 2158; x_wconf 86' lang='lat' dir='ltr'><strong>absque</strong></span> <span class='ocrx_word' id='word_1_669' title='bbox 3180 2084 3369 2161; x_wconf 84' lang='lat' dir='ltr'><strong>grege.</strong></span> <span class='ocrx_word' id='word_1_670' title='bbox 3393 2088 3537 2157; x_wconf 87' lang='lat' dir='ltr'><strong>Quid</strong></span> 
     </span>
    </p>
   </div>
   <div class='ocr_carea' id='block_1_84' title="bbox 1939 2177 3536 2248">
    <p class='ocr_par' dir='ltr' id='par_1_84' title="bbox 1939 2177 3536 2248">
     <span class='ocr_line' id='line_1_88' title="bbox 1939 2177 3536 2248; baseline 0.004 -18"><span class='ocrx_word' id='word_1_671' title='bbox 1939 2178 1986 2231; x_wconf 88' lang='lat' dir='ltr'><strong>si</strong></span> <span class='ocrx_word' id='word_1_672' title='bbox 2010 2177 2126 2247; x_wconf 90' lang='lat' dir='ltr'><strong>ipse</strong></span> <span class='ocrx_word' id='word_1_673' title='bbox 2147 2185 2336 2247; x_wconf 87' lang='lat' dir='ltr'><strong>pastor</strong></span> <span class='ocrx_word' id='word_1_674' title='bbox 2364 2185 2577 2247; x_wconf 87' lang='lat' dir='ltr'><strong>peccat,</strong></span> <span class='ocrx_word' id='word_1_675' title='bbox 2606 2178 2729 2248; x_wconf 92' lang='lat' dir='ltr'><strong>quis</strong></span> <span class='ocrx_word' id='word_1_676' title='bbox 2751 2186 2997 2234; x_wconf 89' lang='lat' dir='ltr'><strong>remanet</strong></span> <span class='ocrx_word' id='word_1_677' title='bbox 3020 2180 3074 2234; x_wconf 91' lang='lat' dir='ltr'><strong>in</strong></span> <span class='ocrx_word' id='word_1_678' title='bbox 3104 2179 3223 2235; x_wconf 92' lang='lat' dir='ltr'><strong>loco</strong></span> <span class='ocrx_word' id='word_1_679' title='bbox 3255 2180 3366 2235; x_wconf 91' lang='lat' dir='ltr'><strong>Deo</strong></span> <span class='ocrx_word' id='word_1_680' title='bbox 3402 2195 3536 2236; x_wconf 86' lang='lat' dir='ltr'><strong>con-</strong></span> 
     </span>
    </p>
   </div>
   <div class='ocr_carea' id='block_1_85' title="bbox 1937 2270 3537 2343">
    <p class='ocr_par' dir='ltr' id='par_1_85' title="bbox 1937 2270 3537 2343">
     <span class='ocr_line' id='line_1_89' title="bbox 1937 2270 3537 2343; baseline 0.004 -19"><span class='ocrx_word' id='word_1_681' title='bbox 1937 2272 2188 2325; x_wconf 90' lang='lat' dir='ltr'><strong>secrato?</strong></span> <span class='ocrx_word' id='word_1_682' title='bbox 2216 2270 2484 2327; x_wconf 85' lang='lat' dir='ltr'><strong>Memores</strong></span> <span class='ocrx_word' id='word_1_683' title='bbox 2506 2271 2765 2326; x_wconf 90' lang='lat' dir='ltr'><strong>debemus</strong></span> <span class='ocrx_word' id='word_1_684' title='bbox 2789 2287 2911 2327; x_wconf 91' lang='lat' dir='ltr'><strong>esse</strong></span> <span class='ocrx_word' id='word_1_685' title='bbox 2943 2273 3245 2343; x_wconf 88' lang='lat' dir='ltr'><strong>apostolum</strong></span> <span class='ocrx_word' id='word_1_686' title='bbox 3267 2272 3537 2333; x_wconf 83' lang='lat' dir='ltr'><strong>Joannem</strong></span> 
     </span>
    </p>
   </div>
   <div class='ocr_carea' id='block_1_86' title="bbox 1938 2363 3535 2436">
    <p class='ocr_par' dir='ltr' id='par_1_86' title="bbox 1938 2363 3535 2436">
     <span class='ocr_line' id='line_1_90' title="bbox 1938 2363 3535 2436; baseline 0.001 -18"><span class='ocrx_word' id='word_1_687' title='bbox 1938 2364 2207 2419; x_wconf 89' lang='lat' dir='ltr'><strong>dicentem</strong></span> <span class='ocrx_word' id='word_1_688' title='bbox 2232 2384 2244 2417; x_wconf 94' lang='lat'><strong>:</strong></span> <span class='ocrx_word' id='word_1_689' title='bbox 2274 2363 2415 2430; x_wconf 84' lang='lat' dir='ltr'><strong>Quia</strong></span> <span class='ocrx_word' id='word_1_690' title='bbox 2433 2365 2479 2418; x_wconf 88' lang='lat' dir='ltr'><strong>si</strong></span> <span class='ocrx_word' id='word_1_691' title='bbox 2506 2364 2814 2431; x_wconf 72' lang='lat' dir='ltr'><strong>dixerimus,</strong></span> <span class='ocrx_word' id='word_1_692' title='bbox 2830 2370 3109 2436; x_wconf 84' lang='lat' dir='ltr'><strong>peccatum</strong></span> <span class='ocrx_word' id='word_1_693' title='bbox 3133 2382 3238 2420; x_wconf 84' lang='lat' dir='ltr'><strong>non</strong></span> <span class='ocrx_word' id='word_1_694' title='bbox 3257 2364 3535 2431; x_wconf 78' lang='lat' dir='ltr'><strong>habemus,</strong></span> 
     </span>
    </p>
   </div>
   <div class='ocr_carea' id='block_1_87' title="bbox 1939 2454 3536 2524">
    <p class='ocr_par' dir='ltr' id='par_1_87' title="bbox 1939 2454 3536 2524">
     <span class='ocr_line' id='line_1_91' title="bbox 1939 2454 3536 2524; baseline 0.003 -17"><span class='ocrx_word' id='word_1_695' title='bbox 1939 2454 2279 2524; x_wconf 87' lang='lat' dir='ltr'><strong>nosmetipsos</strong></span> <span class='ocrx_word' id='word_1_696' title='bbox 2318 2455 2637 2520; x_wconf 83' lang='lat' dir='ltr'><strong>seducimus,</strong></span> <span class='ocrx_word' id='word_1_697' title='bbox 2676 2465 2725 2509; x_wconf 90' lang='lat' dir='ltr'><strong>et</strong></span> <span class='ocrx_word' id='word_1_698' title='bbox 2776 2457 2966 2510; x_wconf 81' lang='lat' dir='ltr'><strong>veritas</strong></span> <span class='ocrx_word' id='word_1_699' title='bbox 3009 2458 3067 2510; x_wconf 91' lang='lat' dir='ltr'><strong>in</strong></span> <span class='ocrx_word' id='word_1_700' title='bbox 3106 2457 3253 2510; x_wconf 87' lang='lat' dir='ltr'><strong>nobis</strong></span> <span class='ocrx_word' id='word_1_701' title='bbox 3282 2456 3412 2510; x_wconf 57' lang='lat' dir='ltr'><strong>&#39;non</strong></span> <span class='ocrx_word' id='word_1_702' title='bbox 3455 2463 3536 2513; x_wconf 75' lang='lat' dir='ltr'><strong>est</strong></span> 
     </span>
    </p>
   </div>
   <div class='ocr_carea' id='block_1_88' title="bbox 1939 2543 3536 2617">
    <p class='ocr_par' dir='ltr' id='par_1_88' title="bbox 1939 2543 3536 2617">
     <span class='ocr_line' id='line_1_92' title="bbox 1939 2543 3536 2617; baseline 0.003 -20"><span class='ocrx_word' id='word_1_703' title='bbox 1939 2543 1993 2617; x_wconf 88' lang='grc' dir='ltr'>(ι</span> <span class='ocrx_word' id='word_1_704' title='bbox 2015 2544 2175 2599; x_wconf 83' lang='lat' dir='ltr'><strong>Joan.</strong></span> <span class='ocrx_word' id='word_1_705' title='bbox 2200 2561 2241 2610; x_wconf 89' lang='grc' dir='ltr'>ι,</span> <span class='ocrx_word' id='word_1_706' title='bbox 2264 2544 2341 2615; x_wconf 88' lang='grc'><strong>8).</strong></span> <span class='ocrx_word' id='word_1_707' title='bbox 2369 2543 2476 2600; x_wconf 87' lang='lat' dir='ltr'><strong>Sed</strong></span> <span class='ocrx_word' id='word_1_708' title='bbox 2496 2545 2543 2599; x_wconf 91' lang='lat' dir='ltr'><strong>si</strong></span> <span class='ocrx_word' id='word_1_709' title='bbox 2563 2546 2907 2617; x_wconf 88' lang='lat' dir='ltr'><strong>agnoscimus</strong></span> <span class='ocrx_word' id='word_1_710' title='bbox 2931 2553 3248 2616; x_wconf 89' lang='lat' dir='ltr'><strong>peccatores</strong></span> <span class='ocrx_word' id='word_1_711' title='bbox 3269 2561 3370 2601; x_wconf 91' lang='lat' dir='ltr'><strong>nos</strong></span> <span class='ocrx_word' id='word_1_712' title='bbox 3387 2559 3536 2614; x_wconf 88' lang='lat' dir='ltr'><strong>esse,</strong></span> 
     </span>
    </p>
   </div>
   <div class='ocr_carea' id='block_1_89' title="bbox 1938 2638 3539 2709">
    <p class='ocr_par' dir='ltr' id='par_1_89' title="bbox 1938 2638 3539 2709">
     <span class='ocr_line' id='line_1_93' title="bbox 1938 2638 3539 2709; baseline 0.001 -15"><span class='ocrx_word' id='word_1_713' title='bbox 1938 2646 1994 2694; x_wconf 90' lang='lat' dir='ltr'><strong>et</strong></span> <span class='ocrx_word' id='word_1_714' title='bbox 2015 2638 2339 2694; x_wconf 83' lang='lat' dir='ltr'><strong>conﬁtemur</strong></span> <span class='ocrx_word' id='word_1_715' title='bbox 2368 2639 2680 2709; x_wconf 84' lang='lat' dir='ltr'><strong>iniquitates</strong></span> <span class='ocrx_word' id='word_1_716' title='bbox 2710 2646 2949 2705; x_wconf 87' lang='lat' dir='ltr'><strong>nostras,</strong></span> <span class='ocrx_word' id='word_1_717' title='bbox 2980 2655 3101 2694; x_wconf 92' lang='lat' dir='ltr'><strong>cum</strong></span> <span class='ocrx_word' id='word_1_718' title='bbox 3133 2638 3425 2694; x_wconf 89' lang='lat' dir='ltr'><strong>Publicano</strong></span> <span class='ocrx_word' id='word_1_719' title='bbox 3453 2639 3539 2695; x_wconf 77' lang='lat' dir='ltr'><strong>di—</strong></span> 
     </span>
    </p>
   </div>
   <div class='ocr_carea' id='block_1_90' title="bbox 1939 2730 3538 2803">
    <p class='ocr_par' dir='ltr' id='par_1_90' title="bbox 1939 2730 3538 2803">
     <span class='ocr_line' id='line_1_94' title="bbox 1939 2730 3538 2803; baseline -0.001 -17"><span class='ocrx_word' id='word_1_720' title='bbox 1939 2740 2126 2786; x_wconf 87' lang='lat' dir='ltr'><strong>centes</strong></span> <span class='ocrx_word' id='word_1_721' title='bbox 2155 2730 2616 2803; x_wconf 79' lang='lat' dir='ltr'><strong>:Deus,propitius</strong></span> <span class='ocrx_word' id='word_1_722' title='bbox 2639 2739 2748 2786; x_wconf 85' lang='lat' dir='ltr'><strong>esto</strong></span> <span class='ocrx_word' id='word_1_723' title='bbox 2770 2731 2898 2785; x_wconf 87' lang='lat' dir='ltr'><strong>mihi</strong></span> <span class='ocrx_word' id='word_1_724' title='bbox 2917 2732 3178 2803; x_wconf 76' lang='lat' dir='ltr'><strong>peceatori</strong></span> <span class='ocrx_word' id='word_1_725' title='bbox 3200 2735 3217 2780; x_wconf 83' lang='lat' dir='ltr'><strong>l</strong></span> <span class='ocrx_word' id='word_1_726' title='bbox 3228 2730 3353 2784; x_wconf 82' lang='lat' dir='ltr'><strong>Luc.</strong></span> <span class='ocrx_word' id='word_1_727' title='bbox 3376 2746 3538 2799; x_wconf 80' lang='lat' dir='ltr'><strong>xvtu,</strong></span> 
     </span>
    </p>
   </div>
   <div class='ocr_carea' id='block_1_91' title="bbox 1941 2823 3540 2894">
    <p class='ocr_par' dir='ltr' id='par_1_91' title="bbox 1941 2823 3540 2894">
     <span class='ocr_line' id='line_1_95' title="bbox 1941 2823 3540 2894; baseline 0.001 -17"><span class='ocrx_word' id='word_1_728' title='bbox 1941 2824 2054 2894; x_wconf 84' lang='grc'><strong>15),</strong></span> <span class='ocrx_word' id='word_1_729' title='bbox 2081 2823 2343 2878; x_wconf 87' lang='lat' dir='ltr'><strong>habemus</strong></span> <span class='ocrx_word' id='word_1_730' title='bbox 2370 2824 2713 2887; x_wconf 90' lang='lat' dir='ltr'><strong>advocatum,</strong></span> <span class='ocrx_word' id='word_1_731' title='bbox 2745 2824 2799 2879; x_wconf 91' lang='lat' dir='ltr'><strong>id</strong></span> <span class='ocrx_word' id='word_1_732' title='bbox 2828 2831 2932 2889; x_wconf 89' lang='lat' dir='ltr'><strong>est,</strong></span> <span class='ocrx_word' id='word_1_733' title='bbox 2972 2824 3384 2894; x_wconf 87' lang='lat' dir='ltr'><strong>propitiatorem</strong></span> <span class='ocrx_word' id='word_1_734' title='bbox 3430 2823 3540 2878; x_wconf 88' lang='lat' dir='ltr'><strong>Do-</strong></span> 
     </span>
    </p>
   </div>
   <div class='ocr_carea' id='block_1_92' title="bbox 1941 2912 3540 2991">
    <p class='ocr_par' dir='ltr' id='par_1_92' title="bbox 1941 2912 3540 2991">
     <span class='ocr_line' id='line_1_96' title="bbox 1941 2912 3540 2991; baseline 0 -23"><span class='ocrx_word' id='word_1_735' title='bbox 1941 2914 2146 2969; x_wconf 90' lang='lat' dir='ltr'><strong>minum</strong></span> <span class='ocrx_word' id='word_1_736' title='bbox 2167 2912 2353 2968; x_wconf 82' lang='lat' dir='ltr'><strong>Jesum</strong></span> <span class='ocrx_word' id='word_1_737' title='bbox 2384 2915 2523 2991; x_wconf 85' lang='lat' dir='ltr'><strong>apud</strong></span> <span class='ocrx_word' id='word_1_738' title='bbox 2551 2913 2791 2979; x_wconf 91' lang='lat' dir='ltr'><strong>Patrem,</strong></span> <span class='ocrx_word' id='word_1_739' title='bbox 2820 2914 2913 2984; x_wconf 89' lang='lat' dir='ltr'><strong>qui</strong></span> <span class='ocrx_word' id='word_1_740' title='bbox 2936 2914 3286 2984; x_wconf 90' lang='lat' dir='ltr'><strong>semetipsum</strong></span> <span class='ocrx_word' id='word_1_741' title='bbox 3311 2913 3540 2969; x_wconf 88' lang='lat' dir='ltr'><strong>tradidit</strong></span> 
     </span>
    </p>
   </div>
   <div class='ocr_carea' id='block_1_93' title="bbox 1940 3099 3539 3173">
    <p class='ocr_par' dir='ltr' id='par_1_93' title="bbox 1940 3099 3539 3173">
     <span class='ocr_line' id='line_1_97' title="bbox 1940 3099 3539 3173; baseline -0.001 -16"><span class='ocrx_word' id='word_1_742' title='bbox 1940 3102 1995 3157; x_wconf 91' lang='lat' dir='ltr'><strong>in</strong></span> <span class='ocrx_word' id='word_1_743' title='bbox 2038 3102 2300 3173; x_wconf 89' lang='lat' dir='ltr'><strong>sanguine</strong></span> <span class='ocrx_word' id='word_1_744' title='bbox 2328 3108 2469 3167; x_wconf 84' lang='lat' dir='ltr'><strong>suo,‘</strong></span> <span class='ocrx_word' id='word_1_745' title='bbox 2498 3108 2556 3156; x_wconf 92' lang='lat' dir='ltr'><strong>et</strong></span> <span class='ocrx_word' id='word_1_746' title='bbox 2599 3100 2920 3171; x_wconf 77' lang='lat' dir='ltr'><strong>acquireret&#39;</strong></span> <span class='ocrx_word' id='word_1_747' title='bbox 2954 3099 3066 3156; x_wconf 91' lang='lat' dir='ltr'><strong>Deo</strong></span> <span class='ocrx_word' id='word_1_748' title='bbox 3094 3099 3352 3171; x_wconf 91' lang='lat' dir='ltr'><strong>populum</strong></span> <span class='ocrx_word' id='word_1_749' title='bbox 3383 3115 3539 3156; x_wconf 88' lang='lat' dir='ltr'><strong>acce-</strong></span> 
     </span>
    </p>
   </div>
   <div class='ocr_carea' id='block_1_94' title="bbox 1940 3193 2647 3265">
    <p class='ocr_par' dir='ltr' id='par_1_94' title="bbox 1940 3193 2647 3265">
     <span class='ocr_line' id='line_1_98' title="bbox 1940 3193 2647 3265; baseline -0.001 -17"><span class='ocrx_word' id='word_1_750' title='bbox 1940 3193 2220 3265; x_wconf 90' lang='lat' dir='ltr'><strong>ptabilem.</strong></span> <span class='ocrx_word' id='word_1_751' title='bbox 2418 3212 2421 3215; x_wconf 93' lang='grc'><strong>·</strong></span> <span class='ocrx_word' id='word_1_752' title='bbox 2644 3216 2647 3221; x_wconf 52' lang='grc' dir='ltr'><strong>ι</strong></span> 
     </span>
    </p>
   </div>
   <div class='ocr_carea' id='block_1_95' title="bbox 1866 3273 3540 3357">
    <p class='ocr_par' dir='ltr' id='par_1_95' title="bbox 1866 3273 3540 3357">
     <span class='ocr_line' id='line_1_99' title="bbox 1866 3273 3540 3357; baseline 0.004 -23"><span class='ocrx_word' id='word_1_753' title='bbox 1866 3273 1913 3334; x_wconf 87' lang='lat' dir='ltr'><strong>C</strong></span> <span class='ocrx_word' id='word_1_754' title='bbox 2014 3285 2141 3340; x_wconf 72' lang='lat' dir='ltr'><strong>Haec</strong></span> <span class='ocrx_word' id='word_1_755' title='bbox 2168 3284 2601 3349; x_wconf 89' lang='lat' dir='ltr'><strong>considerantes,</strong></span> <span class='ocrx_word' id='word_1_756' title='bbox 2630 3281 2833 3338; x_wconf 84' lang='lat' dir='ltr'><strong>fratres</strong></span> <span class='ocrx_word' id='word_1_757' title='bbox 2878 3283 3211 3350; x_wconf 90' lang='lat' dir='ltr'><strong>charissimi,</strong></span> <span class='ocrx_word' id='word_1_758' title='bbox 3240 3283 3540 3357; x_wconf 89' lang='lat' dir='ltr'><strong>recolligite</strong></span> 
     </span>
    </p>
   </div>
   <div class='ocr_carea' id='block_1_96' title="bbox 1939 3377 3540 3451">
    <p class='ocr_par' dir='ltr' id='par_1_96' title="bbox 1939 3377 3540 3451">
     <span class='ocr_line' id='line_1_100' title="bbox 1939 3377 3540 3451; baseline 0 -17"><span class='ocrx_word' id='word_1_759' title='bbox 1939 3378 2178 3434; x_wconf 90' lang='lat' dir='ltr'><strong>oviculas</strong></span> <span class='ocrx_word' id='word_1_760' title='bbox 2231 3385 2481 3434; x_wconf 87' lang='lat' dir='ltr'><strong>errantes</strong></span> <span class='ocrx_word' id='word_1_761' title='bbox 2537 3392 2660 3432; x_wconf 91' lang='lat' dir='ltr'><strong>cum</strong></span> <span class='ocrx_word' id='word_1_762' title='bbox 2718 3377 2917 3449; x_wconf 89' lang='lat' dir='ltr'><strong>gaudio</strong></span> <span class='ocrx_word' id='word_1_763' title='bbox 2942 3417 2957 3444; x_wconf 93' lang='lat'><strong>,</strong></span> <span class='ocrx_word' id='word_1_764' title='bbox 3016 3378 3367 3434; x_wconf 90' lang='lat' dir='ltr'><strong>recordantes</strong></span> <span class='ocrx_word' id='word_1_765' title='bbox 3421 3379 3540 3451; x_wconf 89' lang='lat' dir='ltr'><strong>ejus</strong></span> 
     </span>
    </p>
   </div>
   <div class='ocr_carea' id='block_1_97' title="bbox 1937 3471 3539 3543">
    <p class='ocr_par' dir='ltr' id='par_1_97' title="bbox 1937 3471 3539 3543">
     <span class='ocr_line' id='line_1_101' title="bbox 1937 3471 3539 3543; baseline 0.001 -17"><span class='ocrx_word' id='word_1_766' title='bbox 1937 3473 2215 3543; x_wconf 88' lang='lat' dir='ltr'><strong>pietatem,</strong></span> <span class='ocrx_word' id='word_1_767' title='bbox 2246 3471 2340 3541; x_wconf 92' lang='lat' dir='ltr'><strong>qui</strong></span> <span class='ocrx_word' id='word_1_768' title='bbox 2365 3471 2657 3542; x_wconf 89' lang='lat' dir='ltr'><strong>nonaginta</strong></span> <span class='ocrx_word' id='word_1_769' title='bbox 2685 3484 2879 3525; x_wconf 88' lang='lat' dir='ltr'><strong>novem</strong></span> <span class='ocrx_word' id='word_1_770' title='bbox 2901 3485 3032 3526; x_wconf 87' lang='lat' dir='ltr'><strong>oves</strong></span> <span class='ocrx_word' id='word_1_771' title='bbox 3062 3471 3271 3525; x_wconf 89' lang='lat' dir='ltr'><strong>dimisit</strong></span> <span class='ocrx_word' id='word_1_772' title='bbox 3297 3472 3353 3525; x_wconf 92' lang='lat' dir='ltr'><strong>in</strong></span> <span class='ocrx_word' id='word_1_773' title='bbox 3380 3485 3539 3527; x_wconf 90' lang='lat' dir='ltr'><strong>mon-</strong></span> 
     </span>
    </p>
   </div>
   <div class='ocr_carea' id='block_1_98' title="bbox 1939 3646 3537 3729">
    <p class='ocr_par' dir='ltr' id='par_1_98' title="bbox 1939 3646 3537 3729">
     <span class='ocr_line' id='line_1_102' title="bbox 1939 3646 3537 3729; baseline -0.001 -16"><span class='ocrx_word' id='word_1_774' title='bbox 1939 3658 2289 3729; x_wconf 83' lang='lat' dir='ltr'><strong>imposuisset</strong></span> <span class='ocrx_word' id='word_1_775' title='bbox 2305 3660 2332 3724; x_wconf 80' lang='lat'><strong>-,‘</strong></span> <span class='ocrx_word' id='word_1_776' title='bbox 2346 3654 2777 3728; x_wconf 81' lang='lat' dir='ltr'><strong>&#39;reportaretque</strong></span> <span class='ocrx_word' id='word_1_777' title='bbox 2814 3653 2882 3711; x_wconf 81' lang='lat' dir='ltr'><strong>ad</strong></span> <span class='ocrx_word' id='word_1_778' title='bbox 2905 3658 3161 3712; x_wconf 80' lang='lat' dir='ltr'><strong>&#39;domum’</strong></span> <span class='ocrx_word' id='word_1_779' title='bbox 3176 3656 3362 3729; x_wconf 70' lang='lat' dir='ltr'><strong>gloriae</strong></span> <span class='ocrx_word' id='word_1_780' title='bbox 3397 3646 3537 3723; x_wconf 71' lang='lat' dir='ltr'><strong>Suae,</strong></span> 
     </span>
    </p>
   </div>
   <div class='ocr_carea' id='block_1_99' title="bbox 1942 3841 3538 3914">
    <p class='ocr_par' dir='ltr' id='par_1_99' title="bbox 1942 3841 3538 3914">
     <span class='ocr_line' id='line_1_103' title="bbox 1942 3841 3538 3914; baseline 0 -18"><span class='ocrx_word' id='word_1_781' title='bbox 1942 3842 2059 3908; x_wconf 69' lang='lat' dir='ltr'><strong>l2;</strong></span> <span class='ocrx_word' id='word_1_782' title='bbox 2096 3841 2243 3897; x_wconf 82' lang='lat' dir='ltr'><strong>Luc.’</strong></span> <span class='ocrx_word' id='word_1_783' title='bbox 2273 3858 2378 3908; x_wconf 83' lang='lat' dir='ltr'><strong>xv,</strong></span> <span class='ocrx_word' id='word_1_784' title='bbox 2427 3841 2505 3914; x_wconf 71' lang='grc'><strong>4).</strong></span> <span class='ocrx_word' id='word_1_785' title='bbox 2570 3841 2695 3898; x_wconf 66' lang='lat' dir='ltr'><strong>Haec</strong></span> <span class='ocrx_word' id='word_1_786' title='bbox 2747 3843 2927 3898; x_wconf 83' lang='lat' dir='ltr'><strong>Omnia</strong></span> <span class='ocrx_word' id='word_1_787' title='bbox 2979 3842 3033 3896; x_wconf 90' lang='lat' dir='ltr'><strong>in</strong></span> <span class='ocrx_word' id='word_1_788' title='bbox 3086 3850 3271 3897; x_wconf 90' lang='lat' dir='ltr'><strong>mente</strong></span> <span class='ocrx_word' id='word_1_789' title='bbox 3324 3842 3538 3897; x_wconf 85' lang='lat' dir='ltr'><strong>haben-</strong></span> 
     </span>
    </p>
   </div>
   <div class='ocr_carea' id='block_1_100' title="bbox 1941 3932 3540 4004">
    <p class='ocr_par' dir='ltr' id='par_1_100' title="bbox 1941 3932 3540 4004">
     <span class='ocr_line' id='line_1_104' title="bbox 1941 3932 3540 4004; baseline -0.001 -17"><span class='ocrx_word' id='word_1_790' title='bbox 1941 3940 2023 3987; x_wconf 90' lang='lat' dir='ltr'><strong>tes</strong></span> <span class='ocrx_word' id='word_1_791' title='bbox 2048 3933 2331 4003; x_wconf 84' lang='lat' dir='ltr'><strong>ignoscite,</strong></span> <span class='ocrx_word' id='word_1_792' title='bbox 2360 3940 2421 3987; x_wconf 93' lang='lat' dir='ltr'><strong>ut</strong></span> <span class='ocrx_word' id='word_1_793' title='bbox 2463 3934 2706 4004; x_wconf 88' lang='lat' dir='ltr'><strong>ignoscat</strong></span> <span class='ocrx_word' id='word_1_794' title='bbox 2726 3934 2881 3988; x_wconf 90' lang='lat' dir='ltr'><strong>vobis</strong></span> <span class='ocrx_word' id='word_1_795' title='bbox 2912 3933 3083 3996; x_wconf 89' lang='lat' dir='ltr'><strong>Deus;</strong></span> <span class='ocrx_word' id='word_1_796' title='bbox 3118 3932 3263 4001; x_wconf 74' lang='lat' dir='ltr'><strong>&#39;quia</strong></span> <span class='ocrx_word' id='word_1_797' title='bbox 3293 3933 3409 3986; x_wconf 68' lang='lat' dir='ltr'><strong>haec</strong></span> <span class='ocrx_word' id='word_1_798' title='bbox 3453 3940 3540 3988; x_wconf 92' lang='lat' dir='ltr'><strong>est</strong></span> 
     </span>
    </p>
   </div>
   <div class='ocr_carea' id='block_1_101' title="bbox 1941 4027 3540 4099">
    <p class='ocr_par' dir='ltr' id='par_1_101' title="bbox 1941 4027 3540 4099">
     <span class='ocr_line' id='line_1_105' title="bbox 1941 4027 3540 4099; baseline -0.001 -18"><span class='ocrx_word' id='word_1_799' title='bbox 1941 4027 2026 4082; x_wconf 90' lang='lat' dir='ltr'><strong>via</strong></span> <span class='ocrx_word' id='word_1_800' title='bbox 2049 4036 2105 4081; x_wconf 92' lang='lat' dir='ltr'><strong>et</strong></span> <span class='ocrx_word' id='word_1_801' title='bbox 2130 4027 2369 4083; x_wconf 74' lang='lat' dir='ltr'><strong>cmlestis</strong></span> <span class='ocrx_word' id='word_1_802' title='bbox 2396 4028 2547 4099; x_wconf 89' lang='lat' dir='ltr'><strong>regni</strong></span> <span class='ocrx_word' id='word_1_803' title='bbox 2591 4028 2837 4093; x_wconf 89' lang='lat' dir='ltr'><strong>culmen;</strong></span> <span class='ocrx_word' id='word_1_804' title='bbox 2891 4036 2985 4081; x_wconf 89' lang='lat' dir='ltr'><strong>aut</strong></span> <span class='ocrx_word' id='word_1_805' title='bbox 3012 4042 3120 4083; x_wconf 91' lang='lat' dir='ltr'><strong>non</strong></span> <span class='ocrx_word' id='word_1_806' title='bbox 3149 4041 3380 4097; x_wconf 90' lang='lat' dir='ltr'><strong>peccare</strong></span> <span class='ocrx_word' id='word_1_807' title='bbox 3396 4066 3411 4091; x_wconf 89' lang='lat'><strong>,</strong></span> <span class='ocrx_word' id='word_1_808' title='bbox 3444 4034 3540 4080; x_wconf 93' lang='lat' dir='ltr'><strong>aut</strong></span> 
     </span>
    </p>
   </div>
   <div class='ocr_carea' id='block_1_102' title="bbox 1941 4117 3528 4190">
    <p class='ocr_par' dir='ltr' id='par_1_102' title="bbox 1941 4117 3528 4190">
     <span class='ocr_line' id='line_1_106' title="bbox 1941 4117 3528 4190; baseline -0.001 -16"><span class='ocrx_word' id='word_1_809' title='bbox 1941 4119 2287 4190; x_wconf 88' lang='lat' dir='ltr'><strong>peccantibus</strong></span> <span class='ocrx_word' id='word_1_810' title='bbox 2336 4120 2633 4189; x_wconf 90' lang='lat' dir='ltr'><strong>ignoscere.</strong></span> <span class='ocrx_word' id='word_1_811' title='bbox 2691 4118 3002 4186; x_wconf 86' lang='lat' dir='ltr'><strong>Considera,</strong></span> <span class='ocrx_word' id='word_1_812' title='bbox 3053 4118 3185 4174; x_wconf 90' lang='lat' dir='ltr'><strong>dicit</strong></span> <span class='ocrx_word' id='word_1_813' title='bbox 3209 4117 3528 4189; x_wconf 83' lang='lat' dir='ltr'><strong>Apostolus,</strong></span> 
     </span>
    </p>
   </div>
   <div class='ocr_carea' id='block_1_103' title="bbox 1941 4202 3539 4281">
    <p class='ocr_par' dir='ltr' id='par_1_103' title="bbox 1941 4202 3539 4281">
     <span class='ocr_line' id='line_1_107' title="bbox 1941 4202 3539 4281; baseline 0.001 -17"><span class='ocrx_word' id='word_1_814' title='bbox 1941 4212 2184 4281; x_wconf 82' lang='lat' dir='ltr'><strong>teipsum,</strong></span> <span class='ocrx_word' id='word_1_815' title='bbox 2216 4228 2278 4265; x_wconf 88' lang='lat' dir='ltr'><strong>ne</strong></span> <span class='ocrx_word' id='word_1_816' title='bbox 2297 4221 2345 4265; x_wconf 86' lang='lat' dir='ltr'><strong>et</strong></span> <span class='ocrx_word' id='word_1_817' title='bbox 2375 4220 2433 4264; x_wconf 87' lang='lat' dir='ltr'><strong>tu</strong></span> <span class='ocrx_word' id='word_1_818' title='bbox 2451 4212 2694 4277; x_wconf 88' lang='lat' dir='ltr'><strong>tenteris;</strong></span> <span class='ocrx_word' id='word_1_819' title='bbox 2724 4210 2858 4265; x_wconf 88' lang='lat' dir='ltr'><strong>alter</strong></span> <span class='ocrx_word' id='word_1_820' title='bbox 2885 4210 3105 4266; x_wconf 87' lang='lat' dir='ltr'><strong>alterius</strong></span> <span class='ocrx_word' id='word_1_821' title='bbox 3135 4229 3297 4267; x_wconf 86' lang='lat' dir='ltr'><strong>onera</strong></span> <span class='ocrx_word' id='word_1_822' title='bbox 3315 4202 3539 4265; x_wconf 84' lang='lat' dir='ltr'><strong>invicem</strong></span> 
     </span>
    </p>
   </div>
   <div class='ocr_carea' id='block_1_104' title="bbox 1942 4296 3534 4377">
    <p class='ocr_par' dir='ltr' id='par_1_104' title="bbox 1942 4296 3534 4377">
     <span class='ocr_line' id='line_1_108' title="bbox 1942 4296 3534 4377; baseline 0 -20"><span class='ocrx_word' id='word_1_823' title='bbox 1942 4314 2166 4376; x_wconf 89' lang='lat' dir='ltr'><strong>portate,</strong></span> <span class='ocrx_word' id='word_1_824' title='bbox 2206 4314 2254 4359; x_wconf 87' lang='lat' dir='ltr'><strong>et</strong></span> <span class='ocrx_word' id='word_1_825' title='bbox 2291 4305 2365 4359; x_wconf 89' lang='lat' dir='ltr'><strong>sic</strong></span> <span class='ocrx_word' id='word_1_826' title='bbox 2390 4304 2666 4376; x_wconf 89' lang='lat' dir='ltr'><strong>implebitis</strong></span> <span class='ocrx_word' id='word_1_827' title='bbox 2693 4305 2856 4376; x_wconf 84' lang='lat' dir='ltr'><strong>legem</strong></span> <span class='ocrx_word' id='word_1_828' title='bbox 2878 4302 3073 4359; x_wconf 85' lang='lat' dir='ltr'><strong>Christi</strong></span> <span class='ocrx_word' id='word_1_829' title='bbox 3097 4296 3258 4377; x_wconf 58' lang='lat' dir='ltr'><strong>(Gal.</strong></span> <span class='ocrx_word' id='word_1_830' title='bbox 3276 4321 3355 4371; x_wconf 78' lang='lat' dir='ltr'><strong>vr,</strong></span> <span class='ocrx_word' id='word_1_831' title='bbox 3380 4304 3436 4370; x_wconf 86' lang='grc'><strong>1,</strong></span> <span class='ocrx_word' id='word_1_832' title='bbox 3456 4303 3534 4377; x_wconf 75' lang='grc'><strong>2).</strong></span> 
     </span>
    </p>
   </div>
   <div class='ocr_carea' id='block_1_105' title="bbox 1945 4390 3539 4471">
    <p class='ocr_par' dir='ltr' id='par_1_105' title="bbox 1945 4390 3539 4471">
     <span class='ocr_line' id='line_1_109' title="bbox 1945 4390 3539 4471; baseline 0.001 -23"><span class='ocrx_word' id='word_1_833' title='bbox 1945 4394 2135 4471; x_wconf 81' lang='lat' dir='ltr'><strong>Divina</strong></span> <span class='ocrx_word' id='word_1_834' title='bbox 2182 4402 2291 4451; x_wconf 86' lang='lat' dir='ltr'><strong>vos&#39;</strong></span> <span class='ocrx_word' id='word_1_835' title='bbox 2309 4396 2482 4467; x_wconf 86' lang='lat' dir='ltr'><strong>gratia</strong></span> <span class='ocrx_word' id='word_1_836' title='bbox 2512 4395 2567 4450; x_wconf 93' lang='lat' dir='ltr'><strong>in</strong></span> <span class='ocrx_word' id='word_1_837' title='bbox 2596 4390 2858 4451; x_wconf 83' lang='lat' dir='ltr'><strong>charitate</strong></span> <span class='ocrx_word' id='word_1_838' title='bbox 2906 4394 3226 4450; x_wconf 67' lang='lat' dir='ltr'><strong>obedientia:</strong></span> <span class='ocrx_word' id='word_1_839' title='bbox 3276 4403 3332 4451; x_wconf 93' lang='lat' dir='ltr'><strong>et</strong></span> <span class='ocrx_word' id='word_1_840' title='bbox 3357 4394 3539 4450; x_wconf 90' lang='lat' dir='ltr'><strong>humi-</strong></span> 
     </span>
    </p>
   </div>
   <div class='ocr_carea' id='block_1_106' title="bbox 1914 4484 3538 4558">
    <p class='ocr_par' dir='ltr' id='par_1_106' title="bbox 1914 4484 3538 4558">
     <span class='ocr_line' id='line_1_110' title="bbox 1914 4484 3538 4558; baseline 0.002 -19"><span class='ocrx_word' id='word_1_841' title='bbox 1914 4484 2095 4541; x_wconf 68' lang='lat' dir='ltr'><strong>litate</strong></span> <span class='ocrx_word' id='word_1_842' title='bbox 2125 4501 2341 4558; x_wconf 89' lang='lat' dir='ltr'><strong>semper</strong></span> <span class='ocrx_word' id='word_1_843' title='bbox 2379 4500 2704 4541; x_wconf 88' lang='lat' dir='ltr'><strong>conservare</strong></span> <span class='ocrx_word' id='word_1_844' title='bbox 2732 4486 3015 4558; x_wconf 89' lang='lat' dir='ltr'><strong>dignetur,</strong></span> <span class='ocrx_word' id='word_1_845' title='bbox 3061 4485 3275 4541; x_wconf 91' lang='lat' dir='ltr'><strong>Domini</strong></span> <span class='ocrx_word' id='word_1_846' title='bbox 3319 4486 3538 4554; x_wconf 85' lang='lat' dir='ltr'><strong>Patres,</strong></span> 
     </span>
    </p>
   </div>
   <div class='ocr_carea' id='block_1_107' title="bbox 1868 4635 1923 4696">
    <p class='ocr_par' dir='ltr' id='par_1_107' title="bbox 1868 4635 1923 4696">
     <span class='ocr_line' id='line_1_111' title="bbox 1868 4635 1923 4696; baseline 0 0"><span class='ocrx_word' id='word_1_847' title='bbox 1868 4635 1923 4696; x_wconf 86' lang='grc' dir='ltr'><strong>Ι)</strong></span> 
     </span>
    </p>
   </div>
   <div class='ocr_carea' id='block_1_108' title="bbox 1945 4574 2359 4632">
    <p class='ocr_par' dir='ltr' id='par_1_108' title="bbox 1945 4574 2359 4632">
     <span class='ocr_line' id='line_1_112' title="bbox 1945 4574 2359 4632; baseline 0 -3"><span class='ocrx_word' id='word_1_848' title='bbox 1945 4574 2141 4631; x_wconf 85' lang='lat' dir='ltr'><strong>fratres</strong></span> <span class='ocrx_word' id='word_1_849' title='bbox 2166 4585 2221 4632; x_wconf 89' lang='lat' dir='ltr'><strong>et</strong></span> <span class='ocrx_word' id='word_1_850' title='bbox 2247 4575 2359 4631; x_wconf 85' lang='lat' dir='ltr'><strong>lilii.</strong></span> 
     </span>
    </p>
   </div>
   <div class='ocr_carea' id='block_1_109' title="bbox 2194 4664 3275 4738">
    <p class='ocr_par' dir='ltr' id='par_1_109' title="bbox 2194 4664 3275 4738">
     <span class='ocr_line' id='line_1_113' title="bbox 2194 4664 3275 4738; baseline -0.005 -11"><span class='ocrx_word' id='word_1_851' title='bbox 2194 4666 2548 4738; x_wconf 74' lang='lat'><strong>281-283</strong></span> <span class='ocrx_word' id='word_1_852' title='bbox 2582 4678 2603 4705; x_wconf 79' lang='grc' dir='ltr'><strong>ο</strong></span> <span class='ocrx_word' id='word_1_853' title='bbox 2635 4664 2971 4721; x_wconf 78' lang='lat' dir='ltr'><strong>EPISTOLA</strong></span> <span class='ocrx_word' id='word_1_854' title='bbox 2999 4664 3275 4722; x_wconf 76' lang='lat' dir='ltr'><strong>CCXXIV.</strong></span> 
     </span>
    </p>
   </div>
   <div class='ocr_carea' id='block_1_110' title="bbox 2535 4752 2945 4792">
    <p class='ocr_par' dir='ltr' id='par_1_110' title="bbox 2535 4752 2945 4792">
     <span class='ocr_line' id='line_1_114' title="bbox 2535 4752 2945 4792; baseline 0 -1"><span class='ocrx_word' id='word_1_855' title='bbox 2535 4753 2603 4791; x_wconf 77' lang='lat' dir='ltr'><strong>AD</strong></span> <span class='ocrx_word' id='word_1_856' title='bbox 2631 4752 2945 4792; x_wconf 70' lang='lat' dir='ltr'><strong>FBIDUINUI.</strong></span> 
     </span>
    </p>
   </div>
   <div class='ocr_carea' id='block_1_111' title="bbox 1946 4826 3530 4898">
    <p class='ocr_par' dir='ltr' id='par_1_111' title="bbox 1946 4826 3530 4898">
     <span class='ocr_line' id='line_1_115' title="bbox 1946 4826 3530 4898; baseline 0.002 -17"><span class='ocrx_word' id='word_1_857' title='bbox 1946 4826 2521 4898; x_wconf 78' lang='lat' dir='ltr'><strong>Gratulatur_adeptam</strong></span> <span class='ocrx_word' id='word_1_858' title='bbox 2538 4843 2727 4898; x_wconf 75' lang='lat' dir='ltr'><strong>curam</strong></span> <span class='ocrx_word' id='word_1_859' title='bbox 2749 4828 3187 4881; x_wconf 88' lang='lat' dir='ltr'><strong>monasteriorum</strong></span> <span class='ocrx_word' id='word_1_860' title='bbox 3215 4827 3320 4885; x_wconf 89' lang='lat' dir='ltr'><strong>SS.</strong></span> <span class='ocrx_word' id='word_1_861' title='bbox 3359 4827 3530 4884; x_wconf 83' lang='lat' dir='ltr'><strong>Bene-</strong></span> 
     </span>
    </p>
   </div>
   <div class='ocr_carea' id='block_1_112' title="bbox 2015 4895 3531 4969">
    <p class='ocr_par' dir='ltr' id='par_1_112' title="bbox 2015 4895 3531 4969">
     <span class='ocr_line' id='line_1_116' title="bbox 2015 4895 3531 4969; baseline 0.002 -19"><span class='ocrx_word' id='word_1_862' title='bbox 2015 4898 2141 4950; x_wconf 86' lang='lat' dir='ltr'><strong>dicti</strong></span> <span class='ocrx_word' id='word_1_863' title='bbox 2168 4907 2216 4969; x_wconf 79' lang='lat' dir='ltr'><strong>et</strong></span> <span class='ocrx_word' id='word_1_864' title='bbox 2244 4895 2496 4969; x_wconf 73' lang='lat' dir='ltr'><strong>Ceolfridi</strong></span> <span class='ocrx_word' id='word_1_865' title='bbox 2525 4896 2766 4951; x_wconf 89' lang='lat' dir='ltr'><strong>hortatur</strong></span> <span class='ocrx_word' id='word_1_866' title='bbox 2794 4907 2849 4951; x_wconf 84' lang='lat' dir='ltr'><strong>ut</strong></span> <span class='ocrx_word' id='word_1_867' title='bbox 2875 4899 3054 4969; x_wconf 78' lang='lat' dir='ltr'><strong>prwsit</strong></span> <span class='ocrx_word' id='word_1_868' title='bbox 3085 4900 3229 4969; x_wconf 85' lang='lat' dir='ltr'><strong>gregi</strong></span> <span class='ocrx_word' id='word_1_869' title='bbox 3262 4915 3358 4953; x_wconf 84' lang='lat' dir='ltr'><strong>suo</strong></span> <span class='ocrx_word' id='word_1_870' title='bbox 3398 4900 3531 4953; x_wconf 87' lang='lat' dir='ltr'><strong>bona</strong></span> 
     </span>
    </p>
   </div>
   <div class='ocr_carea' id='block_1_113' title="bbox 2016 4966 2998 5037">
    <p class='ocr_par' dir='ltr' id='par_1_113' title="bbox 2016 4966 2998 5037">
     <span class='ocr_line' id='line_1_117' title="bbox 2016 4966 2998 5037; baseline 0.001 -16"><span class='ocrx_word' id='word_1_871' title='bbox 2016 4966 2267 5037; x_wconf 73' lang='lat' dir='ltr'><strong>exemplo.</strong></span> <span class='ocrx_word' id='word_1_872' title='bbox 2302 4966 2551 5020; x_wconf 87' lang='lat' dir='ltr'><strong>Precibus</strong></span> <span class='ocrx_word' id='word_1_873' title='bbox 2566 4983 2621 5020; x_wconf 86' lang='lat' dir='ltr'><strong>se</strong></span> <span class='ocrx_word' id='word_1_874' title='bbox 2650 4966 2998 5022; x_wconf 81' lang='lat' dir='ltr'><strong>commendat.</strong></span> 
     </span>
    </p>
   </div>
   <div class='ocr_carea' id='block_1_114' title="bbox 2020 5058 3535 5127">
    <p class='ocr_par' dir='ltr' id='par_1_114' title="bbox 2020 5058 3535 5127">
     <span class='ocr_line' id='line_1_118' title="bbox 2020 5058 3535 5127; baseline 0.003 -12"><span class='ocrx_word' id='word_1_875' title='bbox 2020 5059 2374 5115; x_wconf 90' lang='lat' dir='ltr'><strong>Sanctissimo</strong></span> <span class='ocrx_word' id='word_1_876' title='bbox 2402 5058 2550 5114; x_wconf 89' lang='lat' dir='ltr'><strong>Patri</strong></span> <span class='ocrx_word' id='word_1_877' title='bbox 2577 5058 2601 5097; x_wconf 78' lang='grc' dir='ltr'>ἀ</span> <span class='ocrx_word' id='word_1_878' title='bbox 2633 5059 2916 5127; x_wconf 88' lang='lat' dir='ltr'><strong>Friduino,</strong></span> <span class='ocrx_word' id='word_1_879' title='bbox 2946 5061 3074 5117; x_wconf 91' lang='lat' dir='ltr'><strong>olim</strong></span> <span class='ocrx_word' id='word_1_880' title='bbox 3102 5068 3261 5116; x_wconf 88' lang='lat' dir='ltr'><strong>notus</strong></span> <span class='ocrx_word' id='word_1_881' title='bbox 3307 5068 3364 5115; x_wconf 92' lang='lat' dir='ltr'><strong>et</strong></span> <span class='ocrx_word' id='word_1_882' title='bbox 3384 5075 3535 5120; x_wconf 87' lang='lat' dir='ltr'><strong>sem-</strong></span> 
     </span>
    </p>
   </div>
   <div class='ocr_carea' id='block_1_115' title="bbox 1946 5149 2816 5223">
    <p class='ocr_par' dir='ltr' id='par_1_115' title="bbox 1946 5149 2816 5223">
     <span class='ocr_line' id='line_1_119' title="bbox 1946 5149 2816 5223; baseline 0.001 -17"><span class='ocrx_word' id='word_1_883' title='bbox 1946 5168 2045 5223; x_wconf 85' lang='lat' dir='ltr'><strong>per</strong></span> <span class='ocrx_word' id='word_1_884' title='bbox 2064 5153 2269 5206; x_wconf 90' lang='lat' dir='ltr'><strong>amicus</strong></span> <span class='ocrx_word' id='word_1_885' title='bbox 2288 5149 2547 5205; x_wconf 81' lang='lat' dir='ltr'><strong>Alcuinus</strong></span> <span class='ocrx_word' id='word_1_886' title='bbox 2567 5151 2816 5207; x_wconf 91' lang='lat' dir='ltr'><strong>salutem.</strong></span> 
     </span>
    </p>
   </div>
   <div class='ocr_carea' id='block_1_116' title="bbox 1948 5286 3535 5368">
    <p class='ocr_par' dir='ltr' id='par_1_116' title="bbox 1948 5286 3535 5368">
     <span class='ocr_line' id='line_1_120' title="bbox 1948 5286 3535 5368; baseline 0 0"><span class='ocrx_word' id='word_1_887' title='bbox 1948 5286 2219 5368; x_wconf 53' lang='lat' dir='ltr'><strong>treats“?</strong></span> <span class='ocrx_word' id='word_1_888' title='bbox 2240 5286 3334 5368; x_wconf 53' lang='lat' dir='ltr'><strong>cuiusdam.ebbsﬁsueuotiamnmu:</strong></span> <span class='ocrx_word' id='word_1_889' title='bbox 3352 5294 3535 5368; x_wconf 53' lang='lat' dir='ltr'><strong>esset</strong></span> 
     </span>
    </p>
   </div>
   <div class='ocr_carea' id='block_1_117' title="bbox 1949 5353 3528 5427">
    <p class='ocr_par' dir='ltr' id='par_1_117' title="bbox 1949 5353 3528 5427">
     <span class='ocr_line' id='line_1_121' title="bbox 1949 5353 3528 5427; baseline -0.001 -14"><span class='ocrx_word' id='word_1_890' title='bbox 1949 5360 2003 5413; x_wconf 92' lang='lat' dir='ltr'><strong>in</strong></span> <span class='ocrx_word' id='word_1_891' title='bbox 2033 5353 2156 5412; x_wconf 63' lang='lat' dir='ltr'><strong>Vita</strong></span> <span class='ocrx_word' id='word_1_892' title='bbox 2182 5354 2239 5411; x_wconf 92' lang='grc'>8.</span> <span class='ocrx_word' id='word_1_893' title='bbox 2265 5353 2449 5427; x_wconf 83' lang='lat' dir='ltr'><strong>Eigilis</strong></span> <span class='ocrx_word' id='word_1_894' title='bbox 2489 5356 2700 5412; x_wconf 89' lang='lat' dir='ltr'><strong>abbatis</strong></span> <span class='ocrx_word' id='word_1_895' title='bbox 2743 5356 3047 5427; x_wconf 85' lang='lat' dir='ltr'><strong>Fuldensis,</strong></span> <span class='ocrx_word' id='word_1_896' title='bbox 3083 5353 3204 5410; x_wconf 76' lang='lat' dir='ltr'><strong>Act.</strong></span> <span class='ocrx_word' id='word_1_897' title='bbox 3244 5353 3343 5410; x_wconf 84' lang='lat' dir='ltr'><strong>SS.</strong></span> <span class='ocrx_word' id='word_1_898' title='bbox 3397 5354 3528 5412; x_wconf 85' lang='lat' dir='ltr'><strong>0rd.</strong></span> 
     </span>
    </p>
   </div>
   <div class='ocr_carea' id='block_1_118' title="bbox 1952 5426 3532 5498">
    <p class='ocr_par' dir='ltr' id='par_1_118' title="bbox 1952 5426 3532 5498">
     <span class='ocr_line' id='line_1_122' title="bbox 1952 5426 3532 5498; baseline 0.001 -16"><span class='ocrx_word' id='word_1_899' title='bbox 1952 5428 2009 5483; x_wconf 91' lang='lat' dir='ltr'><strong>S.</strong></span> <span class='ocrx_word' id='word_1_900' title='bbox 2061 5428 2192 5481; x_wconf 89' lang='lat' dir='ltr'><strong>Ben.</strong></span> <span class='ocrx_word' id='word_1_901' title='bbox 2226 5426 2351 5481; x_wconf 63' lang='lat' dir='ltr'><strong>saec.</strong></span> <span class='ocrx_word' id='word_1_902' title='bbox 2396 5443 2479 5498; x_wconf 76' lang='grc' dir='ltr'><strong>ιν,</strong></span> <span class='ocrx_word' id='word_1_903' title='bbox 2527 5436 2667 5498; x_wconf 86' lang='lat' dir='ltr'><strong>part.</strong></span> <span class='ocrx_word' id='word_1_904' title='bbox 2698 5442 2739 5491; x_wconf 83' lang='grc' dir='ltr'>ι,</span> <span class='ocrx_word' id='word_1_905' title='bbox 2788 5442 2909 5498; x_wconf 86' lang='lat' dir='ltr'><strong>pag.</strong></span> <span class='ocrx_word' id='word_1_906' title='bbox 2942 5426 3069 5491; x_wconf 75' lang='lat'><strong>255,</strong></span> <span class='ocrx_word' id='word_1_907' title='bbox 3120 5427 3211 5498; x_wconf 86' lang='lat' dir='ltr'><strong>qui</strong></span> <span class='ocrx_word' id='word_1_908' title='bbox 3243 5440 3383 5498; x_wconf 88' lang='lat' dir='ltr'><strong>anno</strong></span> <span class='ocrx_word' id='word_1_909' title='bbox 3424 5427 3532 5484; x_wconf 83' lang='grc'>819</span> 
     </span>
    </p>
   </div>
   <div class='ocr_carea' id='block_1_119' title="bbox 1951 5497 3404 5553">
    <p class='ocr_par' dir='ltr' id='par_1_119' title="bbox 1951 5497 3404 5553">
     <span class='ocr_line' id='line_1_123' title="bbox 1951 5497 3404 5553; baseline -0.001 0"><span class='ocrx_word' id='word_1_910' title='bbox 1951 5498 2272 5553; x_wconf 89' lang='lat' dir='ltr'><strong>dedicationi</strong></span> <span class='ocrx_word' id='word_1_911' title='bbox 2295 5497 2539 5552; x_wconf 69' lang='lat' dir='ltr'><strong>ecclesia:</strong></span> <span class='ocrx_word' id='word_1_912' title='bbox 2566 5497 2849 5552; x_wconf 90' lang='lat' dir='ltr'><strong>Fuldensis</strong></span> <span class='ocrx_word' id='word_1_913' title='bbox 2870 5497 2943 5551; x_wconf 38' lang='lat' dir='ltr'><strong>&#39;et</strong></span> <span class='ocrx_word' id='word_1_914' title='bbox 2973 5497 3310 5550; x_wconf 87' lang='lat' dir='ltr'><strong>translationi</strong></span> <span class='ocrx_word' id='word_1_915' title='bbox 3340 5511 3404 5552; x_wconf 87' lang='lat' dir='ltr'><strong>oo</strong></span> 
     </span>
    </p>
   </div>
   <div class='ocr_carea' id='block_1_120' title="bbox 1950 5566 3528 5637">
    <p class='ocr_par' dir='ltr' id='par_1_120' title="bbox 1950 5566 3528 5637">
     <span class='ocr_line' id='line_1_124' title="bbox 1950 5566 3528 5637; baseline -0.001 -14"><span class='ocrx_word' id='word_1_916' title='bbox 1950 5570 2028 5623; x_wconf 91' lang='lat' dir='ltr'><strong>ris</strong></span> <span class='ocrx_word' id='word_1_917' title='bbox 2054 5568 2111 5623; x_wconf 86' lang='grc'>8.</span> <span class='ocrx_word' id='word_1_918' title='bbox 2143 5566 2404 5623; x_wconf 87' lang='lat' dir='ltr'><strong>Bonifacii</strong></span> <span class='ocrx_word' id='word_1_919' title='bbox 2434 5566 2706 5631; x_wconf 83' lang='lat' dir='ltr'><strong>interfuit;</strong></span> <span class='ocrx_word' id='word_1_920' title='bbox 2736 5567 2831 5621; x_wconf 89' lang='lat' dir='ltr'><strong>sed</strong></span> <span class='ocrx_word' id='word_1_921' title='bbox 2855 5580 2954 5620; x_wconf 92' lang='lat' dir='ltr'><strong>nec</strong></span> <span class='ocrx_word' id='word_1_922' title='bbox 2984 5566 3180 5637; x_wconf 84' lang='lat' dir='ltr'><strong>ibidem</strong></span> <span class='ocrx_word' id='word_1_923' title='bbox 3203 5567 3349 5621; x_wconf 90' lang='lat' dir='ltr'><strong>aliud</strong></span> <span class='ocrx_word' id='word_1_924' title='bbox 3368 5566 3528 5637; x_wconf 82' lang='lat' dir='ltr'><strong>quid-</strong></span> 
     </span>
    </p>
   </div>
   <div class='ocr_carea' id='block_1_121' title="bbox 1949 5632 3527 5710">
    <p class='ocr_par' dir='ltr' id='par_1_121' title="bbox 1949 5632 3527 5710">
     <span class='ocr_line' id='line_1_125' title="bbox 1949 5632 3527 5710; baseline 0 -17"><span class='ocrx_word' id='word_1_925' title='bbox 1949 5640 2097 5710; x_wconf 86' lang='lat' dir='ltr'><strong>piam</strong></span> <span class='ocrx_word' id='word_1_926' title='bbox 2141 5640 2207 5694; x_wconf 90' lang='lat' dir='ltr'><strong>de</strong></span> <span class='ocrx_word' id='word_1_927' title='bbox 2262 5638 2353 5693; x_wconf 91' lang='lat' dir='ltr'><strong>illo</strong></span> <span class='ocrx_word' id='word_1_928' title='bbox 2396 5638 2892 5710; x_wconf 76' lang='lat' dir='ltr'><strong>habeuir,_pr_aeter</strong></span> <span class='ocrx_word' id='word_1_929' title='bbox 2941 5632 3527 5710; x_wconf 51' lang='lat' dir='ltr'><strong>solum__nomen;Vld.</strong></span> 
     </span>
    </p>
   </div>
   <div class='ocr_carea' id='block_1_122' title="bbox 1953 5705 3402 5778">
    <p class='ocr_par' dir='ltr' id='par_1_122' title="bbox 1953 5705 3402 5778">
     <span class='ocr_line' id='line_1_126' title="bbox 1953 5705 3402 5778; baseline -0.001 -12"><span class='ocrx_word' id='word_1_930' title='bbox 1953 5705 2115 5766; x_wconf 69' lang='lat' dir='ltr'><strong>ctiam</strong></span> <span class='ocrx_word' id='word_1_931' title='bbox 2163 5709 2254 5765; x_wconf 90' lang='lat' dir='ltr'><strong>lib.</strong></span> <span class='ocrx_word' id='word_1_932' title='bbox 2290 5724 2458 5763; x_wconf 80' lang='lat' dir='ltr'><strong>xxvm</strong></span> <span class='ocrx_word' id='word_1_933' title='bbox 2505 5705 2715 5778; x_wconf 39' lang='lat' dir='ltr'><strong>Annal;</strong></span> <span class='ocrx_word' id='word_1_934' title='bbox 2738 5706 2901 5778; x_wconf 73' lang='lat' dir='ltr'><strong>_Ben.,</strong></span> <span class='ocrx_word' id='word_1_935' title='bbox 2924 5720 3047 5778; x_wconf 90' lang='lat' dir='ltr'><strong>pag.</strong></span> <span class='ocrx_word' id='word_1_936' title='bbox 3080 5705 3208 5775; x_wconf 72' lang='grc'><strong>454,</strong></span> <span class='ocrx_word' id='word_1_937' title='bbox 3230 5723 3287 5763; x_wconf 92' lang='lat' dir='ltr'><strong>n.</strong></span> <span class='ocrx_word' id='word_1_938' title='bbox 3315 5707 3402 5765; x_wconf 76' lang='grc'><strong>15.</strong></span> 
     </span>
    </p>
   </div>
   <div class='ocr_carea' id='block_1_123' title="bbox 2028 5776 2815 5848">
    <p class='ocr_par' dir='ltr' id='par_1_123' title="bbox 2028 5776 2815 5848">
     <span class='ocr_line' id='line_1_127' title="bbox 2028 5776 2815 5848; baseline -0.004 -15"><span class='ocrx_word' id='word_1_939' title='bbox 2028 5791 2049 5817; x_wconf 76' lang='grc' dir='ltr'><strong>ο</strong></span> <span class='ocrx_word' id='word_1_940' title='bbox 2075 5780 2229 5848; x_wconf 89' lang='lat' dir='ltr'><strong>Apud</strong></span> <span class='ocrx_word' id='word_1_941' title='bbox 2250 5779 2481 5848; x_wconf 80' lang='lat' dir='ltr'><strong>Froben.</strong></span> <span class='ocrx_word' id='word_1_942' title='bbox 2504 5777 2663 5848; x_wconf 88' lang='lat' dir='ltr'><strong>epist.</strong></span> <span class='ocrx_word' id='word_1_943' title='bbox 2692 5776 2815 5848; x_wconf 75' lang='lat'><strong>220.</strong></span> 
     </span>
    </p>
   </div>
   <div class='ocr_carea' id='block_1_124' title="bbox 2023 5846 3525 5906">
    <p class='ocr_par' dir='ltr' id='par_1_124' title="bbox 2023 5846 3525 5906">
     <span class='ocr_line' id='line_1_128' title="bbox 2023 5846 3525 5906; baseline 0.001 -2"><span class='ocrx_word' id='word_1_944' title='bbox 2023 5850 2049 5890; x_wconf 74' lang='grc' dir='ltr'>ἀ</span> <span class='ocrx_word' id='word_1_945' title='bbox 2081 5846 2362 5904; x_wconf 72' lang='lat' dir='ltr'><strong>Friduino.</strong></span> <span class='ocrx_word' id='word_1_946' title='bbox 2403 5846 2719 5904; x_wconf 79' lang='lat' dir='ltr'><strong>Gratulatur</strong></span> <span class='ocrx_word' id='word_1_947' title='bbox 2760 5846 3019 5902; x_wconf 85' lang='lat' dir='ltr'><strong>Alcuinus</strong></span> <span class='ocrx_word' id='word_1_948' title='bbox 3054 5848 3184 5904; x_wconf 89' lang='lat' dir='ltr'><strong>huic</strong></span> <span class='ocrx_word' id='word_1_949' title='bbox 3221 5863 3320 5905; x_wconf 87' lang='lat' dir='ltr'><strong>suo</strong></span> <span class='ocrx_word' id='word_1_950' title='bbox 3352 5848 3525 5906; x_wconf 82' lang='lat' dir='ltr'><strong>veteri</strong></span> 
     </span>
    </p>
   </div>
   <div class='ocr_carea' id='block_1_125' title="bbox 1957 5917 3537 5997">
    <p class='ocr_par' dir='ltr' id='par_1_125' title="bbox 1957 5917 3537 5997">
     <span class='ocr_line' id='line_1_129' title="bbox 1957 5917 3537 5997; baseline -0.001 -19"><span class='ocrx_word' id='word_1_951' title='bbox 1957 5921 2131 5978; x_wconf 89' lang='lat' dir='ltr'><strong>amico</strong></span> <span class='ocrx_word' id='word_1_952' title='bbox 2160 5921 2227 5977; x_wconf 90' lang='lat' dir='ltr'><strong>de</strong></span> <span class='ocrx_word' id='word_1_953' title='bbox 2256 5919 2446 5991; x_wconf 88' lang='lat' dir='ltr'><strong>adepta</strong></span> <span class='ocrx_word' id='word_1_954' title='bbox 2473 5925 2696 5990; x_wconf 89' lang='lat' dir='ltr'><strong>paterna</strong></span> <span class='ocrx_word' id='word_1_955' title='bbox 2725 5932 2857 5975; x_wconf 86' lang='lat' dir='ltr'><strong>cura</strong></span> <span class='ocrx_word' id='word_1_956' title='bbox 2879 5917 3036 5976; x_wconf 84' lang='lat' dir='ltr'><strong>ovilis</strong></span> <span class='ocrx_word' id='word_1_957' title='bbox 3079 5917 3306 5988; x_wconf 84' lang='lat' dir='ltr'><strong>Christi,</strong></span> <span class='ocrx_word' id='word_1_958' title='bbox 3333 5933 3537 5997; x_wconf 37' lang='lat' dir='ltr'><strong>mons-ﬂ</strong></span> 
     </span>
    </p>
   </div>
  </div>
