4064 6342
506 366 509 369 “
527 397 638 456 sos

1413 387 1471 442 Β.
1509 384 1571 441 F.
1610 382 1836 439 ALBINI
1869 380 2002 439 SEU
2042 378 2320 437 ALCUlNl
2359 375 2646 435 OPERUM
2682 374 2863 433 PARS
2894 376 2937 431 Ι.

3707 380 3815 439 501»

520 478 651 581 ιιιιι,
680 511 793 584 45).
836 509 1096 568 Orantem
1135 519 1237 577 pro
1275 502 1429 559 nobis
1456 498 1847 555 beatitudinem
1873 504 2115 552 vestram

2219 489 2303 564 (11
2333 489 2467 544 Tim.
2501 505 2563 556 ιι,
2591 487 2670 560 5).
2710 486 3029 571 Nullatenus
3076 483 3316 565 legitime
3357 492 3567 553 certat,
3616 489 3709 559 qui
3738 491 3817 547 lo-

527 611 673 667 Deus
718 605 970 663 ChriStus
1013 608 1275 673 perpetua
1321 594 1682 667 prosperitate
1722 590 1995 647 custOdire
2037 588 2119 643 di-

486 770 489 773 _
527 712 724 778 gnetur
748 742 763 767 ,
819 696 1022 754 domini
1076 687 1561 750 desiderantissimi
1613 685 1804 740 Patres
1918 682 2015 738 filii
2063 688 2121 767 et

526 808 708 851 mc"
876 859 1043 932 233
1072 869 1098 897 ι
1128 849 1463 910 EPISTOLA
1491 845 1769 906 ccxxvr.

524 959 558 1001 δ
584 973 653 1013 AD
690 969 932 1012 ηΑτιιεε
966 967 1019 1006 IN
1067 962 1316 1005 ECCLBSIA
1371 957 1529 999 BBA'I‘I
1580 954 1794 997 JOANNIS
1828 932 2112 994 ⁵ΒΑΙινΙΊΒἹῈ

1077 1036 1178 1075 ι)Εο
1215 1030 1557 1073 SERVIENTES.

524 1119 777 1176 Abbatem
821 1125 869 1172 et
914 1115 1104 1185 fratres
1146 1108 1453 1185 monasterii
1486 1101 1930 1185 Montis-Olivi
1959 1100 2117 1185 fami-

593 1171 879 1245 liaritatem
914 1171 1154 1254 suscipit,
1202 1189 1251 1236 et
1278 1178 1398 1234 illos
1419 1178 1663 1254 hortatur
1682 1185 1739 1228 ut
1767 1171 2113 1254 inilitentlpro

593 1241 711 1332 fide
721 1241 1000 1321 catholica,
1022 1241 1071 1310 et
1092 1241 1412 1325 perseverent
1432 1248 1489 1302 in
1510 1244 1836 1301 observantia
1859 1241 2110 1313 regulari.

510 1358 517 1359 “
594 1344 878 1423 Religiosis
907 1346 1194 1410 fratribus,
1224 1342 1337 1397 Deo
1359 1348 1415 1395 et
1433 1344 1624 1393 sancto
1650 1335 1845 1390 Joanni
1875 1347 2116 1404 praecur—

520 1446 631 1503 sori
656 1441 858 1512 Christi
884 1436 1276 1499 servientibus,
1317 1430 1537 1486 humilis
1583 1426 1830 1483 servulus
1870 1423 2113 1494 ejusdem

519 1538 723 1598 Christi
749 1545 806 1593 et
825 1531 1180 1607 praecursoris
1208 1527 1346 1598 ejus,
1377 1524 1635 1581 Alcuinus
1655 1521 1906 1576 salutem.
1980 1572 1985 1577 .

591 1630 728 1686 Nam
768 1627 945 1699 prima
995 1619 1340 1692 cengregatio
1368 1631 1552 1688 quam,
1602 1613 1713 1668 Deo
1741 1612 2108 1682 diSpensante,

516 1720 925 1799 gubernandam
952 1716 1174 1786 accepi,
1223 1713 1384 1768 beato
1413 1709 1607 1765 Joanni
1636 1707 1890 1779 Baptistae
1916 1721 2110 1762 conse-
2164 1760 2171 1763 .

515 1825 671 1875 erata
691 1822 778 1871 est
803 1825 849 1868 ε.
883 1812 1222 1882 Quapropter
1246 1806 1328 1861 fas
1355 1805 1583 1868 aestimo,
1607 1818 1702 1858 vos
1726 1799 1923 1857 fratres
1942 1817 2109 1872 agno-

2220 598 2345 639 cum
2373 582 2687 639 certaminis
2714 581 2800 637 sui
2828 565 3180 653 derelinquit,
3200 586 3272 655 .et
3295 579 3449 659 signa
3476 595 3587 636 sua:
3612 582 3815 641 militiae
3849 625 3857 659 ,ι

2218 675 2459 747 deponit.
2501 674 2754 731 Tentatio
2774 682 2860 729 est
2878 675 3005 751 haec
3022 674 3168 741 vita;
3200 672 3256 726 in
3284 673 3678 751 tentationibus
3704 673 3816 732 for-

2217 773 2302 822 tes
2331 774 2528 832 estote,
2560 766 2614 822 in
2636 764 3073 822 tribulationibus
3105 770 3441 829 constantes,
3482 765 3619 821 nihil
3660 767 3815 825 dubi-

2218 868 2399 916 tantes
2440 862 2507 917 de
2546 861 3003 917 remuneratione.
3038 858 3220 930 “Pauci
3256 865 3387 913 sunt
3429 858 3545 913 dies
3592 858 3813 927 laboris,

2217 953 2311 1009 sed
2337 954 2582 1025 perpetui
2610 940 2738 1009 sunt
2776 951 3149 1033 retributionis
3188 951 3324 1006 dies.
3386 950 3562 1006 Nolite
3610 952 3816 1010 turbari

2217 1046 2285 1102 de
2311 1048 2585 1119 paucitate
2612 1054 2819 1113 vestra,
2847 1046 3060 1102 dicente
3080 1046 3197 1117 ipso
3218 1045 3355 1100 duce
3376 1053 3567 1101 nostro
3589 1065 3606 1100 :
3638 1045 3816 1103 Nolite

2216 1139 2397 1194 timere
2420 1139 2643 1211 pusillus
2663 1157 2809 1211 grex,
2832 1141 3081 1212 quoniam
3107 1138 3422 1211 complacuit
3455 1139 3610 1196 Patri
3648 1151 3815 1197 oestro

2175 1268 2179 1273 ι
2216 1233 2345 1288 dare
2370 1233 2511 1288 vobis
2531 1249 2749 1306 regnum
2773 1231 2926 1305 (Luc.
2949 1250 3051 1298 xu,
3075 1231 3190 1305 52).
3292 1264 3295 1267 -
3485 1276 3490 1281 .
3756 1278 3761 1283 ,

2289 1323 2522 1379 Tantum
2548 1324 2751 1394 absque
2771 1323 3202 1379 murmuratione
3231 1331 3287 1378 et
3305 1323 3464 1379 taedio
3482 1324 3686 1380 servite
3708 1325 3817 1382 Deo

2216 1414 2270 1470 in
2297 1413 2638 1471 confessione
2669 1414 2932 1487 regularis
2982 1415 3138 1480 vitae;
3188 1416 3465 1484 nunquam
3512 1415 3694 1471 deerit
3733 1432 3816 1473 re-

2164 1570 2171 1578 ,
2215 1514 2533 1563 munerator
2568 1506 2746 1572 Deus,
2787 1506 2832 1562 si
2856 1514 3038 1561 vestra
3063 1495 3181 1561 non
3214 1498 3389 1562 deerit
3414 1502 3568 1583 vobis
3600 1508 3816 1564 devotio

2214 1601 2269 1656 in
2298 1602 2556 1657 servitute
2584 1600 2746 1656 illius.
2785 1600 2842 1656 Si
2882 1585 3174 1671 quidquam
3224 1590 3321 1671 pio
3339 1599 3486 1654 Patri
3519 1617 3817 1675 congrega-

2214 1695 2346 1751 tioni
2366 1704 2562 1751 vestrae
2590 1695 2807 1776 placeat.
2826 1685 3149 1759 immutare,
3180 1693 3266 1748 vel
3291 1709 3557 1749 renovare
3586 1711 3815 1768 congre-

2215 1788 2446 1858 gationis
2492 1796 2689 1843 vestrae
2733 1786 2829 1860 (ita
2869 1784 3018 1857 ms.),
3069 1786 3235 1842 nolite
3265 1803 3611 1843 murmurare
3646 1789 3808 1858 inde;

461 1914 466 1918 ’
517 1925 679 1968 scere
720 1917 773 1964 et
823 1904 1253 1968 commilitones,
1302 1916 1470 1956 unum
1517 1899 1780 1954 habentes
1824 1897 2110 1952 Dominum

2215 1874 2356 1931 sicut
2405 1876 2548 1931 enim
2595 1876 3018 1947 prudentissima
3060 1877 3191 1948 'apis
3241 1877 3306 1932 de
3356 1869 3812 1937 multis‘lloribus

462 2018 468 2027 '
516 2003 711 2068 Deum,
741 2009 797 2057 et
821 2015 984 2055 unum
1009 1987 1321 2068 patronum,
1340 1991 1494 2062 cujus
1518 1991 1832 2047 intercessio
1863 1997 2109 2045 nostrum

516 2095 646 2151 hinc
674 2092 797 2148 inde
847 2080 1369 2157 numerum'augere
1408 2083 1680 2155 dignetur.
1732 2080 1951 2136 Patrem
1978 2095 2110 2135 vero
2159 2118 2165 2129 .

459 2196 463 2200 '
516 2192 759 2242 vestrum
782 2182 809 2223 ά
854 2179 1216 2238 Olomundum
1260 2177 1313 2231 in
1352 2174 1592 2238 Christo,
1641 2182 1696 2227 et
1744 2172 1971 2228 fratrem
2007 2186 2106 2227 no-
2163 2223 2166 2227 .

515 2287 691 2336 strum
715 2278 768 2332 in
784 2275 1071 2336 charitate,
1097 2268 1350 2325 familiari
1373 2267 1576 2338 pietate
1602 2265 1929 2336 accepimus,
1950 2264 2108 2335 quasi

511 2372 676 2427 unius
706 2367 922 2423 familiae
949 2377 1286 2436 germanum,
1319 2366 1376 2414 et
1404 2357 1562 2413 unius
1588 2356 1799 2411 Domini
1820 2355 2104 2420 cultorem,
2158 2410 2163 2413 ,

452 2460 457 2467 ’
512 2461 750 2518 θιουιιίιιε
787 2454 1113 2529 protectoris
1156 2465 1510 2515 conservum;
1558 2457 1615 2503 et
1650 2448 1705 2503 in
1744 2462 1810 2503 eo
1847 2447 1966 2518 ipso
2011 2462 2107 2503 vos

513 2568 704 2612 omnes
733 2552 1000 2622 recipiens
1024 2540 1200 2620 quasi
1243 2547 1440 2603 fratres
1483 2545 1858 2617 charissimos,
1912 2544 2107 2615 depre-
2156 2578 2163 2583 η

448 2650 453 2655 ’
513 2664 646 2708 cans
676 2655 738 2702 ut
764 2662 851 2702 me
884 2659 1143 2714 meosque
1182 2657 1281 2713 per
1317 2642 1435 2712 ejus
1461 2655 1655 2695 manus
1684 2638 2024 2694 familiariter
2050 2639 2105 2693 in

512 2748 732 2798 sanctas
751 2738 1028 2793 orationes
1049 2742 1262 2790 vestras
1283 2733 1525 2803 recipere
1549 2731 1865 2802 dignemini.
1889 2730 2105 2801 Optime

512 2833 659 2888 enim
704 2829 855 2883 scitis
905 2834 1109 2898 quanta
1159 2832 1245 2879 est
1270 2838 1413 2878 vera:
1449 2823 1734 2877 charitatis
1774 2822 2101 2887 communio,

513 2938 636 2993 quae
655 2916 915 2976 absentes
943 2931 1172 2987 corpore
1197 2956 1212 2981 ,
1258 2922 1553 2986 praesentes
1597 2913 1761 2970 efficit
1787 2915 1842 2969 in
1885 2915 2099 2990 spiritu.

509 3014 657 3071 Nihil
678 3027 807 3068 vero
838 3017 996 3065 nocet
1018 3008 1264 3064 absentia
1282 3007 1603 3078 corporalis,
1628 3006 1717 3062 ubi
1745 3014 1833 3062 est
1859 3022 2099 3077 prmsen-
2148 3031 2153 3035 ~

446 3122 451 3125 '
508 3109 586 3163 tia
615 3103 893 3177 spiritalis.

404 3202 455 3273 gf
582 3200 690 3255 Vos
717 3213 870 3264 vero,
893 3196 1008 3262 filii,
1024 3194 1222 3251 fratres
1250 3201 1307 3250 et
1327 3193 1539 3259 Patres,
1563 3195 1616 3249 in
1638 3192 1843 3249 Christi
1865 3193 2101 3250 clemen-

404 3278 437 3333 ν’
506 3293 583 3347 tia
614 3290 895 3360 deprecor,
926 3287 1210 3342 unanimes
1233 3293 1407 3341 estote
1427 3285 1479 3362 in
1511 3283 1615 3339 fide
1641 3284 1928 3350 catholica,
1954 3285 2096 3340 idem

440 3396 449 3401 '
506 3383 779 3454 sapientes
804 3421 819 3446 ,
867 3380 1009 3435 idem
1050 3379 1323 3444 volentes;
1370 3377 1600 3435 firmiter
1634 3385 2014 3447 permanentes
2042 3378 2098 3432 in
2137 3429 2143 3434 .

503 3473 627 3528 loco
672 3471 987 3528 certaminis
1033 3471 1226 3537 vestri,
1274 3470 1351 3524 nil
1397 3469 1504 3525 tela
1543 3470 1751 3540 antiqui
1768 3471 1953 3527 'hostis
1978 3487 2095 3526 me-

504 3573 721 3622 tuentes
746 3604 762 3630 ,
801 3562 1176 3620 communibus
1206 3562 1454 3617 manibus
1477 3570 1713 3632 pugnate
1735 3571 1923 3617 contra
1943 3578 2093 3639 eum.
2128 3609 2133 3613 .

505 3656 696 3712 Melius
726 3656 780 3710 in
822 3655 939 3709 acie
981 3669 1105 3708 cum
1149 3652 1394 3724 pluribus
1428 3661 1633 3724 pugnat
1656 3653 1829 3719 miles,
1858 3670 2021 3724 quam
2050 3655 2096 3709 si

503 3745 655 3803 solus
681 3744 812 3800 foris
841 3744 1150 3799 inveniatur
1185 3743 1238 3797 in
1275 3758 1486 3813 campo.
1524 3742 1784 3814 Campum
1821 3760 1949 3799 vero
1975 3745 2096 3800 dico
2129 3803 2135 3811 _

502 3836 689 3893 saeculi
729 3826 1268 3902 latitudinem-Quid
1316 3849 1445 3889 vero
1478 3832 1641 3888 vobis
1681 3850 1804 3890 cum
1848 3835 2094 3892 saeculari

502 3926 933 3985 consuetudine?
978 3923 1253 3980 Christum
1301 3924 1574 3996 elegistis,
1624 3923 1842 3980 Christo
1881 3933 2095 3981 certare

500 4018 859 4090 vosmetipsos
908 4016 1333 4082 constrinxistis,
1380 4025 1798 4088 perseverantes
1835 4018 1891 4073 in
1921 4032 2091 4089 agone

432 4165 437 4169 _
500 4108 766 4182 regularis
793 4110 935 4189 vitae.
965 4108 1048 4163 Nil
1092 4108 1245 4165 vobis
1283 4109 1479 4164 durum
1504 4109 1753 4165 videatur
1778 4111 1833 4165 in
1862 4112 2090 4167 manda-

432 4234 439 4242 ο
499 4202 571 4257 tis
602 4203 727 4268 Dei;
767 4216 863 4274 spe
910 4210 1182 4273 perpetuae
1220 4203 1673 4265 remunerationis
1713 4204 2087 4272 consolamini,

426 4340 429 4343 λ
498 4295 736 4351 scientes
763 4295 907 4365 quod
934 4311 1041 4350 non
1061 4303 1353 4351 coronatur
1381 4296 1487 4350 nisi
1514 4297 1607 4367 qui
1635 4297 1875 4369 legitime
1914 4308 2091 4354 certat

571 4455 598 4483 ι
637 4446 874 4501 Froben.
907 4448 1065 4517 epist.
1099 4447 1225 4501 2l7.

568 4517 599 4556 ιι
638 4517 718 4588 Ad
744 4516 1023 4588 fratres’S.
1052 4517 1277 4588 Joannis
1302 4517 1573 4588 Baptistaa.
1602 4517 1715 4574 Hoc
1739 4528 1853 4585 est,
1883 4522 1950 4576 ad
1976 4522 2087 4578 fra-

2214 1984 2379 2023 unam
2429 1969 2633 2040 colligit
2679 1970 3075 2037 dulcedinem,
3113 1971 3189 2026 ita
3230 1972 3489 2045 providus
3536 1972 3705 2028 Pater
3750 1991 3812 2032 ex

2212 2061 2507 2117 multorum
2543 2063 2792 2135 colligere
2835 2064 2995 2119 debet
3022 2066 3435 2122 conversatione
3473 2084 3645 2124 unum
3671 2071 3812 2141 opti-

2212 2169 2314 2208 ma:
2341 2154 2616 2232 religionis
2637 2155 2765 2210 mel.
2822 2155 3140 2213 Nullatenus
3165 2158 3218 2212 in
3245 2173 3353 2212 uno
3390 2142 3581 2229 campo
3627 2162 3810 2235 omnia

2210 2242 2403 2300 florum
2440 2262 2637 2317 genera
2651 2246 3000 2318 .colliguntur
3022 2289 3037 2313 ,
3087 2248 3161 2302 ita
3189 2235 3291 2303 nec
3331 2248 3385 2303 in
3422 2266 3531 2304 uno
3571 2252 3813 2321 quolibet

2209 2342 2386 2396 omnis
2417 2357 2628 2398 morum
2658 2342 2893 2413 dignitas
2916 2342 3147 2398 inveniri
3169 2327 3645 2414 poteritjquidam
3666 2349 3809 2402 enim

2209 2433 2474 2489 charitate
2503 2434 2761 2500 abundat,
2792 2436 3011 2506 quidam
3039 2423 3345 2491 humi-litate
3374 2437 3561 2503 micat,
3589 2440 3810 2508 quidam

2206 2522 2564 2597 eleemosynis
2592 2523 2777 2597 fulget,
2811 2525 3033 2596 quidam
3054 2526 3322 2597 sapientia
3359 2510 3553 2591 claret,
3582 2528 3805 2597 quidam

2208 2624 2522 2671 sanctarum
2545 2609 2972 2690 "Scripturarum
3020 2617 3326 2689 cognitione
3372 2617 3606 2674 laetatur.
3680 2619 3806 2676 Ideo

2208 2709 2441 2779 sapienti
2487 2708 2553 2763 de
2602 2703 2830 2780 singulis
2872 2708 3083 2788 singula
3113 2708 3357 2780 eligenda
3405 2719 3564 2776 sunt,
3606 2718 3669 2766 ut
3715 2710 3811 2767 fiat

2205 2800 2365 2855 unius
2404 2815 2616 2855 coronae
2653 2800 2906 2872 splendor
2956 2800 3008 2854 in
3054 2801 3235 2856 animo
3263 2800 3432 2856 Deum
3470 2802 3807 2872 possidente,

2206 2892 2299 2963 qui
2333 2891 2523 2947 dividit
2564 2892 2853 2962 unicuique
2896 2892 3192 2947 secundum
3215 2884 3532 2948 mensuram
3570 2910 3681 2950 sua:
3711 2909 3810 2951 vo-

2204 2984 2427 3040 luntatis
2454 3024 2469 3049 ,
2514 2984 2598 3039 vel
2643 2984 3052 3054 possibilitatem
3093 2976 3431 3055 accipientis.
3465 2983 3662 3041 Omnia
3685 3003 3810 3058 pro-

2206 3076 2351 3139 bate,
2386 3074 2529 3147 quod
2550 3075 2742 3155 bonum
2767 3084 2843 3129 est
2873 3083 3038 3129 tenete
3069 3073 3122 3147 (Ι
3154 3074 3335 3130 'fhess.
3370 3091 3425 3140 v,
3457 3074 3586 3148 2i);
3618 3076 3673 3132 id
3698 3086 3806 3143 est.

2201 3166 2434 3238 plurima
2455 3168 2817 3232 considerate,
2849 3168 3052 3238 optima
3079 3182 3306 3237 qumque
3327 3166 3533 3240 eligite.

2129 3243 2175 3307 C
2276 3258 2434 3330 Opto,
2469 3260 2746 3330 Deumque
2776 3259 3060 3329 deprecor,
3104 3267 3166 3313 ut
3206 3266 3392 3313 vester
3418 3274 3676 3315 numerus
3704 3275 3809 3315 au-

2201 3363 2414 3427 geatur,
2441 3363 2497 3410 et
2515 3354 2719 3409 sanctis
2741 3352 3032 3407 virtutibus
3060 3367 3273 3422 semper
3293 3351 3548 3408 florescat
3564 3394 3579 3418 ,
3608 3361 3809 3424 quate-

2199 3467 2302 3506 nus
2326 3451 2478 3506 multi
2509 3450 2705 3505 vestris
2729 3448 2886 3503 bonis
2906 3447 3226 3502 erudiantur
3251 3447 3537 3519 exemplis,
3561 3448 3733 3520 289
3752 3455 3809 3505 et

2196 3557 2294 3598 vos
2319 3542 2487 3597 multa
2511 3541 2760 3597 mercede
2785 3540 2839 3594 in
2867 3547 3158 3610 conspectu
3186 3538 3437 3594 altissimi
3471 3538 3677 3609 judicis
3722 3538 3808 3595 di-

2196 3635 2286 3706 gni
2316 3634 2644 3698 habeamini,
2668 3632 2828 3687 beato
2851 3629 3060 3686 Joanne
3093 3631 3484 3696 intercedente,
3502 3638 3561 3686 et
3579 3629 3802 3687 Christo

2196 3725 2308 3781 Deo
2342 3727 2666 3791 miserante,
2720 3725 2975 3779 donante.
3037 3723 3225 3779 Gratia
3264 3722 3506 3779 caelestis
3544 3740 3646 3780 vos
3674 3739 3803 3796 pro-

2193 3818 2359 3872 vehat
2382 3826 2437 3874 et
2462 3819 2517 3873 in
2541 3817 2687 3873 omni
2707 3816 2850 3872 bono
2883 3815 3148 3887 prolicere
3188 3814 3382 3883 faciat,
3429 3814 3635 3873 fratres
3671 3819 3801 3874 cha-

2193 3909 2418 3966 rissimi.
3154 3904 3155 3907 “

2633 3992 2656 4020 ο
2692 3976 3028 4036 EPISTOLA
3061 3977 3362 4035 CCXXVII.

2599 4071 2618 4111 τ
2656 4088 2723 4128 an
2784 4087 3029 4135 ouososu
3104 4085 3404 4127 nossenos.

2200 4162 2374 4217 Ambit
2400 4178 2581 4218 eorum
2615 4161 3031 4232 familiaritatem
3056 4171 3103 4215 et
3128 4161 3412 4216 orationes.
3436 4156 3705 4217 Hortatur
3725 4161 3797 4217 ad

2270 4234 2577 4288 charitatem
2598 4274 2613 4297 ,
2632 4256 2635 4263 -
2653 4233 2997 4287 humilitatem
3022 4272 3037 4297 ,
3079 4232 3426 4287 obedientiam
3453 4272 3469 4298 ,
3504 4234 3577 4287 ad
3611 4250 3797 4288 curam

2262 4303 2516 4375 regularis
2542 4303 2866 4375 disciplinae,
2890 4313 2937 4357 et
2961 4302 3134 4357 laudis
3157 4301 3369 4357 divinae.

2117 4425 2122 4447 ἶ
2190 4460 2335 4517 cinio
2362 4459 2694 4515 beatissima:
2709 4458 2948 4528 Virginis
2986 4456 3170 4512 Mariae
3208 4465 3589 4513 consecratum
3620 4458 3793 4520 fuisse

2189 4529 2451 4604 Alcuiuns
2476 4537 2727 4604 testetur,
2756 4529 2809 4583 in
2836 4528 3006 4604 elegia
3033 4528 3100 4584 de
3122 4528 3313 4584 eodem
3341 4537 3530 4584 sancto
3560 4530 3793 4604 Wilgiso

498 4586 942 4681 tresMopas1.e‘rIii
966 4586 1334 4681 Montis-Olivi
1348 4586 1540 4681 cujus
1560 4599 1751 4681 anctor
1774 4593 2085 4681 primusque
2114 4620 2165 4681 υ
2187 4616 2355 4673 prope
2382 4601 2541 4656 ﬁnem
2572 4601 2626 4655 in
2656 4586 2741 4655 hi's
2770 4586 3057 4655 versiﬁus;
3094 4632 3098 4636 -

500 4668 681 4732 rector
716 4656 816 4732 fuit
853 4657 1186 4713 Olomundus
1221 4673 1317 4732 seu
1352 4657 1721 4732 Olemundus;
1767 4656 1911 4732 quod
1955 4656 2082 4718 olim
2114 4666 2117 4721 ῗ

500 4727 881 4813 appellabatur
922 4729 1329 4813 monasterium
1356 4729 1461 4813 AS.
1513 4729 1670 4786 Joan.
1724 4727 1974 4813 Baptistae
2021 4734 2087 4813 de

398 4820 403 4827 ι
500 4793 954 4869 ςζᾱεινο-Μαιαδιὶ
973 4840 987 4863 ,
1020 4801 1073 4854 in
1102 4801 1322 4855 dimcesi
1352 4793 1812 4869 Carcassonensi,
1838 4806 1998 4860 situm
2028 4806 2084 4859 in

500 4866 864 4924 Vallesecura‘
886 4869 953 4923 ad
978 4871 1170 4939 ripam
1210 4872 1412 4925 Durani
1443 4871 1460 4942 (
1485 4871 1536 4927 la
1567 4866 1850 4943 Durance)
1892 4875 2035 4930 fluvii
2066 4894 2080 4930 :

498 4955 645 4995 nunc
698 4947 908 4994 tantum
958 4950 1146 4995 notum
1190 4951 1274 4997 est
1301 4943 1402 4996 sub
1449 4944 1666 4999 nomine
1718 4945 2083 5002 Moutis~01ivi

499 5009 880 5087 (_Montolio_u)
915 5013 1473 5087 superestque_etiam
1518 5030 1692 5087 nunc,
1744 5026 1865 5087 post
1905 5019 2086 5074 varias

498 5080 677 5159 vices,
704 5082 834 5159 _sub
860 5080 1624 5159 celeberrima__Beuedictina
1667 5080 2084 5159 congregatione

498 5152 897 5296 :auncti6Mnuri.
928 5151 949 5226 (
974 5151 1173 5209 Mabill.
1193 5194 1208 5219 ,
1243 5153 1365 5209 libr.
1396 5171 1518 5210 .xxv
1554 5156 1749 5213 Annal.
1771 5151 1912 5230 'pag'.
1952 5159 2080 5223 25L

537 5239 649 5278 um.
719 5264 735 5280 .

499 5238 649 5278 num.
682 5238 735 5280 υ.

572 5306 593 5334 ο
640 5293 789 5351 Hanc
820 5296 1295 5367 congregationem
1318 5338 1333 5361 ,
1365 5312 1526 5367 quam
1558 5298 1789 5367 primam
1820 5299 2082 5358 Alcuinus

496 5366 914 5439 gubernandam~
951 5366 1220 5439 suscepit,
1266 5366 1432 5423 fuisse
1479 5366 1667 5423 cellam
1718 5372 2078 5439 maritimam,

416 5452 419 5455 λ
496 5437 655 5492 sitam
686 5436 1041 5514 in_provinci_a
1066 5436 1534 5514 Northumbrana,
1559 5446 1615 5514 et
1638 5441 1854 5514 quidem
1882 5443 1935 5497 in
1962 5436 2083 5514 pro-

412 5530 419 5533 -
497 5507 787 5581 montoriis
816 5507 1200 5581 mariLOceano
1228 5517 1283 5565 et
1312 5508 1538 5564 Humbri
1584 5507 1745 5581 fluvio
1784 5507 2075 5581 proximis,

499 5578 592 5631 ubi
649 5588 868 5634 sanctus
904 5577 1164 5651 Wilgisus
1202 5589 1357 5651 pater
1394 5581 1568 5635 sancti
1612 5577 1944 5637 Willibrordi
1979 5577 2101 5642 hu;

498 5655 676 5733 illi'l'lllS
705 5658 817 5716 est,
846 5649 1114 5719 quispiam
1144 5649 1475 5733 egistimare.
1504 5659 1686 5733 posset
1710 5670 1724 5717 ;
1759 5653 1897 5733 banc
1935 5655 2078 5733 enim

497 5716 699 5793 cellam
734 5735 792 5775 se
839 5716 930 5793 per
968 5716 1326 5793 successiones
1375 5716 1633 5793 legitimas
1685 5716 2079 5793 gubernandam

496 5790 779 5865 suscepisse
827 5786 1245 5865 Alcuinus__i_pse
1298 5786 1553 5865 testatur,
1587 5792 1656 5865 in;
1679 5786 1798 5849 Vita
1830 5796 2076 5865 prosaica

2350 4690 2538 4753 Corpus
2554 4692 2603 4739 in
2626 4689 2845 4740 Ecclesia
2865 4694 3100 4739 curarunt
3122 4689 3336 4753 condere
3361 4688 3561 4753 fratres,

2403 4750 2524 4814 Quae
2547 4759 2821 4814 constructa
2846 4754 2995 4800 maris
3009 4759 3104 4800 stat
3119 4764 3279 4814 prope
3298 4750 3543 4814 littoribus

2340 4790 2821 4876 Δι’ἇιῖἔεῖἕὲἷιΐῦἕὲ
2845 4790 3579 4876 ἑξεῆὶῐῐιῖἶῇἧὶῖἕεῖᾱὶἷἓιίἷίὶἷῖ,

2442 4831 2505 4864 ue
2522 4831 2706 4864 8³01⁸³ιῦ
2732 4831 2821 4863 υθι
2845 4831 3060 4876 εθιιιιῑικ
3087 4831 3358 4863 cunssuma

2404 4831 2611 4928 gomine
2635 4875 2884 4938 fulgescit,
2910 4874 3061 4937 Virgo
3083 4874 3251 4937 Maria,
3270 4882 3374 4926 tuo.

2260 4959 2371 5016 Sed
2404 4958 2653 5015 fortassis
2687 4958 2876 5012 eadem
2910 4952 3055 5029 cella
3082 4956 3328 5029 sanetum
3362 4972 3579 5029 quoque
3614 4957 3784 5017 Joan.

2185 5032 2486 5100 Baptistam
2513 5039 2817 5100 patronum
2870 5028 3035 5083 coluit
3058 5045 3085 5100 ;i
3127 5027 3307 5100 plures
3345 5027 3503 5100 enim
3530 5027 3789 5098 ejusdem

2184 5097 2289 5159 loci
2316 5097 2547 5157 sanctos
2558 5107 2816 5171 patronos
2841 5114 2963 5154 esse
2982 5140 2996 5163 ,
3024 5097 3314 5154 admodum
3346 5097 3606 5171 frequens
3637 5111 3749 5157 est.

2254 5172 2281 5213 ἀ
2324 5168 2705 5241 Olomundum.
2742 5168 2818 5224 De
2845 5186 2952 5241 quo
2978 5185 3172 5241 supra,
3204 5176 3318 5224 not.
3335 5168 3377 5241 Ab
3398 5210 3413 5236 ,
3440 5168 3533 5240 qui
3575 5172 3792 5231 obiisse

2184 5243 2385 5300 dicitur
2435 5257 2578 5296 anno
2626 5240 2753 5311 827,
2798 5239 3023 5311 "(ldus
3069 5239 3410 5306 Decembris,
3436 5239 3582 5311 apud
3632 5241 3783 5299 Diab.

2183 5313 2307 5372 libr.
2336 5329 2443 5368 xxx
2469 5310 2690 5377 AnnaL,
2722 5326 2871 5366 num.
2904 5310 2993 5365 2i.

2259 5397 2283 5425 ε
2318 5383 2552 5439 Froben.
2586 5383 2742 5453 epist.
2776 5381 2904 5437 224.

2263 5456 2282 5495 ί
2324 5454 2480 5509 Nullo
2517 5450 2717 5521 indicio
2750 5453 3000 5523 proditur
3024 5450 3315 5523 cuiusnam
3340 5455 3661 5510 monasterii
3690 5456 3786 5511 vel

2183 5526 2614 5598 congregationis
2658 5522 2854 5578 fratres
2896 5522 3120 5588 fuerint,
3146 5522 3213 5577 ad
3254 5523 3399 5592 quod
3444 5524 3645 5595 scripta
3691 5534 3786 5581 est

2182 5595 2299 5652 hmo
2348 5595 2613 5665 epistola;
2666 5594 2989 5665 documenta
3032 5608 3163 5648 vero
3192 5593 3422 5665 egregia
3438 5611 3461 5660 ,'
3500 5603 3557 5649 et
3600 5596 3690 5651 hic
3718 5604 3782 5653 et

2182 5667 2308 5722 alibi
2338 5655 2541 5721 aliatim
2569 5655 2637 5720 ab
2663 5664 2892 5719 Alcuino
2919 5679 3108 5735 sparsa
3125 5655 3453 5735 ,,de'niutua
3483 5666 3782 5735 charitate,

2181 5736 2509 5809 humilitate,
2537 5735 2862 5809 ohedieptia,
2892 5734 2960 5791 de
2983 5735 3130 5809 vigili
3171 5749 3303 5809 cura
3319 5734 3508 5809 laudis
3532 5734 3776 5805 divina,

2182 5810 2247 5865 de
2284 5808 2516 5881 regulari
2557 5806 2836 5881 disciplina
2862 5846 2878 5872 ,
2905 5805 3061 5881 etc.'_,
3083 5805 3335 5881 monachi
3375 5821 3567 5865 omnes
3601 5808 3671 5865 ad
3706 5822 3782 5865 se

496 5856 959 5951 sjtizsdem_zsancti
976 5856 1868 5951 1yillibrordicap.417.7.0bstaré‘
1899 5876 2078 5951 tamen
2124 5926 2131 5929 .
2178 5856 2533 5951 arentia}
2559 5856 3267 5935 ἆίἄιῖοὶὲέὲῖίὲιὶἧιέἶιῐ

498 5927 625 6019 huic
646 5930 884 6022 opinioni
907 5932 1140 6000 videtur,
1162 5933 1307 6003 quod
1332 5927 1714 5992 monasterium
1741 5936 1871 5995 illud
1895 5948 2079 6010 patro-

4060 4738 4064 4817 l

4062 5808 4064 5871 1

4062 5880 4064 5945 ι
