4064 6342
200 399 206 406 ’
230 379 323 437 505

1657 373 2032 433 EPISTOLE.

3363 383 3470 441 506

298 496 602 559 Venerando
625 495 802 562 Patri,
829 503 885 551 et
916 494 1270 552 sanctissimis
1300 492 1560 549 fratribus
1584 493 1638 548 in
1664 509 1790 549 con-
1820 496 1866 554 Α
1895 491 2167 561 dignetur,
2207 499 2261 548 et
2300 491 2368 547 ad
2405 499 2666 548 aeternum
2705 506 2929 563 regnum
2966 493 3250 562 pervenire
3285 468 3474 554 conce-

228 593 522 671 gregatione
549 589 847 646 beatissimi
877 586 1202 644 confessoris
1231 585 1431 642 Christi
1474 585 1690 641 humilis
1716 585 1792 642 le-

227 689 325 745 vita
353 686 583 746 Albinus,
606 683 853 740 salutem.

289 779 536 836 Gaudens
558 785 753 831 vestrae
777 771 1129 830 beatitudinis
1153 770 1333 827 audivi
1355 770 1789 841 prosperitatem,

225 881 274 930 et
297 869 594 940 religiosam
611 869 774 921 vitam
797 875 852 922 et
867 867 977 920 Deo
999 864 1350 934 condignam,
1374 871 1537 932 atque
1562 863 1794 917 hornini-

191 999 194 1003 -
224 969 317 1023 bus
350 962 712 1027 laudabilem;
745 966 1071 1030 quapropter
1108 972 1242 1012 mea:
1276 955 1557 1025 parvitatis
1599 969 1793 1010 nomen

223 1033 522 1127 diligentius
548 1053 751 1108 sanctis
778 1051 975 1106 vestris
1001 1048 1338 1105 orationibus
1363 1047 1703 1111 commendo,
1735 1054 1795 1100 ut

222 1165 302 1204 me
325 1147 568 1204 habeatis
592 1145 746 1214 quasi
769 1159 933 1199 unum
955 1159 1018 1198 ex
1042 1141 1213 1197 vobis.
1236 1140 1349 1209 Ego
1368 1155 1497 1194 vero
1521 1146 1792 1208 peccator,

221 1241 442 1299 multum
491 1237 734 1306 indigens
781 1244 1090 1291 sanctorum
1143 1231 1562 1298 intercessione,
1616 1230 1795 1285 sciens

178 1381 180 1384 ,
220 1328 656 1392 multumvalere
693 1326 1098 1396 deprecationes
1132 1323 1430 1391 justorum,
1469 1319 1624 1389 juxta
1668 1335 1796 1389 apo-

1895 585 2021 647 dat,
2061 585 2212 655 cujus
2247 586 2366 641 laus
2399 587 2469 642 sit
2503 601 2714 655 semper
2747 586 2802 640 in
2839 601 2935 641 ore
2968 593 3022 641 et
3055 586 3108 640 in
3148 588 3310 643 corde
3345 589 3476 645 cha-

1893 678 2070 733 ritatis
2108 689 2338 746 vestrm;
2377 681 2502 750 quia
2543 681 2658 735 haec
2692 689 2775 735 est
2809 688 3117 736 sanctorum
3154 681 3264 736 vita
3291 723 3306 750 ,
3357 682 3475 740 laus

1893 774 2152 829 bonitatis
2176 775 2378 830 Christi
2405 784 2460 831 et
2483 776 2724 831 charitas
2765 776 2818 829 in
2840 776 3125 844 praesentia
3151 775 3294 831 illius
3314 817 3328 841 ,
3356 793 3476 848 quae

1902 884 2182 938 nunquam
2216 869 2428 924 excedit
2465 867 2550 941 [F
2555 881 2696 935 orte,
2722 868 2982 941 excidit],
3022 885 3297 940 nunquam
3333 885 3477 940 pra:-

1896 961 2054 1024 terit,
2098 977 2375 1031 nunquam
2403 960 2643 1027 fastidit;
2674 970 2728 1016 et
2750 962 3056 1031 quicunque
3083 962 3279 1032 saepius
3308 962 3363 1016 in
3391 961 3477 1020 bis

1894 1053 1949 1108 in
1976 1055 2077 1109 hac
2100 1055 2311 1108 mortali
2338 1055 2445 1108 vita
2469 1065 2736 1121 versatur,
2760 1057 3018 1125 majorem
3045 1064 3354 1111 sanctorum
3381 1073 3475 1112 an-

1894 1147 2135 1218 gelorum
2175 1147 2580 1202 similitudinem
2607 1149 2807 1214 habet;
2839 1147 3014 1218 angeli
3041 1164 3169 1203 vero
3202 1148 3297 1203 Dei
3335 1164 3478 1204 sem-

1893 1253 1989 1308 per
2019 1238 2070 1292 in
2096 1238 2295 1308 vigiliis
2326 1237 2492 1292 Deum
2536 1225 2788 1305 laudant;
2832 1249 2886 1294 et
2927 1241 3017 1310 qui
3047 1240 3274 1310 vigilare
3299 1241 3480 1299 studet

1895 1331 1964 1384 ad
2009 1329 2194 1384 laudes
2233 1329 2356 1394 Dei,
2403 1331 2698 1400 angelicam
2741 1333 2906 1386 vitam
2951 1333 3062 1403 agit
3098 1333 3153 1388 in
3199 1334 3394 1400 tetris;
3424 1341 3480 1388 et

219 1423 332 1480 stoli
378 1420 566 1476 Jacobi
611 1419 1005 1488 testimonium,
1055 1417 1189 1492 nihil
1232 1415 1298 1470 de
1342 1416 1478 1470 meis
1521 1414 1795 1469 confidens

217 1512 448 1575 meritis,
482 1512 575 1566 sed
605 1519 775 1564 totum
803 1524 889 1563 me
915 1525 1011 1579 per
1040 1507 1365 1562 famulorum
1393 1506 1595 1561 Christi
1626 1507 1793 1560 inter-

216 1605 486 1660 cessiones
514 1603 705 1658 divina:
734 1602 920 1672 gratiae
957 1599 1378 1663 commendans;
1421 1607 1474 1652 et
1517 1598 1640 1652 licet
1673 1613 1798 1668 pec-

217 1696 345 1750 catis
373 1695 512 1750 meis
541 1693 956 1764 impedientibus
1000 1709 1107 1748 llon
1155 1693 1256 1746 Sim
1301 1692 1494 1762 dignus
1521 1693 1662 1746 inter
1702 1708 1796 1746 005
1866 1715 1996 1774 inec
2043 1717 2177 1754 vana
2225 1701 2479 1770 cogitatio
2526 1702 2779 1770 impediat
2821 1719 3035 1757 cursum
3076 1704 3352 1774 religionis
3392 1719 3484 1759 ve-

213 1788 481 1844 numerari
501 1829 515 1853 ,
546 1796 725 1841 tamen
745 1827 776 1859 i,
795 1787 904 1840 Deo
933 1787 1254 1849 miseranle'.
1285 1785 1394 1839 Ι)θο
1425 1786 1544 1841 illos
1571 1787 1796 1856 diligere
1897 1801 2054 1855 stne,
2085 1800 2139 1847 et
2176 1791 2361 1848 laudes
2393 1793 2621 1858 divinas,
2649 1801 2706 1848 ut
2742 1795 2996 1864 angelicm
3029 1773 3366 1850 visitationes
3400 1795 3483 1849 in-

213 1880 321 1935 scio
343 1889 400 1934 et
422 1879 808 1948 illis’honorem
838 1876 1408 1952 impenderegdebitum
1433 1874 1540 1947 [Ita
1563 1893 1657 1929 ms.
1679 1892 1789 1930 cor-
1826 1869 1870 1927 Β
1895 1885 2114 1938 veniant
2139 1900 2575 1954 unumquemque
2595 1893 2834 1938 vestrum
2867 1886 2919 1939 in
2948 1885 3065 1940 loco
3091 1900 3189 1940 suo
3216 1893 3446 1939 stantem
3463 1925 3479 1950 ,

212 1973 400 2045 rapte].
431 1973 768 2042 Quapropter
793 1971 990 2025 obnixe
1016 1972 1294 2040 deprecor,
1325 1977 1383 2022 ul
1411 1983 1496 2023 me
1521 1983 1583 2022 ea
1610 1969 1791 2023 οἰωνί-
1896 1963 2172 2047 Deumque
2209 1977 2538 2032 laudantem.
2580 1977 2749 2048 Igitur
2787 1979 2878 2048 qui
2922 1979 2975 2032 in
3016 1979 3119 2034 hac
3157 1978 3484 2034 mortalitate

212 2070 319 2118 tate
359 2064 665 2134 recipiatis,
695 2077 800 2132 qua
833 2077 927 2116 vos
954 2062 1230 2116 humiliter
1259 2061 1510 2130 deposco.
1544 2060 1792 2116 Charitas
1895 2070 2064 2125 Deum
2111 2071 2329 2125 laudare
2371 2070 2610 2133 student,
2646 2071 2700 2124 in
2756 2069 3008 2125 felicitate
3052 2079 3313 2143 perpetua
3360 2085 3483 2124 cum

206 2156 352 2210 enim
379 2158 607 2227 benigna
635 2165 747 2221 est,
771 2155 825 2210 in
849 2171 952 2226 qua
977 2164 1087 2209 tota
1111 2171 1388 2209 servorum
1411 2155 1505 2209 Dei
1533 2155 1640 2208 vita
1667 2170 1795 2209 con-
1894 2161 2179 2218 Psalmista
2234 2170 2456 2218 cantare
2507 2163 2709 2216 habent
2738 2179 2751 2215 :
2806 2162 2957 2216 Beati
3006 2163 3093 2232 qui
3144 2162 3379 2215 habitant
3426 2162 3484 2216 in

204 2251 369 2317 σίδῑίῑ,
403 2269 565 2322 (illam
596 2260 776 2306 V’eSll‘a
807 2251 1164 2312 ιιηέιηῖῐιῖίῑῦε,
1194 2251 1334 2304 Sicut
1363 2249 1522 2302 audio
1545 2289 1558 2312 ,
1594 2249 1795 2318 optime
1894 2256 2048 2308 domo
2087 2267 2177 2309 tua
2197 2297 2210 2319 ,
2243 2255 2464 2309 Domine
2483 2296 2498 2321 ,
2545 2256 2600 2309 in
2631 2254 2879 2310 saxulum
2909 2254 3089 2309 surculi
3116 2254 3404 2308 laudabunt
3433 2263 3484 2309 te

199 2343 398 2410 habet,
425 2360 521 2415 per
544 2360 703 2414 quem
734 2342 939 2414 [1"orte,
956 2343 1141 2416 quam]
1158 2343 1321 2396 vitam
1348 2351 1606 2415 aeternam
1634 2342 1795 2396 habe-
1896 2349 1913 2417 (
1940 2347 2140 2400 Psalm.
2171 2364 2374 2401 Lxxxm
2398 2389 2411 2409 ,
2448 2348 2480 2401 5
2506 2348 2546 2418 ).

194 2438 307 2503 bit,
341 2439 650 2506 quicunque
679 2438 878 2490 habere
905 2436 1101 2505 dignus
1130 2438 1270 2502 erit;
1304 2452 1468 2506 quam
1493 2445 1603 2491 toto
1633 2435 1796 2492 corde
1965 2439 2218 2492 Sanctam
2248 2454 2374 2493 vero
2410 2439 2821 2493 unanimitatem
2860 2445 3097 2492 vestram
3116 2477 3131 2502 ,
3174 2436 3482 2492 charissimi

195 2525 497 2606 sequimini
519 2569 532 2591 ,
567 2527 870 2603 charissimi
906 2528 1102 2582 fratres
1125 2569 1140 2592 ,
1180 2529 1306 2596 quia
1352 2537 1460 2583 tota
1503 2529 1794 2583 monacho—
1856 2599 1860 2603 '
1892 2532 2126 2597 fratres,
2155 2532 2412 2588 Dominus
2447 2533 2590 2586 Deus
2626 2533 2679 2585 in
2716 2532 2861 2586 omni
2896 2531 3159 2600 prolicere
3188 2528 3352 2584 faciat
3393 2529 3484 2584 bo-

197 2639 321 2678 rum
355 2623 464 2676 vita
492 2622 844 2687 ingcharitate
865 2662 880 2687 ,
914 2621 1217 2676 humilitate
1257 2629 1309 2676 et
1335 2619 1638 2676 obedientia
1669 2637 1794 2675 con-
1893 2643 1993 2690 no,
2018 2635 2073 2682 et
2114 2627 2182 2681 ad
2212 2636 2431 2682 ;eternae
2463 2625 2813 2680 beatitudinis
2845 2615 3158 2679 felicitatem
3200 2621 3482 2694 pervenire

199 2715 387 2779 sistit;
421 2722 474 2768 et
501 2714 627 2782 quia
662 2722 841 2767 vestra
879 2713 1052 2783 pietas
1088 2711 1256 2766 Deum
1291 2712 1454 2782 elegit
1484 2712 1585 2766 sibi
1616 2711 1792 2787 domi-
1851 2793 1854 2796 .
1895 2721 2158 2776 concedat
2183 2761 2198 2788 ,
2236 2719 2572 2776 dilectissimi
2609 2718 2826 2773 fratres.
3214 2770 3226 2778 _
3435 2719 3438 2722 ’

203 2823 331 2862 num
363 2814 422 2860 et
450 2820 662 2875 regem,
697 2813 806 2859 tota
838 2804 1035 2858 virtute
1069 2804 1236 2858 Deum
1266 2813 1478 2878 amate,
1510 2812 1563 2857 et
1591 2818 1794 2873 praece-
1850 2882 1858 2886 _
2315 2846 2339 2874 α
2372 2831 2705 2887 EPISTOLA
2741 2830 3059 2886 ccxxvm.

159 2957 163 2962 ,
203 2897 310 2970 ptis
337 2894 456 2962 ejus
483 2895 704 2949 obedire
730 2894 961 2950 studete.
994 2894 1374 2964 Unusquisque
1400 2893 1551 2948 alteri
1580 2894 1651 2947 sit
1676 2908 1792 2946 ma—
2326 2942 2392 2979 ΑΒ
2452 2940 2736 2980 “mw”!
2795 2939 3062 2979 “mnu.
3130 2905 3133 2908 '

204 2989 370 3084 gis?”
399 2989 645 3084 i909?”
861 2996 916 3084 ei
943 2987 1312 3084 υηξξδίιυίδῳξθ
1331 2985 1790 3084 ³¹ί⁰¹ζίί¹ίδῗρυ¹¹¹⁸
1888 3017 2096 3072 Laudat
2135 3033 2314 3072 eorum
2350 3018 2829 3080 conversationem;
2876 3017 3117 3069 hortatur
3163 3015 3230 3068 ad
3268 3016 3481 3070 virtutes

141 3087 160 3104 "
205 3082 256 3137 in
287 3081 609 3136 humilitatis
633 3079 937 3134 obedientia
958 3118 972 3142 ,
1002 3078 1214 3132 dicente
1252 3077 1508 3146 Apostolo
1535 3091 1548 3129 :
1585 3075 1644 3130 Si
1672 3092 1788 3129 vero

1959 3089 2227 3158 religiosas
2250 3129 2263 3152 ,
2304 3089 2592 3158 prarsertim
2630 3075 2987 3158 paupertatem
3026 3087 3080 3140 in
3119 3086 3396 3151 conviviis,
3425 3086 3480 3140 in

203 3175 401 3244 iuniori
429 3172 708 3228 revelatum
736 3172 869 3241 ﬁat,
900 3171 1046 3242 prior
1071 3179 1238 3224 taceat
1272 3169 1338 3240 (Ι
1367 3167 1490 3222 Cor.
1522 3185 1632 3232 le,
1661 3167 1782 3240 50).
1816 3171 1860 3244 1;
1963 3161 2189 3213 nummis
2218 3201 2231 3226 ,
2265 3159 2692 3219 in'vestimentis,
2727 3165 2831 3212 etc.

159 3322 164 3328 .
206 3267 435 3339 Spiritus
459 3267 597 3321 enim
625 3266 710 3319 ubi
738 3264 845 3319 vult
871 3265 1034 3335 spirat
1059 3262 1250 3335 (Joan.
1277 3279 1372 3327 ιιι,
1401 3262 1487 3332 8).
1518 3261 1610 3315 Dei
1642 3260 1786 3341 enim

1968 3273 2288 3327 Venerando
2325 3271 2472 3325 Patri
2503 3271 2531 3310 ι)
2561 3269 2800 3325 Arnoldo
2832 3270 3010 3325 abbati
3042 3277 3095 3324 et
3127 3275 3326 3323 sancta:
3352 3283 3479 3324 con-

204 3362 397 3416 donum
447 3369 555 3423 est,
596 3359 641 3414 si
686 3358 808 3427 quis
857 3364 1003 3411 recta
1052 3354 1332 3422 intelligit,
1383 3354 1426 3407 si
1479 3353 1602 3423 quis
1645 3352 1791 3421 juste

1893 3365 2191 3436 gregationi
2213 3406 2226 3428 ,
2256 3363 2475 3418 humilis
2504 3362 2664 3416 levita
2692 3361 2918 3416 Albinus
2949 3360 3197 3414 salutem.

205 3462 379 3519 ³111³ιῖ
416 3451 518 3506 Dei
549 3451 746 3504 donum
775 3449 832 3502 ίῐι
861 3447 1006 3502 nulla
1051 3455 1239 3511 male»
1273 3445 1329 3499 ίη
1373 3445 1516 3498 "una
1560 3460 1789 3515 Persona
1846 3439 1851 3444 1
1965 3456 2109 3511 Satis
2143 3456 2273 3510 mihi
2313 3455 2515 3526 placuit
2554 3454 2802 3526 religiosa
2839 3453 3180 3509 conversatio
3212 3461 3392 3509 vestra
3421 3452 3478 3509 in

203 3547 653 3600 contemnendum
683 3551 784 3616 est.
907 3591 910 3594 .
976 3571 979 3574 -
1249 3597 1251 3599 ,
1653 3577 1656 3580 ~

1890 3550 2118 3604 Domino
2139 3591 2153 3614 ,
2187 3556 2242 3602 et
2271 3547 2554 3602 cliaritatis
2583 3547 2888 3622 humilitas,
2921 3554 2975 3601 et
3018 3545 3275 3600 Ecclesiae
3317 3560 3480 3600 orna-

268 3635 530 3692 Seniores
579 3637 720 3690 inter
768 3649 864 3688 vos
890 3632 1149 3712 ‘juniores
1192 3633 1470 3698 erudiant,
1523 3639 1584 3686 ut
1629 3631 1790 3703 digne

1893 3648 1980 3694 tus
2000 3680 2014 3703 ,
2050 3647 2104 3694 et
2131 3637 2439 3714 domorum,
2475 3654 2609 3707 quas
2640 3639 2693 3692 in
2725 3638 2958 3692 transitu
2989 3635 3277 3692 cernebam
3299 3678 3314 3704 ,
3348 3651 3478 3692 con-

1861 1424 2037 1492 unod
2083 1438 2270 1477 omnes
2319 1424 2489 1477 sancti
2538 1424 2712 1478 acturi
2760 1433 2886 1478 sunt
2928 1425 2982 1479 in
3028 1425 3218 1492 cmlis,
3266 1435 3477 1497 tempo-

1864 1571 1868 1576 ,
1897 1517 2046 1570 ribus
2077 1517 2368 1571 secundum
2406 1518 2697 1571 humanam
2736 1517 3081 1588 fragilitatem
3117 1521 3334 1575 statutis
3369 1521 3482 1592 agit

1896 1609 1952 1662 in
1978 1609 2155 1662 terris.
2203 1608 2316 1663 Non
2364 1625 2616 1673 somnus,
2663 1626 2767 1664 non
2810 1610 3067 1665 saccularc
3109 1612 3477 1678 desiderium,

139 3785 143 3792 ,
206 3726 424 3801 [Forte,
467 3726 647 3798 digni]
682 3723 988 3801 habeantur
1020 3741 1119 3804 pro
1154 3741 1212 3780 se
1241 3725 1295 3779 in
1326 3741 1424 3780 suo
1455 3734 1600 3779 stare
1630 3724 1786 3790 loco;

203 3821 381 3878 docete
410 3836 514 3877 eos
545 3820 598 3874 in
629 3818 1250 3893 omnijmansuetudine,
1287 3817 1596 3871 erudientes
1626 3816 1679 3870 in
1719 3817 1787 3870 ti-

203 3928 342 3968 more
370 3913 512 3978 Dei;
545 3921 605 3982 ut
633 3911 939 3987 discantjab
969 3912 1188 3988 ineunte
1213 3918 1372 3965 aetate
1401 3910 1512 3965 Deo
1549 3910 1783 3974 servire,

203 4014 252 4061 et
283 4005 578 4077 praeceptis
613 4005 954 4079 regularibus
981 4004 1288 4082 informari.
1324 3988 1577 4058 iuniores
1626 4003 1790 4080 290

205 4099 436 4154 debitum
479 4083 1078 4169 honorem~_senioribus
1113 4095 1460 4166 impendant;
1493 4097 1613 4150 sitis
1644 4096 1787 4149 enim

204 4190 332 4246 sicut
361 4206 539 4246 unum
570 4205 789 4260 corpus,
813 4184 958 4243 alter~
977 4183 1194 4262 alterius
1224 4189 1473 4265 membra,
1504 4199 1558 4242 ut
1587 4190 1642 4242 in
1677 4205 1787 4241 om-

204 4282 344 4338 nibus
381 4281 770 4351 honoriﬁcetur
792 4278 1165 4350 Deus_(Rom.
1214 4296 1320 4358 xu,
1348 4279 1455 4351 5),
1501 4287 1556 4334 et
1597 4295 1787 4359 omnes
1835 4333 1840 4362 ἲ

204 4373 556 4438 aedificentur,
588 4381 642 4428 et
671 4387 860 4426 omnes
887 4371 956 4425 ad
985 4371 1211 4444 gloriam
1242 4380 1516 4454 perpetua:
1553 4373 1787 4428 beatitu-

204 4463 334 4520 dinis
359 4465 650 4536 pervenire
679 4473 994 4518 mereantur
1027 4462 1044 4534 (
1069 4462 1096 4516 Ι
1127 4463 1271 4518 Petr.
1301 4479 1374 4528 IV,
1406 4464 1464 4517 11
1494 4465 1534 4538 ).

1890 3732 2134 3794 stitutio,
2166 3740 2221 3785 et
2247 3731 2561 3786 dulcissima
2591 3733 2890 3801 susceptio,
2924 3746 3030 3800 qua
3071 3747 3157 3786 me
3191 3747 3314 3786 cum
3355 3747 3472 3786 ma-

1889 3839 1992 3894 gna
2020 3824 2387 3879 familiaritate
2414 3825 2764 3894 suscepistis;
2792 3839 3122 3896 cognoscens
3148 3824 3202 3877 in
3225 3825 3480 3880 cordibus

1888 3915 2085 3970 vestris
2124 3915 2271 3970 illum
2312 3917 2510 3970 habere
2539 3926 2897 3986 prmparatam
2943 3915 3332 3994 habitationem
3384 3918 3478 3987 qui

1841 3992 1848 3998 ’
1892 4009 2026 4063 dixit
2056 4023 2070 4061 :
2112 4009 2177 4062 In
2212 4010 2308 4062 hoc
2343 4018 2652 4078 cognoscent
2687 4025 2862 4061 omnes
2883 4047 2898 4072 ,
2936 3992 3195 4077 quia'mei
3232 4006 3478 4077 discipuli

1837 4158 1842 4160 _
1890 4101 2031 4164 estis,
2057 4101 2101 4154 si
2128 4099 2454 4175 dilectionem
2481 4099 2764 4152 habueritis
2795 4099 2866 4175 ad,
2890 4099 3107 4151 invicem
3136 4095 3316 4167 (Joan.
3342 4113 3473 4164 xm,

1845 4257 1855 4266 _
1890 4193 1960 4248 55
1988 4192 2028 4263 ).
2067 4173 2190 4246 Ideo
2226 4190 2451 4261 supplici
2483 4173 2866 4258 deprecatione
2894 4189 3188 4243 exhortans
3223 4188 3477 4245 fraterni-

1889 4290 2330 4362 tatem‘vestram
2369 4290 2429 4336 ut
2467 4281 2520 4335 in
2556 4279 2794 4350 perfecta
2835 4280 3196 4351 permaneatis
3244 4280 3476 4338 fideliter

1889 4377 2181 4442 charitate,
2213 4384 2267 4430 et
2312 4374 2600 4430 concordia
2647 4373 2796 4458 pacis
2841 4373 2982 4428 inter
3025 4387 3120 4428 vos
3165 4373 3374 4444 vigeat,
3419 4381 3476 4430 et

1831 4520 1838 4543 ί
1887 4469 2204 4526 obedientia:
2229 4467 2392 4523 decus
2417 4455 2754 4546 resplendeat
2775 4465 2827 4519 in
2845 4455 3254 4520 conversatione
3269 4471 3470 4531 vestra,

268 4556 474 4628 Scripsi
514 4557 667 4612 vobis
701 4558 800 4612 has
836 4572 1052 4627 paucas,
1072 4557 1337 4613 litterulas
1382 4575 1448 4613 ex
1497 4559 1782 4615 charitatis
1814 4596 1864 4657 υ
1886 4571 1942 4618 et
1968 4561 2284 4616 humilitatis
2311 4561 2566 4614 honestas
2591 4558 2838 4613 videatur
2865 4557 2918 4611 in
2945 4558 3092 4613 omni
3117 4565 3239 4612 actu
3267 4564 3470 4624 vestro,

203 4645 373 4715 fonte,
403 4665 516 4705 non
545 4649 700 4718 quasi
732 4649 1124 4719 ignorantibus,
1157 4651 1252 4705 sed
1279 4651 1433 4721 quasi
1462 4653 1575 4708 haec
1599 4656 1780 4709 omnia
1817 4645 1836 4717 ί

204 4737 387 4794 melius
420 4739 753 4805 scientibus,
785 4748 840 4794 et
880 4740 933 4794 in
969 4740 1082 4795 Deo
1111 4741 1421 4812 diligentius
1457 4745 1784 4814 perficienti-

147 4869 150 4871 λ
203 4826 332 4898 bus;
359 4840 415 4886 et
440 4839 505 4886 ut
531 4846 709 4886 meam
737 4831 880 4886 circa
906 4841 1140 4887 vestram
1167 4833 1402 4889 salutem
1419 4875 1435 4900 ,
1458 4836 1566 4890 imo
1591 4844 1645 4891 et
1669 4852 1783 4891 om-

204 4919 346 4976 nium
381 4938 668 4979 servorum
705 4923 799 4978 Dei
839 4925 1179 4994 cognoscatis
1210 4925 1571 4995 voluntatem,
1624 4937 1679 4983 et
1706 4936 1784 5000 'ut
1831 4990 1834 4994 ί

203 5011 624 5072 familiaritatem
654 5016 847 5072 anima:
874 5033 1007 5073 mea:
1037 5018 1221 5074 sciatis
1250 5019 1390 5090 apud
1430 5036 1542 5076 vos.
1589 5021 1782 5076 Vestra
1835 5083 1838 5086 ,

203 5117 325 5160 vero
358 5108 580 5163 bonitas
612 5115 666 5162 et
700 5107 939 5164 fraterna
976 5110 1279 5165 humilitate
1316 5111 1494 5182 legat,
1539 5122 1593 5168 et
1626 5115 1783 5170 solita

201 5195 396 5265 pietate
444 5199 700 5268 recipiat,
751 5215 870 5268 qua:
914 5200 1066 5256 vobis
1111 5202 1350 5258 scribere
1395 5207 1599 5259 curavi.
1640 5205 1783 5261 Deus

203 5299 328 5344 vero
357 5291 528 5346 totius
553 5291 936 5347 consolationis
962 5291 1126 5348 Pater
1158 5309 1254 5350 vos
1282 5296 1481 5365 ubique
1513 5297 1781 5353 consolari

267 5457 294 5517 9
325 5446 585 5514 Froben.,
613 5449 769 5517 epist.
799 5448 927 5504 225.

271 5514 298 5555 δ
326 5517 561 5573 Arnoldo
578 5514 770 5573 abbati.
785 5519 948 5588 Cujus
963 5522 1296 5587 monasterii,
1313 5524 1446 5578 mihi
1468 5525 1612 5580 haud
1633 5541 1778 5581 com-

203 5594 412 5652 pertum
439 5600 520 5665 est
535 5589 707 5665 ;_i_dem
719 5591 862 5665 enim
876 5607 995 5665 esse
1011 5594 1196 5662 nequit
1208 5609 1328 5648 cum
1341 5594 1571 5665 ArnUlfo
1587 5597 1778 5654 abbate

205 5660 513 5741 monasterii
538 5659 858 5741 Clonnensis
883 5663 1016 5741 et_S.
1049 5659 1307 5741 Florentii
1339 5667 1420 5741 ad
1463 5660 1696 5741 Ligerim
1723 5669 1778 5741 in

125 5760 128 5764 -
156 5784 160 5785 ί
203 5724 418 5802 dioecesi
441 5728 830 5801 Andegavensi,
856 5735 948 5802 qui
970 5743 1156 5791 sancto
1178 5737 1464 5791 Benedicto
1482 5724 1778 5794 Anianensi

238 5800 700 5875 reformatiOne
717 5800 1168 5875 monasteriorum
1198 5807 1378 5862 socius
1387 5817 1442 5862 et
1457 5806 1668 5875 adjutor
1683 5812 1778 5866 ad—
1821 5803 1832 5868 ί

255 5868 403 5927 bitus
425 5869 546 5939 fuit,
565 5868 795 5930 testante
819 5874 1088 5962 Ludovico
1111 5879 1354 5951 Augusto
1377 5880 1429 5934 in
1454 5868 1770 5963 diplomate,
1821 5887 1826 5892 '

1885 4662 1940 4709 et
1975 4653 2219 4724 corporis
2255 4652 2476 4706 castitas
2510 4650 2665 4719 quasi
2708 4649 2815 4701 lilia
2856 4648 3045 4702 ﬂoreat
3085 4649 3140 4702 in
3179 4656 3473 4719 conspectu

1886 4745 1983 4800 Dei
2002 4785 2016 4807 ,
2045 4753 2100 4798 et
2128 4743 2248 4798 sitis
2277 4742 2561 4796 unanimes
2592 4741 2644 4794 in
2676 4739 2822 4794 omni
2853 4754 3015 4808 opere
3044 4741 3313 4810 perfecto,
3344 4742 3472 4797 obe-

1885 4835 2095 4890 dientes
2137 4833 2284 4887 Patri
2327 4831 2553 4902 spiritali
2599 4833 2800 4900 absque
2828 4830 2974 4885 omni
3005 4832 3466 4898 contradictione,

1885 4928 2012 4997 quia
2048 4927 2161 4996 ipse
2184 4925 2462 5000 rationem
2503 4922 2814 4978 redditurus
2851 4923 2956 4978 erit
2991 4939 3090 4994 pro
3119 4909 3272 4979 vobis
3301 4925 3354 4978 in
3383 4926 3470 4981 die

1885 5032 2080 5088 magno
2131 5014 2376 5078 Domini,
2419 5022 2475 5068 et
2505 5029 2602 5068 vos
2641 5013 2890 5069 similiter
2924 5010 3239 5070 obedientia:
3273 5023 3470 5072 vestra:

1883 5111 2173 5182 plurimam
2206 5109 2260 5162 in
2287 5107 2375 5162 die
2404 5107 2493 5162 illa
2524 5108 2798 5178 accepturi
2824 5107 2976 5162 eritis
3004 5109 3330 5163 mercedem.

1957 5203 2082 5257 Non
2110 5212 2183 5256 est
2214 5218 2430 5272 regnum
2455 5201 2555 5256 Dei
2584 5219 2704 5256 esca
2731 5211 2778 5256 et
2808 5212 2960 5273 potus
2993 5201 3171 5271 (Rom.
3201 5218 3293 5257 xw
3311 5243 3326 5268 ,
3353 5201 3462 5274 17),

1883 5295 1978 5352 sed
2005 5293 2241 5350 charitas
2269 5293 2325 5348 in
2350 5293 2683 5350 conscientia
2710 5309 2884 5364 pura;
2918 5295 3002 5349 ha:
3027 5301 3155 5349 sunt
3182 5295 3362 5366 itaque
3387 5294 3466 5350 vi-

1881 5453 2026 5522 quod
2045 5453 2110 5507 de
2134 5452 2385 5508 restituto
2411 5425 2607 5508 ordine
2632 5440 2933 5509 monastico
2959 5453 3014 5508 in
3044 5455 3372 5511 monasterio
3402 5454 3460 5512 S.

1883 5523 2122 5608 Dionvsii
2144 5523 2393 5608 confecit:
2417 5524 2793 5608 ApudgMabill.
2811 5525 2936 5608 Α-(ιιἶ
2950 5523 3049 5578 SS.
3083 5541 3207 5581 saec.
3234 5542 3458 5608 iv,.pag.

1879 5593 2005 5650 218.
2023 5593 2278 5649 Arnulfus
2298 5595 2441 5650 enim
2465 5593 2567 5649 iste
2581 5593 2826 5664 regimen
2849 5593 3009 5660 hujus
3036 5593 3353 5651 monasterii
3368 5593 3462 5654 su-

1831 5664 1836 5669 ’
1881 5665 2090 5748 scipere
2112 5666 2416 5748 n_on.po_tuit
2431 5665 2906 5748 ante.apnumn800
2922 5680 3027 5734 quo
3047 5666 3464 5748 anno‘Albaldns

1880 5729 2117 5802 ejusdem
2140 5729 2260 5792 loci'
2271 5737 2456 5802 abbas,
2490 5737 2575 5790 cui
2603 5735 2862 5792 Arnulfus
2887 5729 3174 5802 successit,
3191 5729 3376 5794 adhuc
3398 5739 3462 5798 in

1877 5805 2015 5863 vivis
2041 5805 2162 5869 fuit.
2192 5807 2332 5868 Mab.
2358 5807 2460 5862 loc.
2495 5806 2602 5861 cit.‘
