4064 6342
565 405 675 481 807
1415 407 1479 465 B.
1514 404 1580 464 r.
1617 397 1845 461 ALBINI
1883 394 2017 456 seu
2054 389 2332 452 ALCIHNI
2358 392 2666 467 :openuu
2700 389 2884 450 psus
2918 387 2960 446 ι.

570 536 785 604 ctimae,
832 547 968 607 quas
1009 525 1261 589 monachi
1307 522 1534 597 singulis
1577 518 1730 577 horis
1769 515 2000 573 Domino
2048 511 2163 567 Deo
2189 506 2392 577 Atuae,
2423 509 2499 566 ita
2527 516 2587 565 tu
2613 522 2801 565 curam
2826 504 3033 561 habeas
3061 500 3128 558 de
3152 499 3330 607 salute
3373 496 3695 607 multorum.
3733 494 3868 555 Noli

570 603 775 687 oil‘erre
797 603 1107 688 debebunt;
1139 622 1224 678 his
1252 618 1444 677 hostiis
1468 613 1774 689 placabitur
1802 606 2056 677 maiestas
2082 603 2163 659 di-

571 725 700 783 vina
725 740 741 792 ;
764 739 865 795 per
895 722 995 777 has
1021 717 1243 775 semitas
1267 713 1417 786 regni
1447 708 1684 767 caelestis
1710 711 1881 778 portte
1907 699 2163 771 aperiun-

574 824 687 875 tur.
726 814 843 872 Hoc
874 811 1107 886 cogitate
1136 808 1359 881 jugiter,
1394 805 1500 859 hoc
1539 802 1894 856 rememorate
1927 802 2159 860 semper,

576 908 633 968 in
664 909 751 965 his
783 905 943 985 291
983 895 1382 959 conversamiui
1436 891 1686 956 deliciis;
1735 889 1854 944 haec
1895 889 2022 939 sunt
2063 896 2166 985 nu-

576 1000 763 1077 ptialia
782 971 1104 1069 gstimenta
1122 1036 1136 1061 ,
1164 993 1225 1059 in
1255 989 1453 1062 quibus
1485 982 1705 1056 superni
1740 979 1885 1051 regis
1917 971 2164 1077 convivia

577 1065 859 1179 possidere
886 1087 1032 1163 digni
1060 1083 1391 1143 eflieiamini.
1422 1077 1614 1135 Nullus
1641 1090 1711 1131 ex
1737 1071 1893 1179 vobis
1921 1065 2164 1123 avaritiae

577 1166 825 1251 studeat,
870 1197 973 1259 nec
1017 1180 1253 1237 caducas
1295 1186 1631 1248 congregare
1662 1166 1880 1225 divitias
1916 1168 2161 1233 quaerat;

572 1264 680 1335 ‘nec
715 1292 883 1361 unum
918 1275 1121 1333 habeat
1154 1272 1359 1343 absque
1394 1267 1575 1324 Patris
1617 1261 1701 1321 sui
1744 1258 1965 1315 licentia
2010 1269 2165 1310 num—

574 1348 766 1441 mum';
808 1366 1040 1425 sufﬁciat
1077 1366 1370 1435 unicuique
1405 1357 1709 1418 communis
1741 1354 1868 1409 vita:
1912 1348 2166 1423 jucundi-

570 1456 691 1530 λιι,
720 1477 816 1523 seu
842 1460 901 1516 in
927 1457 1296 1523 vestimentis,
1324 1470 1420 1511 seu
1446 1453 1503 1508 in
1527 1450 1633 1507 cibi
1657 1454 1924 1520 potusque
1950 1441 2167 1514 religio-

572 1538 769 1624 sitate;
800 1561 1011 1617 tantum
1032 1552 1200 1609 Pater
1224 1546 1521 1621 spiritualis
1544 1543 1850 1615 provideat,
1875 1552 1944 1594 ne
1961 1536 2165 1607 justam

575 1630 833 1720 quislibet
855 1626 1062 1710 habeat
1099 1640 1627 1704 murmurationem;
1660 1649 1762 1690 nec
1803 1628 2169 1705 quarumlibet

578 1740 877 1817 indigentia
915 1753 1097 1817 rerum
1131 1734 1397 1813 regularis
1443 1732 1569 1787 vitae
1607 1729 1853 1784 destruat
1886 1723 2162 1787 ordinem,

580 1814 679 1911 sed
724 1814 1095 1910 unusquisque
1142 1834 1464 1892 contentus,
1515 1822 1811 1880 secundum
1852 1817 2167 1873 facultatem

578 1923 691 1983 loci
715 1936 770 1981 et
795 1923 1073 2005 temporis,
1108 1920 1377 1993 stipendio
1398 1915 1543 1989 quod
1570 1916 1619 1972 ei
1649 1911 2078 1974 administratur,
2116 1914 2172 1963 et

584 2031 693 2088 quo
720 2000 927 2084 majore
956 2011 1147 2089 suffert
1173 2011 1477 2077 humilitate
1504 2005 1886 2079 indigentiam,
1914 2002 1963 2059 si
1992 2000 2171 2057 subito

579 2115 825 2181 eveniat,
858 2128 924 2169 eo
952 2110 1212 2182 majorem
1241 2125 1273 2164 a
1302 2110 1414 2164 Deo
1442 2105 1676 2178 accipiat
1703 2100 2027 2158 mercedem.
2067 2094 2172 2165 Qui

577 2222 684 2299 pro
713 2221 880 2279 regno
909 2204 1005 2259 Dei
1032 2210 1243 2259 certare
1275 2199 1576 2264 desiderat,
1609 2212 1716 2252 non
1744 2194 1901 2299 debet
1934 2205 2032 2262 pro
2062 2188 2172 2245 uno

582 2287 759 2357 calice
785 2297 899 2353 vini
923 2297 1268 2353 contendere.
1294 2292 1672 2356 Nobilissimus
1690 2287 1933 2345 omnium
1959 2292 2174 2340 creator

582 2390 747 2465 fater
770 2389 984 2459 nobiles
1008 2390 1209 2444 habere
1237 2386 1377 2442 ﬁlios
1405 2384 1592 2456 cupit:
1617 2395 1812 2455 magna
1838 2376 2173 2451 generositas

581 2480 672 2563 est
708 2483 877 2540 ﬁlium
916 2499 1037 2540 esse
1067 2482 1205 2552 Dei,
1234 2481 1330 2537 sed
1365 2481 1483 2536 haec
1522 2476 1787 2550 dignitas,
1828 2480 1939 2528 tam
1977 2470 2086 2526 alta
2120 2474 2175 2523 et

582 2560 886 2670 praeclara,
920 2590 1117 2647 magna
1156 2588 1375 2647 morum
1416 2578 1473 2626 et
1514 2563 1945 2626 conversationis
1979 2560 2178 2619 nobili-

577 2667 697 2728 tate
725 2669 1004 2726 observari
1032 2667 1269 2739 debebit.

653 2762 809 2832 Quod
836 2763 1102 2819 charitate
1142 2767 1371 2833 cogente
1405 2756 1634 2830 scripsi,
1665 2762 1848 2811 vestra
1893 2748 2179 2809 humilitas

466 2912 476 2922 _
582 2855 856 2928 patienter
882 2855 1125 2927 relegere
1151 2855 1422 2926 dignetur,
1454 2858 1509 2907 et
1535 2851 1581 2907 si
1604 2849 1738 2921 quid
1781 2847 2060 2903 memoriae
2094 2845 2180 2900 di-

580 2964 752 3024 gnum
777 2964 847 3005 ex
878 2950 966 3005 his
994 2949 1131 3005 meis
1148 2946 1352 3003 litteris
1380 2945 1699 3010 invenietis,
1730 2945 1799 2998 ob
1828 2941 2182 2998 intentionem

580 3026 780 3119 salutis
806 3051 1027 3111 vestrae,
1057 3050 1113 3098 et
1144 3040 1579 3099 recordationem
1602 3034 1845 3095 nominis
1880 3033 2087 3099 nostri,
2126 3032 2185 3087 in

580 3140 847 3195 thesauro
882 3138 1064 3194 cordis
1110 3137 1278 3193 vestri
1324 3134 1637 3200 recondite,
1685 3137 1950 3203 quatenus
2001 3126 2185 3183 divina

582 3229 763 3300 pietas
790 3244 886 3283 vos
916 3227 969 3283 in
993 3227 1246 3300 gaudium
1267 3240 1516 3298 superna:
1540 3219 1890 3283 beatitudinis
1917 3216 2179 3282 deducat,
2209 3244 2259 3312 α

592 3314 652 3375 et
695 3320 829 3374 mihi
874 3318 1152 3391 peccaturi
1183 3317 1393 3374 veniam
1422 3323 1768 3389 peccatorum
1812 3328 2058 3371 meorum
2084 3328 2185 3384 per

589 3419 807 3485 sanctas
840 3410 1115 3481 orationes
1142 3419 1352 3464 vestras
1377 3408 1660 3477 concedat.
1686 3406 1940 3463 Vestram
1976 3405 2182 3460 sancti-

552 3578 559 3582 δ
593 3509 759 3583 tatem
783 3504 1003 3587 superni
1031 3505 1174 3577 regis
1200 3505 1378 3577 pietas
1429 3504 1484 3558 in
1519 3501 1665 3557 omni
1707 3501 1852 3559 bona
1889 3515 2184 3557 conversa-

584 3594 740 3677 tione
760 3595 1033 3673 proiicere
1061 3590 1242 3662 faciat,
1274 3594 1470 3651 fratres
1495 3592 1822 3663 charissimi.

1023 3722 1050 3753 ι
1075 3707 1414 3775 EPtsTou
1451 3705 1733 3777 ccxxrx.

974 3799 1042 3873 an
1079 3817 1363 3871 emetruu
1402 3814 1806 3861 euaserrsaux.

590 3885 939 3965 Commendat
1084 3870 1211 3965 ejus
1241 3891 1570 3965 orationibus
1599 3906 1618 3945 :
1644 3888 1714 3965 ad
1746 3870 2189 3965 conversationem

661 3967 955 4040 fraternam
983 3973 1031 4040 et
1066 3958 1357 4034 regularem
1394 3962 1552 4017 vitam
1575 4002 1589 4027 ,
1639 3958 1708 4014 ad
1757 3976 1941 4016 curam
1983 3960 2192 4015 anima-

663 4030 804 4103 rum,
829 4043 964 4102 etc.,
994 4030 1259 4089 hortatur.

660 4130 989 4190 Dulcissimo
1012 4128 1168 4186 fratri
1190 4128 1220 4169 ιι
1248 4125 1478 4185 Eanulfo
1501 4129 1824 4202 presbytero
1848 4126 2077 4182 Albinus
2106 4137 2193 4179 sa-

592 4228 789 4285 lutem.

665 4315 804 4384 Quia
838 4313 1079 4371 charitas
1106 4327 1321 4370 memor
1347 4320 1432 4369 est
1459 4311 1626 4369 totius
1651 4310 1953 4378 bonitatis,
1992 4308 2114 4369 ideo
2142 4319 2198 4366 te
2231 4383 2239 4392 ι

594 4409 842 4472 obsecro,
861 4413 923 4469 ut
944 4407 1050 4461 mei
1072 4405 1277 4461 habeas
1296 4404 1618 4460 memoriam
1641 4404 1697 4460 in
1717 4404 1926 4462 sanctis
1938 4403 2199 4461 orationi-

596 4482 700 4555 bus
741 4498 869 4565 tuis,
900 4505 956 4581 et
984 4505 1038 4552 te
1065 4497 1241 4566 ipsum
1271 4495 1329 4549 in
1373 4494 1521 4549 omni
1570 4494 1822 4550 castitate
1872 4507 2199 4551 conservare

2265 610 2471 658 torrem
2511 600 2580 658 de
2625 597 2876 655 incendio
2912 601 3127 666 raptum
3172 592 3451 664 disparare
3467 630 3483 656 ,
3527 589 3628 646 sed
3672 589 3868 661 peni-

2265 696 2445 752 tentia:
2472 694 2621 750 fonte
2648 691 2937 764 exstingui,
2952 696 3221 760 quatenus
3241 686 3336 756 qui
3356 685 3412 740 in
3436 683 3655 739 ﬂamma
3680 682 3868 739 libidi-

2261 787 2350 844 nis
2375 786 2602 851 exarsit,
2632 785 2688 841 in
2719 782 2936 839 ﬂamma
2962 779 3251 837 charitatis
3274 784 3333 834 et
3365 775 3647 833 munditiae
3677 775 3871 831 luceat

2262 881 2320 937 in
2360 885 2653 954 conspectu
2682 879 2799 934 Dei.
2823 876 2904 932 Tu
2938 875 3047 932 scis
3078 873 3407 946 fragilitates
3448 870 3864 950 adolescentia;

2264 980 2322 1027 tu
2350 972 2493 1028 nosti
2518 970 2717 1027 ﬂumen
2759 966 3065 1039 iniquitatis
3084 1009 3099 1034 ,
3123 963 3397 1037 quomodo
3430 978 3533 1036 per
3555 960 3871 1034 praecipitia

2263 1064 2552 1135 rapiuntur
2577 1060 2733 1117 multi
2777 1059 2835 1115 in
2863 1059 3153 1131 voragines
3177 1057 3408 1112 diversae
3436 1053 3687 1109 luxurias.
3718 1051 3870 1120 Qua-

2263 1165 2486 1230 propter
2525 1156 2756 1213 sollicita
2802 1161 2984 1210 mente
3031 1152 3247 1215 labora,
3294 1148 3409 1205 Deo
3448 1144 3779 1217 adiuvante,
3804 1152 3871 1203 ut

2266 1248 2690 1322 quamplurimos
2734 1261 2835 1318 per
2878 1243 3277 1302 admonitiones
3300 1238 3647 1297 dulcissimae
3685 1238 3871 1294 aber-

2266 1358 2390 1399 rore
2438 1340 2742 1412 iniquitatis
2773 1353 3015 1396 revoces.
3048 1337 3168 1392 Erit
3202 1335 3300 1391 tibi
3353 1334 3594 1389 maxima
3649 1342 3871 1389 meroes

2267 1435 2407 1507 apud
2430 1435 2619 1501 Deum,
2645 1433 2691 1489 si
2715 1432 2943 1489 salutem
2972 1430 3269 1487 fraternam
3290 1442 3401 1484 non
3422 1427 3759 1500 neglexeris.

2338 1526 2566 1581 Plurimi
2620 1532 2747 1581 sunt
2796 1523 3177 1580 nominetenus
3224 1520 3508 1588 doctores,
3556 1519 3657 1575 sed
3709 1514 3869 1591 pauci

2268 1619 2552 1676 charitatis
2573 1616 2769 1674 ofﬁcio.
2796 1616 2915 1672 Non
2944 1629 3129 1672 cesses
3169 1613 3440 1670 seminare
3462 1612 3709 1668 Verbum
3740 1610 3863 1677 Dei;

2269 1712 2413 1768 Deus
2438 1709 2621 1776 novit,
2652 1710 2743 1765 ubi
2769 1708 2917 1775 vult,
2943 1714 3004 1763 ut
3031 1704 3208 1763 cadat.
3247 1703 3564 1760 Nullatenus
3608 1703 3713 1759 tibi
3758 1701 3868 1772 ejus

2270 1807 2487 1863 bonitas
2520 1806 2695 1861 deerit
2723 1803 2777 1860 in
2803 1801 3257 1860 remuneratione.
3291 1798 3396 1866 Qui
3421 1797 3652 1855 conuerti
3692 1796 3870 1868 fecerit

2199 1875 2248 1935 Β
2271 1905 2594 1970 peccatorem
2622 1895 2686 1950 ab
2712 1910 2889 1950 errore
2911 1894 3006 1949 via:
3038 1908 3179 1958 sua,
3220 1889 3450 1961 cooperit
3478 1886 3869 1943 multitudines

2270 1999 2602 2061 peccatorum
2648 2003 2868 2044 suorum
2908 1977 3048 2061 (Jac.
3088 2001 3153 2051 v,
3196 1983 3311 2057 20).
3354 1984 3520 2040 Nivas
3556 1982 3778 2037 utinam
3818 1981 3871 2038 in

2271 2077 2687 2136 mansuetudine
2731 2076 2894 2149 292
2938 2076 3234 2149 patientia-3,
3280 2082 3337 2131 et
3382 2073 3695 2130 humilitate
3742 2073 3866 2130 obe-

2273 2172 2508 2238 dientite,
2540 2178 2597 2226 et
2624 2170 2908 2227 cbaritatis
2939 2167 3222 2224 dulcedine
3249 2168 3393 2222 inter
3417 2165 3618 2221 fratres
3636 2207 3652 2231 ,
3677 2171 3870 2236 quate-

2270 2281 2376 2323 nus
2399 2264 2774 2321 misericordia
2804 2261 3185 2333 Redemptoris
3208 2260 3383 2317 nostri
3408 2265 3465 2314 te
3487 2257 3684 2314 ﬂorere
3706 2256 3870 2313 faciat

2268 2360 2331 2417 in
2359 2357 2511 2415 vario
2532 2359 2793 2414 virtutum
2822 2369 3039 2427 genere,
3061 2361 3116 2410 et
3135 2354 3204 2410 ab
3226 2352 3376 2409 omni
3402 2350 3736 2408 adversitate
3759 2350 3868 2408 de—

2273 2459 2487 2508 menter
2518 2449 2793 2507 custodire
2819 2448 3090 2521 dignetur.

2349 2543 2558 2610 Saluta,
2589 2543 2840 2608 obsecro,
2870 2540 3066 2596 fratres
3091 2544 3328 2603 nostros,
3357 2546 3713 2607 quoscunque
3731 2532 3872 2591 scias

2278 2638 2461 2711 aliquo
2485 2636 2770 2694 charitatis
2791 2633 2969 2693 otllcio
2989 2633 3124 2690 mihi
3147 2646 3268 2689 esse
3294 2630 3631 2701 coniunctos,
3659 2638 3719 2686 et
3736 2645 3876 2687 sem-

2274 2747 2377 2805 per
2404 2732 2696 2788 admoneas
2728 2731 2794 2787 de
2821 2727 3162 2786 orationibus
3200 2727 3338 2783 meis
3355 2768 3371 2793 ,
3399 2738 3757 2797 quoscunque
3780 2724 3877 2779 ba-

2277 2825 2411 2882 beas
2440 2824 2665 2890 amicos,
2697 2822 2785 2879 vel
2813 2822 2985 2879 Deum
3009 2820 3285 2887 timentes,
3307 2819 3391 2875 vel
3419 2825 3625 2875 sancta:
3647 2831 3876 2874 conver-

2281 2917 2510 2974 sationis
2547 2916 2743 2974 socios.
2764 2913 2944 2973 Vivite
2967 2913 3024 2970 in
3050 2915 3198 2972 omni
3228 2910 3522 2978 charitate,
3543 2918 3601 2967 et
3624 2910 3802 2966 valete
3821 2908 3880 2966 in

2282 3019 2546 3068 mternum
2554 3052 2568 3067 .

2738 3111 2763 3141 ο
2797 3098 3134 3157 EPISTOLA
3170 3096 3429 3156 CCXXX.

2727 3208 2791 3249 ιι)
2849 3207 3015 3249 ONIAII
3073 3203 3442 3248 SACERDOTEI.

2288 3286 2612 3345 Charitatem
2649 3287 2706 3343 in
2745 3293 3000 3359 praesente
3037 3284 3243 3359 dulcem
3268 3284 3368 3359 ,_in
3397 3282 3603 3338 absente
3636 3290 3889 3335 unum

2676 3356 2824 3414 dicit.
2860 3356 3125 3413 Hortatur
3156 3357 3226 3411 ad
3256 3357 3490 3411 uirtutes.

2356 3469 2584 3529 Albinus
2605 3469 2633 3512 ά
2660 3468 2813 3528 Onim
2839 3465 3110 3525 sacerdoti
3141 3464 3392 3524 salutem.

2361 3566 2605 3622 Mirabile
2638 3574 2723 3621 est
2770 3564 2915 3635 quod
2966 3562 3124 3619 dulce
3165 3575 3384 3618 versum
3410 3566 3496 3615 est
3520 3556 3579 3613 in
3610 3552 3894 3613 amam.‘

2292 3658 2425 3717 Nam
2462 3660 2703 3717 charitas
2739 3658 2913 3715 dulcis
2956 3665 3039 3713 est
3084 3655 3140 3711 in
3187 3662 3478 3727 praesente,
3503 3652 3600 3709 sed
3642 3658 3888 3707 extrema

2290 3748 2497 3829 [Forte,
2537 3749 2747 3824 amara]
2785 3749 3020 3821 quodam
3048 3747 3212 3804 modo
3250 3746 3306 3801 in
3336 3745 3585 3810 absente,
3613 3742 3743 3797 dum
3777 3753 3889 3795 non

2290 3844 2438 3905 videt
2470 3863 2631 3919 quem
2658 3852 2824 3910 amat,
2855 3842 3196 3914 angustiatus
3226 3839 3280 3894 in
3310 3837 3557 3894 absentia
3591 3833 3743 3903 ejus;
3769 3845 3896 3903 qua:

2292 3940 2559 4012 siquidem
2585 3938 2641 3994 in
2662 3934 2838 3994 beatis
2864 3942 2921 3990 et
2946 3947 3116 4007 regno
3154 3930 3251 3987 Dei
3282 3943 3496 3999 semper
3541 3925 3716 3983 dulcis
3754 3922 3896 3987 erit,

2293 4031 2549 4103 quoniam
2576 4043 2816 4100 praesens
2839 4025 2917 4083 illi
2958 4025 3051 4096 qui
3076 4030 3325 4087 amatur;
3357 4017 3514 4087 cujus
3538 4018 3683 4073 visio
3714 4013 3898 4072 omnis

2295 4131 2379 4179 est
2402 4120 2702 4186 beatitudo,
2718 4118 2785 4175 ad
2814 4132 2975 4189 quam
2990 4123 3050 4172 ut
3064 4114 3352 4188 pervenire
3366 4124 3702 4173 mereamur,
3712 4104 3896 4162 omnia

2297 4213 2434 4271 dura
2456 4213 2631 4269 dulcia
2646 4226 2745 4282 per
2762 4209 3038 4282 patientiae
3059 4207 3260 4263 donum
3274 4202 3448 4259 videri
3470 4200 3694 4266 debent;
3710 4206 3765 4253 et
3780 4210 3900 4251 om—

2298 4304 2389 4362 nia
2425 4303 2587 4375 hujus
2625 4300 2807 4358 saeculi
2852 4298 3029 4375 dulcia
3069 4290 3225 4369 quasi
3252 4293 3388 4351 nihil
3415 4289 3718 4362 neputanda
3745 4291 3897 4342 sunt.

2368 4395 2483 4452 Hoc
2500 4372 2735 4457 memor,
2764 4390 2841 4447 ﬁli
2864 4372 3217 4453 charissime,
3246 4392 3311 4440 ut
3348 4383 3507 4439 vivas
3532 4379 3771 4436 feliciter
3796 4374 3904 4430 sub

2301 4490 2499 4543 timore
2518 4485 2637 4550 Dei,
2664 4485 2722 4539 in
2750 4481 3018 4539 charitate
3048 4471 3252 4535 Christi
3275 4517 3291 4543 ,
3318 4476 3374 4531 in
3397 4472 3547 4531 omni
3573 4470 3909 4531 sobrietate,

596 4589 817 4674 studeas
834 4555 890 4644 in
910 4555 1202 4658 conspectu
1220 4584 1431 4643 Domini
1446 4585 1539 4640 Dei
1560 4580 1837 4651 altissimi;
1860 4594 1916 4641 et
1935 4580 2186 4642 humilem

2302 4578 2557 4633 castitate
2595 4582 2651 4631 et
2686 4572 2982 4637 charitate,
3021 4567 3312 4640 proficiens
3350 4564 3418 4619 de
3455 4562 3549 4619 die
3588 4558 3651 4621 ia
3674 4558 3823 4614 dem
3846 4555 3909 4611 in

596 4656 799 4735 habeas
834 4654 1300 4735 conversationem
1330 4676 1473 4733 inter
1508 4677 1704 4732 fratres
1721 4718 1736 4742 ,
1777 4686 1837 4732 et
1880 4672 2197 4734 sollicitudi-
2224 4654 2275 4677 υ
2303 4670 2453 4726 omni
2479 4679 2643 4739 opere
2674 4668 2838 4730 bono,
2860 4672 2924 4720 ut
2947 4664 3142 4733 dignus
3167 4656 3424 4716 efﬁciaris
3451 4654 3523 4710 ad
3551 4668 3681 4709 eam
3706 4662 3911 4721 perve-

596 4785 724 4827 nem
749 4786 1003 4843 magnam
1032 4769 1298 4842 regularis
1324 4768 1469 4835 vitas,
1499 4769 1624 4840 quia
1667 4768 1760 4839 qui
1801 4768 1976 4839 majus
2015 4777 2199 4843 portat

591 4860 856 4934 judicium
877 4903 892 4928 ,
920 4859 1183 4933 majorem
1223 4861 1424 4932 accipit
1454 4861 1717 4917 honorem
1747 4858 1899 4933 μεθ.
1926 4862 2054 4932 quia
2082 4878 2198 4918 ma-

587 4951 684 5041 jus
706 4961 889 5025 portat
906 4944 1186 5023 judicium,
1212 4953 1327 5023 qui,
1353 4950 1509 5025 etc.].
1527 4951 1667 5020 Quid
1694 4951 1794 5008 tibi
1816 4953 1999 5009 saeculi
2025 4953 2201 5026 digni-

596 5054 705 5114 tas,
739 5063 859 5117 qua:
884 5044 1027 5103 sicut
1052 5044 1150 5117 llos
1176 5044 1286 5101 feni
1316 5045 1550 5100 decidit?
1570 5043 1709 5100 Nolo
1744 5053 1796 5101 te
1821 5042 2201 5118 vagabundum

598 5154 721 5217 esse
741 5154 840 5210 per
858 5140 997 5209 loca,
1021 5139 1116 5196 sed
1142 5137 1391 5195 stabilem
1411 5137 1466 5192 in
1495 5136 1721 5194 servitio
1742 5139 1854 5203 Dei,
1882 5138 1975 5194 ubi
1998 5139 2203 5198 electus

598 5252 660 5294 es
689 5238 743 5293 in
773 5237 1052 5317 servitium
1080 5232 1301 5292 Christi.
1332 5230 1499 5289 Vivas
1522 5230 1669 5289 inter
1693 5228 1893 5290 fratres
1913 5234 2067 5305 quasi
2095 5235 2203 5291 Lu-

601 5330 740 5389 cifer
773 5331 915 5387 inter
947 5328 1149 5395 stellas,
1178 5334 1239 5383 ut
1264 5324 1481 5398 plurimi
1508 5322 1621 5382 tuis
1661 5326 1820 5383 bonis
1846 5328 2206 5383 exbortentur

602 5422 887 5499 exemplis.
928 5422 1082 5487 Sicut
1117 5435 1217 5505 ego
1246 5433 1437 5485 curam
1480 5417 1655 5476 habui
1690 5419 1758 5489 de
1789 5418 1962 5483 salute
2007 5420 2207 5477 animae
2252 5488 2255 5491 λ

675 5569 709 5623 ι,
738 5555 996 5627 Ενοῢεηη
1020 5556 1181 5627 epist.
1214 5550 1341 5610 226.

673 5617 709 5712 ξ’
738 5610 1319 5712 ξςξιαὶῖᾷρῖεδὺυιετο.
1345 5620 1519 5712 liuius
1538 5625 1689 5712 trulla
1710 5626 1843 5712 alibi.
1858 5622 2088 5712 habetur
2107 5642 2210 5712 no:

603 5696 751 5770 titia,
779 5692 939 5752 illum
966 5692 1532 5770 tamen'monachum,
1559 5694 1808 5757 fortassis
1830 5699 1884 5770 in
1908 5692 2122 5770 Anglia,
2152 5703 2210 5752 et

603 5764 752 5827 inter
777 5766 1071 5824 monachos
1096 5768 1437 5827 sacerdotem
1464 5756 1652 5837 fuisse,
1676 5756 1767 5829 cui
1792 5756 2065 5837 publicuvm
2093 5756 2211 5825 mu-
2315 5756 2792 5837 Οᾯωωθῃὲεξτίυπι
2812 5765 2984 5837 βυΡθτ

605 5855 711 5921 ιιιιβ
729 5838 976 5921 docendi.
996 5847 1159 5921 atque
1171 5841 1398 5921 verbum
1419 5840 1515 5895 Dei
1537 5828 1841 5901 seminandi
1862 5840 2214 5905 commissum
2315 5834 2502 5921 etiam
2516 5828 2745 5921 alii}ng

607 5919 713 5979 est,
737 5924 805 5966 ex
831 5910 937 5965 hac
959 5908 1195 5976 epistola
1217 5910 1493 5993 discimus.

2301 4763 2422 4818 nire
2440 4761 2790 4824 charitatem,
2820 4771 2943 4827 quae
2972 4765 3252 4822 nunquam
3276 4747 3605 4811 mutabitur,
3629 4748 3912 4827 nanum

2303 4854 2469 4909 linem
2495 4851 2747 4906 habitura
2775 4826 2881 4903 est.
2908 4845 3043 4902 Vive
3064 4841 3303 4899 feliciter.
3322 4837 3678 4895 incharitate
3694 4826 3916 4888 Christi

2305 4954 2363 5002 et
2386 4943 2535 5002 omni
2558 4940 2821 5012 religione
2849 4944 3058 5003 sancta,
3089 4934 3168 4991 ειί
3189 4932 3533 4990 charissima.

2750 5065 2774 5094 θ
2807 5047 3144 5108 EPISTOLA
3200 5042 3482 5103 CCXXXI.

2940 5158 3009 5197 AD
3045 5152 3286 5196 EUHDEM.

2313 5246 2636 5307 Cltaritatem
2672 5258 2797 5315 erga
2837 5238 3007 5315 Deum
3050 5245 3103 5301 et
3151 5249 3275 5304 erga
3310 5243 3585 5315 pauperes,
3613 5226 3839 5282 miseros
3875 5227 3927 5278 et

2773 5310 3071 5382 peregrinos
3102 5301 3450 5360 cortimeuda.

2390 5408 2624 5465 Albinus
2651 5402 2803 5461 Onite
2824 5399 3097 5457 sacerdoti
3128 5396 3378 5459 salutem.

2394 5559 2419 5588 ο
2456 5544 2697 5603 Froben.
2729 5541 2888 5613 epiSt.
2912 5536 3043 5613 εει.

2391 5618 2420 5659 ἆ
2461 5616 2612 5673 Onile
2633 5611 2911 5670 sacerdoti.

2749 5819 2921 5879 aedem
2946 5819 3344 5875 anno‘tﬂimus.

2372 5884 2434 5989 ξι
2471 5899 2627 5970 Apud
2640 5884 2882 5952 Froben.
2906 5892 3073 5963 epist.
3091 5884 3229 5945 sse.

2286 6072 2369 6088 -..μ’

2930 5607 3038 5673 Hic
3052 5606 3198 5662 idem
3221 5606 3318 5661 abs
3336 5601 3501 5661 dubie
3516 5605 3625 5673 est,
3640 5593 3941 5660 «ﬁnias,
4062 5593 4064 5667 ξ

2320 5690 2414 5750 aui
2440 5672 2604 5745 simul
2639 5688 2693 5742 e‘t
2721 5672 3038 5738 Nathanaeli
3079 5685 3137 5750 et
3172 5674 3414 5750 Candide
3459 5672 3714 5750 Aletrinas
3738 5681 3946 5750 _suum
4062 5672 4064 5735 ε

3002 5738 3955 5820 Ecclesiasteniascripsit;dequo
