  <div class='ocr_page' id='page_1' title='image "/cluster/home/n/w/nwhite01/storage/ocr_20150623/100/hvd.32044024239972/260.png"; bbox 0 0 4064 6342; ppageno 0'>
   <div class='ocr_carea' id='block_1_1' title="bbox 348 530 1939 614">
    <p class='ocr_par' dir='ltr' id='par_1_1' title="bbox 348 530 1939 614">
     <span class='ocr_line' id='line_1_1' title="bbox 348 530 1939 614; baseline -0.007 -13"><span class='ocrx_word' id='word_1_1' title='bbox 348 541 688 614; x_wconf 80' lang='lat' dir='ltr'><strong>Prosperitas</strong></span> <span class='ocrx_word' id='word_1_2' title='bbox 712 547 768 597; x_wconf 90' lang='lat' dir='ltr'><strong>et</strong></span> <span class='ocrx_word' id='word_1_3' title='bbox 788 538 1043 613; x_wconf 84' lang='lat' dir='ltr'><strong>gaudium</strong></span> <span class='ocrx_word' id='word_1_4' title='bbox 1068 534 1236 592; x_wconf 73' lang='lat' dir='ltr'><strong>animi</strong></span> <span class='ocrx_word' id='word_1_5' title='bbox 1267 533 1432 591; x_wconf 84' lang='lat' dir='ltr'><strong>vestri</strong></span> <span class='ocrx_word' id='word_1_6' title='bbox 1470 530 1700 588; x_wconf 74' lang='lat' dir='ltr'><strong>multum</strong></span> <span class='ocrx_word' id='word_1_7' title='bbox 1725 532 1861 588; x_wconf 85' lang='lat' dir='ltr'><strong>mibi</strong></span> <span class='ocrx_word' id='word_1_8' title='bbox 1887 531 1939 590; x_wconf 79' lang='grc' dir='ltr'><strong>Α</strong></span> 
     </span>
    </p>
   </div>
   <div class='ocr_carea' id='block_1_2' title="bbox 283 625 1857 714">
    <p class='ocr_par' dir='ltr' id='par_1_2' title="bbox 283 625 1857 714">
     <span class='ocr_line' id='line_1_2' title="bbox 283 625 1857 714; baseline -0.008 -20"><span class='ocrx_word' id='word_1_9' title='bbox 283 640 492 714; x_wconf 80' lang='lat' dir='ltr'><strong>placere</strong></span> <span class='ocrx_word' id='word_1_10' title='bbox 537 635 730 700; x_wconf 79' lang='lat' dir='ltr'><strong>fateor,</strong></span> <span class='ocrx_word' id='word_1_11' title='bbox 777 648 896 702; x_wconf 67' lang='lat' dir='ltr'><strong>quae</strong></span> <span class='ocrx_word' id='word_1_12' title='bbox 937 631 1204 696; x_wconf 79' lang='lat' dir='ltr'><strong>charitas,</strong></span> <span class='ocrx_word' id='word_1_13' title='bbox 1254 629 1392 684; x_wconf 97' lang='lat' dir='ltr'><strong>sicut</strong></span> <span class='ocrx_word' id='word_1_14' title='bbox 1432 625 1723 698; x_wconf 71' lang='lat' dir='ltr'><strong>Apostolus</strong></span> <span class='ocrx_word' id='word_1_15' title='bbox 1758 626 1857 692; x_wconf 86' lang='lat' dir='ltr'><strong>ait,</strong></span> 
     </span>
    </p>
   </div>
   <div class='ocr_carea' id='block_1_3' title="bbox 283 720 1862 800">
    <p class='ocr_par' dir='ltr' id='par_1_3' title="bbox 283 720 1862 800">
     <span class='ocr_line' id='line_1_3' title="bbox 283 720 1862 800; baseline -0.009 -14"><span class='ocrx_word' id='word_1_16' title='bbox 283 744 547 800; x_wconf 78' lang='lat' dir='ltr'><strong>nunquam</strong></span> <span class='ocrx_word' id='word_1_17' title='bbox 571 723 761 781; x_wconf 75' lang='lat' dir='ltr'><strong>excidit</strong></span> <span class='ocrx_word' id='word_1_18' title='bbox 793 721 845 795; x_wconf 89' lang='grc'><strong>(1</strong></span> <span class='ocrx_word' id='word_1_19' title='bbox 866 721 989 779; x_wconf 87' lang='lat' dir='ltr'><strong>Cor.</strong></span> <span class='ocrx_word' id='word_1_20' title='bbox 1024 739 1140 785; x_wconf 81' lang='lat' dir='ltr'><strong>xm,</strong></span> <span class='ocrx_word' id='word_1_21' title='bbox 1165 720 1244 790; x_wconf 88' lang='lat'><strong>8),</strong></span> <span class='ocrx_word' id='word_1_22' title='bbox 1268 735 1388 790; x_wconf 72' lang='lat' dir='ltr'><strong>quae</strong></span> <span class='ocrx_word' id='word_1_23' title='bbox 1414 734 1627 789; x_wconf 84' lang='lat' dir='ltr'><strong>semper</strong></span> <span class='ocrx_word' id='word_1_24' title='bbox 1646 733 1784 773; x_wconf 90' lang='lat' dir='ltr'><strong>nova</strong></span> <span class='ocrx_word' id='word_1_25' title='bbox 1805 725 1862 773; x_wconf 90' lang='lat' dir='ltr'><strong>et</strong></span> 
     </span>
    </p>
   </div>
   <div class='ocr_carea' id='block_1_4' title="bbox 280 810 1854 890">
    <p class='ocr_par' dir='ltr' id='par_1_4' title="bbox 280 810 1854 890">
     <span class='ocr_line' id='line_1_4' title="bbox 280 810 1854 890; baseline -0.009 -14"><span class='ocrx_word' id='word_1_26' title='bbox 280 819 531 890; x_wconf 82' lang='lat' dir='ltr'><strong>antiqua;</strong></span> <span class='ocrx_word' id='word_1_27' title='bbox 575 831 715 871; x_wconf 88' lang='lat' dir='ltr'><strong>nova</strong></span> <span class='ocrx_word' id='word_1_28' title='bbox 760 829 827 870; x_wconf 87' lang='lat' dir='ltr'><strong>ex</strong></span> <span class='ocrx_word' id='word_1_29' title='bbox 853 812 1164 884; x_wconf 84' lang='lat' dir='ltr'><strong>praesentia,</strong></span> <span class='ocrx_word' id='word_1_30' title='bbox 1195 812 1411 880; x_wconf 86' lang='lat' dir='ltr'><strong>antiqua</strong></span> <span class='ocrx_word' id='word_1_31' title='bbox 1458 825 1525 865; x_wconf 89' lang='lat' dir='ltr'><strong>ex</strong></span> <span class='ocrx_word' id='word_1_32' title='bbox 1558 810 1854 865; x_wconf 78' lang='lat' dir='ltr'><strong>memoria:</strong></span> 
     </span>
    </p>
   </div>
   <div class='ocr_carea' id='block_1_5' title="bbox 277 902 1861 997">
    <p class='ocr_par' dir='ltr' id='par_1_5' title="bbox 277 902 1861 997">
     <span class='ocr_line' id='line_1_5' title="bbox 277 902 1861 997; baseline -0.007 -29"><span class='ocrx_word' id='word_1_33' title='bbox 277 926 440 983; x_wconf 86' lang='lat' dir='ltr'><strong>quam</strong></span> <span class='ocrx_word' id='word_1_34' title='bbox 461 922 674 980; x_wconf 81' lang='lat' dir='ltr'><strong>semper</strong></span> <span class='ocrx_word' id='word_1_35' title='bbox 695 908 899 963; x_wconf 78' lang='lat' dir='ltr'><strong>utinam</strong></span> <span class='ocrx_word' id='word_1_36' title='bbox 923 906 1152 991; x_wconf 80' lang='lat' dir='ltr'><strong>ﬁdeliter</strong></span> <span class='ocrx_word' id='word_1_37' title='bbox 1176 904 1419 997; x_wconf 79' lang='lat' dir='ltr'><strong>sequaris</strong></span> <span class='ocrx_word' id='word_1_38' title='bbox 1445 919 1567 959; x_wconf 92' lang='lat' dir='ltr'><strong>cum</strong></span> <span class='ocrx_word' id='word_1_39' title='bbox 1590 902 1736 958; x_wconf 91' lang='lat' dir='ltr'><strong>omni</strong></span> <span class='ocrx_word' id='word_1_40' title='bbox 1763 903 1861 958; x_wconf 89' lang='lat' dir='ltr'><strong>ho-</strong></span> 
     </span>
    </p>
   </div>
   <div class='ocr_carea' id='block_1_6' title="bbox 277 988 1861 1077">
    <p class='ocr_par' dir='ltr' id='par_1_6' title="bbox 277 988 1861 1077">
     <span class='ocr_line' id='line_1_6' title="bbox 277 988 1861 1077; baseline -0.005 -20"><span class='ocrx_word' id='word_1_41' title='bbox 277 1004 442 1077; x_wconf 82' lang='lat' dir='ltr'><strong>mine,</strong></span> <span class='ocrx_word' id='word_1_42' title='bbox 471 1009 728 1070; x_wconf 88' lang='lat' dir='ltr'><strong>quantum</strong></span> <span class='ocrx_word' id='word_1_43' title='bbox 758 1000 813 1054; x_wconf 91' lang='lat' dir='ltr'><strong>in</strong></span> <span class='ocrx_word' id='word_1_44' title='bbox 844 1006 897 1054; x_wconf 86' lang='lat' dir='ltr'><strong>te</strong></span> <span class='ocrx_word' id='word_1_45' title='bbox 927 988 1033 1064; x_wconf 87' lang='lat' dir='ltr'><strong>est,</strong></span> <span class='ocrx_word' id='word_1_46' title='bbox 1068 1004 1123 1051; x_wconf 91' lang='lat' dir='ltr'><strong>et</strong></span> <span class='ocrx_word' id='word_1_47' title='bbox 1149 988 1408 1068; x_wconf 77' lang='lat' dir='ltr'><strong>quantum</strong></span> <span class='ocrx_word' id='word_1_48' title='bbox 1438 995 1505 1050; x_wconf 89' lang='lat' dir='ltr'><strong>ad</strong></span> <span class='ocrx_word' id='word_1_49' title='bbox 1545 996 1639 1077; x_wconf 74' lang='lat' dir='ltr'><strong>Dei</strong></span> <span class='ocrx_word' id='word_1_50' title='bbox 1688 995 1861 1063; x_wconf 76' lang='lat' dir='ltr'><strong>hono-</strong></span> 
     </span>
    </p>
   </div>
   <div class='ocr_carea' id='block_1_7' title="bbox 276 1088 1860 1169">
    <p class='ocr_par' dir='ltr' id='par_1_7' title="bbox 276 1088 1860 1169">
     <span class='ocr_line' id='line_1_7' title="bbox 276 1088 1860 1169; baseline -0.004 -19"><span class='ocrx_word' id='word_1_51' title='bbox 276 1111 390 1150; x_wconf 92' lang='lat' dir='ltr'><strong>rem</strong></span> <span class='ocrx_word' id='word_1_52' title='bbox 414 1094 699 1169; x_wconf 74' lang='lat' dir='ltr'><strong>honestum</strong></span> <span class='ocrx_word' id='word_1_53' title='bbox 722 1099 777 1147; x_wconf 90' lang='lat' dir='ltr'><strong>et</strong></span> <span class='ocrx_word' id='word_1_54' title='bbox 802 1092 937 1147; x_wconf 91' lang='lat' dir='ltr'><strong>utile</strong></span> <span class='ocrx_word' id='word_1_55' title='bbox 959 1090 1215 1146; x_wconf 83' lang='lat' dir='ltr'><strong>videaris.</strong></span> <span class='ocrx_word' id='word_1_56' title='bbox 1232 1088 1349 1144; x_wconf 88' lang='lat' dir='ltr'><strong>Non</strong></span> <span class='ocrx_word' id='word_1_57' title='bbox 1372 1096 1457 1144; x_wconf 91' lang='lat' dir='ltr'><strong>est</strong></span> <span class='ocrx_word' id='word_1_58' title='bbox 1481 1088 1719 1147; x_wconf 87' lang='lat' dir='ltr'><strong>cbaritas</strong></span> <span class='ocrx_word' id='word_1_59' title='bbox 1736 1103 1860 1169; x_wconf 62' lang='lat' dir='ltr'><strong>quae</strong></span> 
     </span>
    </p>
   </div>
   <div class='ocr_carea' id='block_1_8' title="bbox 276 1176 1859 1257">
    <p class='ocr_par' dir='ltr' id='par_1_8' title="bbox 276 1176 1859 1257">
     <span class='ocr_line' id='line_1_8' title="bbox 276 1176 1859 1257; baseline -0.006 -18"><span class='ocrx_word' id='word_1_60' title='bbox 276 1183 328 1239; x_wconf 86' lang='lat' dir='ltr'><strong>in</strong></span> <span class='ocrx_word' id='word_1_61' title='bbox 358 1183 623 1238; x_wconf 74' lang='lat' dir='ltr'><strong>ebrietate</strong></span> <span class='ocrx_word' id='word_1_62' title='bbox 664 1188 899 1247; x_wconf 89' lang='lat' dir='ltr'><strong>tenetur,</strong></span> <span class='ocrx_word' id='word_1_63' title='bbox 927 1178 1008 1236; x_wconf 91' lang='lat' dir='ltr'><strong>vel</strong></span> <span class='ocrx_word' id='word_1_64' title='bbox 1038 1178 1093 1233; x_wconf 90' lang='lat' dir='ltr'><strong>in</strong></span> <span class='ocrx_word' id='word_1_65' title='bbox 1138 1178 1373 1249; x_wconf 84' lang='lat' dir='ltr'><strong>peccatis</strong></span> <span class='ocrx_word' id='word_1_66' title='bbox 1403 1176 1687 1257; x_wconf 75' lang='lat' dir='ltr'><strong>conjuncta</strong></span> <span class='ocrx_word' id='word_1_67' title='bbox 1728 1192 1859 1233; x_wconf 88' lang='lat' dir='ltr'><strong>con-</strong></span> 
     </span>
    </p>
   </div>
   <div class='ocr_carea' id='block_1_9' title="bbox 270 1268 1857 1345">
    <p class='ocr_par' dir='ltr' id='par_1_9' title="bbox 270 1268 1857 1345">
     <span class='ocr_line' id='line_1_9' title="bbox 270 1268 1857 1345; baseline -0.005 -16"><span class='ocrx_word' id='word_1_68' title='bbox 270 1275 592 1345; x_wconf 87' lang='lat' dir='ltr'><strong>glutinatur,</strong></span> <span class='ocrx_word' id='word_1_69' title='bbox 640 1273 735 1328; x_wconf 90' lang='lat' dir='ltr'><strong>sed</strong></span> <span class='ocrx_word' id='word_1_70' title='bbox 777 1273 940 1342; x_wconf 87' lang='lat' dir='ltr'><strong>impia</strong></span> <span class='ocrx_word' id='word_1_71' title='bbox 983 1270 1254 1329; x_wconf 79' lang='lat' dir='ltr'><strong>voluntas.</strong></span> <span class='ocrx_word' id='word_1_72' title='bbox 1286 1285 1393 1323; x_wconf 90' lang='lat' dir='ltr'><strong>non</strong></span> <span class='ocrx_word' id='word_1_73' title='bbox 1418 1270 1557 1323; x_wconf 91' lang='lat' dir='ltr'><strong>bona</strong></span> <span class='ocrx_word' id='word_1_74' title='bbox 1598 1268 1857 1324; x_wconf 84' lang='lat' dir='ltr'><strong>suavitas.</strong></span> 
     </span>
    </p>
   </div>
   <div class='ocr_carea' id='block_1_10' title="bbox 268 1355 1861 1432">
    <p class='ocr_par' dir='ltr' id='par_1_10' title="bbox 268 1355 1861 1432">
     <span class='ocr_line' id='line_1_10' title="bbox 268 1355 1861 1432; baseline -0.006 -14"><span class='ocrx_word' id='word_1_75' title='bbox 268 1363 408 1418; x_wconf 79' lang='lat' dir='ltr'><strong>Ama</strong></span> <span class='ocrx_word' id='word_1_76' title='bbox 434 1364 611 1429; x_wconf 89' lang='lat' dir='ltr'><strong>Deum</strong></span> <span class='ocrx_word' id='word_1_77' title='bbox 630 1364 861 1432; x_wconf 83' lang='lat' dir='ltr'><strong>semper,</strong></span> <span class='ocrx_word' id='word_1_78' title='bbox 891 1358 1288 1430; x_wconf 54' lang='lat' dir='ltr'><strong>qui‘amantem</strong></span> <span class='ocrx_word' id='word_1_79' title='bbox 1320 1372 1379 1412; x_wconf 88' lang='lat' dir='ltr'><strong>se</strong></span> <span class='ocrx_word' id='word_1_80' title='bbox 1419 1364 1603 1423; x_wconf 87' lang='lat' dir='ltr'><strong>amat,</strong></span> <span class='ocrx_word' id='word_1_81' title='bbox 1641 1363 1695 1411; x_wconf 91' lang='lat' dir='ltr'><strong>et</strong></span> <span class='ocrx_word' id='word_1_82' title='bbox 1739 1355 1861 1410; x_wconf 80' lang='lat' dir='ltr'><strong>dili-</strong></span> 
     </span>
    </p>
   </div>
   <div class='ocr_carea' id='block_1_11' title="bbox 268 1445 1909 1527">
    <p class='ocr_par' dir='ltr' id='par_1_11' title="bbox 268 1445 1909 1527">
     <span class='ocr_line' id='line_1_11' title="bbox 268 1445 1909 1527; baseline -0.005 -18"><span class='ocrx_word' id='word_1_83' title='bbox 268 1460 493 1525; x_wconf 80' lang='lat' dir='ltr'><strong>gentem</strong></span> <span class='ocrx_word' id='word_1_84' title='bbox 522 1467 583 1508; x_wconf 90' lang='lat' dir='ltr'><strong>se</strong></span> <span class='ocrx_word' id='word_1_85' title='bbox 610 1451 801 1522; x_wconf 77' lang='lat' dir='ltr'><strong>diligit.</strong></span> <span class='ocrx_word' id='word_1_86' title='bbox 827 1446 1034 1505; x_wconf 78' lang='lat' dir='ltr'><strong>Habeto</strong></span> <span class='ocrx_word' id='word_1_87' title='bbox 1062 1448 1214 1527; x_wconf 84' lang='lat' dir='ltr'><strong>illum</strong></span> <span class='ocrx_word' id='word_1_88' title='bbox 1246 1447 1502 1513; x_wconf 87' lang='lat' dir='ltr'><strong>amicum,</strong></span> <span class='ocrx_word' id='word_1_89' title='bbox 1528 1446 1620 1516; x_wconf 90' lang='lat' dir='ltr'><strong>qui</strong></span> <span class='ocrx_word' id='word_1_90' title='bbox 1650 1445 1862 1501; x_wconf 90' lang='lat' dir='ltr'><strong>unicui-</strong></span> <span class='ocrx_word' id='word_1_91' title='bbox 1905 1463 1909 1467; x_wconf 92' lang='grc'><strong>·</strong></span> 
     </span>
    </p>
   </div>
   <div class='ocr_carea' id='block_1_12' title="bbox 266 1528 1860 1614">
    <p class='ocr_par' dir='ltr' id='par_1_12' title="bbox 266 1528 1860 1614">
     <span class='ocr_line' id='line_1_12' title="bbox 266 1528 1860 1614; baseline -0.004 -15"><span class='ocrx_word' id='word_1_92' title='bbox 266 1559 376 1614; x_wconf 89' lang='lat' dir='ltr'><strong>que</strong></span> <span class='ocrx_word' id='word_1_93' title='bbox 400 1543 608 1598; x_wconf 89' lang='lat' dir='ltr'><strong>amicus</strong></span> <span class='ocrx_word' id='word_1_94' title='bbox 631 1550 717 1597; x_wconf 90' lang='lat' dir='ltr'><strong>est</strong></span> <span class='ocrx_word' id='word_1_95' title='bbox 752 1528 1046 1596; x_wconf 84' lang='lat' dir='ltr'><strong>secundum</strong></span> <span class='ocrx_word' id='word_1_96' title='bbox 1076 1553 1154 1594; x_wconf 87' lang='lat' dir='ltr'><strong>se.</strong></span> <span class='ocrx_word' id='word_1_97' title='bbox 1180 1536 1482 1608; x_wconf 89' lang='lat' dir='ltr'><strong>Pauperum</strong></span> <span class='ocrx_word' id='word_1_98' title='bbox 1507 1550 1716 1611; x_wconf 83' lang='lat' dir='ltr'><strong>memor</strong></span> <span class='ocrx_word' id='word_1_99' title='bbox 1742 1543 1860 1592; x_wconf 85' lang='lat' dir='ltr'><strong>esto</strong></span> 
     </span>
    </p>
   </div>
   <div class='ocr_carea' id='block_1_13' title="bbox 266 1617 1861 1704">
    <p class='ocr_par' dir='ltr' id='par_1_13' title="bbox 266 1617 1861 1704">
     <span class='ocr_line' id='line_1_13' title="bbox 266 1617 1861 1704; baseline -0.004 -15"><span class='ocrx_word' id='word_1_100' title='bbox 266 1633 328 1689; x_wconf 81' lang='lat' dir='ltr'><strong>in</strong></span> <span class='ocrx_word' id='word_1_101' title='bbox 349 1633 727 1704; x_wconf 86' lang='lat' dir='ltr'><strong>eleemosynis,</strong></span> <span class='ocrx_word' id='word_1_102' title='bbox 756 1638 810 1685; x_wconf 89' lang='lat' dir='ltr'><strong>et</strong></span> <span class='ocrx_word' id='word_1_103' title='bbox 834 1617 1157 1686; x_wconf 83' lang='lat' dir='ltr'><strong>miserorum</strong></span> <span class='ocrx_word' id='word_1_104' title='bbox 1182 1628 1236 1683; x_wconf 91' lang='lat' dir='ltr'><strong>in</strong></span> <span class='ocrx_word' id='word_1_105' title='bbox 1266 1626 1601 1692; x_wconf 82' lang='lat' dir='ltr'><strong>defensione,</strong></span> <span class='ocrx_word' id='word_1_106' title='bbox 1628 1635 1683 1682; x_wconf 91' lang='lat' dir='ltr'><strong>et</strong></span> <span class='ocrx_word' id='word_1_107' title='bbox 1704 1643 1861 1697; x_wconf 91' lang='lat' dir='ltr'><strong>pere-</strong></span> 
     </span>
    </p>
   </div>
   <div class='ocr_carea' id='block_1_14' title="bbox 265 1716 1861 1798">
    <p class='ocr_par' dir='ltr' id='par_1_14' title="bbox 265 1716 1861 1798">
     <span class='ocr_line' id='line_1_14' title="bbox 265 1716 1861 1798; baseline -0.006 -17"><span class='ocrx_word' id='word_1_108' title='bbox 265 1718 553 1798; x_wconf 75' lang='lat' dir='ltr'><strong>grinorum</strong></span> <span class='ocrx_word' id='word_1_109' title='bbox 596 1725 653 1779; x_wconf 90' lang='lat' dir='ltr'><strong>in</strong></span> <span class='ocrx_word' id='word_1_110' title='bbox 696 1721 918 1786; x_wconf 83' lang='lat' dir='ltr'><strong>solatio,</strong></span> <span class='ocrx_word' id='word_1_111' title='bbox 949 1729 1011 1775; x_wconf 88' lang='lat' dir='ltr'><strong>ut</strong></span> <span class='ocrx_word' id='word_1_112' title='bbox 1032 1720 1178 1775; x_wconf 73' lang='lat' dir='ltr'><strong>Deus</strong></span> <span class='ocrx_word' id='word_1_113' title='bbox 1205 1718 1313 1774; x_wconf 87' lang='lat' dir='ltr'><strong>tibi</strong></span> <span class='ocrx_word' id='word_1_114' title='bbox 1333 1717 1522 1773; x_wconf 85' lang='lat' dir='ltr'><strong>reddat</strong></span> <span class='ocrx_word' id='word_1_115' title='bbox 1548 1718 1601 1772; x_wconf 93' lang='lat' dir='ltr'><strong>in</strong></span> <span class='ocrx_word' id='word_1_116' title='bbox 1633 1716 1719 1773; x_wconf 90' lang='lat' dir='ltr'><strong>die</strong></span> <span class='ocrx_word' id='word_1_117' title='bbox 1744 1732 1861 1772; x_wconf 91' lang='lat' dir='ltr'><strong>ma-</strong></span> 
     </span>
    </p>
   </div>
   <div class='ocr_carea' id='block_1_15' title="bbox 265 1812 1860 1893">
    <p class='ocr_par' dir='ltr' id='par_1_15' title="bbox 265 1812 1860 1893">
     <span class='ocr_line' id='line_1_15' title="bbox 265 1812 1860 1893; baseline -0.008 -15"><span class='ocrx_word' id='word_1_118' title='bbox 265 1836 401 1893; x_wconf 87' lang='lat' dir='ltr'><strong>gno,</strong></span> <span class='ocrx_word' id='word_1_119' title='bbox 425 1820 517 1880; x_wconf 90' lang='lat' dir='ltr'><strong>ubi</strong></span> <span class='ocrx_word' id='word_1_120' title='bbox 537 1818 739 1875; x_wconf 84' lang='lat' dir='ltr'><strong>dividet</strong></span> <span class='ocrx_word' id='word_1_121' title='bbox 764 1831 927 1874; x_wconf 86' lang='lat' dir='ltr'><strong>omne</strong></span> <span class='ocrx_word' id='word_1_122' title='bbox 951 1817 1244 1872; x_wconf 87' lang='lat' dir='ltr'><strong>humanum</strong></span> <span class='ocrx_word' id='word_1_123' title='bbox 1269 1829 1437 1885; x_wconf 86' lang='lat' dir='ltr'><strong>genus</strong></span> <span class='ocrx_word' id='word_1_124' title='bbox 1462 1814 1516 1868; x_wconf 92' lang='lat' dir='ltr'><strong>in</strong></span> <span class='ocrx_word' id='word_1_125' title='bbox 1538 1813 1669 1868; x_wconf 90' lang='lat' dir='ltr'><strong>duas</strong></span> <span class='ocrx_word' id='word_1_126' title='bbox 1690 1812 1860 1882; x_wconf 89' lang='lat' dir='ltr'><strong>parti-</strong></span> 
     </span>
    </p>
   </div>
   <div class='ocr_carea' id='block_1_16' title="bbox 269 1889 1935 1981">
    <p class='ocr_par' dir='ltr' id='par_1_16' title="bbox 269 1889 1935 1981">
     <span class='ocr_line' id='line_1_16' title="bbox 269 1889 1935 1981; baseline -0.004 -14"><span class='ocrx_word' id='word_1_127' title='bbox 269 1889 484 1977; x_wconf 69' lang='lat' dir='ltr'><strong>tiones;</strong></span> <span class='ocrx_word' id='word_1_128' title='bbox 528 1909 651 1965; x_wconf 90' lang='lat' dir='ltr'><strong>aliis</strong></span> <span class='ocrx_word' id='word_1_129' title='bbox 699 1914 921 1981; x_wconf 88' lang='lat' dir='ltr'><strong>propter</strong></span> <span class='ocrx_word' id='word_1_130' title='bbox 966 1906 1220 1962; x_wconf 88' lang='lat' dir='ltr'><strong>duritiam</strong></span> <span class='ocrx_word' id='word_1_131' title='bbox 1264 1904 1442 1961; x_wconf 84' lang='lat' dir='ltr'><strong>cordis</strong></span> <span class='ocrx_word' id='word_1_132' title='bbox 1486 1904 1857 1961; x_wconf 85' lang='lat' dir='ltr'><strong>indelicientes</strong></span> <span class='ocrx_word' id='word_1_133' title='bbox 1885 1889 1935 1951; x_wconf 84' lang='grc' dir='ltr'><strong>Β</strong></span> 
     </span>
    </p>
   </div>
   <div class='ocr_carea' id='block_1_17' title="bbox 263 1996 1862 2068">
    <p class='ocr_par' dir='ltr' id='par_1_17' title="bbox 263 1996 1862 2068">
     <span class='ocr_line' id='line_1_17' title="bbox 263 1996 1862 2068; baseline -0.004 -11"><span class='ocrx_word' id='word_1_134' title='bbox 263 2009 667 2058; x_wconf 81' lang='lat' dir='ltr'><strong>tormentorum</strong></span> <span class='ocrx_word' id='word_1_135' title='bbox 715 1999 993 2066; x_wconf 80' lang='lat' dir='ltr'><strong>ﬂammas;</strong></span> <span class='ocrx_word' id='word_1_136' title='bbox 1046 1998 1168 2053; x_wconf 91' lang='lat' dir='ltr'><strong>aliis</strong></span> <span class='ocrx_word' id='word_1_137' title='bbox 1217 2006 1438 2068; x_wconf 86' lang='lat' dir='ltr'><strong>propter</strong></span> <span class='ocrx_word' id='word_1_138' title='bbox 1476 1996 1862 2051; x_wconf 70' lang='lat' dir='ltr'><strong>misericordia:</strong></span> 
     </span>
    </p>
   </div>
   <div class='ocr_carea' id='block_1_18' title="bbox 264 2078 1861 2161">
    <p class='ocr_par' dir='ltr' id='par_1_18' title="bbox 264 2078 1861 2161">
     <span class='ocr_line' id='line_1_18' title="bbox 264 2078 1861 2161; baseline -0.003 -14"><span class='ocrx_word' id='word_1_139' title='bbox 264 2105 438 2161; x_wconf 86' lang='lat' dir='ltr'><strong>opera</strong></span> <span class='ocrx_word' id='word_1_140' title='bbox 488 2100 542 2147; x_wconf 90' lang='lat' dir='ltr'><strong>et</strong></span> <span class='ocrx_word' id='word_1_141' title='bbox 598 2091 882 2147; x_wconf 84' lang='lat' dir='ltr'><strong>charitatis</strong></span> <span class='ocrx_word' id='word_1_142' title='bbox 942 2078 1123 2145; x_wconf 86' lang='lat' dir='ltr'><strong>ol‘tlcia</strong></span> <span class='ocrx_word' id='word_1_143' title='bbox 1174 2095 1448 2160; x_wconf 80' lang='lat' dir='ltr'><strong>perpetuae</strong></span> <span class='ocrx_word' id='word_1_144' title='bbox 1510 2087 1861 2144; x_wconf 85' lang='lat' dir='ltr'><strong>beatitudinis</strong></span> 
     </span>
    </p>
   </div>
   <div class='ocr_carea' id='block_1_19' title="bbox 263 2179 1863 2255">
    <p class='ocr_par' dir='ltr' id='par_1_19' title="bbox 263 2179 1863 2255">
     <span class='ocr_line' id='line_1_19' title="bbox 263 2179 1863 2255; baseline -0.001 -17"><span class='ocrx_word' id='word_1_145' title='bbox 263 2199 521 2255; x_wconf 79' lang='lat' dir='ltr'><strong>regnum.</strong></span> <span class='ocrx_word' id='word_1_146' title='bbox 565 2183 680 2240; x_wconf 84' lang='lat' dir='ltr'><strong>Hoc</strong></span> <span class='ocrx_word' id='word_1_147' title='bbox 723 2183 929 2240; x_wconf 82' lang='lat' dir='ltr'><strong>faciens</strong></span> <span class='ocrx_word' id='word_1_148' title='bbox 971 2181 1220 2247; x_wconf 82' lang='lat' dir='ltr'><strong>feliciter,</strong></span> <span class='ocrx_word' id='word_1_149' title='bbox 1266 2181 1408 2247; x_wconf 89' lang='lat' dir='ltr'><strong>vive,</strong></span> <span class='ocrx_word' id='word_1_150' title='bbox 1432 2179 1509 2236; x_wconf 83' lang='lat' dir='ltr'><strong>liti</strong></span> <span class='ocrx_word' id='word_1_151' title='bbox 1543 2181 1620 2237; x_wconf 89' lang='lat' dir='ltr'><strong>mi</strong></span> <span class='ocrx_word' id='word_1_152' title='bbox 1656 2180 1863 2237; x_wconf 87' lang='lat' dir='ltr'><strong>charis-</strong></span> 
     </span>
    </p>
   </div>
   <div class='ocr_carea' id='block_1_20' title="bbox 261 2273 773 2330">
    <p class='ocr_par' dir='ltr' id='par_1_20' title="bbox 261 2273 773 2330">
     <span class='ocr_line' id='line_1_20' title="bbox 261 2273 773 2330; baseline -0.002 -1"><span class='ocrx_word' id='word_1_153' title='bbox 261 2273 433 2330; x_wconf 81' lang='lat' dir='ltr'><strong>sime.</strong></span> <span class='ocrx_word' id='word_1_154' title='bbox 772 2288 773 2291; x_wconf 72' lang='lat'>‘</span> 
     </span>
    </p>
   </div>
   <div class='ocr_carea' id='block_1_21' title="bbox 603 2361 1541 2436">
    <p class='ocr_par' dir='ltr' id='par_1_21' title="bbox 603 2361 1541 2436">
     <span class='ocr_line' id='line_1_21' title="bbox 603 2361 1541 2436; baseline -0.005 -15"><span class='ocrx_word' id='word_1_155' title='bbox 603 2364 765 2436; x_wconf 75' lang='lat'><strong>293</strong></span> <span class='ocrx_word' id='word_1_156' title='bbox 803 2377 830 2406; x_wconf 78' lang='grc' dir='ltr'><strong>ι</strong></span> <span class='ocrx_word' id='word_1_157' title='bbox 865 2362 1202 2421; x_wconf 81' lang='lat' dir='ltr'><strong>EPISTOLA</strong></span> <span class='ocrx_word' id='word_1_158' title='bbox 1238 2361 1541 2419; x_wconf 80' lang='lat' dir='ltr'><strong>ccxxxu.</strong></span> 
     </span>
    </p>
   </div>
   <div class='ocr_carea' id='block_1_22' title="bbox 909 2470 1227 2521">
    <p class='ocr_par' dir='ltr' id='par_1_22' title="bbox 909 2470 1227 2521">
     <span class='ocr_line' id='line_1_22' title="bbox 909 2470 1227 2521; baseline -0.016 -6"><span class='ocrx_word' id='word_1_159' title='bbox 909 2473 975 2517; x_wconf 65' lang='lat' dir='ltr'><strong>an</strong></span> <span class='ocrx_word' id='word_1_160' title='bbox 1013 2470 1227 2521; x_wconf 68' lang='lat' dir='ltr'><strong>GISLAI.</strong></span> 
     </span>
    </p>
   </div>
   <div class='ocr_carea' id='block_1_23' title="bbox 260 2557 1864 2641">
    <p class='ocr_par' dir='ltr' id='par_1_23' title="bbox 260 2557 1864 2641">
     <span class='ocr_line' id='line_1_23' title="bbox 260 2557 1864 2641; baseline -0.001 -20"><span class='ocrx_word' id='word_1_161' title='bbox 260 2557 602 2641; x_wconf 68' lang='lat' dir='ltr'><strong>Charitatent</strong></span> <span class='ocrx_word' id='word_1_162' title='bbox 641 2580 792 2619; x_wconf 79' lang='lat' dir='ltr'><strong>suam</strong></span> <span class='ocrx_word' id='word_1_163' title='bbox 819 2562 900 2621; x_wconf 82' lang='lat' dir='ltr'><strong>illi</strong></span> <span class='ocrx_word' id='word_1_164' title='bbox 939 2565 1204 2641; x_wconf 72' lang='lat' dir='ltr'><strong>signiﬁcat</strong></span> <span class='ocrx_word' id='word_1_165' title='bbox 1231 2583 1252 2641; x_wconf 67' lang='grc' dir='ltr'><strong><em>ς</em></strong></span> <span class='ocrx_word' id='word_1_166' title='bbox 1279 2563 1349 2619; x_wconf 83' lang='lat' dir='ltr'><strong>ad</strong></span> <span class='ocrx_word' id='word_1_167' title='bbox 1390 2564 1567 2621; x_wconf 81' lang='lat' dir='ltr'><strong>omnia</strong></span> <span class='ocrx_word' id='word_1_168' title='bbox 1584 2563 1864 2641; x_wconf 38' lang='lat' dir='ltr'><strong>‘virtutum</strong></span> 
     </span>
    </p>
   </div>
   <div class='ocr_carea' id='block_1_24' title="bbox 308 2632 1865 2759">
    <p class='ocr_par' dir='ltr' id='par_1_24' title="bbox 308 2632 1865 2759">
     <span class='ocr_line' id='line_1_24' title="bbox 308 2632 1865 2759; baseline -0.001 -70"><span class='ocrx_word' id='word_1_169' title='bbox 308 2636 841 2759; x_wconf 37' lang='lat' dir='ltr'><strong>ggnuntur,</strong></span> <span class='ocrx_word' id='word_1_170' title='bbox 888 2643 935 2739; x_wconf 66' lang='lat' dir='ltr'><strong>et</strong></span> <span class='ocrx_word' id='word_1_171' title='bbox 977 2632 1302 2691; x_wconf 73' lang='lat' dir='ltr'><strong>continendat</strong></span> <span class='ocrx_word' id='word_1_172' title='bbox 1338 2644 1534 2691; x_wconf 70' lang='lat' dir='ltr'><strong>sancite</strong></span> <span class='ocrx_word' id='word_1_173' title='bbox 1575 2632 1865 2708; x_wconf 75' lang='lat' dir='ltr'><strong>Scriptura:</strong></span> 
     </span>
    </p>
   </div>
   <div class='ocr_carea' id='block_1_25' title="bbox 454 2706 646 2759">
    <p class='ocr_par' dir='ltr' id='par_1_25' title="bbox 454 2706 646 2759">
     <span class='ocr_line' id='line_1_25' title="bbox 454 2706 646 2759; baseline 0 0"><span class='ocrx_word' id='word_1_174' title='bbox 454 2706 646 2759; x_wconf 72' lang='lat' dir='ltr'><strong>inueni.</strong></span> 
     </span>
    </p>
   </div>
   <div class='ocr_carea' id='block_1_26' title="bbox 342 2813 1866 2895">
    <p class='ocr_par' dir='ltr' id='par_1_26' title="bbox 342 2813 1866 2895">
     <span class='ocr_line' id='line_1_26' title="bbox 342 2813 1866 2895; baseline -0.008 -2"><span class='ocrx_word' id='word_1_175' title='bbox 342 2813 727 2895; x_wconf 64' lang='lat' dir='ltr'><strong>Dilectissimae</strong></span> <span class='ocrx_word' id='word_1_176' title='bbox 771 2815 829 2889; x_wconf 70' lang='lat' dir='ltr'><strong>in</strong></span> <span class='ocrx_word' id='word_1_177' title='bbox 872 2814 1090 2889; x_wconf 65' lang='lat' dir='ltr'><strong>Qhristo</strong></span> <span class='ocrx_word' id='word_1_178' title='bbox 1132 2815 1330 2889; x_wconf 72' lang='lat' dir='ltr'><strong>Virsiui</strong></span> <span class='ocrx_word' id='word_1_179' title='bbox 1361 2815 1389 2871; x_wconf 57' lang='grc' dir='ltr'>ιφ</span> <span class='ocrx_word' id='word_1_180' title='bbox 1420 2814 1582 2877; x_wconf 72' lang='lat' dir='ltr'><strong>Gislae</strong></span> <span class='ocrx_word' id='word_1_181' title='bbox 1605 2813 1866 2881; x_wconf 77' lang='lat' dir='ltr'><strong>Alcuinus</strong></span> 
     </span>
    </p>
   </div>
   <div class='ocr_carea' id='block_1_27' title="bbox 259 2902 1689 2969">
    <p class='ocr_par' dir='ltr' id='par_1_27' title="bbox 259 2902 1689 2969">
     <span class='ocr_line' id='line_1_27' title="bbox 259 2902 1689 2969; baseline -0.001 -6"><span class='ocrx_word' id='word_1_182' title='bbox 259 2904 692 2969; x_wconf 74' lang='lat' dir='ltr'><strong>humilislevita</strong></span> <span class='ocrx_word' id='word_1_183' title='bbox 716 2906 967 2963; x_wconf 84' lang='lat' dir='ltr'><strong>salutem.</strong></span> <span class='ocrx_word' id='word_1_184' title='bbox 1684 2902 1689 2909; x_wconf 85' lang='grc'><em>’</em></span> 
     </span>
    </p>
   </div>
   <div class='ocr_carea' id='block_1_28' title="bbox 298 2997 1867 3073">
    <p class='ocr_par' dir='ltr' id='par_1_28' title="bbox 298 2997 1867 3073">
     <span class='ocr_line' id='line_1_28' title="bbox 298 2997 1867 3073; baseline 0 -18"><span class='ocrx_word' id='word_1_185' title='bbox 298 3012 303 3017; x_wconf 89' lang='grc'><strong>·</strong></span> <span class='ocrx_word' id='word_1_186' title='bbox 338 2999 518 3055; x_wconf 71' lang='lat' dir='ltr'><strong>Valde</strong></span> <span class='ocrx_word' id='word_1_187' title='bbox 547 3000 692 3055; x_wconf 91' lang='lat' dir='ltr'><strong>enim</strong></span> <span class='ocrx_word' id='word_1_188' title='bbox 722 3000 857 3065; x_wconf 87' lang='lat' dir='ltr'><strong>tuis,</strong></span> <span class='ocrx_word' id='word_1_189' title='bbox 888 2999 1188 3056; x_wconf 89' lang='lat' dir='ltr'><strong>clarissima</strong></span> <span class='ocrx_word' id='word_1_190' title='bbox 1216 2998 1309 3054; x_wconf 85' lang='lat' dir='ltr'><strong>Dei</strong></span> <span class='ocrx_word' id='word_1_191' title='bbox 1350 2997 1547 3069; x_wconf 84' lang='lat' dir='ltr'><strong>famula</strong></span> <span class='ocrx_word' id='word_1_192' title='bbox 1572 3039 1587 3066; x_wconf 94' lang='lat'><strong>,</strong></span> <span class='ocrx_word' id='word_1_193' title='bbox 1616 2998 1867 3073; x_wconf 89' lang='lat' dir='ltr'><strong>alloquiis</strong></span> 
     </span>
    </p>
   </div>
   <div class='ocr_carea' id='block_1_29' title="bbox 256 3092 1863 3197">
    <p class='ocr_par' dir='ltr' id='par_1_29' title="bbox 256 3092 1863 3197">
     <span class='ocr_line' id='line_1_29' title="bbox 256 3092 1863 3197; baseline -0.002 -47"><span class='ocrx_word' id='word_1_194' title='bbox 256 3093 498 3197; x_wconf 50' lang='lat' dir='ltr'><strong>gavisus</strong></span> <span class='ocrx_word' id='word_1_195' title='bbox 533 3102 754 3197; x_wconf 35' lang='lat' dir='ltr'><strong>salutet</strong></span> <span class='ocrx_word' id='word_1_196' title='bbox 782 3100 874 3175; x_wconf 85' lang='lat' dir='ltr'><strong>tua</strong></span> <span class='ocrx_word' id='word_1_197' title='bbox 904 3092 1289 3197; x_wconf 58' lang='lat' dir='ltr'><strong>familiaritatis</strong></span> <span class='ocrx_word' id='word_1_198' title='bbox 1302 3094 1512 3197; x_wconf 62' lang='lat' dir='ltr'><strong>pietate</strong></span> <span class='ocrx_word' id='word_1_199' title='bbox 1534 3092 1863 3197; x_wconf 71' lang='lat' dir='ltr'><strong>consolatus,</strong></span> 
     </span>
    </p>
   </div>
   <div class='ocr_carea' id='block_1_30' title="bbox 258 3183 1863 3255">
    <p class='ocr_par' dir='ltr' id='par_1_30' title="bbox 258 3183 1863 3255">
     <span class='ocr_line' id='line_1_30' title="bbox 258 3183 1863 3255; baseline 0 -16"><span class='ocrx_word' id='word_1_200' title='bbox 258 3183 346 3249; x_wconf 79' lang='lat' dir='ltr'><strong>ita</strong></span> <span class='ocrx_word' id='word_1_201' title='bbox 376 3192 442 3250; x_wconf 75' lang='lat' dir='ltr'><strong>ut</strong></span> <span class='ocrx_word' id='word_1_202' title='bbox 472 3199 539 3239; x_wconf 78' lang='lat' dir='ltr'><strong>ex</strong></span> <span class='ocrx_word' id='word_1_203' title='bbox 565 3199 630 3247; x_wconf 89' lang='lat' dir='ltr'><strong>eo</strong></span> <span class='ocrx_word' id='word_1_204' title='bbox 658 3184 745 3240; x_wconf 87' lang='lat' dir='ltr'><strong>die</strong></span> <span class='ocrx_word' id='word_1_205' title='bbox 770 3200 878 3255; x_wconf 82' lang='lat' dir='ltr'><strong>quo</strong></span> <span class='ocrx_word' id='word_1_206' title='bbox 902 3193 1120 3255; x_wconf 84' lang='lat' dir='ltr'><strong>pactum</strong></span> <span class='ocrx_word' id='word_1_207' title='bbox 1164 3185 1446 3241; x_wconf 88' lang='lat' dir='ltr'><strong>charitatis</strong></span> <span class='ocrx_word' id='word_1_208' title='bbox 1485 3192 1665 3240; x_wconf 89' lang='lat' dir='ltr'><strong>tecum</strong></span> <span class='ocrx_word' id='word_1_209' title='bbox 1698 3183 1863 3249; x_wconf 90' lang='lat' dir='ltr'><strong>inivi,</strong></span> 
     </span>
    </p>
   </div>
   <div class='ocr_carea' id='block_1_31' title="bbox 255 3250 1942 3357">
    <p class='ocr_par' dir='ltr' id='par_1_31' title="bbox 255 3250 1942 3357">
     <span class='ocr_line' id='line_1_31' title="bbox 255 3250 1942 3357; baseline -0.002 -25"><span class='ocrx_word' id='word_1_210' title='bbox 255 3272 565 3335; x_wconf 80' lang='lat' dir='ltr'><strong>dulcedine</strong></span> <span class='ocrx_word' id='word_1_211' title='bbox 592 3250 1030 3332; x_wconf 51' lang='lat' dir='ltr'><strong>dilectionis-tua:</strong></span> <span class='ocrx_word' id='word_1_212' title='bbox 1053 3280 1152 3348; x_wconf 87' lang='lat' dir='ltr'><strong>per</strong></span> <span class='ocrx_word' id='word_1_213' title='bbox 1186 3275 1395 3348; x_wconf 83' lang='lat' dir='ltr'><strong>singula</strong></span> <span class='ocrx_word' id='word_1_214' title='bbox 1422 3290 1560 3345; x_wconf 89' lang='lat' dir='ltr'><strong>pene</strong></span> <span class='ocrx_word' id='word_1_215' title='bbox 1594 3250 1942 3357; x_wconf 86' lang='lat' dir='ltr'><strong>momenta</strong></span> 
     </span>
    </p>
   </div>
   <div class='ocr_carea' id='block_1_32' title="bbox 251 3367 1869 3464">
    <p class='ocr_par' dir='ltr' id='par_1_32' title="bbox 251 3367 1869 3464">
     <span class='ocr_line' id='line_1_32' title="bbox 251 3367 1869 3464; baseline -0.002 -39"><span class='ocrx_word' id='word_1_216' title='bbox 251 3371 562 3464; x_wconf 73' lang='lat' dir='ltr'><strong>pascebar,</strong></span> <span class='ocrx_word' id='word_1_217' title='bbox 608 3369 831 3433; x_wconf 79' lang='lat' dir='ltr'><strong>felicem</strong></span> <span class='ocrx_word' id='word_1_218' title='bbox 861 3369 1136 3443; x_wconf 77' lang='lat' dir='ltr'><strong>aestimans</strong></span> <span class='ocrx_word' id='word_1_219' title='bbox 1184 3384 1292 3435; x_wconf 87' lang='lat' dir='ltr'><strong>me,</strong></span> <span class='ocrx_word' id='word_1_220' title='bbox 1337 3367 1463 3427; x_wconf 88' lang='lat' dir='ltr'><strong>dum</strong></span> <span class='ocrx_word' id='word_1_221' title='bbox 1510 3367 1869 3424; x_wconf 82' lang='lat' dir='ltr'><strong>sanctissimae</strong></span> 
     </span>
    </p>
   </div>
   <div class='ocr_carea' id='block_1_33' title="bbox 253 3458 1869 3537">
    <p class='ocr_par' dir='ltr' id='par_1_33' title="bbox 253 3458 1869 3537">
     <span class='ocr_line' id='line_1_33' title="bbox 253 3458 1869 3537; baseline -0.004 -18"><span class='ocrx_word' id='word_1_222' title='bbox 253 3458 546 3537; x_wconf 56' lang='lat' dir='ltr'><strong>grationis</strong></span> <span class='ocrx_word' id='word_1_223' title='bbox 590 3460 890 3531; x_wconf 73' lang='lat' dir='ltr'><strong>munimine</strong></span> <span class='ocrx_word' id='word_1_224' title='bbox 916 3500 931 3526; x_wconf 90' lang='lat'><strong>,</strong></span> <span class='ocrx_word' id='word_1_225' title='bbox 978 3459 1273 3525; x_wconf 73' lang='lat' dir='ltr'><strong>secundum</strong></span> <span class='ocrx_word' id='word_1_226' title='bbox 1316 3458 1730 3531; x_wconf 80' lang='lat' dir='ltr'><strong>promissionem</strong></span> <span class='ocrx_word' id='word_1_227' title='bbox 1775 3473 1869 3514; x_wconf 88' lang='lat' dir='ltr'><strong>ve-</strong></span> 
     </span>
    </p>
   </div>
   <div class='ocr_carea' id='block_1_34' title="bbox 254 3548 1871 3622">
    <p class='ocr_par' dir='ltr' id='par_1_34' title="bbox 254 3548 1871 3622">
     <span class='ocr_line' id='line_1_34' title="bbox 254 3548 1871 3622; baseline -0.002 -14"><span class='ocrx_word' id='word_1_228' title='bbox 254 3561 445 3609; x_wconf 86' lang='lat' dir='ltr'><strong>stram</strong></span> <span class='ocrx_word' id='word_1_229' title='bbox 468 3548 650 3617; x_wconf 85' lang='lat' dir='ltr'><strong>l&#39;ruar;</strong></span> <span class='ocrx_word' id='word_1_230' title='bbox 675 3558 733 3605; x_wconf 89' lang='lat' dir='ltr'><strong>at</strong></span> <span class='ocrx_word' id='word_1_231' title='bbox 752 3566 897 3606; x_wconf 90' lang='lat' dir='ltr'><strong>nunc</strong></span> <span class='ocrx_word' id='word_1_232' title='bbox 918 3552 1154 3605; x_wconf 82' lang='lat' dir='ltr'><strong>maxime</strong></span> <span class='ocrx_word' id='word_1_233' title='bbox 1177 3550 1391 3605; x_wconf 89' lang='lat' dir='ltr'><strong>assidua</strong></span> <span class='ocrx_word' id='word_1_234' title='bbox 1414 3565 1637 3622; x_wconf 91' lang='lat' dir='ltr'><strong>precum</strong></span> <span class='ocrx_word' id='word_1_235' title='bbox 1664 3556 1871 3604; x_wconf 88' lang='lat' dir='ltr'><strong>vestra-</strong></span> 
     </span>
    </p>
   </div>
   <div class='ocr_carea' id='block_1_35' title="bbox 212 3642 1871 3715">
    <p class='ocr_par' dir='ltr' id='par_1_35' title="bbox 212 3642 1871 3715">
     <span class='ocr_line' id='line_1_35' title="bbox 212 3642 1871 3715; baseline -0.002 -13"><span class='ocrx_word' id='word_1_236' title='bbox 212 3674 221 3685; x_wconf 64' lang='grc' dir='ltr'>ν</span> <span class='ocrx_word' id='word_1_237' title='bbox 257 3661 391 3702; x_wconf 90' lang='lat' dir='ltr'><strong>rum</strong></span> <span class='ocrx_word' id='word_1_238' title='bbox 414 3644 761 3715; x_wconf 85' lang='lat' dir='ltr'><strong>protectione</strong></span> <span class='ocrx_word' id='word_1_239' title='bbox 782 3644 981 3698; x_wconf 90' lang='lat' dir='ltr'><strong>muniri</strong></span> <span class='ocrx_word' id='word_1_240' title='bbox 998 3644 1228 3714; x_wconf 76' lang='lat' dir='ltr'><strong>indigeo,</strong></span> <span class='ocrx_word' id='word_1_241' title='bbox 1254 3643 1385 3699; x_wconf 86' lang='lat' dir='ltr'><strong>dum</strong></span> <span class='ocrx_word' id='word_1_242' title='bbox 1406 3642 1679 3713; x_wconf 83' lang='lat' dir='ltr'><strong>ﬂuctivagi</strong></span> <span class='ocrx_word' id='word_1_243' title='bbox 1702 3644 1871 3699; x_wconf 86' lang='lat' dir='ltr'><strong>maris</strong></span> 
     </span>
    </p>
   </div>
   <div class='ocr_carea' id='block_1_36' title="bbox 258 3734 1874 3821">
    <p class='ocr_par' dir='ltr' id='par_1_36' title="bbox 258 3734 1874 3821">
     <span class='ocr_line' id='line_1_36' title="bbox 258 3734 1874 3821; baseline -0.001 -27"><span class='ocrx_word' id='word_1_244' title='bbox 258 3739 551 3795; x_wconf 88' lang='lat' dir='ltr'><strong>incertum</strong></span> <span class='ocrx_word' id='word_1_245' title='bbox 580 3737 683 3791; x_wconf 87' lang='lat' dir='ltr'><strong>iter</strong></span> <span class='ocrx_word' id='word_1_246' title='bbox 704 3744 918 3821; x_wconf 63' lang='lat' dir='ltr'><strong>tentare</strong></span> <span class='ocrx_word' id='word_1_247' title='bbox 939 3736 1231 3811; x_wconf 73' lang='lat' dir='ltr'><strong>compellor</strong></span> <span class='ocrx_word' id='word_1_248' title='bbox 1259 3734 1415 3809; x_wconf 61' lang='grc' dir='ltr'>[ιιεη</span> <span class='ocrx_word' id='word_1_249' title='bbox 1441 3743 1709 3815; x_wconf 68' lang='lat' dir='ltr'><strong>temptare</strong></span> <span class='ocrx_word' id='word_1_250' title='bbox 1740 3740 1874 3803; x_wconf 70' lang='lat' dir='ltr'><strong>eon-</strong></span> 
     </span>
    </p>
   </div>
   <div class='ocr_carea' id='block_1_37' title="bbox 254 3829 1872 3904">
    <p class='ocr_par' dir='ltr' id='par_1_37' title="bbox 254 3829 1872 3904">
     <span class='ocr_line' id='line_1_37' title="bbox 254 3829 1872 3904; baseline -0.002 -19"><span class='ocrx_word' id='word_1_251' title='bbox 254 3830 498 3904; x_wconf 86' lang='lat' dir='ltr'><strong>pellar],</strong></span> <span class='ocrx_word' id='word_1_252' title='bbox 528 3838 589 3884; x_wconf 89' lang='lat' dir='ltr'><strong>ut</strong></span> <span class='ocrx_word' id='word_1_253' title='bbox 617 3830 797 3885; x_wconf 87' lang='lat' dir='ltr'><strong>divina</strong></span> <span class='ocrx_word' id='word_1_254' title='bbox 831 3829 1116 3893; x_wconf 88' lang='lat' dir='ltr'><strong>clementia</strong></span> <span class='ocrx_word' id='word_1_255' title='bbox 1166 3845 1253 3885; x_wconf 84' lang='lat' dir='ltr'><strong>me</strong></span> <span class='ocrx_word' id='word_1_256' title='bbox 1297 3829 1367 3889; x_wconf 92' lang='lat' dir='ltr'><strong>ad</strong></span> <span class='ocrx_word' id='word_1_257' title='bbox 1412 3837 1630 3903; x_wconf 81' lang='lat' dir='ltr'><strong>portum</strong></span> <span class='ocrx_word' id='word_1_258' title='bbox 1682 3829 1872 3899; x_wconf 73' lang='lat' dir='ltr'><strong>salutis</strong></span> 
     </span>
    </p>
   </div>
   <div class='ocr_carea' id='block_1_38' title="bbox 255 3914 1869 3994">
    <p class='ocr_par' dir='ltr' id='par_1_38' title="bbox 255 3914 1869 3994">
     <span class='ocr_line' id='line_1_38' title="bbox 255 3914 1869 3994; baseline -0.001 -19"><span class='ocrx_word' id='word_1_259' title='bbox 255 3921 578 3994; x_wconf 86' lang='lat' dir='ltr'><strong>perducere</strong></span> <span class='ocrx_word' id='word_1_260' title='bbox 606 3919 876 3991; x_wconf 81' lang='lat' dir='ltr'><strong>dignetur,</strong></span> <span class='ocrx_word' id='word_1_261' title='bbox 908 3927 1071 3989; x_wconf 90' lang='lat' dir='ltr'><strong>atque</strong></span> <span class='ocrx_word' id='word_1_262' title='bbox 1098 3919 1294 3976; x_wconf 85' lang='lat' dir='ltr'><strong>vestris</strong></span> <span class='ocrx_word' id='word_1_263' title='bbox 1328 3920 1522 3975; x_wconf 89' lang='lat' dir='ltr'><strong>iterum</strong></span> <span class='ocrx_word' id='word_1_264' title='bbox 1563 3914 1869 3989; x_wconf 53' lang='lat' dir='ltr'><strong>conspectié</strong></span> 
     </span>
    </p>
   </div>
   <div class='ocr_carea' id='block_1_39' title="bbox 255 4010 1874 4084">
    <p class='ocr_par' dir='ltr' id='par_1_39' title="bbox 255 4010 1874 4084">
     <span class='ocr_line' id='line_1_39' title="bbox 255 4010 1874 4084; baseline 0 -19"><span class='ocrx_word' id='word_1_265' title='bbox 255 4011 371 4071; x_wconf 81' lang='lat' dir='ltr'><strong>bus</strong></span> <span class='ocrx_word' id='word_1_266' title='bbox 396 4010 733 4084; x_wconf 77' lang='lat' dir='ltr'><strong>gaudentem</strong></span> <span class='ocrx_word' id='word_1_267' title='bbox 760 4012 1250 4067; x_wconf 85' lang='lat' dir='ltr'><strong>astarecondonet.</strong></span> <span class='ocrx_word' id='word_1_268' title='bbox 1277 4010 1383 4066; x_wconf 89' lang='lat' dir='ltr'><strong>Sed</strong></span> <span class='ocrx_word' id='word_1_269' title='bbox 1407 4026 1537 4082; x_wconf 87' lang='lat' dir='ltr'><strong>rogo</strong></span> <span class='ocrx_word' id='word_1_270' title='bbox 1558 4011 1874 4082; x_wconf 88' lang='lat' dir='ltr'><strong>suppliciter</strong></span> 
     </span>
    </p>
   </div>
   <div class='ocr_carea' id='block_1_40' title="bbox 256 4101 1873 4179">
    <p class='ocr_par' dir='ltr' id='par_1_40' title="bbox 256 4101 1873 4179">
     <span class='ocr_line' id='line_1_40' title="bbox 256 4101 1873 4179; baseline -0.003 -19"><span class='ocrx_word' id='word_1_271' title='bbox 256 4111 339 4172; x_wconf 82' lang='lat' dir='ltr'><strong>te,</strong></span> <span class='ocrx_word' id='word_1_272' title='bbox 368 4104 496 4159; x_wconf 89' lang='lat' dir='ltr'><strong>Deo</strong></span> <span class='ocrx_word' id='word_1_273' title='bbox 521 4101 866 4173; x_wconf 84' lang='lat' dir='ltr'><strong>devotissima</strong></span> <span class='ocrx_word' id='word_1_274' title='bbox 894 4104 1064 4179; x_wconf 84' lang='lat' dir='ltr'><strong>virgo,</strong></span> <span class='ocrx_word' id='word_1_275' title='bbox 1104 4117 1173 4158; x_wconf 93' lang='lat' dir='ltr'><strong>ne</strong></span> <span class='ocrx_word' id='word_1_276' title='bbox 1213 4116 1372 4157; x_wconf 89' lang='lat' dir='ltr'><strong>aures</strong></span> <span class='ocrx_word' id='word_1_277' title='bbox 1416 4102 1721 4173; x_wconf 73' lang='lat' dir='ltr'><strong>prudentia:</strong></span> <span class='ocrx_word' id='word_1_278' title='bbox 1768 4111 1873 4156; x_wconf 65' lang='lat' dir='ltr'><strong>tua:</strong></span> 
     </span>
    </p>
   </div>
   <div class='ocr_carea' id='block_1_41' title="bbox 255 4184 1875 4270">
    <p class='ocr_par' dir='ltr' id='par_1_41' title="bbox 255 4184 1875 4270">
     <span class='ocr_line' id='line_1_41' title="bbox 255 4184 1875 4270; baseline -0.003 -18"><span class='ocrx_word' id='word_1_279' title='bbox 255 4199 460 4270; x_wconf 79' lang='lat' dir='ltr'><strong>apices</strong></span> <span class='ocrx_word' id='word_1_280' title='bbox 490 4194 817 4267; x_wconf 81' lang='lat' dir='ltr'><strong>insipientiae</strong></span> <span class='ocrx_word' id='word_1_281' title='bbox 845 4184 1311 4261; x_wconf 36' lang='lat' dir='ltr'><strong>meaa‘oll‘endant;</strong></span> <span class='ocrx_word' id='word_1_282' title='bbox 1334 4202 1389 4249; x_wconf 88' lang='lat' dir='ltr'><strong>et</strong></span> <span class='ocrx_word' id='word_1_283' title='bbox 1424 4191 1568 4263; x_wconf 80' lang='lat' dir='ltr'><strong>quod</strong></span> <span class='ocrx_word' id='word_1_284' title='bbox 1610 4209 1696 4253; x_wconf 86' lang='lat' dir='ltr'><strong>me</strong></span> <span class='ocrx_word' id='word_1_285' title='bbox 1743 4192 1875 4248; x_wconf 90' lang='lat' dir='ltr'><strong>dile-</strong></span> 
     </span>
    </p>
   </div>
   <div class='ocr_carea' id='block_1_42' title="bbox 254 4282 1875 4359">
    <p class='ocr_par' dir='ltr' id='par_1_42' title="bbox 254 4282 1875 4359">
     <span class='ocr_line' id='line_1_42' title="bbox 254 4282 1875 4359; baseline -0.006 -13"><span class='ocrx_word' id='word_1_286' title='bbox 254 4291 379 4347; x_wconf 89' lang='lat' dir='ltr'><strong>ctio</strong></span> <span class='ocrx_word' id='word_1_287' title='bbox 414 4302 556 4345; x_wconf 80' lang='lat' dir='ltr'><strong>vera</strong></span> <span class='ocrx_word' id='word_1_288' title='bbox 604 4287 842 4342; x_wconf 87' lang='lat' dir='ltr'><strong>scribere</strong></span> <span class='ocrx_word' id='word_1_289' title='bbox 884 4285 1156 4353; x_wconf 87' lang='lat' dir='ltr'><strong>admonet,</strong></span> <span class='ocrx_word' id='word_1_290' title='bbox 1186 4292 1237 4340; x_wconf 92' lang='lat' dir='ltr'><strong>te</strong></span> <span class='ocrx_word' id='word_1_291' title='bbox 1264 4284 1538 4359; x_wconf 86' lang='lat' dir='ltr'><strong>humilitas</strong></span> <span class='ocrx_word' id='word_1_292' title='bbox 1563 4291 1747 4339; x_wconf 87' lang='lat' dir='ltr'><strong>sancta</strong></span> <span class='ocrx_word' id='word_1_293' title='bbox 1779 4282 1875 4337; x_wconf 92' lang='lat' dir='ltr'><strong>do-</strong></span> 
     </span>
    </p>
   </div>
   <div class='ocr_carea' id='block_1_43' title="bbox 258 4372 1876 4457">
    <p class='ocr_par' dir='ltr' id='par_1_43' title="bbox 258 4372 1876 4457">
     <span class='ocr_line' id='line_1_43' title="bbox 258 4372 1876 4457; baseline -0.007 -19"><span class='ocrx_word' id='word_1_294' title='bbox 258 4388 393 4438; x_wconf 85' lang='lat' dir='ltr'><strong>ceat</strong></span> <span class='ocrx_word' id='word_1_295' title='bbox 440 4377 760 4457; x_wconf 77' lang='lat' dir='ltr'><strong>perlegere;</strong></span> <span class='ocrx_word' id='word_1_296' title='bbox 800 4392 903 4453; x_wconf 83' lang='lat' dir='ltr'><strong>pec</strong></span> <span class='ocrx_word' id='word_1_297' title='bbox 948 4374 1149 4449; x_wconf 77' lang='lat' dir='ltr'><strong>stylum</strong></span> <span class='ocrx_word' id='word_1_298' title='bbox 1196 4390 1374 4445; x_wconf 84' lang='lat' dir='ltr'><strong>meum</strong></span> <span class='ocrx_word' id='word_1_299' title='bbox 1404 4372 1876 4445; x_wconf 78' lang='lat' dir='ltr'><strong>praesumptiosum</strong></span> 
     </span>
    </p>
   </div>
   <div class='ocr_carea' id='block_1_44' title="bbox 257 4463 1874 4565">
    <p class='ocr_par' dir='ltr' id='par_1_44' title="bbox 257 4463 1874 4565">
     <span class='ocr_line' id='line_1_44' title="bbox 257 4463 1874 4565; baseline -0.004 -37"><span class='ocrx_word' id='word_1_300' title='bbox 257 4481 460 4565; x_wconf 82' lang='lat' dir='ltr'><strong>putes,</strong></span> <span class='ocrx_word' id='word_1_301' title='bbox 487 4466 794 4524; x_wconf 79' lang='lat' dir='ltr'><strong>officiosum</strong></span> <span class='ocrx_word' id='word_1_302' title='bbox 821 4482 1120 4565; x_wconf 63' lang='lat' dir='ltr'><strong>agnoscens</strong></span> <span class='ocrx_word' id='word_1_303' title='bbox 1137 4474 1239 4565; x_wconf 39' lang='lat' dir='ltr'><strong>;-et</strong></span> <span class='ocrx_word' id='word_1_304' title='bbox 1264 4480 1427 4565; x_wconf 74' lang='lat' dir='ltr'><strong>quem</strong></span> <span class='ocrx_word' id='word_1_305' title='bbox 1462 4465 1518 4521; x_wconf 91' lang='lat' dir='ltr'><strong>in</strong></span> <span class='ocrx_word' id='word_1_306' title='bbox 1542 4465 1653 4519; x_wconf 89' lang='lat' dir='ltr'><strong>Deo</strong></span> <span class='ocrx_word' id='word_1_307' title='bbox 1674 4463 1874 4555; x_wconf 74' lang='lat' dir='ltr'><strong>diligit,</strong></span> 
     </span>
    </p>
   </div>
   <div class='ocr_carea' id='block_1_45' title="bbox 260 4548 1796 4643">
    <p class='ocr_par' dir='ltr' id='par_1_45' title="bbox 260 4548 1796 4643">
     <span class='ocr_line' id='line_1_45' title="bbox 260 4548 1796 4643; baseline -0.044 -21"><span class='ocrx_word' id='word_1_308' title='bbox 260 4548 670 4641; x_wconf 41' lang='lat' dir='ltr'><strong>admonentem</strong></span> <span class='ocrx_word' id='word_1_309' title='bbox 695 4559 892 4643; x_wconf 76' lang='lat' dir='ltr'><strong>accipit</strong></span> <span class='ocrx_word' id='word_1_310' title='bbox 919 4556 1036 4639; x_wconf 71' lang='lat' dir='ltr'><strong>[F._,</strong></span> <span class='ocrx_word' id='word_1_311' title='bbox 1066 4556 1340 4631; x_wconf 50' lang='lat' dir='ltr'><strong>accipiat}.</strong></span> <span class='ocrx_word' id='word_1_312' title='bbox 1690 4552 1693 4565; x_wconf 49' lang='grc' dir='ltr'><em>ρ</em></span> <span class='ocrx_word' id='word_1_313' title='bbox 1760 4548 1796 4579; x_wconf 25' lang='grc' dir='ltr'><strong>ε.</strong></span> 
     </span>
    </p>
   </div>
   <div class='ocr_carea' id='block_1_46' title="bbox 336 4611 1953 4713">
    <p class='ocr_par' dir='ltr' id='par_1_46' title="bbox 336 4611 1953 4713">
     <span class='ocr_line' id='line_1_46' title="bbox 336 4611 1953 4713; baseline -0.008 0"><span class='ocrx_word' id='word_1_314' title='bbox 336 4657 545 4713; x_wconf 84' lang='lat' dir='ltr'><strong>Primo</strong></span> <span class='ocrx_word' id='word_1_315' title='bbox 588 4611 837 4709; x_wconf 61' lang='lat' dir='ltr'><strong>omnium</strong></span> <span class='ocrx_word' id='word_1_316' title='bbox 876 4611 941 4708; x_wconf 73' lang='lat' dir='ltr'><strong>teL</strong></span> <span class='ocrx_word' id='word_1_317' title='bbox 970 4636 1036 4707; x_wconf 85' lang='lat' dir='ltr'><strong>de</strong></span> <span class='ocrx_word' id='word_1_318' title='bbox 1070 4611 1478 4707; x_wconf 50' lang='lat' dir='ltr'><strong>bei&#39;charitate</strong></span> <span class='ocrx_word' id='word_1_319' title='bbox 1502 4648 1786 4713; x_wconf 89' lang='lat' dir='ltr'><strong>admoneo,</strong></span> <span class='ocrx_word' id='word_1_320' title='bbox 1818 4652 1875 4701; x_wconf 89' lang='lat' dir='ltr'><strong>et</strong></span> <span class='ocrx_word' id='word_1_321' title='bbox 1897 4611 1953 4673; x_wconf 68' lang='grc' dir='ltr'><strong><em>Β</em></strong></span> 
     </span>
    </p>
   </div>
   <div class='ocr_carea' id='block_1_47' title="bbox 260 4738 1877 4819">
    <p class='ocr_par' dir='ltr' id='par_1_47' title="bbox 260 4738 1877 4819">
     <span class='ocr_line' id='line_1_47' title="bbox 260 4738 1877 4819; baseline -0.008 -13"><span class='ocrx_word' id='word_1_322' title='bbox 260 4750 632 4806; x_wconf 87' lang='lat' dir='ltr'><strong>nobilitatem</strong></span> <span class='ocrx_word' id='word_1_323' title='bbox 658 4744 909 4815; x_wconf 78' lang='lat' dir='ltr'><strong>imaginis</strong></span> <span class='ocrx_word' id='word_1_324' title='bbox 930 4743 1073 4819; x_wconf 80' lang='lat' dir='ltr'><strong>illius</strong></span> <span class='ocrx_word' id='word_1_325' title='bbox 1097 4755 1282 4813; x_wconf 86' lang='lat' dir='ltr'><strong>serva;</strong></span> <span class='ocrx_word' id='word_1_326' title='bbox 1307 4748 1363 4801; x_wconf 83' lang='lat' dir='ltr'><strong>et</strong></span> <span class='ocrx_word' id='word_1_327' title='bbox 1383 4739 1536 4815; x_wconf 87' lang='lat' dir='ltr'><strong>cujus</strong></span> <span class='ocrx_word' id='word_1_328' title='bbox 1552 4738 1658 4811; x_wconf 82' lang='lat' dir='ltr'><strong>viri</strong></span> <span class='ocrx_word' id='word_1_329' title='bbox 1678 4753 1877 4813; x_wconf 87' lang='lat' dir='ltr'><strong>sponsa</strong></span> 
     </span>
    </p>
   </div>
   <div class='ocr_carea' id='block_1_48' title="bbox 258 4835 1879 4913">
    <p class='ocr_par' dir='ltr' id='par_1_48' title="bbox 258 4835 1879 4913">
     <span class='ocr_line' id='line_1_48' title="bbox 258 4835 1879 4913; baseline -0.009 -10"><span class='ocrx_word' id='word_1_330' title='bbox 258 4861 399 4903; x_wconf 86' lang='lat' dir='ltr'><strong>esse</strong></span> <span class='ocrx_word' id='word_1_331' title='bbox 438 4843 680 4913; x_wconf 74' lang='lat' dir='ltr'><strong>ccepisti,</strong></span> <span class='ocrx_word' id='word_1_332' title='bbox 726 4855 940 4910; x_wconf 89' lang='lat' dir='ltr'><strong>semper</strong></span> <span class='ocrx_word' id='word_1_333' title='bbox 985 4852 1307 4909; x_wconf 87' lang='lat' dir='ltr'><strong>rememora.</strong></span> <span class='ocrx_word' id='word_1_334' title='bbox 1353 4835 1591 4906; x_wconf 88' lang='lat' dir='ltr'><strong>lnclytus</strong></span> <span class='ocrx_word' id='word_1_335' title='bbox 1618 4844 1703 4891; x_wconf 91' lang='lat' dir='ltr'><strong>est</strong></span> <span class='ocrx_word' id='word_1_336' title='bbox 1720 4835 1879 4890; x_wconf 89' lang='lat' dir='ltr'><strong>valde</strong></span> 
     </span>
    </p>
   </div>
   <div class='ocr_carea' id='block_1_49' title="bbox 261 4924 1879 5015">
    <p class='ocr_par' dir='ltr' id='par_1_49' title="bbox 261 4924 1879 5015">
     <span class='ocr_line' id='line_1_49' title="bbox 261 4924 1879 5015; baseline -0.009 -21"><span class='ocrx_word' id='word_1_337' title='bbox 261 4946 325 4995; x_wconf 91' lang='lat' dir='ltr'><strong>et</strong></span> <span class='ocrx_word' id='word_1_338' title='bbox 350 4938 637 5015; x_wconf 79' lang='lat' dir='ltr'><strong>gloriosus</strong></span> <span class='ocrx_word' id='word_1_339' title='bbox 663 4947 893 5006; x_wconf 81' lang='lat' dir='ltr'><strong>sponsus</strong></span> <span class='ocrx_word' id='word_1_340' title='bbox 921 4938 1066 4998; x_wconf 87' lang='lat' dir='ltr'><strong>tuus,</strong></span> <span class='ocrx_word' id='word_1_341' title='bbox 1097 4927 1191 5007; x_wconf 76' lang='lat' dir='ltr'><strong>qui</strong></span> <span class='ocrx_word' id='word_1_342' title='bbox 1223 4924 1388 5007; x_wconf 88' lang='lat' dir='ltr'><strong>alium</strong></span> <span class='ocrx_word' id='word_1_343' title='bbox 1416 4934 1670 4999; x_wconf 78' lang='lat' dir='ltr'><strong>ornatum</strong></span> <span class='ocrx_word' id='word_1_344' title='bbox 1722 4926 1774 4981; x_wconf 89' lang='lat' dir='ltr'><strong>in</strong></span> <span class='ocrx_word' id='word_1_345' title='bbox 1823 4934 1879 4981; x_wconf 91' lang='lat' dir='ltr'><strong>te</strong></span> 
     </span>
    </p>
   </div>
   <div class='ocr_carea' id='block_1_50' title="bbox 263 5018 1878 5102">
    <p class='ocr_par' dir='ltr' id='par_1_50' title="bbox 263 5018 1878 5102">
     <span class='ocr_line' id='line_1_50' title="bbox 263 5018 1878 5102; baseline -0.012 -12"><span class='ocrx_word' id='word_1_346' title='bbox 263 5050 389 5090; x_wconf 91' lang='lat' dir='ltr'><strong>non</strong></span> <span class='ocrx_word' id='word_1_347' title='bbox 422 5030 627 5102; x_wconf 64' lang='lat' dir='ltr'><strong>quierit</strong></span> <span class='ocrx_word' id='word_1_348' title='bbox 653 5028 757 5082; x_wconf 90' lang='lat' dir='ltr'><strong>nisi</strong></span> <span class='ocrx_word' id='word_1_349' title='bbox 792 5025 1121 5096; x_wconf 86' lang='lat' dir='ltr'><strong>spiritalem;</strong></span> <span class='ocrx_word' id='word_1_350' title='bbox 1157 5039 1263 5078; x_wconf 90' lang='lat' dir='ltr'><strong>non</strong></span> <span class='ocrx_word' id='word_1_351' title='bbox 1294 5028 1470 5077; x_wconf 88' lang='lat' dir='ltr'><strong>tortas</strong></span> <span class='ocrx_word' id='word_1_352' title='bbox 1499 5019 1733 5075; x_wconf 88' lang='lat' dir='ltr'><strong>crinium</strong></span> <span class='ocrx_word' id='word_1_353' title='bbox 1759 5018 1878 5072; x_wconf 91' lang='lat' dir='ltr'><strong>alli-</strong></span> 
     </span>
    </p>
   </div>
   <div class='ocr_carea' id='block_1_51' title="bbox 263 5111 1880 5200">
    <p class='ocr_par' dir='ltr' id='par_1_51' title="bbox 263 5111 1880 5200">
     <span class='ocr_line' id='line_1_51' title="bbox 263 5111 1880 5200; baseline -0.009 -19"><span class='ocrx_word' id='word_1_354' title='bbox 263 5126 561 5200; x_wconf 86' lang='lat' dir='ltr'><strong>gationes,</strong></span> <span class='ocrx_word' id='word_1_355' title='bbox 615 5121 710 5177; x_wconf 92' lang='lat' dir='ltr'><strong>sed</strong></span> <span class='ocrx_word' id='word_1_356' title='bbox 760 5126 938 5173; x_wconf 90' lang='lat' dir='ltr'><strong>rectas</strong></span> <span class='ocrx_word' id='word_1_357' title='bbox 988 5132 1200 5197; x_wconf 78' lang='lat' dir='ltr'><strong>morum</strong></span> <span class='ocrx_word' id='word_1_358' title='bbox 1246 5116 1513 5193; x_wconf 77' lang='lat' dir='ltr'><strong>bonorum</strong></span> <span class='ocrx_word' id='word_1_359' title='bbox 1559 5111 1880 5189; x_wconf 82' lang='lat' dir='ltr'><strong>conligatio-</strong></span> 
     </span>
    </p>
   </div>
   <div class='ocr_carea' id='block_1_52' title="bbox 259 5204 1881 5287">
    <p class='ocr_par' dir='ltr' id='par_1_52' title="bbox 259 5204 1881 5287">
     <span class='ocr_line' id='line_1_52' title="bbox 259 5204 1881 5287; baseline -0.011 -14"><span class='ocrx_word' id='word_1_360' title='bbox 259 5234 412 5287; x_wconf 70' lang='lat' dir='ltr'><strong>pes;</strong></span> <span class='ocrx_word' id='word_1_361' title='bbox 452 5230 559 5271; x_wconf 86' lang='lat' dir='ltr'><strong>nec</strong></span> <span class='ocrx_word' id='word_1_362' title='bbox 587 5212 1033 5268; x_wconf 83' lang='lat' dir='ltr'><strong>vestimentorum</strong></span> <span class='ocrx_word' id='word_1_363' title='bbox 1075 5221 1273 5262; x_wconf 90' lang='lat' dir='ltr'><strong>vanum</strong></span> <span class='ocrx_word' id='word_1_364' title='bbox 1325 5204 1564 5260; x_wconf 81' lang='lat' dir='ltr'><strong>exterius</strong></span> <span class='ocrx_word' id='word_1_365' title='bbox 1616 5204 1881 5281; x_wconf 86' lang='lat' dir='ltr'><strong>nitorem,</strong></span> 
     </span>
    </p>
   </div>
   <div class='ocr_carea' id='block_1_53' title="bbox 264 5291 1886 5365">
    <p class='ocr_par' dir='ltr' id='par_1_53' title="bbox 264 5291 1886 5365">
     <span class='ocr_line' id='line_1_53' title="bbox 264 5291 1886 5365; baseline -0.012 0"><span class='ocrx_word' id='word_1_366' title='bbox 264 5308 376 5365; x_wconf 88' lang='lat' dir='ltr'><strong>sed</strong></span> <span class='ocrx_word' id='word_1_367' title='bbox 407 5302 725 5362; x_wconf 86' lang='lat' dir='ltr'><strong>sanctitatis</strong></span> <span class='ocrx_word' id='word_1_368' title='bbox 747 5308 801 5357; x_wconf 90' lang='lat' dir='ltr'><strong>et</strong></span> <span class='ocrx_word' id='word_1_369' title='bbox 821 5298 1155 5356; x_wconf 66' lang='lat' dir='ltr'><strong>castimonia:</strong></span> <span class='ocrx_word' id='word_1_370' title='bbox 1186 5295 1419 5350; x_wconf 91' lang='lat' dir='ltr'><strong>nobilem</strong></span> <span class='ocrx_word' id='word_1_371' title='bbox 1450 5294 1678 5348; x_wconf 90' lang='lat' dir='ltr'><strong>interius</strong></span> <span class='ocrx_word' id='word_1_372' title='bbox 1709 5291 1886 5362; x_wconf 83' lang='lat' dir='ltr'><strong>Splen-</strong></span> 
     </span>
    </p>
   </div>
   <div class='ocr_carea' id='block_1_54' title="bbox 264 5385 1886 5469">
    <p class='ocr_par' dir='ltr' id='par_1_54' title="bbox 264 5385 1886 5469">
     <span class='ocr_line' id='line_1_54' title="bbox 264 5385 1886 5469; baseline -0.01 -13"><span class='ocrx_word' id='word_1_373' title='bbox 264 5402 518 5462; x_wconf 89' lang='lat' dir='ltr'><strong>dorem;</strong></span> <span class='ocrx_word' id='word_1_374' title='bbox 548 5408 678 5451; x_wconf 91' lang='lat' dir='ltr'><strong>cave</strong></span> <span class='ocrx_word' id='word_1_375' title='bbox 711 5408 781 5449; x_wconf 91' lang='lat' dir='ltr'><strong>ne</strong></span> <span class='ocrx_word' id='word_1_376' title='bbox 821 5389 1025 5467; x_wconf 79' lang='lat' dir='ltr'><strong>aliquid</strong></span> <span class='ocrx_word' id='word_1_377' title='bbox 1055 5390 1110 5469; x_wconf 68' lang='lat' dir='ltr'><strong>in</strong></span> <span class='ocrx_word' id='word_1_378' title='bbox 1156 5396 1210 5461; x_wconf 77' lang='lat' dir='ltr'><strong>te</strong></span> <span class='ocrx_word' id='word_1_379' title='bbox 1245 5386 1484 5463; x_wconf 75' lang='lat' dir='ltr'><strong>inveniat</strong></span> <span class='ocrx_word' id='word_1_380' title='bbox 1527 5385 1673 5456; x_wconf 89' lang='lat' dir='ltr'><strong>quod</strong></span> <span class='ocrx_word' id='word_1_381' title='bbox 1700 5385 1886 5441; x_wconf 90' lang='lat' dir='ltr'><strong>oculos</strong></span> 
     </span>
    </p>
   </div>
   <div class='ocr_carea' id='block_1_55' title="bbox 267 5473 1886 5555">
    <p class='ocr_par' dir='ltr' id='par_1_55' title="bbox 267 5473 1886 5555">
     <span class='ocr_line' id='line_1_55' title="bbox 267 5473 1886 5555; baseline -0.011 -9"><span class='ocrx_word' id='word_1_382' title='bbox 267 5491 441 5547; x_wconf 87' lang='lat' dir='ltr'><strong>illius</strong></span> <span class='ocrx_word' id='word_1_383' title='bbox 488 5486 755 5552; x_wconf 82' lang='lat' dir='ltr'><strong>oll‘endat;</strong></span> <span class='ocrx_word' id='word_1_384' title='bbox 786 5491 843 5538; x_wconf 91' lang='lat' dir='ltr'><strong>et</strong></span> <span class='ocrx_word' id='word_1_385' title='bbox 873 5483 919 5537; x_wconf 90' lang='lat' dir='ltr'><strong>si</strong></span> <span class='ocrx_word' id='word_1_386' title='bbox 948 5481 1150 5543; x_wconf 85' lang='lat' dir='ltr'><strong>forsan,</strong></span> <span class='ocrx_word' id='word_1_387' title='bbox 1179 5485 1238 5555; x_wconf 76' lang='lat' dir='ltr'><strong>ut</strong></span> <span class='ocrx_word' id='word_1_388' title='bbox 1264 5477 1401 5532; x_wconf 87' lang='lat' dir='ltr'><strong>solet</strong></span> <span class='ocrx_word' id='word_1_389' title='bbox 1443 5476 1693 5530; x_wconf 80' lang='lat' dir='ltr'><strong>humanae</strong></span> <span class='ocrx_word' id='word_1_390' title='bbox 1720 5473 1886 5545; x_wconf 79' lang='lat' dir='ltr'><strong>fragi-</strong></span> 
     </span>
    </p>
   </div>
   <div class='ocr_carea' id='block_1_56' title="bbox 264 5567 1887 5643">
    <p class='ocr_par' dir='ltr' id='par_1_56' title="bbox 264 5567 1887 5643">
     <span class='ocr_line' id='line_1_56' title="bbox 264 5567 1887 5643; baseline -0.013 -2"><span class='ocrx_word' id='word_1_391' title='bbox 264 5581 474 5641; x_wconf 86' lang='lat' dir='ltr'><strong>litatis</strong></span> <span class='ocrx_word' id='word_1_392' title='bbox 495 5578 731 5635; x_wconf 91' lang='lat' dir='ltr'><strong>conditio</strong></span> <span class='ocrx_word' id='word_1_393' title='bbox 751 5575 963 5640; x_wconf 81' lang='lat' dir='ltr'><strong>aﬂ&#39;erre,</strong></span> <span class='ocrx_word' id='word_1_394' title='bbox 987 5573 1222 5643; x_wconf 88' lang='lat' dir='ltr'><strong>aliquam</strong></span> <span class='ocrx_word' id='word_1_395' title='bbox 1241 5568 1582 5640; x_wconf 80' lang='lat' dir='ltr'><strong>negligentiae</strong></span> <span class='ocrx_word' id='word_1_396' title='bbox 1616 5567 1887 5622; x_wconf 90' lang='lat' dir='ltr'><strong>maculam</strong></span> 
     </span>
    </p>
   </div>
   <div class='ocr_carea' id='block_1_57' title="bbox 265 5661 1888 5744">
    <p class='ocr_par' dir='ltr' id='par_1_57' title="bbox 265 5661 1888 5744">
     <span class='ocr_line' id='line_1_57' title="bbox 265 5661 1888 5744; baseline -0.012 -10"><span class='ocrx_word' id='word_1_397' title='bbox 265 5677 337 5737; x_wconf 87' lang='lat' dir='ltr'><strong>in</strong></span> <span class='ocrx_word' id='word_1_398' title='bbox 368 5686 440 5733; x_wconf 85' lang='lat' dir='ltr'><strong>te</strong></span> <span class='ocrx_word' id='word_1_399' title='bbox 464 5673 735 5744; x_wconf 88' lang='lat' dir='ltr'><strong>malignus</strong></span> <span class='ocrx_word' id='word_1_400' title='bbox 760 5670 980 5742; x_wconf 86' lang='lat' dir='ltr'><strong>spiritus</strong></span> <span class='ocrx_word' id='word_1_401' title='bbox 1002 5666 1208 5738; x_wconf 78' lang='lat' dir='ltr'><strong>inﬁgat,</strong></span> <span class='ocrx_word' id='word_1_402' title='bbox 1247 5663 1408 5739; x_wconf 87' lang='lat' dir='ltr'><strong>citius</strong></span> <span class='ocrx_word' id='word_1_403' title='bbox 1447 5661 1782 5737; x_wconf 73' lang='lat' dir='ltr'><strong>pmnitentiae</strong></span> <span class='ocrx_word' id='word_1_404' title='bbox 1809 5661 1888 5716; x_wconf 89' lang='lat' dir='ltr'><strong>la-</strong></span> 
     </span>
    </p>
   </div>
   <div class='ocr_carea' id='block_1_58' title="bbox 354 5838 1179 5912">
    <p class='ocr_par' dir='ltr' id='par_1_58' title="bbox 354 5838 1179 5912">
     <span class='ocr_line' id='line_1_58' title="bbox 354 5838 1179 5912; baseline -0.007 -11"><span class='ocrx_word' id='word_1_405' title='bbox 354 5861 389 5891; x_wconf 77' lang='grc' dir='ltr'><strong>ι</strong></span> <span class='ocrx_word' id='word_1_406' title='bbox 414 5845 586 5912; x_wconf 82' lang='lat' dir='ltr'><strong>Apud</strong></span> <span class='ocrx_word' id='word_1_407' title='bbox 605 5842 840 5900; x_wconf 86' lang='lat' dir='ltr'><strong>Froben.</strong></span> <span class='ocrx_word' id='word_1_408' title='bbox 870 5838 1179 5912; x_wconf 29' lang='grc' dir='ltr'><strong>(πήξῃ-229,</strong></span> 
     </span>
    </p>
   </div>
   <div class='ocr_carea' id='block_1_59' title="bbox 1716 401 2100 472">
    <p class='ocr_par' dir='ltr' id='par_1_59' title="bbox 1716 401 2100 472">
     <span class='ocr_line' id='line_1_59' title="bbox 1716 401 2100 472; baseline -0.008 0"><span class='ocrx_word' id='word_1_409' title='bbox 1716 401 2100 472; x_wconf 61' lang='grc' dir='ltr'><strong>ΕΡίΒῚῗΟΙυΕ.</strong></span> 
     </span>
    </p>
   </div>
   <div class='ocr_carea' id='block_1_60' title="bbox 3436 417 3541 477">
    <p class='ocr_par' dir='ltr' id='par_1_60' title="bbox 3436 417 3541 477">
     <span class='ocr_line' id='line_1_60' title="bbox 3436 417 3541 477; baseline 0 -1"><span class='ocrx_word' id='word_1_410' title='bbox 3436 417 3541 477; x_wconf 81' lang='grc'><strong>510</strong></span> 
     </span>
    </p>
   </div>
   <div class='ocr_carea' id='block_1_61' title="bbox 1962 529 3547 604">
    <p class='ocr_par' dir='ltr' id='par_1_61' title="bbox 1962 529 3547 604">
     <span class='ocr_line' id='line_1_61' title="bbox 1962 529 3547 604; baseline 0.003 -19"><span class='ocrx_word' id='word_1_411' title='bbox 1962 529 2168 600; x_wconf 81' lang='lat' dir='ltr'><strong>crymis</strong></span> <span class='ocrx_word' id='word_1_412' title='bbox 2191 530 2410 587; x_wconf 82' lang='lat' dir='ltr'><strong>abluere</strong></span> <span class='ocrx_word' id='word_1_413' title='bbox 2432 536 2725 598; x_wconf 83' lang='lat' dir='ltr'><strong>memento,</strong></span> <span class='ocrx_word' id='word_1_414' title='bbox 2751 545 2822 587; x_wconf 89' lang='lat' dir='ltr'><strong>ne</strong></span> <span class='ocrx_word' id='word_1_415' title='bbox 2847 530 2940 588; x_wconf 89' lang='lat' dir='ltr'><strong>diu</strong></span> <span class='ocrx_word' id='word_1_416' title='bbox 2975 531 3092 589; x_wconf 86' lang='lat' dir='ltr'><strong>sine</strong></span> <span class='ocrx_word' id='word_1_417' title='bbox 3115 533 3298 604; x_wconf 74' lang='lat' dir='ltr'><strong>sponsi</strong></span> <span class='ocrx_word' id='word_1_418' title='bbox 3325 533 3401 590; x_wconf 90' lang='lat' dir='ltr'><strong>tui</strong></span> <span class='ocrx_word' id='word_1_419' title='bbox 3429 550 3547 589; x_wconf 58' lang='lat' dir='ltr'><strong>ma:</strong></span> 
     </span>
    </p>
   </div>
   <div class='ocr_carea' id='block_1_62' title="bbox 1963 623 3544 698">
    <p class='ocr_par' dir='ltr' id='par_1_62' title="bbox 1963 623 3544 698">
     <span class='ocr_line' id='line_1_62' title="bbox 1963 623 3544 698; baseline 0.004 -22"><span class='ocrx_word' id='word_1_420' title='bbox 1963 637 2095 676; x_wconf 89' lang='lat' dir='ltr'><strong>neas</strong></span> <span class='ocrx_word' id='word_1_421' title='bbox 2124 623 2395 693; x_wconf 84' lang='lat' dir='ltr'><strong>amplexu,</strong></span> <span class='ocrx_word' id='word_1_422' title='bbox 2427 624 2553 692; x_wconf 86' lang='lat' dir='ltr'><strong>quia</strong></span> <span class='ocrx_word' id='word_1_423' title='bbox 2586 624 2889 693; x_wconf 85' lang='lat' dir='ltr'><strong>promptior</strong></span> <span class='ocrx_word' id='word_1_424' title='bbox 2913 632 2999 680; x_wconf 87' lang='lat' dir='ltr'><strong>est</strong></span> <span class='ocrx_word' id='word_1_425' title='bbox 3024 634 3079 681; x_wconf 92' lang='lat' dir='ltr'><strong>te</strong></span> <span class='ocrx_word' id='word_1_426' title='bbox 3103 624 3343 696; x_wconf 88' lang='lat' dir='ltr'><strong>recipere</strong></span> <span class='ocrx_word' id='word_1_427' title='bbox 3381 642 3544 698; x_wconf 90' lang='lat' dir='ltr'><strong>quam</strong></span> 
     </span>
    </p>
   </div>
   <div class='ocr_carea' id='block_1_63' title="bbox 1958 713 3547 774">
    <p class='ocr_par' dir='ltr' id='par_1_63' title="bbox 1958 713 3547 774">
     <span class='ocr_line' id='line_1_63' title="bbox 1958 713 3547 774; baseline 0.004 -8"><span class='ocrx_word' id='word_1_428' title='bbox 1958 713 2214 767; x_wconf 83' lang='lat' dir='ltr'><strong>amittere</strong></span> <span class='ocrx_word' id='word_1_429' title='bbox 2241 721 2491 769; x_wconf 76' lang='lat' dir='ltr'><strong>:-tantum</strong></span> <span class='ocrx_word' id='word_1_430' title='bbox 2522 729 2592 769; x_wconf 88' lang='lat' dir='ltr'><strong>ne</strong></span> <span class='ocrx_word' id='word_1_431' title='bbox 2620 715 2918 771; x_wconf 85' lang='lat' dir='ltr'><strong>tardaveris</strong></span> <span class='ocrx_word' id='word_1_432' title='bbox 2946 716 3012 771; x_wconf 89' lang='lat' dir='ltr'><strong>de</strong></span> <span class='ocrx_word' id='word_1_433' title='bbox 3058 715 3147 772; x_wconf 90' lang='lat' dir='ltr'><strong>die</strong></span> <span class='ocrx_word' id='word_1_434' title='bbox 3192 716 3246 771; x_wconf 91' lang='lat' dir='ltr'><strong>in</strong></span> <span class='ocrx_word' id='word_1_435' title='bbox 3289 717 3430 773; x_wconf 90' lang='lat' dir='ltr'><strong>diem</strong></span> <span class='ocrx_word' id='word_1_436' title='bbox 3461 733 3547 774; x_wconf 90' lang='lat' dir='ltr'><strong>re-</strong></span> 
     </span>
    </p>
   </div>
   <div class='ocr_carea' id='block_1_64' title="bbox 1963 805 3546 866">
    <p class='ocr_par' dir='ltr' id='par_1_64' title="bbox 1963 805 3546 866">
     <span class='ocr_line' id='line_1_64' title="bbox 1963 805 3546 866; baseline 0.006 -9"><span class='ocrx_word' id='word_1_437' title='bbox 1963 805 2099 859; x_wconf 87' lang='lat' dir='ltr'><strong>verti</strong></span> <span class='ocrx_word' id='word_1_438' title='bbox 2124 806 2194 860; x_wconf 87' lang='lat' dir='ltr'><strong>ad</strong></span> <span class='ocrx_word' id='word_1_439' title='bbox 2216 805 2391 861; x_wconf 86' lang='lat' dir='ltr'><strong>illum.</strong></span> <span class='ocrx_word' id='word_1_440' title='bbox 2420 806 2548 862; x_wconf 65' lang='lat' dir='ltr'><strong>Haec</strong></span> <span class='ocrx_word' id='word_1_441' title='bbox 2570 806 2716 863; x_wconf 91' lang='lat' dir='ltr'><strong>enim</strong></span> <span class='ocrx_word' id='word_1_442' title='bbox 2742 807 2850 862; x_wconf 88' lang='lat' dir='ltr'><strong>duo</strong></span> <span class='ocrx_word' id='word_1_443' title='bbox 2877 808 3018 863; x_wconf 88' lang='lat' dir='ltr'><strong>mala</strong></span> <span class='ocrx_word' id='word_1_444' title='bbox 3060 809 3294 865; x_wconf 80' lang='lat' dir='ltr'><strong>maxime</strong></span> <span class='ocrx_word' id='word_1_445' title='bbox 3338 809 3451 866; x_wconf 85' lang='lat' dir='ltr'><strong>odit</strong></span> <span class='ocrx_word' id='word_1_446' title='bbox 3488 811 3546 865; x_wconf 90' lang='lat' dir='ltr'><strong>in</strong></span> 
     </span>
    </p>
   </div>
   <div class='ocr_carea' id='block_1_65' title="bbox 1961 901 3545 977">
    <p class='ocr_par' dir='ltr' id='par_1_65' title="bbox 1961 901 3545 977">
     <span class='ocr_line' id='line_1_65' title="bbox 1961 901 3545 977; baseline 0.003 -20"><span class='ocrx_word' id='word_1_447' title='bbox 1961 901 2293 967; x_wconf 80' lang='lat' dir='ltr'><strong>hominibus,</strong></span> <span class='ocrx_word' id='word_1_448' title='bbox 2321 904 2705 976; x_wconf 85' lang='lat' dir='ltr'><strong>negligentiam</strong></span> <span class='ocrx_word' id='word_1_449' title='bbox 2735 906 3057 972; x_wconf 86' lang='lat' dir='ltr'><strong>revertendi,</strong></span> <span class='ocrx_word' id='word_1_450' title='bbox 3108 914 3165 961; x_wconf 90' lang='lat' dir='ltr'><strong>et</strong></span> <span class='ocrx_word' id='word_1_451' title='bbox 3212 906 3545 977; x_wconf 88' lang='lat' dir='ltr'><strong>desperatio-</strong></span> 
     </span>
    </p>
   </div>
   <div class='ocr_carea' id='block_1_66' title="bbox 1961 994 3549 1069">
    <p class='ocr_par' dir='ltr' id='par_1_66' title="bbox 1961 994 3549 1069">
     <span class='ocr_line' id='line_1_66' title="bbox 1961 994 3549 1069; baseline 0.006 -24"><span class='ocrx_word' id='word_1_452' title='bbox 1961 1007 2089 1055; x_wconf 80' lang='lat' dir='ltr'><strong>nem</strong></span> <span class='ocrx_word' id='word_1_453' title='bbox 2111 994 2387 1050; x_wconf 89' lang='lat' dir='ltr'><strong>salvantis.</strong></span> <span class='ocrx_word' id='word_1_454' title='bbox 2414 995 2648 1050; x_wconf 78' lang='lat' dir='ltr'><strong>Tantum</strong></span> <span class='ocrx_word' id='word_1_455' title='bbox 2672 997 2793 1051; x_wconf 64' lang='lat' dir='ltr'><strong>haec</strong></span> <span class='ocrx_word' id='word_1_456' title='bbox 2838 996 3017 1053; x_wconf 90' lang='lat' dir='ltr'><strong>absint</strong></span> <span class='ocrx_word' id='word_1_457' title='bbox 3059 1013 3087 1051; x_wconf 89' lang='lat' dir='ltr'><strong>a</strong></span> <span class='ocrx_word' id='word_1_458' title='bbox 3132 998 3549 1069; x_wconf 76' lang='lat' dir='ltr'><strong>cogitationibus</strong></span> 
     </span>
    </p>
   </div>
   <div class='ocr_carea' id='block_1_67' title="bbox 1962 1085 3544 1164">
    <p class='ocr_par' dir='ltr' id='par_1_67' title="bbox 1962 1085 3544 1164">
     <span class='ocr_line' id='line_1_67' title="bbox 1962 1085 3544 1164; baseline 0.005 -26"><span class='ocrx_word' id='word_1_459' title='bbox 1962 1085 2151 1154; x_wconf 87' lang='lat' dir='ltr'><strong>procul</strong></span> <span class='ocrx_word' id='word_1_460' title='bbox 2179 1090 2399 1153; x_wconf 85' lang='lat' dir='ltr'><strong>nostris,</strong></span> <span class='ocrx_word' id='word_1_461' title='bbox 2425 1095 2480 1149; x_wconf 82' lang='lat' dir='ltr'><strong>et</strong></span> <span class='ocrx_word' id='word_1_462' title='bbox 2502 1088 2593 1147; x_wconf 85' lang='lat' dir='ltr'><strong>ille</strong></span> <span class='ocrx_word' id='word_1_463' title='bbox 2622 1096 2750 1146; x_wconf 68' lang='lat' dir='ltr'><strong>tunc</strong></span> <span class='ocrx_word' id='word_1_464' title='bbox 2777 1088 2974 1147; x_wconf 82' lang='lat' dir='ltr'><strong>animis</strong></span> <span class='ocrx_word' id='word_1_465' title='bbox 2993 1100 3164 1164; x_wconf 75' lang='lat' dir='ltr'><strong>prope</strong></span> <span class='ocrx_word' id='word_1_466' title='bbox 3188 1089 3291 1145; x_wconf 90' lang='lat' dir='ltr'><strong>erit</strong></span> <span class='ocrx_word' id='word_1_467' title='bbox 3316 1090 3544 1147; x_wconf 85' lang='lat' dir='ltr'><strong>nostris.</strong></span> 
     </span>
    </p>
   </div>
   <div class='ocr_carea' id='block_1_68' title="bbox 1960 1174 3550 1250">
    <p class='ocr_par' dir='ltr' id='par_1_68' title="bbox 1960 1174 3550 1250">
     <span class='ocr_line' id='line_1_68' title="bbox 1960 1174 3550 1250; baseline 0.005 -21"><span class='ocrx_word' id='word_1_468' title='bbox 1960 1174 2086 1230; x_wconf 87' lang='lat' dir='ltr'><strong>Ideo</strong></span> <span class='ocrx_word' id='word_1_469' title='bbox 2123 1178 2287 1232; x_wconf 73' lang='lat' dir='ltr'><strong>habet</strong></span> <span class='ocrx_word' id='word_1_470' title='bbox 2330 1191 2529 1233; x_wconf 81' lang='lat' dir='ltr'><strong>nomen</strong></span> <span class='ocrx_word' id='word_1_471' title='bbox 2574 1177 2847 1245; x_wconf 81' lang='lat' dir='ltr'><strong>Salvator,</strong></span> <span class='ocrx_word' id='word_1_472' title='bbox 2872 1180 3001 1249; x_wconf 88' lang='lat' dir='ltr'><strong>quia</strong></span> <span class='ocrx_word' id='word_1_473' title='bbox 3046 1195 3258 1250; x_wconf 88' lang='lat' dir='ltr'><strong>semper</strong></span> <span class='ocrx_word' id='word_1_474' title='bbox 3294 1180 3467 1237; x_wconf 89' lang='lat' dir='ltr'><strong>salvat</strong></span> <span class='ocrx_word' id='word_1_475' title='bbox 3494 1188 3550 1237; x_wconf 92' lang='lat' dir='ltr'><strong>et</strong></span> 
     </span>
    </p>
   </div>
   <div class='ocr_carea' id='block_1_69' title="bbox 1956 1264 3550 1340">
    <p class='ocr_par' dir='ltr' id='par_1_69' title="bbox 1956 1264 3550 1340">
     <span class='ocr_line' id='line_1_69' title="bbox 1956 1264 3550 1340; baseline 0.005 -21"><span class='ocrx_word' id='word_1_476' title='bbox 1956 1265 2174 1332; x_wconf 73' lang='lat' dir='ltr'><strong>salvare</strong></span> <span class='ocrx_word' id='word_1_477' title='bbox 2222 1268 2402 1337; x_wconf 77' lang='lat' dir='ltr'><strong>cupit,</strong></span> <span class='ocrx_word' id='word_1_478' title='bbox 2453 1268 2589 1323; x_wconf 84' lang='lat' dir='ltr'><strong>sicut</strong></span> <span class='ocrx_word' id='word_1_479' title='bbox 2634 1270 2895 1340; x_wconf 88' lang='lat' dir='ltr'><strong>scriptum</strong></span> <span class='ocrx_word' id='word_1_480' title='bbox 2923 1264 3046 1325; x_wconf 83' lang='lat' dir='ltr'><strong>est:</strong></span> <span class='ocrx_word' id='word_1_481' title='bbox 3074 1267 3179 1336; x_wconf 83' lang='lat' dir='ltr'><strong>Qui</strong></span> <span class='ocrx_word' id='word_1_482' title='bbox 3219 1266 3326 1326; x_wconf 71' lang='lat' dir='ltr'><strong>vult</strong></span> <span class='ocrx_word' id='word_1_483' title='bbox 3372 1287 3550 1327; x_wconf 75' lang='lat' dir='ltr'><strong>omnes</strong></span> 
     </span>
    </p>
   </div>
   <div class='ocr_carea' id='block_1_70' title="bbox 1962 1357 2965 1443">
    <p class='ocr_par' dir='ltr' id='par_1_70' title="bbox 1962 1357 2965 1443">
     <span class='ocr_line' id='line_1_70' title="bbox 1962 1357 2965 1443; baseline 0.004 -32"><span class='ocrx_word' id='word_1_484' title='bbox 1962 1357 2197 1413; x_wconf 73' lang='lat' dir='ltr'><strong>homines</strong></span> <span class='ocrx_word' id='word_1_485' title='bbox 2222 1358 2390 1412; x_wconf 78' lang='lat' dir='ltr'><strong>salvos</strong></span> <span class='ocrx_word' id='word_1_486' title='bbox 2416 1359 2536 1443; x_wconf 78' lang='lat' dir='ltr'><strong>ﬁeri</strong></span> <span class='ocrx_word' id='word_1_487' title='bbox 2558 1358 2610 1431; x_wconf 90' lang='lat' dir='ltr'><strong>(I</strong></span> <span class='ocrx_word' id='word_1_488' title='bbox 2638 1357 2772 1413; x_wconf 84' lang='lat' dir='ltr'><strong>Tim.</strong></span> <span class='ocrx_word' id='word_1_489' title='bbox 2800 1376 2861 1425; x_wconf 88' lang='grc' dir='ltr'>ιι,</span> <span class='ocrx_word' id='word_1_490' title='bbox 2886 1359 2965 1428; x_wconf 72' lang='grc'><strong>4).</strong></span> 
     </span>
    </p>
   </div>
   <div class='ocr_carea' id='block_1_71' title="bbox 2032 1448 3547 1525">
    <p class='ocr_par' dir='ltr' id='par_1_71' title="bbox 2032 1448 3547 1525">
     <span class='ocr_line' id='line_1_71' title="bbox 2032 1448 3547 1525; baseline 0.004 -21"><span class='ocrx_word' id='word_1_491' title='bbox 2032 1448 2152 1521; x_wconf 68' lang='lat' dir='ltr'><strong>Noli</strong></span> <span class='ocrx_word' id='word_1_492' title='bbox 2178 1451 2243 1506; x_wconf 89' lang='lat' dir='ltr'><strong>dc</strong></span> <span class='ocrx_word' id='word_1_493' title='bbox 2274 1460 2488 1521; x_wconf 83' lang='lat' dir='ltr'><strong>terrena</strong></span> <span class='ocrx_word' id='word_1_494' title='bbox 2522 1452 2801 1515; x_wconf 84' lang='lat' dir='ltr'><strong>nobilitate</strong></span> <span class='ocrx_word' id='word_1_495' title='bbox 2825 1451 3066 1525; x_wconf 85' lang='lat' dir='ltr'><strong>gloriari,</strong></span> <span class='ocrx_word' id='word_1_496' title='bbox 3096 1452 3190 1510; x_wconf 91' lang='lat' dir='ltr'><strong>sed</strong></span> <span class='ocrx_word' id='word_1_497' title='bbox 3218 1452 3422 1525; x_wconf 87' lang='lat' dir='ltr'><strong>gratias</strong></span> <span class='ocrx_word' id='word_1_498' title='bbox 3444 1468 3547 1524; x_wconf 87' lang='lat' dir='ltr'><strong>age</strong></span> 
     </span>
    </p>
   </div>
   <div class='ocr_carea' id='block_1_72' title="bbox 1961 1537 3552 1615">
    <p class='ocr_par' dir='ltr' id='par_1_72' title="bbox 1961 1537 3552 1615">
     <span class='ocr_line' id='line_1_72' title="bbox 1961 1537 3552 1615; baseline 0.002 -18"><span class='ocrx_word' id='word_1_499' title='bbox 1961 1542 2013 1597; x_wconf 92' lang='lat' dir='ltr'><strong>ei</strong></span> <span class='ocrx_word' id='word_1_500' title='bbox 2043 1541 2157 1612; x_wconf 89' lang='lat' dir='ltr'><strong>qui,</strong></span> <span class='ocrx_word' id='word_1_501' title='bbox 2179 1542 2303 1598; x_wconf 88' lang='lat' dir='ltr'><strong>dum</strong></span> <span class='ocrx_word' id='word_1_502' title='bbox 2335 1551 2386 1599; x_wconf 91' lang='lat' dir='ltr'><strong>te</strong></span> <span class='ocrx_word' id='word_1_503' title='bbox 2413 1544 2685 1598; x_wconf 88' lang='lat' dir='ltr'><strong>hominem</strong></span> <span class='ocrx_word' id='word_1_504' title='bbox 2712 1537 2831 1599; x_wconf 42' lang='lat' dir='ltr'><strong>es&#39;se</strong></span> <span class='ocrx_word' id='word_1_505' title='bbox 2852 1543 3035 1609; x_wconf 89' lang='lat' dir='ltr'><strong>voluit,</strong></span> <span class='ocrx_word' id='word_1_506' title='bbox 3069 1552 3179 1615; x_wconf 79' lang='lat' dir='ltr'><strong>tam</strong></span> <span class='ocrx_word' id='word_1_507' title='bbox 3203 1545 3466 1603; x_wconf 86' lang='lat' dir='ltr'><strong>sublimes</strong></span> <span class='ocrx_word' id='word_1_508' title='bbox 3491 1551 3552 1600; x_wconf 90' lang='lat' dir='ltr'><strong>et</strong></span> 
     </span>
    </p>
   </div>
   <div class='ocr_carea' id='block_1_73' title="bbox 1962 1632 3551 1711">
    <p class='ocr_par' dir='ltr' id='par_1_73' title="bbox 1962 1632 3551 1711">
     <span class='ocr_line' id='line_1_73' title="bbox 1962 1632 3551 1711; baseline 0.002 -23"><span class='ocrx_word' id='word_1_509' title='bbox 1962 1632 2140 1688; x_wconf 88' lang='lat' dir='ltr'><strong>claros</strong></span> <span class='ocrx_word' id='word_1_510' title='bbox 2168 1633 2262 1693; x_wconf 91' lang='lat' dir='ltr'><strong>tibi</strong></span> <span class='ocrx_word' id='word_1_511' title='bbox 2288 1635 2609 1705; x_wconf 84' lang='lat' dir='ltr'><strong>perdonavit</strong></span> <span class='ocrx_word' id='word_1_512' title='bbox 2633 1643 2905 1711; x_wconf 83' lang='lat' dir='ltr'><strong>parentes,</strong></span> <span class='ocrx_word' id='word_1_513' title='bbox 2936 1652 3168 1709; x_wconf 80' lang='lat' dir='ltr'><strong>quorum</strong></span> <span class='ocrx_word' id='word_1_514' title='bbox 3205 1637 3551 1695; x_wconf 85' lang='lat' dir='ltr'><strong>nobilitatem</strong></span> 
     </span>
    </p>
   </div>
   <div class='ocr_carea' id='block_1_74' title="bbox 1962 1712 3550 1801">
    <p class='ocr_par' dir='ltr' id='par_1_74' title="bbox 1962 1712 3550 1801">
     <span class='ocr_line' id='line_1_74' title="bbox 1962 1712 3550 1801; baseline 0.001 -20"><span class='ocrx_word' id='word_1_515' title='bbox 1962 1738 2071 1791; x_wconf 86' lang='lat' dir='ltr'><strong>non</strong></span> <span class='ocrx_word' id='word_1_516' title='bbox 2099 1712 2370 1801; x_wconf 74' lang='lat' dir='ltr'><strong>superbia,</strong></span> <span class='ocrx_word' id='word_1_517' title='bbox 2405 1725 2499 1783; x_wconf 86' lang='lat' dir='ltr'><strong>sed</strong></span> <span class='ocrx_word' id='word_1_518' title='bbox 2525 1724 2829 1785; x_wconf 76' lang='lat' dir='ltr'><strong>humilitate</strong></span> <span class='ocrx_word' id='word_1_519' title='bbox 2850 1740 3207 1798; x_wconf 88' lang='lat' dir='ltr'><strong>prosequere;</strong></span> <span class='ocrx_word' id='word_1_520' title='bbox 3243 1735 3297 1782; x_wconf 90' lang='lat' dir='ltr'><strong>et</strong></span> <span class='ocrx_word' id='word_1_521' title='bbox 3315 1726 3550 1785; x_wconf 81' lang='lat' dir='ltr'><strong>maxime</strong></span> 
     </span>
    </p>
   </div>
   <div class='ocr_carea' id='block_1_75' title="bbox 1963 1808 3549 1895">
    <p class='ocr_par' dir='ltr' id='par_1_75' title="bbox 1963 1808 3549 1895">
     <span class='ocr_line' id='line_1_75' title="bbox 1963 1808 3549 1895; baseline 0.003 -27"><span class='ocrx_word' id='word_1_522' title='bbox 1963 1809 2021 1868; x_wconf 83' lang='lat' dir='ltr'><strong>in</strong></span> <span class='ocrx_word' id='word_1_523' title='bbox 2050 1829 2117 1869; x_wconf 89' lang='lat' dir='ltr'><strong>eo</strong></span> <span class='ocrx_word' id='word_1_524' title='bbox 2142 1808 2335 1895; x_wconf 80' lang='lat' dir='ltr'><strong>gaude,</strong></span> <span class='ocrx_word' id='word_1_525' title='bbox 2368 1815 2493 1886; x_wconf 84' lang='lat' dir='ltr'><strong>quia</strong></span> <span class='ocrx_word' id='word_1_526' title='bbox 2521 1815 2743 1873; x_wconf 90' lang='lat' dir='ltr'><strong>alterius</strong></span> <span class='ocrx_word' id='word_1_527' title='bbox 2768 1816 2941 1895; x_wconf 79' lang='lat' dir='ltr'><strong>noluit</strong></span> <span class='ocrx_word' id='word_1_528' title='bbox 2969 1826 3021 1879; x_wconf 84' lang='lat' dir='ltr'><strong>te</strong></span> <span class='ocrx_word' id='word_1_529' title='bbox 3047 1834 3167 1875; x_wconf 88' lang='lat' dir='ltr'><strong>esse</strong></span> <span class='ocrx_word' id='word_1_530' title='bbox 3187 1834 3462 1889; x_wconf 81' lang='lat' dir='ltr'><strong>sponsam,</strong></span> <span class='ocrx_word' id='word_1_531' title='bbox 3491 1818 3549 1873; x_wconf 90' lang='lat' dir='ltr'><strong>ni</strong></span> 
     </span>
    </p>
   </div>
   <div class='ocr_carea' id='block_1_76' title="bbox 1966 1893 3547 1981">
    <p class='ocr_par' dir='ltr' id='par_1_76' title="bbox 1966 1893 3547 1981">
     <span class='ocr_line' id='line_1_76' title="bbox 1966 1893 3547 1981; baseline 0.003 -22"><span class='ocrx_word' id='word_1_532' title='bbox 1966 1893 2150 1963; x_wconf 56' lang='lat' dir='ltr'><strong>suamf</strong></span> <span class='ocrx_word' id='word_1_533' title='bbox 2170 1903 2303 1975; x_wconf 71' lang='lat' dir='ltr'><strong>Quae</strong></span> <span class='ocrx_word' id='word_1_534' title='bbox 2329 1905 2425 1961; x_wconf 87' lang='lat' dir='ltr'><strong>tibi</strong></span> <span class='ocrx_word' id='word_1_535' title='bbox 2459 1904 2631 1979; x_wconf 81' lang='lat' dir='ltr'><strong>major</strong></span> <span class='ocrx_word' id='word_1_536' title='bbox 2657 1921 2777 1963; x_wconf 86' lang='lat' dir='ltr'><strong>esse</strong></span> <span class='ocrx_word' id='word_1_537' title='bbox 2807 1907 2976 1980; x_wconf 86' lang='lat' dir='ltr'><strong>gloria</strong></span> <span class='ocrx_word' id='word_1_538' title='bbox 3008 1910 3237 1981; x_wconf 90' lang='lat' dir='ltr'><strong>poterit,</strong></span> <span class='ocrx_word' id='word_1_539' title='bbox 3268 1910 3353 1969; x_wconf 87' lang='lat' dir='ltr'><strong>vel</strong></span> <span class='ocrx_word' id='word_1_540' title='bbox 3379 1910 3547 1969; x_wconf 85' lang='lat' dir='ltr'><strong>subli-</strong></span> 
     </span>
    </p>
   </div>
   <div class='ocr_carea' id='block_1_77' title="bbox 1964 1986 3551 2079">
    <p class='ocr_par' dir='ltr' id='par_1_77' title="bbox 1964 1986 3551 2079">
     <span class='ocr_line' id='line_1_77' title="bbox 1964 1986 3551 2079; baseline 0.004 -31"><span class='ocrx_word' id='word_1_541' title='bbox 1964 1994 2105 2049; x_wconf 91' lang='lat' dir='ltr'><strong>mior</strong></span> <span class='ocrx_word' id='word_1_542' title='bbox 2125 1990 2318 2063; x_wconf 85' lang='lat' dir='ltr'><strong>honor,</strong></span> <span class='ocrx_word' id='word_1_543' title='bbox 2345 2012 2506 2066; x_wconf 91' lang='lat' dir='ltr'><strong>quam</strong></span> <span class='ocrx_word' id='word_1_544' title='bbox 2529 1996 2646 2066; x_wconf 87' lang='lat' dir='ltr'><strong>ejus</strong></span> <span class='ocrx_word' id='word_1_545' title='bbox 2669 1997 2837 2070; x_wconf 80' lang='lat' dir='ltr'><strong>Regis</strong></span> <span class='ocrx_word' id='word_1_546' title='bbox 2859 2013 2980 2054; x_wconf 89' lang='lat' dir='ltr'><strong>esse</strong></span> <span class='ocrx_word' id='word_1_547' title='bbox 3002 1986 3253 2070; x_wconf 88' lang='lat' dir='ltr'><strong>sponsam</strong></span> <span class='ocrx_word' id='word_1_548' title='bbox 3276 2000 3368 2078; x_wconf 88' lang='lat' dir='ltr'><strong>qui</strong></span> <span class='ocrx_word' id='word_1_549' title='bbox 3389 2014 3551 2079; x_wconf 89' lang='lat' dir='ltr'><strong>super</strong></span> 
     </span>
    </p>
   </div>
   <div class='ocr_carea' id='block_1_78' title="bbox 1962 2088 3552 2169">
    <p class='ocr_par' dir='ltr' id='par_1_78' title="bbox 1962 2088 3552 2169">
     <span class='ocr_line' id='line_1_78' title="bbox 1962 2088 3552 2169; baseline 0.003 -28"><span class='ocrx_word' id='word_1_550' title='bbox 1962 2100 2152 2142; x_wconf 92' lang='lat' dir='ltr'><strong>omnes</strong></span> <span class='ocrx_word' id='word_1_551' title='bbox 2184 2100 2338 2157; x_wconf 87' lang='lat' dir='ltr'><strong>reges</strong></span> <span class='ocrx_word' id='word_1_552' title='bbox 2363 2093 2445 2141; x_wconf 91' lang='lat' dir='ltr'><strong>est</strong></span> <span class='ocrx_word' id='word_1_553' title='bbox 2471 2104 2483 2140; x_wconf 91' lang='lat'>:</span> <span class='ocrx_word' id='word_1_554' title='bbox 2516 2095 2571 2153; x_wconf 84' lang='lat' dir='ltr'><strong>et</strong></span> <span class='ocrx_word' id='word_1_555' title='bbox 2619 2096 2823 2158; x_wconf 86' lang='lat' dir='ltr'><strong>quanto</strong></span> <span class='ocrx_word' id='word_1_556' title='bbox 2854 2088 2943 2145; x_wconf 89' lang='lat' dir='ltr'><strong>ille</strong></span> <span class='ocrx_word' id='word_1_557' title='bbox 2973 2089 3303 2153; x_wconf 81' lang='lat' dir='ltr'><strong>sublimioris</strong></span> <span class='ocrx_word' id='word_1_558' title='bbox 3336 2098 3417 2147; x_wconf 89' lang='lat' dir='ltr'><strong>est</strong></span> <span class='ocrx_word' id='word_1_559' title='bbox 3454 2104 3552 2169; x_wconf 80' lang='lat' dir='ltr'><strong>po-</strong></span> 
     </span>
    </p>
   </div>
   <div class='ocr_carea' id='block_1_79' title="bbox 1965 2177 3554 2259">
    <p class='ocr_par' dir='ltr' id='par_1_79' title="bbox 1965 2177 3554 2259">
     <span class='ocr_line' id='line_1_79' title="bbox 1965 2177 3554 2259; baseline 0.004 -29"><span class='ocrx_word' id='word_1_560' title='bbox 1965 2177 2145 2232; x_wconf 71' lang='lat' dir='ltr'><strong>tentia:</strong></span> <span class='ocrx_word' id='word_1_561' title='bbox 2173 2178 2227 2231; x_wconf 92' lang='lat' dir='ltr'><strong>in</strong></span> <span class='ocrx_word' id='word_1_562' title='bbox 2255 2177 2478 2245; x_wconf 91' lang='lat' dir='ltr'><strong>virtute,</strong></span> <span class='ocrx_word' id='word_1_563' title='bbox 2507 2186 2659 2235; x_wconf 89' lang='lat' dir='ltr'><strong>tanto</strong></span> <span class='ocrx_word' id='word_1_564' title='bbox 2690 2186 2747 2234; x_wconf 90' lang='lat' dir='ltr'><strong>tu</strong></span> <span class='ocrx_word' id='word_1_565' title='bbox 2772 2178 2990 2259; x_wconf 77' lang='lat' dir='ltr'><strong>majoris</strong></span> <span class='ocrx_word' id='word_1_566' title='bbox 3017 2189 3134 2237; x_wconf 88' lang='lat' dir='ltr'><strong>esto</strong></span> <span class='ocrx_word' id='word_1_567' title='bbox 3172 2180 3460 2252; x_wconf 71' lang='lat' dir='ltr'><strong>diligentia:</strong></span> <span class='ocrx_word' id='word_1_568' title='bbox 3496 2181 3554 2237; x_wconf 88' lang='lat' dir='ltr'><strong>in</strong></span> 
     </span>
    </p>
   </div>
   <div class='ocr_carea' id='block_1_80' title="bbox 1964 2268 3553 2343">
    <p class='ocr_par' dir='ltr' id='par_1_80' title="bbox 1964 2268 3553 2343">
     <span class='ocr_line' id='line_1_80' title="bbox 1964 2268 3553 2343; baseline 0.004 -21"><span class='ocrx_word' id='word_1_569' title='bbox 1964 2268 2283 2333; x_wconf 90' lang='lat' dir='ltr'><strong>sanctitate;</strong></span> <span class='ocrx_word' id='word_1_570' title='bbox 2320 2270 2579 2326; x_wconf 88' lang='lat' dir='ltr'><strong>sanctitas</strong></span> <span class='ocrx_word' id='word_1_571' title='bbox 2609 2286 2737 2325; x_wconf 93' lang='lat' dir='ltr'><strong>vero</strong></span> <span class='ocrx_word' id='word_1_572' title='bbox 2772 2271 2826 2327; x_wconf 91' lang='lat' dir='ltr'><strong>in</strong></span> <span class='ocrx_word' id='word_1_573' title='bbox 2858 2270 3084 2343; x_wconf 85' lang='lat' dir='ltr'><strong>justitiae</strong></span> <span class='ocrx_word' id='word_1_574' title='bbox 3125 2273 3376 2343; x_wconf 84' lang='lat' dir='ltr'><strong>operibus</strong></span> <span class='ocrx_word' id='word_1_575' title='bbox 3420 2289 3553 2330; x_wconf 89' lang='lat' dir='ltr'><strong>con-</strong></span> 
     </span>
    </p>
   </div>
   <div class='ocr_carea' id='block_1_81' title="bbox 1965 2350 3555 2434">
    <p class='ocr_par' dir='ltr' id='par_1_81' title="bbox 1965 2350 3555 2434">
     <span class='ocr_line' id='line_1_81' title="bbox 1965 2350 3555 2434; baseline 0.004 -20"><span class='ocrx_word' id='word_1_576' title='bbox 1965 2367 2094 2425; x_wconf 89' lang='lat' dir='ltr'><strong>stat,</strong></span> <span class='ocrx_word' id='word_1_577' title='bbox 2114 2359 2326 2428; x_wconf 90' lang='lat' dir='ltr'><strong>justitia</strong></span> <span class='ocrx_word' id='word_1_578' title='bbox 2350 2378 2479 2416; x_wconf 90' lang='lat' dir='ltr'><strong>vero</strong></span> <span class='ocrx_word' id='word_1_579' title='bbox 2504 2364 2711 2419; x_wconf 88' lang='lat' dir='ltr'><strong>duobus</strong></span> <span class='ocrx_word' id='word_1_580' title='bbox 2734 2364 2906 2419; x_wconf 89' lang='lat' dir='ltr'><strong>modis</strong></span> <span class='ocrx_word' id='word_1_581' title='bbox 2936 2364 3204 2434; x_wconf 89' lang='lat' dir='ltr'><strong>impletur,</strong></span> <span class='ocrx_word' id='word_1_582' title='bbox 3234 2366 3338 2420; x_wconf 92' lang='lat' dir='ltr'><strong>hoc</strong></span> <span class='ocrx_word' id='word_1_583' title='bbox 3361 2350 3464 2431; x_wconf 86' lang='lat' dir='ltr'><strong>est,</strong></span> <span class='ocrx_word' id='word_1_584' title='bbox 3493 2373 3555 2420; x_wconf 90' lang='lat' dir='ltr'><strong>ut</strong></span> 
     </span>
    </p>
   </div>
   <div class='ocr_carea' id='block_1_82' title="bbox 1965 2452 3557 2527">
    <p class='ocr_par' dir='ltr' id='par_1_82' title="bbox 1965 2452 3557 2527">
     <span class='ocr_line' id='line_1_82' title="bbox 1965 2452 3557 2527; baseline 0.004 -23"><span class='ocrx_word' id='word_1_585' title='bbox 1965 2465 2087 2520; x_wconf 79' lang='lat' dir='ltr'><strong>quze</strong></span> <span class='ocrx_word' id='word_1_586' title='bbox 2103 2452 2375 2520; x_wconf 89' lang='lat' dir='ltr'><strong>prohibita</strong></span> <span class='ocrx_word' id='word_1_587' title='bbox 2399 2461 2524 2509; x_wconf 89' lang='lat' dir='ltr'><strong>sunt</strong></span> <span class='ocrx_word' id='word_1_588' title='bbox 2548 2469 2579 2508; x_wconf 91' lang='lat' dir='ltr'><strong>a</strong></span> <span class='ocrx_word' id='word_1_589' title='bbox 2607 2456 2737 2520; x_wconf 90' lang='lat' dir='ltr'><strong>Deo,</strong></span> <span class='ocrx_word' id='word_1_590' title='bbox 2761 2470 2869 2511; x_wconf 90' lang='lat' dir='ltr'><strong>non</strong></span> <span class='ocrx_word' id='word_1_591' title='bbox 2894 2454 3175 2523; x_wconf 81' lang='lat' dir='ltr'><strong>faciamus,</strong></span> <span class='ocrx_word' id='word_1_592' title='bbox 3198 2465 3254 2512; x_wconf 89' lang='lat' dir='ltr'><strong>et</strong></span> <span class='ocrx_word' id='word_1_593' title='bbox 3271 2472 3390 2527; x_wconf 81' lang='lat' dir='ltr'><strong>quae</strong></span> <span class='ocrx_word' id='word_1_594' title='bbox 3403 2454 3557 2527; x_wconf 90' lang='lat' dir='ltr'><strong>jussa</strong></span> 
     </span>
    </p>
   </div>
   <div class='ocr_carea' id='block_1_83' title="bbox 1966 2542 3559 2619">
    <p class='ocr_par' dir='ltr' id='par_1_83' title="bbox 1966 2542 3559 2619">
     <span class='ocr_line' id='line_1_83' title="bbox 1966 2542 3559 2619; baseline 0.003 -22"><span class='ocrx_word' id='word_1_595' title='bbox 1966 2553 2096 2599; x_wconf 90' lang='lat' dir='ltr'><strong>sunt</strong></span> <span class='ocrx_word' id='word_1_596' title='bbox 2124 2546 2193 2601; x_wconf 90' lang='lat' dir='ltr'><strong>ab</strong></span> <span class='ocrx_word' id='word_1_597' title='bbox 2224 2560 2323 2613; x_wconf 90' lang='lat' dir='ltr'><strong>eo,</strong></span> <span class='ocrx_word' id='word_1_598' title='bbox 2357 2543 2642 2617; x_wconf 84' lang='lat' dir='ltr'><strong>faciamus,</strong></span> <span class='ocrx_word' id='word_1_599' title='bbox 2685 2544 2839 2619; x_wconf 79' lang='lat' dir='ltr'><strong>juxta</strong></span> <span class='ocrx_word' id='word_1_600' title='bbox 2886 2547 3213 2618; x_wconf 76' lang='lat' dir='ltr'><strong>Prophetam</strong></span> <span class='ocrx_word' id='word_1_601' title='bbox 3246 2566 3259 2603; x_wconf 89' lang='lat'><strong>:</strong></span> <span class='ocrx_word' id='word_1_602' title='bbox 3290 2542 3494 2615; x_wconf 67' lang='lat' dir='ltr'><strong>Diverte</strong></span> <span class='ocrx_word' id='word_1_603' title='bbox 3524 2564 3559 2601; x_wconf 88' lang='lat' dir='ltr'><strong>a</strong></span> 
     </span>
    </p>
   </div>
   <div class='ocr_carea' id='block_1_84' title="bbox 1966 2634 3557 2712">
    <p class='ocr_par' dir='ltr' id='par_1_84' title="bbox 1966 2634 3557 2712">
     <span class='ocr_line' id='line_1_84' title="bbox 1966 2634 3557 2712; baseline 0.004 -21"><span class='ocrx_word' id='word_1_604' title='bbox 1966 2635 2109 2691; x_wconf 84' lang='lat' dir='ltr'><strong>malo</strong></span> <span class='ocrx_word' id='word_1_605' title='bbox 2155 2645 2202 2692; x_wconf 86' lang='lat' dir='ltr'><strong>et</strong></span> <span class='ocrx_word' id='word_1_606' title='bbox 2241 2637 2327 2708; x_wconf 76' lang='lat' dir='ltr'><strong>{ac</strong></span> <span class='ocrx_word' id='word_1_607' title='bbox 2349 2636 2540 2703; x_wconf 78' lang='lat' dir='ltr'><strong>bonum</strong></span> <span class='ocrx_word' id='word_1_608' title='bbox 2586 2634 2816 2711; x_wconf 73' lang='lat' dir='ltr'><strong>(Psalm.</strong></span> <span class='ocrx_word' id='word_1_609' title='bbox 2859 2655 3069 2707; x_wconf 66' lang='lat' dir='ltr'><strong>xxxut,</strong></span> <span class='ocrx_word' id='word_1_610' title='bbox 3100 2638 3209 2712; x_wconf 82' lang='lat' dir='ltr'><strong>l5).</strong></span> <span class='ocrx_word' id='word_1_611' title='bbox 3248 2639 3325 2703; x_wconf 84' lang='lat' dir='ltr'><strong>De</strong></span> <span class='ocrx_word' id='word_1_612' title='bbox 3362 2640 3557 2710; x_wconf 83' lang='lat' dir='ltr'><strong>quibus</strong></span> 
     </span>
    </p>
   </div>
   <div class='ocr_carea' id='block_1_85' title="bbox 1966 2728 3554 2805">
    <p class='ocr_par' dir='ltr' id='par_1_85' title="bbox 1966 2728 3554 2805">
     <span class='ocr_line' id='line_1_85' title="bbox 1966 2728 3554 2805; baseline 0.003 -23"><span class='ocrx_word' id='word_1_613' title='bbox 1966 2728 2253 2796; x_wconf 76' lang='lat' dir='ltr'><strong>sapientia:</strong></span> <span class='ocrx_word' id='word_1_614' title='bbox 2281 2735 2478 2785; x_wconf 68' lang='lat' dir='ltr'><strong>vestrae</strong></span> <span class='ocrx_word' id='word_1_615' title='bbox 2504 2744 2592 2783; x_wconf 89' lang='lat' dir='ltr'><strong>me</strong></span> <span class='ocrx_word' id='word_1_616' title='bbox 2619 2729 2861 2784; x_wconf 86' lang='lat' dir='ltr'><strong>scribere</strong></span> <span class='ocrx_word' id='word_1_617' title='bbox 2884 2744 3276 2805; x_wconf 87' lang='lat' dir='ltr'><strong>supervacuum</strong></span> <span class='ocrx_word' id='word_1_618' title='bbox 3303 2730 3515 2787; x_wconf 62' lang='lat' dir='ltr'><strong>aestimo</strong></span> <span class='ocrx_word' id='word_1_619' title='bbox 3537 2770 3554 2795; x_wconf 95' lang='lat'><strong>,</strong></span> 
     </span>
    </p>
   </div>
   <div class='ocr_carea' id='block_1_86' title="bbox 1966 2818 3559 2893">
    <p class='ocr_par' dir='ltr' id='par_1_86' title="bbox 1966 2818 3559 2893">
     <span class='ocr_line' id='line_1_86' title="bbox 1966 2818 3559 2893; baseline 0.002 -20"><span class='ocrx_word' id='word_1_620' title='bbox 1966 2819 2093 2890; x_wconf 92' lang='lat' dir='ltr'><strong>quia</strong></span> <span class='ocrx_word' id='word_1_621' title='bbox 2124 2818 2178 2873; x_wconf 91' lang='lat' dir='ltr'><strong>in</strong></span> <span class='ocrx_word' id='word_1_622' title='bbox 2208 2819 2456 2889; x_wconf 90' lang='lat' dir='ltr'><strong>utrisque</strong></span> <span class='ocrx_word' id='word_1_623' title='bbox 2479 2819 2547 2874; x_wconf 91' lang='lat' dir='ltr'><strong>ab</strong></span> <span class='ocrx_word' id='word_1_624' title='bbox 2573 2818 2792 2890; x_wconf 90' lang='lat' dir='ltr'><strong>optimis</strong></span> <span class='ocrx_word' id='word_1_625' title='bbox 2820 2835 2883 2875; x_wconf 91' lang='lat' dir='ltr'><strong>ac</strong></span> <span class='ocrx_word' id='word_1_626' title='bbox 2907 2818 3260 2893; x_wconf 84' lang='lat' dir='ltr'><strong>nobilissimis</strong></span> <span class='ocrx_word' id='word_1_627' title='bbox 3282 2818 3559 2889; x_wconf 81' lang='lat' dir='ltr'><strong>magistris</strong></span> 
     </span>
    </p>
   </div>
   <div class='ocr_carea' id='block_1_87' title="bbox 1967 2909 3559 2983">
    <p class='ocr_par' dir='ltr' id='par_1_87' title="bbox 1967 2909 3559 2983">
     <span class='ocr_line' id='line_1_87' title="bbox 1967 2909 3559 2983; baseline 0 -19"><span class='ocrx_word' id='word_1_628' title='bbox 1967 2924 2000 2964; x_wconf 87' lang='lat' dir='ltr'><strong>a</strong></span> <span class='ocrx_word' id='word_1_629' title='bbox 2027 2910 2203 2980; x_wconf 86' lang='lat' dir='ltr'><strong>prima</strong></span> <span class='ocrx_word' id='word_1_630' title='bbox 2245 2918 2405 2979; x_wconf 65' lang='lat' dir='ltr'><strong>aetate</strong></span> <span class='ocrx_word' id='word_1_631' title='bbox 2434 2910 2795 2981; x_wconf 85' lang='lat' dir='ltr'><strong>abundantius</strong></span> <span class='ocrx_word' id='word_1_632' title='bbox 2837 2910 3042 2967; x_wconf 88' lang='lat' dir='ltr'><strong>imbuta</strong></span> <span class='ocrx_word' id='word_1_633' title='bbox 3070 2925 3163 2977; x_wconf 88' lang='lat' dir='ltr'><strong>es,</strong></span> <span class='ocrx_word' id='word_1_634' title='bbox 3193 2917 3248 2983; x_wconf 75' lang='lat' dir='ltr'><strong>et</strong></span> <span class='ocrx_word' id='word_1_635' title='bbox 3284 2909 3559 2965; x_wconf 86' lang='lat' dir='ltr'><strong>excellens</strong></span> 
     </span>
    </p>
   </div>
   <div class='ocr_carea' id='block_1_88' title="bbox 1967 2990 3555 3076">
    <p class='ocr_par' dir='ltr' id='par_1_88' title="bbox 1967 2990 3555 3076">
     <span class='ocr_line' id='line_1_88' title="bbox 1967 2990 3555 3076; baseline 0.001 -19"><span class='ocrx_word' id='word_1_636' title='bbox 1967 3004 2321 3076; x_wconf 80' lang='lat' dir='ltr'><strong>naturaleque</strong></span> <span class='ocrx_word' id='word_1_637' title='bbox 2364 2990 2530 3063; x_wconf 85' lang='lat' dir='ltr'><strong>animi</strong></span> <span class='ocrx_word' id='word_1_638' title='bbox 2574 3004 2651 3065; x_wconf 90' lang='lat' dir='ltr'><strong>tui</strong></span> <span class='ocrx_word' id='word_1_639' title='bbox 2692 3003 2964 3075; x_wconf 88' lang='lat' dir='ltr'><strong>ingenium</strong></span> <span class='ocrx_word' id='word_1_640' title='bbox 3015 3010 3067 3061; x_wconf 83' lang='lat' dir='ltr'><strong>te</strong></span> <span class='ocrx_word' id='word_1_641' title='bbox 3112 3002 3311 3073; x_wconf 87' lang='lat' dir='ltr'><strong>ubique</strong></span> <span class='ocrx_word' id='word_1_642' title='bbox 3367 3002 3555 3070; x_wconf 88' lang='lat' dir='ltr'><strong>docet;</strong></span> 
     </span>
    </p>
   </div>
   <div class='ocr_carea' id='block_1_89' title="bbox 1968 3093 3557 3164">
    <p class='ocr_par' dir='ltr' id='par_1_89' title="bbox 1968 3093 3557 3164">
     <span class='ocr_line' id='line_1_89' title="bbox 1968 3093 3557 3164; baseline -0.001 -13"><span class='ocrx_word' id='word_1_643' title='bbox 1968 3095 2190 3164; x_wconf 90' lang='lat' dir='ltr'><strong>insuper</strong></span> <span class='ocrx_word' id='word_1_644' title='bbox 2212 3094 2389 3150; x_wconf 85' lang='lat' dir='ltr'><strong>omnis</strong></span> <span class='ocrx_word' id='word_1_645' title='bbox 2418 3103 2726 3151; x_wconf 83' lang='lat' dir='ltr'><strong>sanctorum</strong></span> <span class='ocrx_word' id='word_1_646' title='bbox 2755 3095 3015 3150; x_wconf 90' lang='lat' dir='ltr'><strong>librorum</strong></span> <span class='ocrx_word' id='word_1_647' title='bbox 3049 3093 3221 3150; x_wconf 90' lang='lat' dir='ltr'><strong>series</strong></span> <span class='ocrx_word' id='word_1_648' title='bbox 3248 3094 3352 3149; x_wconf 90' lang='lat' dir='ltr'><strong>hoc</strong></span> <span class='ocrx_word' id='word_1_649' title='bbox 3380 3096 3557 3151; x_wconf 85' lang='lat' dir='ltr'><strong>maxi-</strong></span> 
     </span>
    </p>
   </div>
   <div class='ocr_carea' id='block_1_90' title="bbox 1971 3184 3551 3256">
    <p class='ocr_par' dir='ltr' id='par_1_90' title="bbox 1971 3184 3551 3256">
     <span class='ocr_line' id='line_1_90' title="bbox 1971 3184 3551 3256; baseline -0.001 -15"><span class='ocrx_word' id='word_1_650' title='bbox 1971 3199 2059 3241; x_wconf 91' lang='lat' dir='ltr'><strong>me</strong></span> <span class='ocrx_word' id='word_1_651' title='bbox 2085 3186 2305 3241; x_wconf 88' lang='lat' dir='ltr'><strong>auribus</strong></span> <span class='ocrx_word' id='word_1_652' title='bbox 2336 3186 2441 3241; x_wconf 88' lang='lat' dir='ltr'><strong>tuis</strong></span> <span class='ocrx_word' id='word_1_653' title='bbox 2470 3184 2700 3251; x_wconf 89' lang='lat' dir='ltr'><strong>indicat,</strong></span> <span class='ocrx_word' id='word_1_654' title='bbox 2733 3186 2929 3240; x_wconf 90' lang='lat' dir='ltr'><strong>iterum</strong></span> <span class='ocrx_word' id='word_1_655' title='bbox 2958 3185 3264 3256; x_wconf 89' lang='lat' dir='ltr'><strong>iterumque</strong></span> <span class='ocrx_word' id='word_1_656' title='bbox 3294 3184 3551 3256; x_wconf 87' lang='lat' dir='ltr'><strong>replicat,</strong></span> 
     </span>
    </p>
   </div>
   <div class='ocr_carea' id='block_1_91' title="bbox 1936 3268 3561 3359">
    <p class='ocr_par' dir='ltr' id='par_1_91' title="bbox 1936 3268 3561 3359">
     <span class='ocr_line' id='line_1_91' title="bbox 1936 3268 3561 3359; baseline 0.001 -24"><span class='ocrx_word' id='word_1_657' title='bbox 1936 3268 1942 3359; x_wconf 60' lang='grc' dir='ltr'><strong>ξ</strong></span> <span class='ocrx_word' id='word_1_658' title='bbox 1973 3280 2103 3353; x_wconf 90' lang='lat' dir='ltr'><strong>quid</strong></span> <span class='ocrx_word' id='word_1_659' title='bbox 2134 3280 2205 3343; x_wconf 85' lang='lat' dir='ltr'><strong>sit</strong></span> <span class='ocrx_word' id='word_1_660' title='bbox 2230 3281 2379 3351; x_wconf 87' lang='lat' dir='ltr'><strong>omni</strong></span> <span class='ocrx_word' id='word_1_661' title='bbox 2408 3280 2614 3354; x_wconf 79' lang='lat' dir='ltr'><strong>homini</strong></span> <span class='ocrx_word' id='word_1_662' title='bbox 2653 3268 2950 3349; x_wconf 78' lang='lat' dir='ltr'><strong>cavendum</strong></span> <span class='ocrx_word' id='word_1_663' title='bbox 2984 3281 3071 3338; x_wconf 86' lang='lat' dir='ltr'><strong>vel</strong></span> <span class='ocrx_word' id='word_1_664' title='bbox 3113 3282 3463 3352; x_wconf 86' lang='lat' dir='ltr'><strong>sequendum,</strong></span> <span class='ocrx_word' id='word_1_665' title='bbox 3504 3281 3561 3337; x_wconf 90' lang='lat' dir='ltr'><strong>in</strong></span> 
     </span>
    </p>
   </div>
   <div class='ocr_carea' id='block_1_92' title="bbox 1972 3371 3562 3443">
    <p class='ocr_par' dir='ltr' id='par_1_92' title="bbox 1972 3371 3562 3443">
     <span class='ocr_line' id='line_1_92' title="bbox 1972 3371 3562 3443; baseline 0.001 -18"><span class='ocrx_word' id='word_1_666' title='bbox 1972 3386 2202 3441; x_wconf 89' lang='lat' dir='ltr'><strong>quorum</strong></span> <span class='ocrx_word' id='word_1_667' title='bbox 2219 3371 2447 3426; x_wconf 91' lang='lat' dir='ltr'><strong>lectione</strong></span> <span class='ocrx_word' id='word_1_668' title='bbox 2461 3380 2514 3427; x_wconf 89' lang='lat' dir='ltr'><strong>te</strong></span> <span class='ocrx_word' id='word_1_669' title='bbox 2526 3372 2695 3442; x_wconf 89' lang='lat' dir='ltr'><strong>ipsam</strong></span> <span class='ocrx_word' id='word_1_670' title='bbox 2712 3372 3196 3442; x_wconf 83' lang='lat' dir='ltr'><strong>exerce,’quoniam</strong></span> <span class='ocrx_word' id='word_1_671' title='bbox 3214 3387 3312 3443; x_wconf 87' lang='lat' dir='ltr'><strong>per</strong></span> <span class='ocrx_word' id='word_1_672' title='bbox 3331 3371 3452 3428; x_wconf 90' lang='lat' dir='ltr'><strong>illos</strong></span> <span class='ocrx_word' id='word_1_673' title='bbox 3462 3372 3562 3427; x_wconf 91' lang='lat' dir='ltr'><strong>tibi</strong></span> 
     </span>
    </p>
   </div>
   <div class='ocr_carea' id='block_1_93' title="bbox 1972 3456 3563 3535">
    <p class='ocr_par' dir='ltr' id='par_1_93' title="bbox 1972 3456 3563 3535">
     <span class='ocr_line' id='line_1_93' title="bbox 1972 3456 3563 3535; baseline -0.001 -19"><span class='ocrx_word' id='word_1_674' title='bbox 1972 3461 2214 3532; x_wconf 89' lang='lat' dir='ltr'><strong>loquitur</strong></span> <span class='ocrx_word' id='word_1_675' title='bbox 2242 3463 2356 3533; x_wconf 89' lang='lat' dir='ltr'><strong>ipse</strong></span> <span class='ocrx_word' id='word_1_676' title='bbox 2384 3462 2527 3519; x_wconf 89' lang='lat' dir='ltr'><strong>Deus</strong></span> <span class='ocrx_word' id='word_1_677' title='bbox 2554 3471 2609 3519; x_wconf 88' lang='lat' dir='ltr'><strong>et</strong></span> <span class='ocrx_word' id='word_1_678' title='bbox 2638 3456 2896 3533; x_wconf 87' lang='lat' dir='ltr'><strong>Dominus</strong></span> <span class='ocrx_word' id='word_1_679' title='bbox 2929 3471 3128 3529; x_wconf 89' lang='lat' dir='ltr'><strong>noster,</strong></span> <span class='ocrx_word' id='word_1_680' title='bbox 3157 3469 3211 3518; x_wconf 90' lang='lat' dir='ltr'><strong>et</strong></span> <span class='ocrx_word' id='word_1_681' title='bbox 3236 3462 3340 3535; x_wconf 77' lang='lat' dir='ltr'><strong>pice</strong></span> <span class='ocrx_word' id='word_1_682' title='bbox 3373 3462 3563 3525; x_wconf 82' lang='lat' dir='ltr'><strong>volun-</strong></span> 
     </span>
    </p>
   </div>
   <div class='ocr_carea' id='block_1_94' title="bbox 1974 3538 3637 3624">
    <p class='ocr_par' dir='ltr' id='par_1_94' title="bbox 1974 3538 3637 3624">
     <span class='ocr_line' id='line_1_94' title="bbox 1974 3538 3637 3624; baseline 0 -17"><span class='ocrx_word' id='word_1_683' title='bbox 1974 3553 2100 3607; x_wconf 90' lang='lat' dir='ltr'><strong>tatis</strong></span> <span class='ocrx_word' id='word_1_684' title='bbox 2128 3552 2225 3608; x_wconf 91' lang='lat' dir='ltr'><strong>tibi</strong></span> <span class='ocrx_word' id='word_1_685' title='bbox 2262 3554 2598 3608; x_wconf 89' lang='lat' dir='ltr'><strong>demonstrat</strong></span> <span class='ocrx_word' id='word_1_686' title='bbox 2624 3549 2896 3607; x_wconf 83' lang='lat' dir='ltr'><strong>eﬂ&#39;ectum.</strong></span> <span class='ocrx_word' id='word_1_687' title='bbox 2919 3538 3266 3624; x_wconf 81' lang='lat' dir='ltr'><strong>Recognosce</strong></span> <span class='ocrx_word' id='word_1_688' title='bbox 3298 3560 3353 3607; x_wconf 91' lang='lat' dir='ltr'><strong>et</strong></span> <span class='ocrx_word' id='word_1_689' title='bbox 3382 3552 3561 3624; x_wconf 89' lang='lat' dir='ltr'><strong>cogita</strong></span> <span class='ocrx_word' id='word_1_690' title='bbox 3634 3588 3637 3591; x_wconf 59' lang='grc' dir='ltr'>η</span> 
     </span>
    </p>
   </div>
   <div class='ocr_carea' id='block_1_95' title="bbox 1972 3632 3557 3717">
    <p class='ocr_par' dir='ltr' id='par_1_95' title="bbox 1972 3632 3557 3717">
     <span class='ocr_line' id='line_1_95' title="bbox 1972 3632 3557 3717; baseline 0.002 -18"><span class='ocrx_word' id='word_1_691' title='bbox 1972 3646 2119 3716; x_wconf 87' lang='lat' dir='ltr'><strong>quali</strong></span> <span class='ocrx_word' id='word_1_692' title='bbox 2139 3646 2344 3701; x_wconf 91' lang='lat' dir='ltr'><strong>honore</strong></span> <span class='ocrx_word' id='word_1_693' title='bbox 2378 3646 2535 3702; x_wconf 86' lang='lat' dir='ltr'><strong>nobis</strong></span> <span class='ocrx_word' id='word_1_694' title='bbox 2562 3645 2708 3703; x_wconf 92' lang='lat' dir='ltr'><strong>illius</strong></span> <span class='ocrx_word' id='word_1_695' title='bbox 2733 3644 2930 3717; x_wconf 83' lang='lat' dir='ltr'><strong>legatio</strong></span> <span class='ocrx_word' id='word_1_696' title='bbox 2954 3642 3024 3702; x_wconf 89' lang='lat' dir='ltr'><strong>sit</strong></span> <span class='ocrx_word' id='word_1_697' title='bbox 3050 3646 3395 3702; x_wconf 69' lang='lat' dir='ltr'><strong>aestimanda:</strong></span> <span class='ocrx_word' id='word_1_698' title='bbox 3425 3632 3557 3716; x_wconf 86' lang='lat' dir='ltr'><strong>quid</strong></span> 
     </span>
    </p>
   </div>
   <div class='ocr_carea' id='block_1_96' title="bbox 1973 3728 3561 3809">
    <p class='ocr_par' dir='ltr' id='par_1_96' title="bbox 1973 3728 3561 3809">
     <span class='ocr_line' id='line_1_96' title="bbox 1973 3728 3561 3809; baseline -0.001 -14"><span class='ocrx_word' id='word_1_699' title='bbox 1973 3738 2019 3795; x_wconf 89' lang='lat' dir='ltr'><strong>si</strong></span> <span class='ocrx_word' id='word_1_700' title='bbox 2049 3752 2079 3803; x_wconf 78' lang='lat' dir='ltr'><strong>a</strong></span> <span class='ocrx_word' id='word_1_701' title='bbox 2109 3754 2236 3809; x_wconf 80' lang='lat' dir='ltr'><strong>rege</strong></span> <span class='ocrx_word' id='word_1_702' title='bbox 2260 3737 2457 3808; x_wconf 79' lang='lat' dir='ltr'><strong>legatio</strong></span> <span class='ocrx_word' id='word_1_703' title='bbox 2492 3746 2549 3795; x_wconf 89' lang='lat' dir='ltr'><strong>et</strong></span> <span class='ocrx_word' id='word_1_704' title='bbox 2573 3738 2842 3797; x_wconf 87' lang='lat' dir='ltr'><strong>indiculus</strong></span> <span class='ocrx_word' id='word_1_705' title='bbox 2868 3738 2936 3795; x_wconf 89' lang='lat' dir='ltr'><strong>ad</strong></span> <span class='ocrx_word' id='word_1_706' title='bbox 2962 3728 3036 3794; x_wconf 77' lang='lat' dir='ltr'><strong>te</strong></span> <span class='ocrx_word' id='word_1_707' title='bbox 3074 3738 3282 3803; x_wconf 90' lang='lat' dir='ltr'><strong>veniet,</strong></span> <span class='ocrx_word' id='word_1_708' title='bbox 3315 3738 3561 3808; x_wconf 90' lang='lat' dir='ltr'><strong>nunquid</strong></span> 
     </span>
    </p>
   </div>
   <div class='ocr_carea' id='block_1_97' title="bbox 1972 3831 3559 3905">
    <p class='ocr_par' dir='ltr' id='par_1_97' title="bbox 1972 3831 3559 3905">
     <span class='ocr_line' id='line_1_97' title="bbox 1972 3831 3559 3905; baseline -0.003 -16"><span class='ocrx_word' id='word_1_709' title='bbox 1972 3847 2081 3889; x_wconf 88' lang='lat' dir='ltr'><strong>non</strong></span> <span class='ocrx_word' id='word_1_710' title='bbox 2109 3847 2234 3887; x_wconf 86' lang='lat' dir='ltr'><strong>mox</strong></span> <span class='ocrx_word' id='word_1_711' title='bbox 2257 3832 2379 3889; x_wconf 87' lang='lat' dir='ltr'><strong>aliis</strong></span> <span class='ocrx_word' id='word_1_712' title='bbox 2408 3832 2553 3899; x_wconf 81' lang='lat' dir='ltr'><strong>curis</strong></span> <span class='ocrx_word' id='word_1_713' title='bbox 2577 3833 2893 3905; x_wconf 86' lang='lat' dir='ltr'><strong>postpositis</strong></span> <span class='ocrx_word' id='word_1_714' title='bbox 2914 3839 3160 3902; x_wconf 88' lang='lat' dir='ltr'><strong>prompta</strong></span> <span class='ocrx_word' id='word_1_715' title='bbox 3185 3838 3239 3886; x_wconf 91' lang='lat' dir='ltr'><strong>et</strong></span> <span class='ocrx_word' id='word_1_716' title='bbox 3260 3846 3385 3886; x_wconf 90' lang='lat' dir='ltr'><strong>cum</strong></span> <span class='ocrx_word' id='word_1_717' title='bbox 3408 3831 3559 3887; x_wconf 90' lang='lat' dir='ltr'><strong>omni</strong></span> 
     </span>
    </p>
   </div>
   <div class='ocr_carea' id='block_1_98' title="bbox 1974 3921 3562 3999">
    <p class='ocr_par' dir='ltr' id='par_1_98' title="bbox 1974 3921 3562 3999">
     <span class='ocr_line' id='line_1_98' title="bbox 1974 3921 3562 3999; baseline -0.001 -20"><span class='ocrx_word' id='word_1_718' title='bbox 1974 3924 2257 3999; x_wconf 83' lang='lat' dir='ltr'><strong>devotione</strong></span> <span class='ocrx_word' id='word_1_719' title='bbox 2285 3924 2400 3994; x_wconf 85' lang='lat' dir='ltr'><strong>ejus</strong></span> <span class='ocrx_word' id='word_1_720' title='bbox 2429 3925 2640 3979; x_wconf 89' lang='lat' dir='ltr'><strong>litteras</strong></span> <span class='ocrx_word' id='word_1_721' title='bbox 2668 3924 2867 3994; x_wconf 88' lang='lat' dir='ltr'><strong>accipis</strong></span> <span class='ocrx_word' id='word_1_722' title='bbox 2893 3931 2947 3976; x_wconf 89' lang='lat' dir='ltr'><strong>et</strong></span> <span class='ocrx_word' id='word_1_723' title='bbox 2972 3922 3201 3993; x_wconf 89' lang='lat' dir='ltr'><strong>legis,et</strong></span> <span class='ocrx_word' id='word_1_724' title='bbox 3222 3921 3445 3992; x_wconf 89' lang='lat' dir='ltr'><strong>implere</strong></span> <span class='ocrx_word' id='word_1_725' title='bbox 3474 3937 3562 3977; x_wconf 89' lang='lat' dir='ltr'><strong>sa-</strong></span> 
     </span>
    </p>
   </div>
   <div class='ocr_carea' id='block_1_99' title="bbox 1976 4012 3561 4085">
    <p class='ocr_par' dir='ltr' id='par_1_99' title="bbox 1976 4012 3561 4085">
     <span class='ocr_line' id='line_1_99' title="bbox 1976 4012 3561 4085; baseline -0.002 -14"><span class='ocrx_word' id='word_1_726' title='bbox 1976 4016 2160 4085; x_wconf 86' lang='lat' dir='ltr'><strong>tages?</strong></span> <span class='ocrx_word' id='word_1_727' title='bbox 2183 4016 2323 4071; x_wconf 90' lang='lat' dir='ltr'><strong>Ecce</strong></span> <span class='ocrx_word' id='word_1_728' title='bbox 2347 4016 2414 4070; x_wconf 91' lang='lat' dir='ltr'><strong>de</strong></span> <span class='ocrx_word' id='word_1_729' title='bbox 2441 4015 2579 4070; x_wconf 91' lang='lat' dir='ltr'><strong>coelo</strong></span> <span class='ocrx_word' id='word_1_730' title='bbox 2606 4029 2701 4069; x_wconf 86' lang='lat' dir='ltr'><strong>rex</strong></span> <span class='ocrx_word' id='word_1_731' title='bbox 2724 4029 2933 4084; x_wconf 82' lang='lat' dir='ltr'><strong>regum,</strong></span> <span class='ocrx_word' id='word_1_732' title='bbox 2963 4013 3071 4068; x_wconf 92' lang='lat' dir='ltr'><strong>imo</strong></span> <span class='ocrx_word' id='word_1_733' title='bbox 3091 4019 3147 4067; x_wconf 91' lang='lat' dir='ltr'><strong>et</strong></span> <span class='ocrx_word' id='word_1_734' title='bbox 3171 4012 3415 4081; x_wconf 86' lang='lat' dir='ltr'><strong>Sponsus</strong></span> <span class='ocrx_word' id='word_1_735' title='bbox 3432 4020 3561 4068; x_wconf 89' lang='lat' dir='ltr'><strong>tuus</strong></span> 
     </span>
    </p>
   </div>
   <div class='ocr_carea' id='block_1_100' title="bbox 1973 4103 3560 4180">
    <p class='ocr_par' dir='ltr' id='par_1_100' title="bbox 1973 4103 3560 4180">
     <span class='ocr_line' id='line_1_100' title="bbox 1973 4103 3560 4180; baseline -0.003 -16"><span class='ocrx_word' id='word_1_736' title='bbox 1973 4125 2073 4180; x_wconf 86' lang='lat' dir='ltr'><strong>per</strong></span> <span class='ocrx_word' id='word_1_737' title='bbox 2090 4109 2401 4178; x_wconf 81' lang='lat' dir='ltr'><strong>prophetas,</strong></span> <span class='ocrx_word' id='word_1_738' title='bbox 2429 4105 2724 4179; x_wconf 73' lang='lat' dir='ltr'><strong>apostolos,</strong></span> <span class='ocrx_word' id='word_1_739' title='bbox 2745 4106 2994 4171; x_wconf 82' lang='lat' dir='ltr'><strong>doctores</strong></span> <span class='ocrx_word' id='word_1_740' title='bbox 3020 4103 3175 4175; x_wconf 52' lang='lat' dir='ltr'><strong>[MM</strong></span> <span class='ocrx_word' id='word_1_741' title='bbox 3194 4103 3560 4174; x_wconf 66' lang='lat' dir='ltr'><strong>apostolorum</strong></span> 
     </span>
    </p>
   </div>
   <div class='ocr_carea' id='block_1_101' title="bbox 1974 4196 3563 4277">
    <p class='ocr_par' dir='ltr' id='par_1_101' title="bbox 1974 4196 3563 4277">
     <span class='ocr_line' id='line_1_101' title="bbox 1974 4196 3563 4277; baseline -0.003 -20"><span class='ocrx_word' id='word_1_742' title='bbox 1974 4200 2247 4273; x_wconf 88' lang='lat' dir='ltr'><strong>doctores]</strong></span> <span class='ocrx_word' id='word_1_743' title='bbox 2272 4200 2391 4265; x_wconf 89' lang='lat' dir='ltr'><strong>tibi,</strong></span> <span class='ocrx_word' id='word_1_744' title='bbox 2422 4215 2455 4256; x_wconf 95' lang='lat' dir='ltr'><strong>o</strong></span> <span class='ocrx_word' id='word_1_745' title='bbox 2481 4199 2651 4270; x_wconf 86' lang='lat' dir='ltr'><strong>virgo,</strong></span> <span class='ocrx_word' id='word_1_746' title='bbox 2683 4197 2932 4268; x_wconf 86' lang='lat' dir='ltr'><strong>dignatus</strong></span> <span class='ocrx_word' id='word_1_747' title='bbox 2964 4204 3048 4252; x_wconf 91' lang='lat' dir='ltr'><strong>est</strong></span> <span class='ocrx_word' id='word_1_748' title='bbox 3076 4196 3307 4277; x_wconf 77' lang='lat' dir='ltr'><strong>dirigere</strong></span> <span class='ocrx_word' id='word_1_749' title='bbox 3351 4196 3563 4257; x_wconf 80' lang='lat' dir='ltr'><strong>litteras</strong></span> 
     </span>
    </p>
   </div>
   <div class='ocr_carea' id='block_1_102' title="bbox 1975 4278 3559 4363">
    <p class='ocr_par' dir='ltr' id='par_1_102' title="bbox 1975 4278 3559 4363">
     <span class='ocr_line' id='line_1_102' title="bbox 1975 4278 3559 4363; baseline -0.002 -18"><span class='ocrx_word' id='word_1_750' title='bbox 1975 4304 2117 4357; x_wconf 82' lang='lat' dir='ltr'><strong>suas,</strong></span> <span class='ocrx_word' id='word_1_751' title='bbox 2148 4305 2254 4359; x_wconf 81' lang='lat' dir='ltr'><strong>non</strong></span> <span class='ocrx_word' id='word_1_752' title='bbox 2280 4298 2340 4345; x_wconf 91' lang='lat' dir='ltr'><strong>ut</strong></span> <span class='ocrx_word' id='word_1_753' title='bbox 2376 4278 2593 4362; x_wconf 73' lang='lat' dir='ltr'><strong>aliquod</strong></span> <span class='ocrx_word' id='word_1_754' title='bbox 2620 4286 2902 4363; x_wconf 80' lang='lat' dir='ltr'><strong>servitium</strong></span> <span class='ocrx_word' id='word_1_755' title='bbox 2927 4286 3031 4359; x_wconf 65' lang='lat' dir='ltr'><strong>sibi</strong></span> <span class='ocrx_word' id='word_1_756' title='bbox 3055 4286 3425 4357; x_wconf 68' lang='lat' dir='ltr'><strong>necessarium</strong></span> <span class='ocrx_word' id='word_1_757' title='bbox 3461 4287 3559 4342; x_wconf 88' lang='lat' dir='ltr'><strong>de-</strong></span> 
     </span>
    </p>
   </div>
   <div class='ocr_carea' id='block_1_103' title="bbox 1976 4368 3561 4452">
    <p class='ocr_par' dir='ltr' id='par_1_103' title="bbox 1976 4368 3561 4452">
     <span class='ocr_line' id='line_1_103' title="bbox 1976 4368 3561 4452; baseline -0.002 -16"><span class='ocrx_word' id='word_1_758' title='bbox 1976 4368 2320 4448; x_wconf 85' lang='lat' dir='ltr'><strong>mandasset,</strong></span> <span class='ocrx_word' id='word_1_759' title='bbox 2371 4381 2465 4437; x_wconf 89' lang='lat' dir='ltr'><strong>sed</strong></span> <span class='ocrx_word' id='word_1_760' title='bbox 2518 4395 2639 4452; x_wconf 68' lang='lat' dir='ltr'><strong>qua:</strong></span> <span class='ocrx_word' id='word_1_761' title='bbox 2688 4380 2756 4435; x_wconf 88' lang='lat' dir='ltr'><strong>ad</strong></span> <span class='ocrx_word' id='word_1_762' title='bbox 2802 4378 3028 4434; x_wconf 90' lang='lat' dir='ltr'><strong>salutem</strong></span> <span class='ocrx_word' id='word_1_763' title='bbox 3081 4385 3136 4433; x_wconf 88' lang='lat' dir='ltr'><strong>et</strong></span> <span class='ocrx_word' id='word_1_764' title='bbox 3189 4376 3412 4451; x_wconf 76' lang='lat' dir='ltr'><strong>gloriam</strong></span> <span class='ocrx_word' id='word_1_765' title='bbox 3463 4374 3561 4433; x_wconf 87' lang='lat' dir='ltr'><strong>tibi</strong></span> 
     </span>
    </p>
   </div>
   <div class='ocr_carea' id='block_1_104' title="bbox 1975 4460 3563 4553">
    <p class='ocr_par' dir='ltr' id='par_1_104' title="bbox 1975 4460 3563 4553">
     <span class='ocr_line' id='line_1_104' title="bbox 1975 4460 3563 4553; baseline -0.004 -22"><span class='ocrx_word' id='word_1_766' title='bbox 1975 4464 2280 4531; x_wconf 87' lang='lat' dir='ltr'><strong>necessaria</strong></span> <span class='ocrx_word' id='word_1_767' title='bbox 2313 4472 2519 4529; x_wconf 88' lang='lat' dir='ltr'><strong>sciebat</strong></span> <span class='ocrx_word' id='word_1_768' title='bbox 2545 4485 2687 4539; x_wconf 85' lang='lat' dir='ltr'><strong>esse,</strong></span> <span class='ocrx_word' id='word_1_769' title='bbox 2716 4460 3059 4551; x_wconf 74' lang='lat' dir='ltr'><strong>innotulsset.</strong></span> <span class='ocrx_word' id='word_1_770' title='bbox 3084 4463 3289 4553; x_wconf 65' lang='lat' dir='ltr'><strong>Harum</strong></span> <span class='ocrx_word' id='word_1_771' title='bbox 3322 4477 3373 4547; x_wconf 67' lang='lat' dir='ltr'><strong>te</strong></span> <span class='ocrx_word' id='word_1_772' title='bbox 3418 4469 3563 4525; x_wconf 86' lang='lat' dir='ltr'><strong>litte-</strong></span> 
     </span>
    </p>
   </div>
   <div class='ocr_carea' id='block_1_105' title="bbox 1977 4560 3563 4630">
    <p class='ocr_par' dir='ltr' id='par_1_105' title="bbox 1977 4560 3563 4630">
     <span class='ocr_line' id='line_1_105' title="bbox 1977 4560 3563 4630; baseline -0.005 -8"><span class='ocrx_word' id='word_1_773' title='bbox 1977 4581 2165 4622; x_wconf 90' lang='lat' dir='ltr'><strong>rarum</strong></span> <span class='ocrx_word' id='word_1_774' title='bbox 2193 4564 2376 4621; x_wconf 89' lang='lat' dir='ltr'><strong>sedula</strong></span> <span class='ocrx_word' id='word_1_775' title='bbox 2404 4563 2611 4619; x_wconf 82' lang='lat' dir='ltr'><strong>reﬁciat</strong></span> <span class='ocrx_word' id='word_1_776' title='bbox 2657 4561 2820 4618; x_wconf 84' lang='lat' dir='ltr'><strong>lectio</strong></span> <span class='ocrx_word' id='word_1_777' title='bbox 2839 4600 2854 4626; x_wconf 92' lang='lat'><strong>,</strong></span> <span class='ocrx_word' id='word_1_778' title='bbox 2883 4561 3010 4630; x_wconf 85' lang='lat' dir='ltr'><strong>quia</strong></span> <span class='ocrx_word' id='word_1_779' title='bbox 3039 4561 3097 4615; x_wconf 88' lang='lat' dir='ltr'><strong>in</strong></span> <span class='ocrx_word' id='word_1_780' title='bbox 3120 4560 3229 4616; x_wconf 82' lang='lat' dir='ltr'><strong>illis</strong></span> <span class='ocrx_word' id='word_1_781' title='bbox 3255 4560 3563 4630; x_wconf 74' lang='lat' dir='ltr'><strong>agnoscitur</strong></span> 
     </span>
    </p>
   </div>
   <div class='ocr_carea' id='block_1_106' title="bbox 1979 4649 3564 4733">
    <p class='ocr_par' dir='ltr' id='par_1_106' title="bbox 1979 4649 3564 4733">
     <span class='ocr_line' id='line_1_106' title="bbox 1979 4649 3564 4733; baseline -0.004 -18"><span class='ocrx_word' id='word_1_782' title='bbox 1979 4658 2143 4725; x_wconf 87' lang='lat' dir='ltr'><strong>Deus,</strong></span> <span class='ocrx_word' id='word_1_783' title='bbox 2169 4658 2222 4711; x_wconf 93' lang='lat' dir='ltr'><strong>in</strong></span> <span class='ocrx_word' id='word_1_784' title='bbox 2246 4657 2350 4711; x_wconf 91' lang='lat' dir='ltr'><strong>illis</strong></span> <span class='ocrx_word' id='word_1_785' title='bbox 2376 4656 2504 4711; x_wconf 71' lang='lat' dir='ltr'><strong>vitze</strong></span> <span class='ocrx_word' id='word_1_786' title='bbox 2531 4662 2745 4711; x_wconf 69' lang='lat' dir='ltr'><strong>aeternae</strong></span> <span class='ocrx_word' id='word_1_787' title='bbox 2787 4652 2956 4725; x_wconf 81' lang='lat' dir='ltr'><strong>gloria</strong></span> <span class='ocrx_word' id='word_1_788' title='bbox 2984 4649 3355 4733; x_wconf 79' lang='lat' dir='ltr'><strong>adnuntiatur,</strong></span> <span class='ocrx_word' id='word_1_789' title='bbox 3379 4652 3431 4731; x_wconf 71' lang='lat' dir='ltr'><strong>in</strong></span> <span class='ocrx_word' id='word_1_790' title='bbox 3459 4651 3564 4708; x_wconf 89' lang='lat' dir='ltr'><strong>illis</strong></span> 
     </span>
    </p>
   </div>
   <div class='ocr_carea' id='block_1_107' title="bbox 1976 4741 3564 4829">
    <p class='ocr_par' dir='ltr' id='par_1_107' title="bbox 1976 4741 3564 4829">
     <span class='ocr_line' id='line_1_107' title="bbox 1976 4741 3564 4829; baseline -0.006 -23"><span class='ocrx_word' id='word_1_791' title='bbox 1976 4751 2104 4822; x_wconf 89' lang='lat' dir='ltr'><strong>quid</strong></span> <span class='ocrx_word' id='word_1_792' title='bbox 2137 4749 2376 4812; x_wconf 88' lang='lat' dir='ltr'><strong>credere,</strong></span> <span class='ocrx_word' id='word_1_793' title='bbox 2406 4747 2537 4829; x_wconf 79' lang='lat' dir='ltr'><strong>quid</strong></span> <span class='ocrx_word' id='word_1_794' title='bbox 2556 4758 2796 4815; x_wconf 88' lang='lat' dir='ltr'><strong>sperare,</strong></span> <span class='ocrx_word' id='word_1_795' title='bbox 2824 4743 2955 4813; x_wconf 86' lang='lat' dir='ltr'><strong>quid</strong></span> <span class='ocrx_word' id='word_1_796' title='bbox 2980 4756 3186 4807; x_wconf 75' lang='lat' dir='ltr'><strong>amare,</strong></span> <span class='ocrx_word' id='word_1_797' title='bbox 3214 4741 3297 4797; x_wconf 87' lang='lat' dir='ltr'><strong>vel</strong></span> <span class='ocrx_word' id='word_1_798' title='bbox 3322 4742 3451 4814; x_wconf 83' lang='lat' dir='ltr'><strong>quid</strong></span> <span class='ocrx_word' id='word_1_799' title='bbox 3483 4742 3564 4797; x_wconf 83' lang='lat' dir='ltr'><strong>fu-</strong></span> 
     </span>
    </p>
   </div>
   <div class='ocr_carea' id='block_1_108' title="bbox 1979 4834 2797 4911">
    <p class='ocr_par' dir='ltr' id='par_1_108' title="bbox 1979 4834 2797 4911">
     <span class='ocr_line' id='line_1_108' title="bbox 1979 4834 2797 4911; baseline -0.011 -16"><span class='ocrx_word' id='word_1_800' title='bbox 1979 4853 2107 4911; x_wconf 85' lang='lat' dir='ltr'><strong>gere</strong></span> <span class='ocrx_word' id='word_1_801' title='bbox 2132 4838 2446 4900; x_wconf 87' lang='lat' dir='ltr'><strong>debeamus,</strong></span> <span class='ocrx_word' id='word_1_802' title='bbox 2475 4834 2797 4889; x_wconf 77' lang='lat' dir='ltr'><strong>ostenditur.</strong></span> 
     </span>
    </p>
   </div>
   <div class='ocr_carea' id='block_1_109' title="bbox 2048 4923 3561 5003">
    <p class='ocr_par' dir='ltr' id='par_1_109' title="bbox 2048 4923 3561 5003">
     <span class='ocr_line' id='line_1_109' title="bbox 2048 4923 3561 5003; baseline -0.004 -18"><span class='ocrx_word' id='word_1_803' title='bbox 2048 4929 2175 4985; x_wconf 81' lang='lat' dir='ltr'><strong>Haec</strong></span> <span class='ocrx_word' id='word_1_804' title='bbox 2200 4928 2414 4998; x_wconf 85' lang='lat' dir='ltr'><strong>scripsi,</strong></span> <span class='ocrx_word' id='word_1_805' title='bbox 2436 4943 2545 4985; x_wconf 89' lang='lat' dir='ltr'><strong>non</strong></span> <span class='ocrx_word' id='word_1_806' title='bbox 2570 4927 2909 4998; x_wconf 82' lang='lat' dir='ltr'><strong>ignorantem</strong></span> <span class='ocrx_word' id='word_1_807' title='bbox 2933 4925 3231 4990; x_wconf 76' lang='lat' dir='ltr'><strong>instruens,</strong></span> <span class='ocrx_word' id='word_1_808' title='bbox 3254 4923 3353 5003; x_wconf 80' lang='lat' dir='ltr'><strong>sed</strong></span> <span class='ocrx_word' id='word_1_809' title='bbox 3377 4924 3561 5001; x_wconf 68' lang='lat' dir='ltr'><strong>chart-</strong></span> 
     </span>
    </p>
   </div>
   <div class='ocr_carea' id='block_1_110' title="bbox 1978 5014 3566 5095">
    <p class='ocr_par' dir='ltr' id='par_1_110' title="bbox 1978 5014 3566 5095">
     <span class='ocr_line' id='line_1_110' title="bbox 1978 5014 3566 5095; baseline -0.006 -15"><span class='ocrx_word' id='word_1_810' title='bbox 1978 5023 2110 5080; x_wconf 89' lang='lat' dir='ltr'><strong>tatis</strong></span> <span class='ocrx_word' id='word_1_811' title='bbox 2158 5020 2393 5077; x_wconf 78' lang='lat' dir='ltr'><strong>ollicium</strong></span> <span class='ocrx_word' id='word_1_812' title='bbox 2439 5020 2668 5095; x_wconf 83' lang='lat' dir='ltr'><strong>iniplens</strong></span> <span class='ocrx_word' id='word_1_813' title='bbox 2694 5060 2708 5085; x_wconf 95' lang='lat'><strong>,</strong></span> <span class='ocrx_word' id='word_1_814' title='bbox 2754 5018 2988 5073; x_wconf 84' lang='lat' dir='ltr'><strong>maxime</strong></span> <span class='ocrx_word' id='word_1_815' title='bbox 3017 5030 3215 5090; x_wconf 84' lang='lat' dir='ltr'><strong>rogans</strong></span> <span class='ocrx_word' id='word_1_816' title='bbox 3241 5022 3301 5069; x_wconf 89' lang='lat' dir='ltr'><strong>ut</strong></span> <span class='ocrx_word' id='word_1_817' title='bbox 3336 5014 3566 5087; x_wconf 86' lang='lat' dir='ltr'><strong>teipsam</strong></span> 
     </span>
    </p>
   </div>
   <div class='ocr_carea' id='block_1_111' title="bbox 1980 5096 3563 5189">
    <p class='ocr_par' dir='ltr' id='par_1_111' title="bbox 1980 5096 3563 5189">
     <span class='ocr_line' id='line_1_111' title="bbox 1980 5096 3563 5189; baseline -0.008 -15"><span class='ocrx_word' id='word_1_818' title='bbox 1980 5113 2385 5189; x_wconf 68' lang='lat' dir='ltr'><strong>immaculatam</strong></span> <span class='ocrx_word' id='word_1_819' title='bbox 2416 5114 2477 5183; x_wconf 70' lang='lat' dir='ltr'><strong>in</strong></span> <span class='ocrx_word' id='word_1_820' title='bbox 2526 5112 2667 5171; x_wconf 84' lang='lat' dir='ltr'><strong>diem</strong></span> <span class='ocrx_word' id='word_1_821' title='bbox 2710 5108 2923 5180; x_wconf 73' lang='lat' dir='ltr'><strong>Domini</strong></span> <span class='ocrx_word' id='word_1_822' title='bbox 2959 5096 3141 5179; x_wconf 83' lang='lat' dir='ltr'><strong>nostri</strong></span> <span class='ocrx_word' id='word_1_823' title='bbox 3188 5105 3319 5171; x_wconf 76' lang='lat' dir='ltr'><strong>Iesu</strong></span> <span class='ocrx_word' id='word_1_824' title='bbox 3363 5105 3563 5164; x_wconf 72' lang='lat' dir='ltr'><strong>Christi</strong></span> 
     </span>
    </p>
   </div>
   <div class='ocr_carea' id='block_1_112' title="bbox 1981 5196 3566 5281">
    <p class='ocr_par' dir='ltr' id='par_1_112' title="bbox 1981 5196 3566 5281">
     <span class='ocr_line' id='line_1_112' title="bbox 1981 5196 3566 5281; baseline -0.009 -16"><span class='ocrx_word' id='word_1_825' title='bbox 1981 5222 2196 5274; x_wconf 88' lang='lat' dir='ltr'><strong>serves;</strong></span> <span class='ocrx_word' id='word_1_826' title='bbox 2224 5216 2278 5262; x_wconf 90' lang='lat' dir='ltr'><strong>et</strong></span> <span class='ocrx_word' id='word_1_827' title='bbox 2305 5206 2439 5261; x_wconf 89' lang='lat' dir='ltr'><strong>alios</strong></span> <span class='ocrx_word' id='word_1_828' title='bbox 2465 5212 2575 5259; x_wconf 89' lang='lat' dir='ltr'><strong>tota</strong></span> <span class='ocrx_word' id='word_1_829' title='bbox 2603 5204 2919 5268; x_wconf 88' lang='lat' dir='ltr'><strong>intentione,</strong></span> <span class='ocrx_word' id='word_1_830' title='bbox 2944 5200 3165 5279; x_wconf 77' lang='lat' dir='ltr'><strong>monitis</strong></span> <span class='ocrx_word' id='word_1_831' title='bbox 3186 5214 3283 5281; x_wconf 81' lang='lat' dir='ltr'><strong>seu</strong></span> <span class='ocrx_word' id='word_1_832' title='bbox 3302 5196 3566 5267; x_wconf 84' lang='lat' dir='ltr'><strong>exemplis</strong></span> 
     </span>
    </p>
   </div>
   <div class='ocr_carea' id='block_1_113' title="bbox 1981 5282 3561 5369">
    <p class='ocr_par' dir='ltr' id='par_1_113' title="bbox 1981 5282 3561 5369">
     <span class='ocr_line' id='line_1_113' title="bbox 1981 5282 3561 5369; baseline -0.01 -13"><span class='ocrx_word' id='word_1_833' title='bbox 1981 5301 2138 5356; x_wconf 90' lang='lat' dir='ltr'><strong>trahe</strong></span> <span class='ocrx_word' id='word_1_834' title='bbox 2167 5308 2379 5358; x_wconf 90' lang='lat' dir='ltr'><strong>tecum.</strong></span> <span class='ocrx_word' id='word_1_835' title='bbox 2407 5305 2461 5352; x_wconf 92' lang='lat' dir='ltr'><strong>et</strong></span> <span class='ocrx_word' id='word_1_836' title='bbox 2503 5310 2661 5353; x_wconf 88' lang='lat' dir='ltr'><strong>curre</strong></span> <span class='ocrx_word' id='word_1_837' title='bbox 2707 5294 2895 5369; x_wconf 83' lang='lat' dir='ltr'><strong>multis</strong></span> <span class='ocrx_word' id='word_1_838' title='bbox 2935 5291 3189 5349; x_wconf 88' lang='lat' dir='ltr'><strong>comitata</strong></span> <span class='ocrx_word' id='word_1_839' title='bbox 3230 5296 3355 5360; x_wconf 75' lang='lat' dir='ltr'><strong>post</strong></span> <span class='ocrx_word' id='word_1_840' title='bbox 3380 5282 3561 5352; x_wconf 87' lang='lat' dir='ltr'><strong>illum,</strong></span> 
     </span>
    </p>
   </div>
   <div class='ocr_carea' id='block_1_114' title="bbox 1983 5376 3568 5461">
    <p class='ocr_par' dir='ltr' id='par_1_114' title="bbox 1983 5376 3568 5461">
     <span class='ocr_line' id='line_1_114' title="bbox 1983 5376 3568 5461; baseline -0.009 -14"><span class='ocrx_word' id='word_1_841' title='bbox 1983 5391 2154 5447; x_wconf 88' lang='lat' dir='ltr'><strong>donec</strong></span> <span class='ocrx_word' id='word_1_842' title='bbox 2181 5388 2489 5461; x_wconf 80' lang='lat' dir='ltr'><strong>introducat</strong></span> <span class='ocrx_word' id='word_1_843' title='bbox 2512 5401 2608 5440; x_wconf 92' lang='lat' dir='ltr'><strong>vos</strong></span> <span class='ocrx_word' id='word_1_844' title='bbox 2634 5384 2689 5441; x_wconf 91' lang='lat' dir='ltr'><strong>in</strong></span> <span class='ocrx_word' id='word_1_845' title='bbox 2716 5385 2932 5439; x_wconf 91' lang='lat' dir='ltr'><strong>domum</strong></span> <span class='ocrx_word' id='word_1_846' title='bbox 2965 5380 3150 5457; x_wconf 77' lang='lat' dir='ltr'><strong>Patris</strong></span> <span class='ocrx_word' id='word_1_847' title='bbox 3170 5421 3186 5447; x_wconf 96' lang='lat'><strong>,</strong></span> <span class='ocrx_word' id='word_1_848' title='bbox 3213 5387 3268 5434; x_wconf 87' lang='lat' dir='ltr'><strong>et</strong></span> <span class='ocrx_word' id='word_1_849' title='bbox 3310 5378 3365 5433; x_wconf 85' lang='lat' dir='ltr'><strong>in</strong></span> <span class='ocrx_word' id='word_1_850' title='bbox 3389 5376 3568 5433; x_wconf 90' lang='lat' dir='ltr'><strong>cubile</strong></span> 
     </span>
    </p>
   </div>
   <div class='ocr_carea' id='block_1_115' title="bbox 1988 5460 3569 5557">
    <p class='ocr_par' dir='ltr' id='par_1_115' title="bbox 1988 5460 3569 5557">
     <span class='ocr_line' id='line_1_115' title="bbox 1988 5460 3569 5557; baseline -0.009 -19"><span class='ocrx_word' id='word_1_851' title='bbox 1988 5480 2266 5557; x_wconf 88' lang='lat' dir='ltr'><strong>genitricis</strong></span> <span class='ocrx_word' id='word_1_852' title='bbox 2292 5495 2403 5537; x_wconf 78' lang='lat' dir='ltr'><strong>suae</strong></span> <span class='ocrx_word' id='word_1_853' title='bbox 2429 5460 2603 5550; x_wconf 82' lang='lat' dir='ltr'><strong>(Cant.</strong></span> <span class='ocrx_word' id='word_1_854' title='bbox 2631 5493 2723 5541; x_wconf 84' lang='grc' dir='ltr'>ιιι,</span> <span class='ocrx_word' id='word_1_855' title='bbox 2750 5474 2829 5547; x_wconf 77' lang='grc'><strong>4),</strong></span> <span class='ocrx_word' id='word_1_856' title='bbox 2858 5484 2917 5531; x_wconf 84' lang='grc' dir='ltr'><strong>ιιι</strong></span> <span class='ocrx_word' id='word_1_857' title='bbox 2955 5473 3126 5530; x_wconf 86' lang='lat' dir='ltr'><strong>edatis</strong></span> <span class='ocrx_word' id='word_1_858' title='bbox 3156 5480 3210 5527; x_wconf 89' lang='lat' dir='ltr'><strong>et</strong></span> <span class='ocrx_word' id='word_1_859' title='bbox 3235 5470 3438 5529; x_wconf 88' lang='lat' dir='ltr'><strong>bibatis</strong></span> <span class='ocrx_word' id='word_1_860' title='bbox 3476 5483 3569 5526; x_wconf 87' lang='lat' dir='ltr'><strong>su-</strong></span> 
     </span>
    </p>
   </div>
   <div class='ocr_carea' id='block_1_116' title="bbox 1985 5559 3568 5645">
    <p class='ocr_par' dir='ltr' id='par_1_116' title="bbox 1985 5559 3568 5645">
     <span class='ocr_line' id='line_1_116' title="bbox 1985 5559 3568 5645; baseline -0.009 -17"><span class='ocrx_word' id='word_1_861' title='bbox 1985 5587 2084 5645; x_wconf 90' lang='lat' dir='ltr'><strong>per</strong></span> <span class='ocrx_word' id='word_1_862' title='bbox 2109 5586 2349 5627; x_wconf 89' lang='lat' dir='ltr'><strong>mensam</strong></span> <span class='ocrx_word' id='word_1_863' title='bbox 2375 5568 2491 5637; x_wconf 87' lang='lat' dir='ltr'><strong>ejus</strong></span> <span class='ocrx_word' id='word_1_864' title='bbox 2511 5569 2568 5623; x_wconf 91' lang='lat' dir='ltr'><strong>in</strong></span> <span class='ocrx_word' id='word_1_865' title='bbox 2586 5583 2753 5639; x_wconf 87' lang='lat' dir='ltr'><strong>regno</strong></span> <span class='ocrx_word' id='word_1_866' title='bbox 2771 5581 2868 5622; x_wconf 87' lang='lat' dir='ltr'><strong>suo</strong></span> <span class='ocrx_word' id='word_1_867' title='bbox 2890 5564 3039 5637; x_wconf 83' lang='lat' dir='ltr'><strong>(Luc.</strong></span> <span class='ocrx_word' id='word_1_868' title='bbox 3068 5578 3205 5627; x_wconf 78' lang='lat' dir='ltr'><strong>xm,</strong></span> <span class='ocrx_word' id='word_1_869' title='bbox 3229 5559 3341 5634; x_wconf 76' lang='lat'><strong>50),</strong></span> <span class='ocrx_word' id='word_1_870' title='bbox 3368 5559 3462 5615; x_wconf 87' lang='lat' dir='ltr'><strong>ubi</strong></span> <span class='ocrx_word' id='word_1_871' title='bbox 3480 5565 3568 5615; x_wconf 88' lang='lat' dir='ltr'><strong>est</strong></span> 
     </span>
    </p>
   </div>
   <div class='ocr_carea' id='block_1_117' title="bbox 1988 5650 3572 5741">
    <p class='ocr_par' dir='ltr' id='par_1_117' title="bbox 1988 5650 3572 5741">
     <span class='ocr_line' id='line_1_117' title="bbox 1988 5650 3572 5741; baseline -0.006 -24"><span class='ocrx_word' id='word_1_872' title='bbox 1988 5654 2142 5718; x_wconf 86' lang='lat' dir='ltr'><strong>cibus</strong></span> <span class='ocrx_word' id='word_1_873' title='bbox 2169 5660 2285 5716; x_wconf 88' lang='lat' dir='ltr'><strong>sine</strong></span> <span class='ocrx_word' id='word_1_874' title='bbox 2314 5657 2551 5724; x_wconf 60' lang='lat' dir='ltr'><strong>fastidio,</strong></span> <span class='ocrx_word' id='word_1_875' title='bbox 2596 5668 2654 5711; x_wconf 87' lang='lat' dir='ltr'><strong>et</strong></span> <span class='ocrx_word' id='word_1_876' title='bbox 2673 5664 2849 5741; x_wconf 84' lang='lat' dir='ltr'><strong>potus</strong></span> <span class='ocrx_word' id='word_1_877' title='bbox 2876 5654 2992 5711; x_wconf 89' lang='lat' dir='ltr'><strong>sine</strong></span> <span class='ocrx_word' id='word_1_878' title='bbox 3042 5653 3154 5733; x_wconf 76' lang='lat' dir='ltr'><strong>siti,</strong></span> <span class='ocrx_word' id='word_1_879' title='bbox 3206 5659 3260 5737; x_wconf 81' lang='lat' dir='ltr'><strong>et</strong></span> <span class='ocrx_word' id='word_1_880' title='bbox 3445 5650 3572 5719; x_wconf 68' lang='lat' dir='ltr'><strong>sine</strong></span> 
     </span>
    </p>
   </div>
   <div class='ocr_carea' id='block_1_118' title="bbox 357 5887 3227 5983">
    <p class='ocr_par' dir='ltr' id='par_1_118' title="bbox 357 5887 3227 5983">
     <span class='ocr_line' id='line_1_118' title="bbox 357 5887 3227 5983; baseline -0.01 -9"><span class='ocrx_word' id='word_1_881' title='bbox 357 5887 631 5973; x_wconf 46' lang='lat' dir='ltr'><strong>im}:</strong></span> <span class='ocrx_word' id='word_1_882' title='bbox 653 5887 1331 5980; x_wconf 47' lang='lat' dir='ltr'><strong>&#39;sB&#39;iB‘EiJ‘ii&#39;iiiE&#39;euou</strong></span> <span class='ocrx_word' id='word_1_883' title='bbox 1368 5902 1567 5983; x_wconf 58' lang='lat' dir='ltr'><strong>ﬂagiti,</strong></span> <span class='ocrx_word' id='word_1_884' title='bbox 1615 5917 1689 5973; x_wconf 75' lang='lat' dir='ltr'><strong>an</strong></span> <span class='ocrx_word' id='word_1_885' title='bbox 1729 5899 1888 5975; x_wconf 83' lang='lat' dir='ltr'><strong>alteri</strong></span> <span class='ocrx_word' id='word_1_886' title='bbox 1922 5900 2136 5974; x_wconf 86' lang='lat' dir='ltr'><strong>cuidam</strong></span> <span class='ocrx_word' id='word_1_887' title='bbox 2164 5898 2357 5979; x_wconf 85' lang='lat' dir='ltr'><strong>virgini</strong></span> <span class='ocrx_word' id='word_1_888' title='bbox 2387 5909 2595 5966; x_wconf 82' lang='lat' dir='ltr'><strong>magnae</strong></span> <span class='ocrx_word' id='word_1_889' title='bbox 2624 5891 2920 5951; x_wconf 83' lang='lat' dir='ltr'><strong>nobilitatis</strong></span> <span class='ocrx_word' id='word_1_890' title='bbox 2938 5887 3227 5961; x_wconf 75' lang='lat' dir='ltr'><strong>incertum.</strong></span> 
     </span>
    </p>
   </div>
  </div>
