4062 6432
179 377 270 453 Bri

772 367 1186 444 taenarias.
1228 413 1298 426 —
1333 379 1705 440 INTERROG.
1747 371 1838 476 Er"
1877 373 2212 439 erasmus.
2251 381 2324 440 ῐΝ
2357 377 2604 444 GENES.
2641 373 2796 445 ETC.

3328 383 3438 456 318

177 505 362 568 nomini
387 501 584 567 dicavi,
611 509 672 555 ut
699 489 930 556 haberes
957 500 1099 556 unde
1141 485 1292 554 tuam
1319 513 1508 569 posses
1537 511 1742 552 memo—
1765 493 1816 555 Α
1847 495 2114 564 ruptibilis
2136 505 2300 562 esset,
2328 497 2581 554 utebatur
2619 498 2774 572 μὴ..
2816 501 3115 577 uteretur]:
3159 503 3305 580 ligno
3338 525 3440 565 au-

177 604 300 662 riam
323 597 590 657 recreare,
617 607 736 663 qua:
757 607 898 663 stupe
921 593 1098 664 perdit
1140 581 1288 662 quod
1313 599 1536 646 servare
1559 589 1742 654 debet,

177 693 267 752 nisi
292 693 344 745 in
363 687 620 744 thesauro
639 687 946 740 litterarum
975 681 1314 740 reConditum
1339 689 1540 747 teneat,
1569 682 1742 735 maiu-

175 801 250 842 me
285 783 464 848 nobis,
505 780 597 852 qui
627 777 808 834 smculi
859 775 1298 848 occupationibus
1342 773 1740 838 distrahimu'r,

173 886 222 932 et
255 867 474 929 diversis
521 871 776 926 itinerum
815 855 1075 925 molestiis
1124 861 1432 940 fatigamur.
1483 857 1552 920 Et
1597 864 1740 934 quod

175 963 310 1042 [Hs.,
339 963 496 1038 quia}
527 963 768 1035 pondera
811 961 1072 1018 libroruin
1101 960 1377 1015 nobiscum
1407 957 1612 1029 pertari
1640 963 1738 1011 ne-

174 1065 376 1130 queunt,
409 1055 532 1111 ideo
559 1055 846 1125 aliquoties-
872 1049 1125 1110 brevitati
1170 1051 1496 1108 studendum
1533 1055 1648 1116 est,
1681 1053 1742 1103 ut

169 1151 234 1210 sit
251 1149 350 1205 levi
375 1149 620 1221 pondere
639 1147 878 1218 pretiosa
903 1144 1180 1216 sapientiae.
1205 1141 1519 1213 margarita,
1549 1148 1605 1194 et
1635 1139 1736 1194 ha-

167 1239 280 1300 heat
299 1229 566 1296 fess'tlsex
591 1240 790 1294 itinere
811 1229 988 1292 viator
1020 1247 1130 1307 quo
1166 1243 1226 1290 Se
1257 1239 1486 1298 recreet,
1518 1233 1646 1287 licet
1669 1245 1736 1286 ex

165 1337 384 1410 pondere
407 1334 680 1406 portantis
705 1339 898 1388 manus
937 1343 1044 1388 non
1083 1337 1358 1401 gravetur.
1399 1327 1536 1382 Sunt
1560 1325 1614 1380 in
1641 1337 1738 1380 eo-

166 1431 274 1486 dem
299 1423 438 1484 libro
455 1425 786 1482 difﬁcillimas
813 1425 1139 1496 quaestiones
1181 1423 1428 1494 plurimae
1451 1463 1464 1487 ,
1496 1431 1632 1490 quas
1669 1419 1737 1473 ad

161 1525 386 1594 pnesens
407 1509 630 1590 tangere
658 1527 764 1572 non
793 1515 972 1583 libuit,
991 1509 1076 1570 vel
1109 1516 1274 1571 etiam
1303 1517 1412 1568 non
1440 1513 1623 1578 licuit;
1652 1501 1740 1566 vet

161 1612 290 1682 quod
309 1611 378 1667 de’
403 1610 509 1666 illis
539 1617 626 1664 me
644 1615 754 1663 non
779 1609 1145 1678 iuter'rttgast'i.
1177 1605 1271 1662 Hae
1301 1607 1464 1661 etiam
1503 1605 1744 1658 maxime

159 1701 414 1759 historica:
442 1709 568 1758 sunt
597 1708 652 1755 et
671 1700 899 1771 simplici
927 1701 1279 1770 responsione
1301 1705 1606 1754 contentas:
1635 1696 1738 1750 illac

159 1807 272 1850 vero
299 1793 524 1865 majoris
556 1791 936 1863 inquisitionis,
962 1793 1326 1864 longior-isque
1353 1795 1620 1846 tractatus
1648 1791 1732 1846 in-

1849 591 1958 640 tem
1987 587 2229 644 scientia:
2254 590 2380 644 boni
2404 599 2462 647 et
2485 591 2636 659 mali,
2666 593 2821 664 quasi
2859 599 2922 650 ut
2949 609 3158 654 veneno
3175 637 3190 662 ,
3232 599 3292 656 ut
3317 613 3440 659 mo-

1846 689 2078 737 reretur.

1917 776 2082 832 Inter.
2111 779 2160 834 7.
2187 779 2366 848 Quare
2395 781 2567 839 Adam
2593 785 2778 841 mundi
2813 785 3061 845 dominus
3081 779 3252 864 legem
3285 797 3442 851 acce-

1843 871 1964 942 pit?
1991 903 2062 911 -—
2093 871 2249 944 Resp.
2285 875 2356 930 Ut
2373 892 2478 930 non
2506 883 2658 932 tanto
2687 877 3038 936 extollerctn‘r
3059 881 3317 952 dominio,
3341 885 3437 942 sed

1845 961 1900 1016 in
1935 960 2310 1021 obserVatione
2335 967 2578 1023 mandati
2604 969 2766 1025 sciret
2787 985 2845 1027 se
2867 971 3170 1044 subjectum
3191 973 3440 1034 Creatori

1847 1051 1972 1127 [Με.
1984 1097 1999 1122 ,
2032 1047 2334 1132 Conditori]
2359 1069 2477 1116 suo.

1915 1146 2081 1202 Inter.
2114 1151 2167 1206 8.
2199 1150 2340 1217 Quid
2367 1161 2469 1216 est,
2501 1154 2646 1221 quod
2683 1153 2825 1210 Deus
2864 1157 3138 1228 inspiravit
3161 1159 3216 1214 in
3243 1159 3433 1230 faciem

1842 1233 1973 1296 Αᾱω
1994 1241 2314 1312 spiraculum
2343 1245 2460 1300 vitta
2486 1243 2637 1317 (Gen.
2673 1253 2734 1314 it,
2764 1237 2946 1320 7’)?-—-
2969 1237 3125 1323 Resp.
3151 1251 3437 1324 lnspiratio

1845 1329 1944 1391 Dei
1984 1333 2088 1409 [in]
2119 1333 2310 1392 faciem
2353 1329 2587 1396 hominis
2613 1341 2833 1398 traditio
2862 1341 3015 1416 [Ms..
3055 1347 3316 1421 conditio]
3355 1351 3440 1404 est

1847 1431 2038 1485 animas
2071 1432 2371 1488 rationalis.

2119 1517 2286 1580 Inter.
2329 1523 2382 1581 9.
2424 1525 2535 1581 Cur
2563 1517 2724 1582 homo
2763 1531 2918 1584 sexto
2947 1515 3033 1585 die
3063 1539 3279 1586 creatus
3317 1529 3435 1600 est,

1845 1623 1968 1673 cum
1997 1619 2216 1688 propter
2243 1619 2505 1673 rationem
2543 1617 2772 1674 nobilium
2812 1621 3024 1676 eteteris
3049 1631 3193 1678 esset
3217 1623 3436 1679 creatu-

1845 1701 1940 1775 ris‘,
1967 1725 2086 1781 qum
2119 1709 2246 1764 ante
2269 1709 2460 1784 [Edit.,
2493 1710 2574 1784 se]
2601 1711 2716 1783 [sex
2747 1712 2958 1784 diebus]
2990 1711 3147 1768 facta
3169 1713 3340 1770 sunt?
3363 1743 3436 1758 —--

1844 1805 2000 1876 Resp.
2023 1803 2094 1861 Ut
2112 1807 2342 1876 primum
2358 1805 2585 1860 Creator
2605 1807 2864 1861 multduin'
2891 1807 3048 1877 quasi
3072 1799 3287 1863 domum
3303 1821 3437 1879 prai-

157 1885 322 1959 dig'ent
352 1859 510 1959 [ἀθά.
545 1859 670 1954 ms.)
698 1885 754 1941 et
777 1859 1081 1958 longiorem
1112 1859 1316 1942 habente
1345 1885 1588 1958 indigent
1616 1885 1732 1940 ἐγει-
1762 1859 1810 1920 B
1837 1859 2076 1970 pararet,
2113 1859 2184 1951 ‘et
2225 1903 2352 1966 post
2381 1859 3288 1966 introducerethabitatorem—“id
3305 1859 3429 1963 res—t,

155 1977 389 2052 clatum].
415 1980 509 2036 llis
529 1987 760 2046 tantum,
786 1979 1132 2035 dilectissime
1157 1978 1346 2046 frater,
1368 1989 1486 2035 esto
1513 1983 1735 2034 conten-

157 2079 266 2126 tus:
305 2073 362 2127 et
407 2069 587 2144 siquid
626 2073 684 2128 in
720 2074 800 2128 eis
837 2073 1122 2144 perperam
1163 2073 1425 2140 dixerim,
1469 2081 1526 2128 tu
1561 2071 1735 2129 frater

155 2161 269 2237 [Ηε.
289 2207 304 2232 ,
353 2165 600 2222 fraterne
621 2165 786 2240 style]
812 2171 912 2222 nos
942 2167 1217 2238 corrigere
1255 2168 1512 2235 Studeas;
1557 2168 1738 2238 Siquid

153 2270 266 2311 vero
284 2257 445 2323 bene,
473 2274 582 2313 non
611 2259 764 2325 mihi,
799 2253 896 2315 sed
931 2253 1174 2330 largitori
1211 2261 1415 2330 gratias
1461 2267 1600 2331 age;
1641 2261 1736 2330 qui

149 2357 194 2403 et
219 2355 270 2403 te
293 2347 587 2420 prolicere,
617 2357 672 2406 et
699 2361 792 2406 me
811 2345 910 2405 tibi
956 2347 1208 2406 sufficere
1233 2363 1300 2404 ex
1325 2350 1481 2406 donis
1513 2352 1624 2406 suis
1648 2349 1734 2406 fa-

147 2439 263 2504 ciat,
282 2439 406 2494 sine
428 2455 534 2511 quo
556 2437 690 2496 nihil
709 2449 1020 2512 possumus,
1044 2443 1097 2496 in
1124 2453 1232 2512 quo
1251 2443 1430 2498 omnia
1456 2443 1733 2515 possibilia

146 2539 263 2588 sunt
289 2533 534 2588 credenti
562 2551 575 2599 ;
610 2535 706 2604 qui
731 2523 993 2590 creditam
1034 2551 1145 2590 suae
1175 2537 1327 2592 nobis
1351 2535 1594 2608 pecuniae
1627 2527 1734 2589 iar-

146 2619 420 2695 gitionem,
453 2629 510 2679 in
531 2621 744 2682 laudem
773 2637 874 2682 nos
899 2635 953 2683 et
974 2627 1202 2700 gloriam
1231 2629 1314 2684 sui
1336 2627 1568 2684 nominis
1595 2617 1732 2684 mni-

148 2712 388 2786 tiplieare
415 2713 600 2772 faciat.

211 2806 561 2880 Interrogatio
597 2807 646 2864 i.
680 2809 958 2878 Quomodo
997 2816 1250 2870 convenit
1281 2817 1424 2888 quod
1451 2817 1505 2872 in
1531 2815 1731 2874 Genesi

151 2893 372 2972 legitur:
403 2893 672 2968 Ret/uteri!
697 2895 844 2960 Deus
877 2897 962 2960 die
988 2907 1205 2978 septimo
1242 2909 1306 2963 ab
1337 2909 1574 2965 omnibus
1611 2915 1730 2982 ape-

150 2993 280 3048 ribus
303 2985 422 3048 tuis
447 2989 600 3066 (Cen.
633 3001 696 3064 η,
739 2989 818 3070 2),
849 2993 905 3053 et
931 2999 990 3054 in
1025 2989 1314 3072 Evangeiio
1339 3017 1352 3033 ⁴
1397 2997 1560 3058 Pater
1583 3015 1730 3059 meus

150 3099 296 3159 usque
321 3085 481 3140 modo
508 3099 754 3158 aperatur
779 3099 828 3144 et
857 3109 948 3162 ego
976 3109 1161 3164 aperor
1194 3093 1370 3166 (Joan.
1407 3111 1438 3150 v
1456 3137 1472 3164 ,
1503 3097 1590 3170 17)
1616 3095 1730 3151 ?—

151 3181 446 3256 Responsio.
477 3171 762 3254 Re‘quievit
783 3197 814 3240 a
836 3183 1098 3242 novarum
1119 3183 1426 3246 conditione”
1451 3203 1474 3232 ιι
1498 3195 1554 3246 et
1575 3210 1728 3250 crea-

151 3275 282 3330 tione
307 3283 710 3352 creaturarum,
733 3293 841 3332 non
872 3285 904 3332 a‘
935 3271 1274 3335 conditarum
1313 3281 1722 3352 gubernatione.

150 3369 210 3426 Et
235 3361 352 3427 ideo
377 3347 530 3426 Deus”
555 3361 728 3445 [tunc]
760 3377 978 3429 creator
1001 3373 1055 3429 in
1083 3389 1176 3429 sex
1205 3347 1414 3432 dierum
1449 3371 1728 3434 creatione

148 3459 406 3533 putandus
435 3469 538 3530 est,
571 3459 716 3520 titinc‘
738 3469 869 3520 Vero
897 3465 1228 3538 gubernator
1263 3467 1320 3522 in
1351 3469 1514 3526 totius
1542 3472 1728 3527 mundi

149 3558 412 3612 creaturis
434 3555 586 3632 [Αἴθη
615 3557 872 3632 naturis].

211 3637 371 3703 Inter.
409 3637 463 3704 2'.
497 3647 637 3717 Quot
664 3655 944 3706 creaturas
982 3643 1273 3710 rationales
1301 3647 1451 3730 [Με.,
1483 3655 1725 3712 rationa-

151 3737 292 3812 biles]
320 3741 569 3824 condidit
587 3743 732 3799 Deus
752 3743 856 3798 ?-
893 3743 1051 3818 Resp.
1085 3745 1249 3803 Duas.
1279 3731 1512 3820 Angelos
1543 3759 1599 3806 et
1625 3753 1724 3806 ho-

153 3830 344 3892 mines:
386 3833 450 3892 e’t
492 3831 688 3895 costum
730 3839 958 3912 angelis,
984 3849 1038 3896 et
1061 3849 1262 3898 terram
1289 3835 1598 3900 hominibus
1625 3845 1724 3900 ha-

153 3921 479 3986 hitatidnem.

215 4019 365 4077 Inter.
409 4023 465 4078 5.
510 4021 689 4091 Quare
734 4025 1034 4096 angelicum
1084 4035 1370 4097 peccatum
1415 4029 1629 4085 silentio
1672 4031 1726 4087 in

155 4109 332 4170 Genesi
355 4115 739 4172 absititindituni
768 4125 862 4188 est
899 4115 954 4173 et
988 4115 1220 4174 hominis
1247 4121 1622 4191 patefactum?
1655 4153 1728 4164 ——

161 4199 297 4275 Resp.
325 4205 470 4273 Quia
506 4205 806 4278 angeficmn
839 4205 1034 4264 vulnus
1062 4201 1204 4266 Deus
1241 4219 1348 4265 n'on
1377 4213 1727 4282 praedestina-

157 4295 226 4350 vit
241 4307 451 4366 curare,
475 4299 714 4356 hominis
731 4307 860 4356 vero
885 4307 1084 4357 s‘anar‘e‘
1106 4303 1530 4373 prmdestinavit.

217 4387 374 4444 Inter.
419 4389 475 4444 4.
519 4389 632 4446 Cur
663 4393 856 4447 summi
891 4385 1064 4464 angeli
1105 4391 1390 4464 peccatum
1426 4393 1726 4452 insanabile

159 4479 274 4552 fuit,-
318 4483 374 4543 ét
429 4487 662 4543 hominis
696 4485 978 4543 sanabile?
1003 4521 1073 4529 —
1099 4481 1252 4560 Resp.
1287 4483 1468 4563 [Quia]
1507 4491 1727 4560 angelus

1835 1989 2113 2045 dominum
2135 1990 2346 2044 domus.

1907 2079 2072 2137 Inter.
2105 2067 2191 2136 i0.
2225 2077 2406 2149 Quare
2434 2071 2660 2138 Creator
2699 2075 2756 2138 in
2797 2075 2928 2140 Adae
2968 2077 3187 2156 [delicto
3229 2071 3433 2156 (Edit,

1833 2173 2187 2246 maledicto)]
2227 2182 2387 2230 terra:
2415 2175 2696 2231 maledixit
2723 2183 2780 2230 et
2803 2193 2912 2232 non
2957 2177 3113 2246 aquis
3143 2174 3297 2248 (Gen.
3330 2171 3434 2246 ut,

1837 2267 2062 2338 i7)?—
2089 2263 2246 2337 Resp.
2287 2263 2426 2333 Quia
2470 2267 2536 2322 de
2578 2275 2736 2323 terrm
2765 2263 2945 2322 tinctu
2989 2257 3140 2340 [.ils'.,
3173 2267 3240 2322 de
3283 2275 3433 2324 terra
3537 2296 3540 2302 -

1833 2357 2092 2430 fructum]
2123 2365 2314 2413 contra
2343 2359 2690 2414 interdictum
2728 2359 3074 2414 manducavit
3104 2357 3285 2422 homo,
3319 2371 3429 2414 non

1834 2449 1904 2504 de
1948 2443 2103 2518 aquis
2149 2447 2316 2512 bibit;
2353 2455 2409 2504 et
2446 2451 2589 2520 quod
2629 2445 2758 2523 [Mn
2784 2491 2800 2517 ,
2843 2450 2992 2524 quia]
3024 2451 3434 2521 prmdestinavit

1835 2538 1977 2594 Deus
2003 2539 2056 2592 in
2079 2539 2233 2608 aquis
2254 2535 2470 2595 abluere
2489 2549 2792 2612 peccatum,
2813 2543 2962 2612 quod
2979 2543 3046 2597 de
3065 2541 3242 2597 fructu
3265 2549 3430 2597 terra:

1835 2631 2110 2686 contraxit
2131 2631 2313 2686 homo.

1903 2721 2071 2776 Inter.
2102 2721 2188 2776 Η.
2221 2721 2398 2790 Quare
2433 2725 2720 2780 terrestria
2758 2715 3012 2782 animalia
3051 2723 3171 2798 plus
3199 2709 3428 2781 maledi-

1832 2815 2028 2871 ctiOnis
2065 2807 2267 2870 habent
2302 2827 2466 2886 quam
2502 2817 2760 2889 aquatilia
2783 2817 2808 2872 ?
2831 2849 2902 2860 —
2931 2813 3091 2889 Res‘p.
3125 2817 3260 2884 Quia
3307 2807 3429 2889 plus

1833 2909 1898 2963 de
1927 2908 2215 2963 maledicta
2257 2917 2404 2964 terra
2445 2907 2634 2964 vivunt
2661 2925 2824 2981 quam
2875 2910 3176 2980 aquatilia;
3213 2913 3268 2964 et
3305 2909 3434 2964 ideo

1831 2997 2082 3054 Christus
2130 3007 2254 3070 post
2295 3003 2754 3057 resurrectionem
2803 3003 2868 3057 de
2913 3003 3064 3072 pisce
3099 3001 3429 3056 manducare
3493 3061 3500 3068 _

1829 3090 2014 3152 voiuit,
2034 3105 2140 3145 non
2165 3092 2238 3146 de
2256 3091 2440 3162 aliquo
2458 3091 2678 3147 animali
2699 3093 2948 3148 terrestri
2968 3091 3120 3164 (Luc.
3145 3089 3424 3162 sitm-43).

1903 3181 2072 3237 Inter.
2103 3183 2190 3238 i2.
2237 3182 2418 3251 Quare
2459 3184 2574 3253 ipse
2607 3179 2836 3238 Creator
2863 3184 3102 3238 hominis
3141 3189 3430 3254 peccatum

1829 3293 1930 3350 per
1952 3278 2190 3348 seipsum
2216 3278 2436 3348 expiare
2475 3277 2668 3344 voluit,
2700 3283 2760 3333 et-
2793 3285 2900 3333 non
2927 3283 3026 3348 per
3053 3276 3428 3349 angeiuiﬂ‘i—w

1832 3369 1990 3442 Resp.
2021 3369 2156 3436 Quia
2197 3379 2305 3424 non
2347 3367 2654 3424 sufﬁciebat
2683 3370 2848 3425 unius
2869 3361 3044 3440 angeli
3073 3369 3330 3425 meritum
3356 3369 3427 3428 ad

1829 3459 2256 3532 redemptionem
2308 3462 2474 3516 totius
2516 3462 2734 3534 generis
2761 3463 3021 3528 humani;
3063 3473 3164 3518 nec
3213 3461 3428 3518 tam

1829 3553 2054 3609 sceleris
2079 3553 2231 3626 [Ms.,
2247 3553 2454 3625 scelus]
2479 3555 2799 3611 incuri-isset
2820 3545 3066 3611 diabolus
3091 3555 3150 3610 in
3173 3559 3308 3611 nece
3329 3571 3430 3612 and

1829 3645 1952 3716 geli,
1983 3654 2244 3715 quantum
2277 3646 2506 3702 incurrit
2535 3646 2590 3701 in
2621 3661 2758 3702 nece
2781 3647 3074 3704 Creatoris.

1901 3737 2068 3793 Inter.
2103 3740 2187 3794 15.
2219 3739 2328 3794 Cur
2356 3740 2600 3795 diabolus
2627 3747 2740 3796 tam
2775 3740 3002 3798 infestus
3031 3747 3118 3798 est
3142 3743 3428 3799 hominum“

1829 3833 1986 3890 saluti
2007 3829 2124 3887 ‘f—
2155 3833 2311 3904 Resp”.
2341 3835 2569 3905 Propter
2597 3837 2786 3891 odium
2822 3838 2876 3891 in
2910 3827 3222 3892 Creatorem
3253 3835 3312 3892 et
3337 3839 3421 3892 in-

1827 3925 2028 3980 vidiam
2057 3925 2108 3980 in
2136 3927 2428 3992 hominem,
2455 3935 2510 3983 et
2535 3921 2972 3998 desperationem
2996 3943 3106 3983 sum
3136 3921 3346 3985 salutis.

1899 4038 2066 4093 Inter.
2100 4039 2185 4093 M.
2219 4039 2399 4107 Quare
2445 4039 2586 4095 Deus
2625 4043 2678 4096 in
2724 4041 2988 4113 principio
3029 4042 3287 4116 [humano
3325 4061 3420 4117 ge-

1828 4131 1969 4202 neri]
1995 4131 2166 4202 legem
2193 4147 2298 4186 non
2330 4127 2478 4186 dedit
2502 4149 2663 4201 quam
2693 4141 2880 4204 postea
2919 4151 3019 4204 per
3056 4133 3272 4207 Moysen
3305 4143 3419 4190 tra-

1829 4223 2000 4280 didit?
2036 4253 2107 4263 -—
2137 4221 2296 4294 Resp”.
2338 4221 2472 4290 Quia
2522 4225 2576 4278 in
2621 4225 2928 4279 hominibus
2973 4227 3161 4296 primis
3201 4225 3288 4280 diu
3333 4225 3420 4282 [ex

1826 4314 1981 4370 bona:
2009 4321 2216 4370 naturae
2246 4316 2604 4382 servabatur;
2638 4323 2692 4371 at
2737 4315 2824 4371 tibi
2864 4317 3128 4372 naturalis
3169 4315 3252 4373 lex
3289 4333 3418 4372 eva-

1829 4407 1963 4470 nuit,
1993 4405 2172 4461 oblata
2204 4407 2590 4462 consuetudine
2623 4407 2905 4478 peccandi,
2949 4409 3072 4462 data
3099 4417 3183 4464 est
3220 4405 3304 4463 lcx‘
3333 4395 3420 4464 lit-

1829 4503 1960 4554 terae
1984 4513 2080 4570 per
2105 4497 2344 4571 Moysen,
2372 4507 2432 4553 ut
2469 4499 2610 4555 bona
2631 4515 2749 4571 quae
2775 4501 3086 4556 scicbantur
3116 4493 3416 4557 auctorita-

159 4579 230 4631 sui
263 4583 483 4676 sdeleris'
521 4581 766 4638 inventor
795 4583 916 4648 fuit,
944 4585 1105 4640 homo
1135 4591 1262 4641 vero
1291 4585 1512 4642 alterius
1535 4579 1724 4642 fraude
1753 4614 1808 4676 ι)
1830 4601 1942 4647 tem
1970 4593 2260 4658 haberent,
2292 4597 2347 4646 et
2389 4607 2507 4662 quae
2549 4593 2717 4647 latere
2756 4601 3066 4663 coeperant,
3097 4593 3417 4649 manifesta-

157 4673 390 4731 seductns
422 4665 588 4750 [fuit].
639 4675 807 4744 Item,
836 4687 1038 4748 quanto
1077 4677 1355 4734 sublimior
1404 4679 1625 4752 angelus
1667 4681 1720 4736 in

159 4765 329 4834 gloria,
353 4769 510 4824 tanto
541 4767 712 4839 major
741 4771 795 4824 in
822 4771 1009 4825 ruina:
1043 4773 1205 4827 liOmo
1227 4777 1360 4828 vero
1383 4781 1585 4843 quanto
1610 4761 1722 4829 fra-

159 4857 294 4928 gilior
316 4861 368 4916 in
401 4869 617 4928 natura,
650 4869 797 4917 tanto
817 4861 1030 4917 facilior
1054 4863 1121 4919 ad
1149 4864 1382 4918 veniam.

219 4967 376 5032 Inter.
404 4973 460 5030 5.
484 4973 593 5032 Cur
613 4961 776 5032 b‘omo
803 4983 912 5033 sine
937 4977 1220 5049 potestatis
1242 4983 1431 5035 auc'tOr
1457 4989 1542 5036 est
1567 4997 1725 5036 crea-

159 5069 274 5124 tus"?
296 5101 369 5112 —
400 5057 558 5144 Resp.
591 5065 662 5127 Ut
699 5071 796 5128 sibi
823 5071 936 5152 ipse
964 5080 1150 5127 auctor
1189 5071 1338 5128 esset
1368 5069 1524 5146 [sive]
1555 5067 1725 5129 ad'vi—

161 5159 276 5224 tam,
303 5159 416 5218 sive
440 5155 514 5218 ad
545 5159 792 5218 mortem.
834 5161 890 5218 Si
921 5169 1049 5218 vero
1089 5164 1413 5219 necessitate
1444 5163 1593 5238 [IIs.,
1629 5180 1726 5220 ne-

156 5249 416 5330 cessitati]
436 5265 582 5312 esset
603 5251 894 5326 subjectus,
922 5259 1050 5311 tunc
1073 5273 1172 5312 nec
1201 5257 1328 5312 boni
1358 5259 1538 5330 Operis
1561 5251 1729 5313 habe-

159 5349 234 5400 ret
267 5347 510 5420 giOriam,
537 5367 638 5407 nec
659 5349 784 5406 mali
805 5341 1057 5424 patriam:
1089 5351 1183 5406 sed
1226 5359 1372 5406 esset
1410 5352 1565 5421 quasi
1590 5366 1729 5408 unus

159 5435 280 5509 [.ii.,
305 5443 492 5516 unum]
523 5457 585 5498 ex
615 5429 922 5514 pecoribus.

223 5531 384 5590 Inter.
411 5535 464 5590 6.
487 5535 596 5592 Cur
621 5525 810 5610 [enim]
837 5536 890 5590 in
919 5536 1172 5606 paradiso
1199 5535 1402 5607 lignum
1433 5537 1558 5592 vitae
1586 5545 1641 5592 et
1659 5537 1726 5591 li-

159 5638 313 5696 gnum
339 5627 574 5684 scientia:
595 5627 721 5684 boni
749 5638 803 5684 et
823 5629 948 5682 mali
970 5636 1214 5684 creatum
1239 5629 1364 5683 est?
1388 5659 1456 5670 --
1478 5627 1634 5700 Resp.
1662 5629 1732 5685 Ut

161 5733 250 5788 per
275 5715 400 5775 illud
424 5723 684 5794 potuisset
728 5723 888 5778 homo
920 5721 1239 5777 immortalis
1283 5715 1438 5787 esse,
1485 5727 1586 5790 per
1626 5723 1730 5776 hoc

161 5823 282 5866 vero
307 5813 574 5882 mortalis;
612 5803 755 5884 ligno
781 5813 906 5868 vita:
948 5813 1104 5882 quasi
1135 5809 1428 5874 medicina,
1463 5819 1522 5864 ut
1551 5811 1732 5866 incor-

227 5929 450 6004 {Verba
476 5941 526 5990 et
547 5932 808 5990 creatione
829 5931 1152 5992 omittuntur
1175 5927 1232 5984 in
1262 5926 1417 5986 codd.
1446 5941 1580 5984 mss.

1829 4689 2054 4750 rentur;
2086 4687 2140 4739 et
2171 4689 2231 4738 ut
2253 4681 2428 4738 terrm
2453 4682 2747 4754 disciplinae
2775 4679 3076 4756 corrigeret
3097 4677 3416 4757 delinquen-

1827 4785 1928 4843 tes,
1961 4783 2016 4832 et
2038 4773 2198 4832 ﬁdem
2225 4775 2548 4831 reformaret
2575 4777 2626 4830 in
2657 4775 2847 4830 Deum.

1899 4859 2065 4925 Inter.
2095 4869 2180 4924 f5.
2215 4851 2286 4923 Ut
2305 4869 2434 4938 quid
2461 4867 2592 4922 Abel
2620 4859 2945 4922 sacrificium
2977 4857 3287 4942 suséeptum
3308 4867 3412 4936 est,

1827 4971 1883 5018 et
1903 4951 2032 5019 Cain
2061 4957 2351 5017 refutatum
2375 4957 2527 5034 (Gen.
2552 4976 2625 5024 tv,
2659 4951 2756 5030 4)?
2779 4991 2852 5000 —
2879 4949 3035 5032 Resp.
3074 4959 3254 5033 [Quia]
3281 4955 3416 5016 Abel

1828 5053 1940 5110 Deo
1966 5055 2168 5125 optima
2193 5061 2248 5108 et
2287 5045 2550 5106 naturalia
2588 5043 2868 5118 offerebat,
2902 5047 3032 5106 Cain
3064 5067 3192 5106 vero
3222 5049 3412 5106 viliora

1829 5153 1884 5200 et
1915 5147 2152 5200 hamana
2174 5139 2478 5198 inventione
2501 5144 2822 5215 excogitata,
2853 5149 2912 5197 u‘t
2935 5137 3169 5214 putatur".

1901 5247 2067 5311 Inter.
2099 5235 2184 5310 16.
2207 5253 2315 5310 Cur
2335 5237 2468 5309 Abei
2489 5255 2542 5308 in
2564 5241 2852 5325 Evangelio
2878 5243 3221 5324 singulariter
3235 5241 3414 5322 justus

1829 5351 2138 5406 nominatur
2186 5346 2400 5420 (Matth.
2445 5363 2580 5428 xxut
2601 5389 2618 5414 ,
2648 5346 2780 5428 55)?
2812 5377 2880 5388 ——
2907 5344 3062 5426 Resp.
3097 5343 3278 5428 [Quia]
3309 5344 3414 5398 tria

1829 5444 2066 5500 maxima
2097 5439 2227 5514 [.tl.,
2251 5423 2774 5512 maximaﬂojustititu
2805 5423 3074 5522 praeconia
3107 5423 3160 5488 in
3191 5449 3255 5489 eo
3294 5447 3415 5490 csse

1829 5537 2110 5612 leguntur,
2139 5535 2452 5608 virginitas,
2501 5534 2860 5590 sacerdotium
2909 5528 3048 5602 [et]
3093 5528 3414 5598 martyrium

1833 5631 1966 5705 [At.,
1989 5631 2314 5702 virginitatis
2359 5629 2700 5686 ‘sacerdotum
2730 5633 2784 5680 et
2819 5613 3170 5696 martyrum],
3197 5623 3250 5676 in
3287 5620 3414 5692 qui-

1829 5725 1932 5780 bus
1951 5725 2158 5796 primus
2181 5721 2381 5776 Christi
2407 5719 2636 5792 figuram
2656 5717 2840 5789 gessit,
2866 5714 2959 5788 qui
2993 5711 3097 5770 fuit
3120 5713 3300 5788 virgo,
3321 5725 3415 5770 sa-

1831 5818 2022 5874 cerdos
2049 5823 2102 5871 et
2135 5823 2359 5886 martyr.
