4064 6342
568 373 674 462 519

1452 399 1510 455 B.
1549 399 1611 456 F.
1651 397 1878 455 auum
1917 395 2050 455 seu
2086 391 2363 455 ALCUlNl
2395 397 2681 458 OPERUM
2716 379 2896 458 mas
2928 397 2994 457 11.

3725 391 3830 461 520

642 543 804 597 Inter.
837 545 922 598 l7.
957 544 1134 612 Quare
1165 546 1344 599 Enoch
1385 552 1535 598 tanto
1555 554 1794 614 tempore
1831 533 2148 598 servabatur
2173 545 2222 604 Δ
2249 543 2590 615 incomposita
2623 544 2785 618 (Ibid.
2809 562 2872 600 ex
2898 561 3028 599 vers.
3059 543 3263 615 LXX)?
3299 572 3371 583 —
3402 536 3558 613 Resp.
3579 542 3835 614 Invisibi-

567 652 600 692 a
619 645 794 691 morte
821 634 973 709 (Gen.
1004 654 1055 702 v,
1084 638 1174 708 25)
1197 637 1220 690 ?
1245 667 1314 676 ——
1337 635 1490 706 Resp.
1524 635 1594 690 Ut
1621 637 1998 689 ostenderetur
2021 633 2150 704 quid

565 743 756 786 omnes
786 730 1029 784 homines
1055 731 1377 799 potuissent,
1402 730 1445 783 si
1476 715 1581 783 non
1612 738 1951 799 peccassent.

640 821 806 882 Inter,
843 823 926 878 18.
962 823 1068 877 Cur
1099 821 1238 875 idem
1280 822 1464 875 Enoch
1499 822 1792 874 moriturus
1838 830 1921 875 est
1951 818 2145 890 (Apoc.

570 931 648 980 ιι,
680 913 742 986 5)
767 915 789 968 ?
816 945 884 953 —-
911 914 1063 983 Resp.
1094 912 1163 966 Ut
1181 911 1418 966 debitum
1445 911 1620 973 solvat
1645 911 1894 964 humanae
1921 917 2148 975 naturae,

569 1011 625 1058 et
649 1004 788 1074 quod
810 1003 1054 1058 Cluistus
1076 1002 1244 1056 voluit
1266 1000 1418 1075 [Ms.,
1442 1000 1656 1072 noluit],
1680 1000 1856 1055 nullus
1879 999 2070 1070 possit,
2098 997 2153 1053 id

570 1104 673 1160 est,
702 1112 808 1151 non
837 1095 995 1150 mori.

641 1188 804 1244 Inter.
833 1189 915 1242 l9.
943 1187 1084 1253 Quot
1106 1187 1280 1241 modis
1301 1193 1384 1241 est
1403 1186 1646 1256 operatio
1669 1185 1881 1240 divina?
1904 1215 1973 1224 —
1995 1183 2149 1252 Resp.

567 1281 826 1349 Quatuor.
857 1267 1038 1335 Primo
1060 1322 1073 1344 ,
1111 1281 1254 1350 quod
1297 1281 1351 1334 in
1393 1280 1541 1334 verbi
1577 1278 1716 1351 [Dei]
1753 1278 2156 1348 dispensatione

564 1373 748 1428 omnia
769 1379 972 1427 :eterna
995 1380 1138 1426 sunt.
1156 1370 1425 1432 Secundo,
1445 1370 1587 1439 quod
1611 1370 1662 1422 in
1687 1369 1912 1422 materia
1937 1367 2154 1422 informi

564 1464 655 1536 qui
701 1463 819 1518 vivit
862 1464 916 1516 in
963 1473 1213 1516 a'ternum
1241 1501 1256 1526 ,
1309 1462 1497 1515 creavit
1542 1462 1717 1514 omnia
1763 1461 1918 1513 simul
1963 1458 2150 1532 (Eccl.

564 1571 720 1620 xvm,
757 1554 830 1626 l).
861 1555 1062 1619 Tertio,
1097 1553 1240 1624 quod
1283 1569 1380 1623 per
1417 1568 1580 1623 opera
1608 1553 1815 1607 dierum
1857 1567 1948 1608 sex
1975 1555 2156 1610 varias

566 1647 812 1703 distinxit
845 1655 1141 1702 creaturas.
1171 1646 1408 1712 Quarto,
1439 1647 1582 1715 quod
1613 1662 1678 1699 ex
1719 1646 2156 1716 primordialibus

567 1740 862 1796 seminibus
891 1755 996 1792 non
1027 1738 1313 1808 incognita:
1341 1738 1591 1791 oriuntur
1627 1745 1852 1802 natura},
1887 1738 1981 1793 sed
2014 1745 2155 1794 nota:

565 1834 878 1903 sapiusyne
904 1839 1146 1901 pereant,
1173 1829 1554 1884 reformantur.
1647 1870 1649 1872 -

2253 635 2322 689 lis
2340 642 2561 706 propter
2583 635 2996 700 obscuritatem;
3031 634 3385 704 incomposita
3411 641 3634 704 propter
3657 631 3834 690 defor-

2254 730 2522 784 mitatem.
3875 800 3877 802 η

2325 818 2490 874 Inter.
2527 819 2616 873 51.
2647 818 2785 885 Quid
2834 827 2918 874 est
2967 817 3111 888 quod
3157 817 3357 871 dicitur
3398 833 3411 869 :
3460 815 3606 869 Dixit
3657 814 3830 885 Deus,

2251 912 2345 980 ﬁat
2371 911 2463 966 lux
2503 912 2653 983 (vers.
2685 912 2775 984 5)?
2800 897 2869 952 4-—
2894 911 3052 982 Resp.
3082 911 3249 975 Dixit,
3276 925 3376 980 pro
3405 908 3554 977 fecit,
3603 911 3835 980 scriptor

2252 1005 2449 1075 posuit,
2465 1013 2525 1059 ut
2548 1006 2880 1062 celeritatem
2901 1005 2985 1062 vel
3009 1005 3325 1060 facilitatem
3345 1005 3525 1076 operis
3540 1005 3633 1060 Dei
3659 1015 3836 1060 Osten-

2255 1096 2425 1150 deret.
3024 1115 3028 1117 ν

2325 1190 2490 1244 Inter.
2527 1191 2616 1245 52.
2659 1191 2796 1258 Quid
2841 1201 2924 1247 est
2956 1211 2968 1246 :
3000 1192 3290 1264 Appellavit
3320 1192 3459 1248 Deus
3491 1191 3660 1248 lucem
3697 1194 3836 1248 diem

2256 1279 2410 1352 (vers.
2441 1281 2535 1352 5)?
2561 1313 2633 1322 —
2662 1282 2818 1354 Resp.
2844 1283 2898 1338 Id
2925 1293 3027 1350 est,
3055 1285 3308 1356 appellari
3329 1284 3478 1340 fecit.

2326 1373 2490 1427 Inter.
2521 1375 2608 1429 55.
2653 1375 2830 1441 Quare
2865 1377 3037 1446 prima
3069 1377 3157 1432 die
3181 1377 3273 1432 lux
3296 1386 3476 1432 creata
3507 1378 3738 1448 legitur?
3771 1409 3839 1420 --

2258 1465 2416 1536 Resp.
2444 1465 2703 1537 Congruit
2723 1469 2974 1538 operibus
2997 1468 3110 1532 Dei,
3129 1478 3188 1524 ut
3209 1470 3380 1538 prima
3403 1469 3492 1524 die
3507 1486 3536 1523 a
3566 1468 3718 1542 [Ms.,
3749 1468 3836 1548 de]

2257 1556 2378 1613 luce
2398 1565 2600 1613 aeterna
2616 1558 2705 1612 lux
2729 1560 3038 1629 temporalis
3058 1561 3232 1631 primo
3259 1559 3431 1626 fieret,
3445 1570 3505 1617 ut
3528 1570 3672 1617 esset
3697 1561 3840 1618 unde

2257 1657 2452 1703 caetera
2483 1665 2603 1718 quae
2632 1660 2859 1716 crearet,
2897 1661 3237 1722 apparerent.

2327 1739 2490 1794 Inter.
2519 1741 2605 1795 54.
2639 1741 2776 1807 Quid
2815 1750 2897 1798 est
2941 1761 2952 1796 :
3008 1741 3234 1796 Factum
3273 1752 3348 1797 est
3375 1759 3578 1814 vespere
3606 1753 3657 1797 et
3688 1760 3840 1800 mane

2254 1832 2366 1885 dies
2394 1849 2529 1886 unus
2555 1832 2708 1904 (vers.
2736 1833 2828 1904 5)?
2854 1865 2926 1874 —
2957 1833 3110 1906 Resp.
3135 1834 3192 1889 Id
3221 1842 3304 1890 est
3329 1832 3454 1890 ﬁnis
3496 1835 3679 1904 operis
3717 1849 3842 1905 per-

638 1923 803 1980 Inter.
833 1926 923 1980 20.
953 1926 1080 1993 Quae
1111 1935 1378 1982 creaturae
1404 1928 1469 1981 de
1507 1904 1674 1982 nihilo
1710 1927 1864 1984 facta:
1891 1938 2016 1984 sunt
2037 1930 2060 1983 ?
2080 1959 2151 1970 —
2177 1906 2226 1968 Β
2255 1923 2404 1990 fecti,
2427 1933 2483 1979 et
2511 1925 2724 1980 initium
2753 1927 2933 1995 operis
2957 1904 3197 1997 inempti.

567 2019 725 2091 Resp.
749 2020 974 2087 Caelum,
999 2031 1163 2089 terra,
1187 2024 1381 2094 angeli,
1405 2024 1516 2089 lux,
1539 2039 1653 2089 aer,
1680 2041 1819 2095 aqua
1846 2025 1942 2098 [et]
1967 2028 2148 2082 anima

568 2109 823 2167 hominis.
884 2154 885 2157 η
1061 2120 1063 2122 ’

638 2203 805 2260 Inter.
856 2207 942 2260 21.
992 2206 1132 2273 Quot
1179 2207 1459 2262 elementis
1509 2208 1742 2263 mundus
1789 2210 2042 2264 constat?
2082 2239 2152 2251 ~—

566 2295 724 2368 Resp.
755 2296 1030 2363 Quatuor:
1070 2300 1212 2369 igne,
1251 2315 1398 2364 acre,
1431 2316 1592 2370 aqua,
1623 2310 1787 2355 terra.

612 2380 804 2448 LInter.
846 2391 933 2445 22.
970 2391 1098 2458 Quae
1136 2401 1220 2446 est
1261 2393 1592 2461 singulorum
1626 2401 1819 2446 natura
1856 2394 2152 2449 elemento-

567 2467 688 2537 rum
711 2483 734 2536 ?
757 2513 829 2522 —
861 2482 1012 2553 Resp.
1047 2483 1190 2554 Ignis
1213 2467 1400 2537 calidae
1421 2493 1475 2538 et
1500 2485 1664 2538 arida:
1688 2493 1770 2539 est
1795 2493 2029 2549 naturae;
2060 2499 2154 2539 aer

569 2573 744 2646 [vero]
773 2574 960 2629 calida:
984 2583 1038 2629 et
1063 2576 1327 2640 humida};
1371 2591 1510 2646 aqua
1551 2577 1782 2631 humidae
1820 2585 1875 2631 et
1907 2577 2150 2648 frigidae;

566 2674 714 2721 terra
733 2665 938 2737 frigidae
965 2675 1020 2721 et
1043 2668 1206 2722 aridm
1230 2667 1382 2738 [Ed.,
1412 2667 1619 2738 aquem]
1645 2676 1727 2722 est
1755 2677 1981 2722 naturae.

615 2759 805 2814 Inter.
849 2752 943 2813 25.
994 2760 1158 2828 Cujus
1201 2769 1408 2815 natura:
1457 2761 1653 2838 coelum
1702 2776 1821 2816 esse
1848 2761 2158 2816 fertur?—

571 2849 732 2921 Resp.
760 2851 957 2920 Ignem,
995 2855 1236 2907 rotundae
1271 2861 1430 2920 atque
1459 2853 1728 2907 volubilis.

635 2961 804 3016 Inter.
837 2961 927 3014 24.
955 2960 1011 3014 Si
1041 2962 1272 3017 volubile
1297 2962 1422 3033 [est]
1448 2979 1546 3016 cur
1569 2979 1675 3018 non
1700 2965 1885 3018 cadit?
1908 2995 1974 3007 -—
2001 2963 2153 3035 Resp.

566 3053 771 3109 Rueret
791 3054 961 3126 [vero]
993 3063 1211 3124 pr0pter
1233 3056 1832 3122 nimiamceleritatem,
1863 3067 1923 3112 ut
1946 3060 2159 3128 sapien—

564 3155 649 3201 tes
667 3146 850 3200 mundi
875 3146 1146 3208 dixerunt,
1173 3147 1218 3200 si
1241 3163 1344 3200 non
1370 3148 1707 3218 planetarum
1731 3163 1960 3204 occursu
1985 3149 2152 3220 [Edit.

564 3235 670 3290 hoc
698 3236 885 3308 cursu]
919 3238 1314 3316 moderaretur.

637 3325 802 3379 Inter.
831 3327 919 3381 25.
962 3328 1070 3383 Cur
1111 3329 1250 3383 Deus
1291 3333 1501 3385 senario
1527 3348 1753 3388 numero
1781 3335 1965 3388 mundi
1996 3351 2150 3390 crea-

566 3417 766 3472 tionem
798 3417 950 3489 [Ms.,
982 3421 1284 3492 creaturas]
1321 3422 1583 3490 perfecit?
1607 3455 1678 3464 -—
1706 3425 1860 3496 Resp.
1890 3426 2025 3494 Quia
2065 3428 2152 3483 ille

566 3523 824 3562 numerus
850 3508 1121 3578 perfectus
1153 3511 1305 3580 juxta
1346 3513 1698 3569 arithmeticae
1735 3517 2033 3586 disciplinae
2062 3534 2152 3572 ra-

566 3599 769 3656 tionem
791 3602 985 3672 legitur
1004 3618 1153 3669 esse;
1182 3613 1236 3658 et
1255 3613 1313 3658 ut
1331 3605 1638 3670 ostenderet
1665 3607 1807 3664 Deus
1828 3612 2009 3665 omnia
2037 3627 2156 3682 per-

565 3689 713 3749 fecta
737 3702 792 3749 et
821 3695 975 3749 valde
1003 3697 1144 3751 bona
1179 3713 1236 3752 se
1270 3699 1597 3755 condidisse.

641 3787 801 3857 307
840 3786 1005 3842 Inter.
1051 3788 1139 3843 26.
1187 3789 1327 3857 Quid
1374 3801 1458 3846 est
1499 3807 1514 3846 :
1564 3793 1632 3848 In
1670 3797 1926 3868 principio
1964 3801 2155 3854 creavit

571 3876 715 3932 Deus
741 3878 922 3932 caelum
951 3888 1000 3932 et
1029 3882 1263 3934 terram?
1309 3911 1379 3921 —
1427 3880 1583 3953 Resp.
1643 3884 1703 3940 In
1733 3885 1874 3944 Filio
1929 3888 2154 3959 perfecit

574 3968 727 4042 [Ms.,
759 3969 905 4042 fecit]
932 3971 1072 4026 Deus
1091 3971 1285 4026 ccelum
1314 3982 1368 4027 et
1395 3977 1636 4029 terram?

622 4054 814 4118 Inter.
846 4064 934 4118 27.
964 4064 1073 4121 Cur
1099 4065 1302 4120 dictum
1333 4075 1435 4133 est,
1456 4055 1792 4137 'plantauerat
1820 4071 1961 4128 Deus
1996 4092 2154 4144 para-

571 4155 746 4211 disum
776 4173 807 4209 a
828 4157 1082 4227 principio
1112 4156 1265 4230 (Gen.
1301 4174 1361 4225 11,
1393 4157 1488 4227 8)?
1511 4190 1581 4200 —
1611 4159 1768 4232 Resp.
1793 4161 2153 4235 Hieronymus

573 4248 689 4302 vult
720 4247 908 4320 [quod]
934 4258 1058 4304 ante
1082 4250 1449 4306 conditionem
1480 4252 1602 4308 coeli
1632 4261 1687 4308 et
1731 4263 1890 4309 terra:
1934 4259 2151 4325 paradi-

570 4354 691 4394 sum
715 4340 1016 4409 plantatum
1036 4349 1179 4395 esset
1208 4341 1402 4412 [Edit.,
1434 4343 1597 4414 esse].

637 4429 806 4486 Inter.
837 4431 925 4485 28.
955 4431 1093 4497 Quid
1118 4433 1169 4486 in
1196 4433 1318 4487 coeli
1343 4442 1609 4503 terraeque
1637 4437 1852 4492 nomine
1875 4439 2149 4509 significa-

565 4530 688 4586 tur,
716 4520 930 4590 quando
958 4521 1157 4575 dicitur
1185 4539 1197 4574 :
1235 4521 1301 4575 In
1335 4511 1590 4593 principio
1611 4525 1736 4594 fecit
1784 4527 1926 4583 Deus
1961 4532 2145 4587 caelum

565 4624 614 4670 et
640 4624 835 4669 terram
860 4612 1012 4685 (Gen.
1045 4632 1083 4680 1,
1115 4614 1209 4686 l)?
1232 4647 1301 4655 —
1329 4614 1485 4685 Resp.
1508 4616 1757 4673 Informis
1785 4619 1872 4674 illa
1897 4624 2141 4691 materia,
2173 4633 2227 4694 ι)

567 4720 730 4774 quam
755 4703 823 4759 de
847 4705 1017 4760 nihilo
1041 4705 1168 4760 fecit
1187 4707 1346 4774 Deus,
1365 4708 1632 4778 appellata
1653 4718 1736 4765 est
1755 4711 2148 4781 primo-coelum

565 4803 621 4851 et
643 4803 790 4851 terra
823 4813 836 4850 :
867 4811 974 4851 non
1003 4798 1127 4866 quia
1147 4796 1258 4866 jam
1291 4800 1394 4855 hoc
1423 4810 1560 4867 erat,
1601 4801 1696 4857 sed
1725 4803 1851 4873 quia
1889 4805 2002 4875 jam
2046 4806 2150 4871 hoc

567 4901 690 4941 esse
715 4895 948 4956 poterat.
972 4886 1105 4943 Nam
1127 4892 1364 4946 secundo
1383 4893 1467 4947 die
1491 4893 1686 4948 coelum
1711 4894 1853 4950 istud
1875 4895 2148 4952 sidereum

567 4978 769 5035 factum
795 4995 915 5036 esse
945 4982 1157 5053 legitur,
1186 4993 1241 5038 et
1271 4985 1430 5040 tertio
1455 4986 1541 5042 die
1583 4995 1786 5042 terram
1834 4991 2148 5059 apparuisse

567 5080 626 5126 et
648 5072 836 5127 vestiri
864 5070 1085 5130 ﬂoribus
1135 5075 1380 5146 empisse.
1437 5075 1671 5145 Sive,in
1725 5080 1848 5136 caeli
1895 5088 1950 5135 et
1993 5089 2150 5138 terrae

561 5162 793 5219 nomine
817 5164 1126 5234 spirituales
1145 5175 1200 5221 et
1223 5174 1452 5222 terrena:
1481 5177 1744 5224 creaturae
1770 5170 1996 5243 intelligi
2025 5188 2150 5242 pos.

571 5264 718 5310 sunt.

641 5346 807 5402 Inter.
839 5348 928 5404 29.
961 5349 1100 5417 Quid
1127 5359 1212 5408 est
1239 5366 1255 5406 :
1283 5351 1513 5423 Spiritus
1540 5354 1749 5409 Domini
1782 5355 2045 5426 ferebatur
2065 5373 2148 5411 su-

567 5454 659 5507 per
686 5458 850 5511 aquas
901 5440 1054 5514 (Gen.
1087 5459 1126 5510 1,
1155 5443 1250 5516 2)?
1285 5474 1356 5483 —
1383 5443 1540 5515 Resp.
1599 5444 1715 5499 Non
1765 5449 2150 5517 pervagatione

572 5527 765 5598 [Edit.,
807 5547 904 5602 per
931 5533 1312 5607 vagationem],
1360 5536 1454 5592 sed
1494 5544 1779 5606 potestate,
1807 5545 1862 5592 et
1911 5542 2149 5609 regentis

572 5619 820 5691 imperio,
855 5623 922 5678 ad
967 5623 1308 5682 formandum
1335 5635 1389 5682 et
1428 5627 1806 5683 viviticandum
1863 5629 2147 5685 informem

571 5717 876 5782 materiam,
903 5733 1023 5787 qua:
1057 5719 1159 5774 hoc
1200 5721 1320 5777 loco
1354 5737 1508 5792 aquae
1547 5722 1764 5778 nomine
1812 5723 2148 5799 significatur

575 5802 728 5874 ῘΜε..
756 5807 1055 5877 significari
1079 5811 1298 5885 potest],
2021 5815 2024 5818 .
2051 5816 2054 5817 γ
2119 5813 2132 5820 -

645 5897 809 5955 Inter.
834 5900 922 5956 50.
951 5900 1089 5968 Quid
1120 5912 1203 5960 est
1230 5924 1242 5960 :
1277 5907 1437 5962 Terra
1464 5919 1637 5965 autem
1665 5919 1776 5967 erat
1801 5909 2073 5966 invisibilis
2098 5919 2148 5968 et

2177 3262 2226 3325 C

2326 2018 2494 2072 Inter.
2522 2018 2609 2072 55.
2637 2018 2772 2084 Quid
2793 2027 2877 2073 est
2901 2037 2912 2071 :
2953 2017 3089 2073 Vidit
3121 2019 3436 2093 Deus,quod
3459 2029 3590 2074 esset
3615 2019 3841 2074 bonum?

2191 2166 2196 2171 _
2253 2139 2324 2149 —-
2349 2108 2505 2180 Resp.
2542 2109 2596 2164 Id
2625 2117 2724 2173 est,
2758 2109 2810 2164 in
2842 2124 2904 2164 ea
2928 2103 3169 2165 bonitate
3187 2101 3390 2179 placuit
3414 2119 3475 2165 ut
3500 2117 3767 2177 maneret,
3788 2110 3838 2164 in

2257 2215 2360 2270 qua
2386 2200 2587 2269 placuit
2618 2208 2676 2254 ut
2706 2199 2875 2266 ﬁeret,
2904 2201 3047 2270 quod
3078 2199 3222 2255 fecit.

2329 2292 2494 2346 Inter.
2525 2292 2612 2346 56.
2646 2291 2824 2359 Quare
2862 2294 2927 2349 de
2954 2293 3067 2348 solo
3094 2295 3312 2350 homine
3340 2295 3548 2350 dictum
3574 2302 3658 2350 est
3682 2311 3696 2349 :
3732 2292 3840 2348 Fa-

2259 2385 2458 2438 ciamus
2489 2386 2748 2439 hominem
2781 2385 2932 2458 (Gen.
2957 2404 2995 2453 1,
3017 2387 3143 2460 26);
3176 2388 3241 2442 de
3271 2387 3392 2442 aliis
3424 2395 3840 2441 autemcreatu-

2258 2479 2335 2532 ris
2361 2479 2553 2548 legitur
2583 2497 2595 2532 :
2632 2479 2777 2532 Dixit
2814 2480 2998 2534 Deus?
3029 2512 3099 2520 —
3127 2480 3282 2551 Resp.
3326 2480 3398 2536 Ut
3424 2479 3694 2546 videlicet,
3724 2493 3840 2548 qua

2261 2568 2426 2640 [δίδη
2455 2569 2614 2642 quia]
2660 2572 2995 2626 rationabilis
3039 2581 3286 2627 creatura
3339 2571 3694 2635 condebatur,
3720 2585 3839 2626 cum

2259 2662 2484 2716 oonsilio
2511 2663 2656 2718 facta
2682 2663 2976 2732 videretur,
3015 2674 3069 2719 et
3114 2672 3173 2719 ut
3217 2665 3334 2736 ejus
3366 2664 3622 2720 nobilitas
3665 2672 3842 2720 osten-

2259 2749 2500 2807 deretur.

2328 2842 2498 2921 Inter.
2528 2843 2617 2898 57.
2647 2843 2756 2900 Cur
2776 2846 2972 2916 plurali
2997 2861 3224 2902 numero
3265 2846 3403 2901 dixit
3450 2864 3462 2899 :
3512 2843 3843 2900 Faciamus?

2258 2968 2329 2980 η-
2350 2937 2507 3010 Resp.
2540 2939 2610 2994 Ut
2639 2941 3019 2995 ostenderetur
3042 2941 3206 2996 trium
3245 2955 3352 2995 una
3380 2941 3630 3010 operatio
3659 2953 3844 3010 perso-

2259 3046 2473 3084 narum.
2581 3031 2589 3039 '

2331 3120 2497 3175 Inter.
2535 3122 2623 3178 58.
2664 3123 2724 3176 In
2763 3140 2870 3192 quo
2901 3134 2982 3180 est
3012 3125 3174 3180 homo
3200 3126 3501 3182 conditoris
3527 3126 3611 3182 sui
3635 3122 3839 3197 imago?

2259 3241 2330 3250 —
2367 3211 2524 3282 Resp.
2552 3213 2610 3267 In
2639 3214 2882 3269 interiori
2910 3217 3147 3272 homine.

2332 3303 2498 3356 Inter.
2527 3305 2615 3359 59.
2663 3305 2772 3360 Cur
2816 3317 3129 3376 utrumque,
3168 3310 3345 3379 imago
3401 3316 3456 3363 et
3509 3307 3843 3364 similitudo?

2254 3426 2325 3436 —
2354 3395 2510 3466 Resp.
2559 3395 2745 3468 Imago
2792 3399 2844 3452 in
2899 3401 3238 3465 aiternitate,
3269 3400 3565 3456 similitudo
3612 3401 3667 3454 in
3719 3416 3841 3456 mo-

2255 3488 2424 3542 ribus.

2329 3579 2494 3633 Inter.
2524 3580 2611 3635 40.
2645 3580 2756 3636 Cur
2789 3582 2983 3637 iterum
3028 3583 3163 3638 dixit
3195 3597 3209 3636 :
3243 3581 3448 3639 Creavit
3484 3583 3630 3639 Deus
3677 3585 3842 3639 homi-

2257 3685 2372 3722 nem
2402 3669 2470 3723 ad
2493 3671 2770 3740 imaginem
2795 3689 2944 3725 suam
2975 3670 3126 3743 (vers.
3151 3673 3276 3745 97);
3309 3689 3433 3728 cum
3468 3682 3633 3730 antea
3672 3675 3838 3730 dixis-

2254 3769 2375 3815 set:
2403 3761 2470 3814 ad
2497 3763 2774 3831 imaginem
2804 3766 3074 3820 nostram?
3099 3796 3172 3805 —
3208 3766 3365 3837 Resp.
3410 3766 3482 3822 Ut
3524 3775 3835 3838 utrumque,

2254 3857 2310 3905 et
2342 3850 2625 3918 pluralitas
2648 3867 3025 3923 personarum,
3056 3864 3110 3911 et
3137 3857 3318 3913 unitas
3340 3858 3661 3915 substantiae
3703 3859 3835 3916 insi-

2256 3948 2536 3995 nuaretur.

2326 4051 2492 4108 Inter.
2513 4054 2602 4110 4-1.
2627 4055 2804 4123 Quare
2829 4059 2896 4114 de
2923 4060 3038 4116 solo
3060 4062 3280 4118 homine
3299 4073 3482 4120 creato
3509 4080 3621 4120 non
3646 4066 3838 4122 dicitur

2253 4144 2603 4215 singulariter
2632 4165 2644 4200 :
2682 4147 2820 4202 Vidit
2844 4149 2983 4205 Deus
3003 4153 3142 4223 quod
3178 4164 3307 4209 esset
3339 4155 3550 4222 bonum,
3584 4157 3728 4212 sicut
3773 4157 3838 4213 de

2253 4239 2465 4294 caeteris
2482 4242 2746 4295 creaturis
2761 4242 2966 4298 dictum
2986 4247 3103 4300 est?
3127 4277 3198 4287 -—
3213 4247 3370 4320 Resp.
3391 4249 3526 4315 Quia
3551 4259 3836 4321 postquam

2253 4330 2416 4386 homo
2461 4341 2675 4389 creatus
2723 4344 2837 4402 est,
2875 4337 3192 4394 dicebantur
3237 4342 3417 4396 omnia
3465 4341 3625 4397 valde
3673 4344 3834 4409 bona,

2251 4425 2406 4492 quasi
2431 4433 2555 4479 ante
2581 4434 2761 4481 essent
2805 4428 3014 4499 singula
3063 4432 3205 4488 bona
3241 4447 3255 4486 :
3292 4441 3514 4504 pr0pter
3562 4433 3838 4489 hominem

2249 4522 2428 4568 autem
2485 4517 2664 4571 omnia
2717 4518 2872 4574 valde
2916 4522 3078 4589 bona,
3108 4525 3247 4594 quod
3299 4524 3471 4597 [Ms.,
3503 4525 3672 4599 quia]
3726 4541 3839 4581 om-

2248 4607 2341 4661 nia
2367 4606 2423 4660 in
2461 4606 2709 4662 decorem
2755 4609 2988 4667 hominis
3023 4624 3206 4669 creata
3249 4625 3429 4671 essent
3470 4615 3624 4688 [Ms.,
3651 4615 3834 4690 sunt];

2251 4695 2414 4752 homo
2441 4712 2570 4754 vero
2591 4699 2647 4755 in
2668 4701 2891 4772 gloriam
2927 4713 2982 4760 et
3020 4704 3234 4762 laudem
3281 4705 3589 4764 Conditoris
3630 4709 3720 4763 sui
3760 4707 3842 4766 fa-

2251 4797 2377 4846 ctus
2414 4799 2518 4847 est.

2322 4902 2488 4958 Inter.
2516 4904 2605 4959 42.
2632 4905 2771 4973 Quid
2799 4915 2882 4963 est
2901 4910 3044 4979 quod
3077 4908 3274 4982 legitur
3308 4910 3461 4983 [Hs.,
3485 4912 3643 4988 dixit]
3680 4932 3694 4968 :
3742 4915 3842 4970 Re-

2249 4996 2437 5068 quievit
2470 4997 2613 5052 Deus
2659 4999 2743 5053 die
2775 5003 2991 5072 septimo
3035 5003 3098 5056 ab
3142 5004 3378 5058 omnibus
3433 5006 3679 5075 operibus
3726 5008 3839 5065 suis

2250 5085 2403 5159 (Gen.
2435 5106 2493 5154 ιι,
2527 5090 2704 5162 2)⁴ἶ-
2730 5091 2884 5164 Resp.
2912 5092 2968 5148 Si
2999 5091 3187 5168 [enim]
3229 5096 3435 5152 dividas
3463 5099 3836 5167 septenarium

2249 5195 2534 5235 numerum
2563 5182 2615 5236 in
2654 5200 2817 5238 unum
2847 5192 2900 5239 et
2924 5200 3017 5240 sex
3036 5226 3050 5250 ,
3079 5195 3239 5241 erunt
3267 5188 3371 5242 duo
3411 5187 3572 5259 primi
3618 5187 3839 5244 numeri

2247 5270 2516 5339 perfecti:
2559 5273 2740 5328 unitas
2765 5289 2893 5330 vero
2915 5275 2970 5328 in
3005 5276 3180 5346 seipsa
3224 5286 3415 5332 natura
3454 5285 3509 5332 et
3562 5286 3840 5347 potestate

2249 5362 2488 5430 perfecta
2523 5372 2636 5430 est;
2698 5367 2941 5422 senarius
2985 5383 3114 5422 vero
3146 5384 3404 5424 numerus
3430 5370 3635 5440 primus
3669 5385 3839 5440 opere

2249 5461 2305 5506 et
2333 5462 2454 5508 actu
2476 5455 2743 5525 perfectus
2768 5467 2870 5524 est,
2898 5466 2951 5512 et
2971 5461 3215 5528 partibus
3242 5461 3355 5516 suis
3378 5462 3630 5532 impletur
3655 5476 3673 5516 :
3708 5477 3835 5516 nam

2250 5559 2436 5610 unum,
2466 5545 2588 5610 duo,
2619 5547 2723 5601 tria
2749 5547 2953 5602 faciunt
2987 5565 3102 5603 sex.
3140 5549 3490 5619 Significatur
3513 5565 3642 5622 ergo
3672 5549 3830 5622 [Hs.,

2250 5635 2413 5708 vero]
2455 5635 2554 5708 [in]
2594 5640 2778 5708 requie
2803 5640 2902 5694 diei
2930 5641 3161 5709 septimi,
3196 5642 3338 5710 quod
3364 5642 3506 5696 Deus
3532 5649 3656 5697 ante
3683 5656 3838 5695 crea-

2249 5731 2452 5784 tionem
2477 5731 2660 5785 mundi
2687 5731 2741 5786 in
2769 5732 2942 5802 seipse
2965 5744 3155 5787 natura
3183 5741 3236 5788 et
3257 5742 3523 5802 potestate
3553 5733 3837 5803 perfectus

2250 5829 2426 5887 est,et
2447 5822 2777 5876 aeternaliter
2797 5823 2850 5877 in
2875 5824 3054 5894 seipso
3075 5826 3238 5879 habet
3262 5826 3531 5895 requiem;
3564 5834 3836 5884 creatura:

2203 5989 2216 5998 ι
2249 5927 2380 5968 vero
2405 5920 2528 5968 actu
2550 5915 2617 5972 ab
2648 5913 2766 5984 ipso
2797 5916 3088 5973 creationis
3114 5925 3336 5989 accepto
3368 5918 3572 5974 habent
3605 5921 3701 5989 per
3748 5917 3835 5987 ip-
