4064 6342
245 394 336 453 521
416 452 419 453 ν

835 389 1246 450 EXEGETICA.
1288 423 1358 436 --
1392 390 1763 451 INTERROG.
1801 392 1890 448 ET
1925 392 2258 459 RESPONS.
2298 401 2367 459 IN
2402 401 2668 475 GENES.,
2708 406 2859 467 ETC.

241 522 349 569 sum
369 503 422 561 in
448 502 562 561 suis
596 504 805 561 naturis
830 505 1214 575 perfectionem
1245 506 1551 578 quamdam,
1587 514 1643 561 et
1670 503 1796 578 [31s.
1826 509 1875 573 Α
1901 525 2021 581 quae
2041 511 2182 569 Deus
2207 523 2486 571 creaverat
2510 516 2729 573 humani
2757 519 2937 591 operis
2979 520 3247 591 adiutorio
3292 525 3472 587 laetius

238 596 410 667 petiuit
430 593 507 667 et]
538 596 778 664 requiem
803 596 859 650 in
880 597 1188 667 operatione
1209 598 1373 669 308
1394 597 1727 664 obedientize,
1746 608 1802 657 et
1900 598 2236 672 feraciusque
2262 601 2411 676 [Ms.,
2445 608 2709 682 veracius]
2739 612 3102 679 provenirent.
3144 615 3212 669 Et
3242 622 3475 676 custodi»

237 686 455 745 maxime
502 687 848 743 rationabiles
897 698 1157 745 creatura:
1205 690 1260 744 iu
1311 689 1438 764 [Ms.
1471 707 1576 745 om.
1608 689 1687 764 in]
1734 705 1799 747 eo
1899 701 1975 747 ret
2002 691 2171 758 illum,
2194 701 2253 747 ut
2287 697 2847 754 cuswdireteumdcr’n
2869 703 3177 771 paradisum
3211 707 3311 763 sibi
3338 710 3464 784 ipsi,

233 780 365 836 bono
387 777 559 834 beatae
584 787 729 844 sunt,
758 789 816 833 ut
850 779 905 834 in
929 780 1207 837 conditore
1233 796 1332 837 suo
1354 782 1714 851 requiescant.

1862 850 1869 859 δ
1896 790 1953 837 ει
1982 781 2134 854 [Ms.,
2160 783 2246 856 ne]
2278 786 2323 864 si
2353 786 2555 858 aliquid
2595 790 2898 859 amitteret,
2924 801 2985 847 ut
3026 795 3147 851 inde
3174 781 3477 860 mereretur

295 868 457 928 Inter.
482 869 571 929 45.
600 869 710 925 Cur
746 870 813 926 de
859 871 946 926 die
991 871 1200 928 sabbati
1247 872 1443 927 dicitur
1477 887 1492 926 :
1521 873 1798 928 Benedixit
1896 879 2109 948 expelli.

229 960 358 1017 Deus
384 959 491 1013 diei
519 961 735 1030 septimo
768 969 816 1014 et
847 960 1185 1030 sanctiﬁeavit
1216 960 1364 1015 illum
1392 964 1542 1033 (vers.
1569 962 1648 1034 5),
1673 978 1789 1022 cum

230 1052 289 1108 de
305 1051 422 1107 aliis
440 1050 628 1107 diebus
648 1066 755 1107 non
782 1050 989 1123 legatur
1010 1051 1113 1106 hoc
1139 1066 1262 1107 eum
1280 1052 1519 1108 dixisse?
1541 1082 1612 1092 -—
1633 1052 1790 1124 Resp.

230 1142 293 1201 Ut
317 1143 625 1198 ostenderet
652 1152 961 1197 sanctorum
983 1142 1223 1212 requiem
1246 1151 1367 1212 post
1384 1156 1489 1198 sex
1513 1143 1670 1214 hujus
1696 1159 1795 1199 sa:-

226 1232 326 1290 culi
360 1241 582 1288 aetatum
616 1231 849 1299 labores,
874 1233 928 1287 in
954 1242 1157 1288 aeterno
1182 1236 1406 1290 sabbato
1433 1244 1487 1290 et
1513 1236 1791 1291 benedicta

225 1323 397 1394 requie
444 1323 748 1393 quieturam
800 1323 928 1396 [Ms.
952 1312 1313 1399 ,quieturos],
1361 1327 1501 1383 sicut
1551 1327 1793 1383 dicturus

220 1425 335 1471 est:
380 1413 585 1482 Venite,
615 1416 866 1471 benedicti
913 1416 1091 1472 Patris
1134 1420 1257 1483 mei,
1290 1421 1533 1489 percipite
1576 1437 1790 1491 regnum

222 1509 429 1582 (Matth.
448 1510 702 1583 xxv,34).
725 1509 849 1566 Ideo
875 1519 929 1566 et
955 1510 1041 1566 ille
1058 1512 1173 1567 dies
1194 1512 1309 1567 sine
1328 1526 1549 1582 vespera
1575 1513 1788 1585 legitur,

218 1602 349 1670 quod
394 1599 585 1655 ultima
628 1600 843 1670 requies
883 1610 1190 1657 sanctorum
1223 1603 1551 1673 sempiterna
1576 1612 1679 1660 est.

279 1690 446 1750 Inter.
476 1690 568 1746 Νι.
598 1690 707 1747 Cur
735 1692 873 1746 dixit
904 1710 918 1746 :
956 1692 1082 1747 Ista
1115 1703 1233 1748 sunt
1281 1695 1637 1764 generationes
1676 1694 1790 1749 caeli

214 1790 258 1835 et
278 1792 431 1837 terra:
457 1780 609 1855 (Gen.
633 1798 697 1848 11,
728 1780 820 1854 4)?
840 1792 915 1822 ⁵-
940 1782 1097 1854 Resp.
1127 1783 1326 1839 Contra
1351 1800 1445 1839 eos
1483 1784 1658 1857 [facit]
1694 1786 1786 1857 qui

214 1872 467 1927 mundum
489 1873 605 1928 sine
633 1872 790 1928 initio
814 1880 869 1927 et
895 1887 1109 1943 semper
1134 1872 1302 1927 fuisse
1337 1872 1625 1928 atiirmant.

277 1959 444 2015 Inter.
469 1961 558 2015 45.
597 1961 709 2018 Cur
757 1960 917 2034 [dixit
945 1980 958 2016 :
991 1962 1081 2036 In]
1131 1964 1215 2018 die
1247 1981 1349 2035 quo
1376 1964 1495 2034 fecit
1525 1966 1708 2019 caelum
1738 1976 1788 2022 et

212 2060 404 2107 terram
440 2053 591 2125 (vers.
611 2053 667 2128 4)
686 2095 701 2120 ,
727 2062 781 2111 ει
808 2071 915 2110 non
952 2074 965 2110 :
1013 2057 1069 2111 in
1092 2057 1313 2111 diebus?
1352 2088 1423 2098 —
1451 2056 1606 2128 Resp.
1637 2059 1785 2115 Diem

208 2146 379 2219 (vero)
408 2163 509 2219 pro
548 2156 660 2205 toto
708 2157 946 2220 tempore
986 2150 1350 2220 primordialis
1388 2160 1649 2207 creaturae
1688 2168 1785 2222 po-

207 2236 347 2302 suit,
375 2238 517 2294 sicut
549 2247 605 2294 et
642 2238 929 2308 Apostolus
970 2254 985 2294 :
1024 2240 1159 2295 Ecce
1207 2240 1387 2312 (nunc)
1442 2241 1552 2295 dies
1603 2240 1788 2296 salutis

208 2325 298 2399 (II
315 2327 631 2403 Cor.v1,2),
655 2331 797 2385 diem
853 2339 1025 2386 totum
1069 2339 1279 2402 tempus
1325 2332 1548 2404 intelligi
1601 2333 1785 2401 voluit,

203 2433 314 2490 quo
364 2421 546 2475 sancti
576 2420 631 2474 in
657 2421 759 2475 hac
781 2421 891 2474 vita
918 2436 1019 2491 pro
1062 2430 1261 2475 aeterna
1308 2422 1478 2477 salute
1520 2423 1783 2478 laborant.

268 2509 449 2563 Inter.
474 2508 562 2564 46.
589 2509 729 2577 Quid
751 2518 836 2566 est
858 2509 1025 2583 [quod
1060 2510 1214 2584 dicit]
1247 2526 1262 2565 :
1304 2510 1470 2567 Omne
1510 2513 1787 2584 virgultum

201 2599 323 2670 agri
377 2597 535 2670 (Gen.
568 2615 642 2665 11,
671 2599 726 2672 5)
773 2608 1059 2670 antequam
1110 2600 1345 2655 oriretur
1398 2603 1452 2656 in
1494 2603 1676 2657 terra?
1716 2633 1788 2643 -

198 2685 362 2758 Resp.
398 2687 473 2743 Ut
493 2688 822 2745 celeritatem
848 2690 1029 2760 operis
1070 2689 1162 2744 Dei
1196 2691 1524 2758 insinuaret;
1575 2693 1631 2747 id
1678 2702 1783 2761 est,

203 2786 500 2846 antequam
520 2777 683 2847 aliqui
701 2777 908 2833 fructus
929 2795 996 2834 ex
1018 2787 1163 2835 terra
1185 2782 1490 2847 [crescendo
1511 2782 1786 2838 orirentur

203 2876 295 2922 aut
319 2869 709 2937 germinarent,
737 2879 958 2941 repente
982 2887 1171 2927 omnes
1196 2874 1370 2944 campi
1395 2880 1451 2929 et
1470 2873 1636 2931 colles
1661 2875 1786 2931 her-

204 2960 285 3016 bis
309 2968 471 3015 erant
496 2970 548 3017 et
574 2962 860 3018 arboribus
886 2965 1145 3034 cooperti.

274 3050 449 3105 Inter.
482 3052 570 3107 47.
598 3051 736 3120 Quid
759 3062 881 3109 est:
916 3054 1040 3109 Non
1087 3057 1224 3109 enim
1275 3054 1478 3127 pluerat
1525 3056 1781 3112 Dominus

203 3136 340 3193 Dens
355 3156 515 3211 super
542 3149 732 3195 terram
756 3141 906 3214 (vers.
926 3142 1017 3214 5)?
1034 3174 1104 3183 —
1122 3143 1273 3216 Resp.
1306 3145 1376 3201 Ut
1402 3145 1782 3218 intelligeretur

207 3239 468 3305 quantum
495 3232 669 3302 prima
713 3240 871 3288 terra:
895 3234 1215 3305 germinatio
1254 3251 1285 3289 a
1322 3229 1578 3292 moderna
1608 3237 1779 3292 dista-

201 3305 305 3384 bat,
338 3304 469 3391 qua:
493 3322 718 3377 morulis
736 3323 801 3378 ad
828 3304 1133 3394 pluviarum
1158 3320 1524 3396 irrigationem
1545 3325 1636 3380 vix
1660 3335 1778 3382 tan-

201 3409 312 3465 dem
337 3420 393 3466 et
424 3412 586 3467 tarde
613 3412 888 3482 perﬁcitur
919 3432 932 3468 :
970 3415 1058 3471 illa
1082 3431 1212 3472 vero
1238 3415 1305 3471 ad
1324 3416 1566 3487 iubentis
1608 3418 1777 3490 impe-

200 3502 331 3557 rium
357 3520 494 3560 mox
525 3513 711 3560 exorta
739 3507 1007 3577 apparuit.

263 3590 427 3648 Inter.
463 3592 552 3647 48.
591 3592 729 3661 Quid
772 3605 856 3651 est
898 3595 1138 3668 [iterum,
1174 3597 1317 3667 quod
1358 3597 1513 3672 dixit]
1562 3617 1575 3654 :
1631 3590 1776 3656 Fons

199 3689 510 3765 ascendebat
544 3688 608 3744 de
636 3699 773 3744 terra
820 3692 1046 3763 irrigans
1094 3693 1334 3747 universa
1385 3709 1538 3765 super
1588 3694 1776 3763 faciem

201 3772 336 3846 [Ms.,
367 3762 676 3833 universam
705 3762 1053 3852 superﬁciem]
1105 3790 1260 3836 terra:
1319 3762 1473 3854 (Gen.
1504 3799 1565 3848 11,
1590 3762 1682 3855 6)?
1706 3813 1777 3824 —

199 3864 347 3940 Resp.
375 3869 499 3925 Aut
537 3871 603 3925 de
631 3870 743 3926 solo
768 3872 898 3926 dicit
924 3873 1189 3941 paradiso,
1211 3873 1302 3943 qui
1328 3888 1434 3929 uno
1472 3873 1615 3930 fonte
1655 3874 1780 3929 irri-

199 3958 301 4026 gari
325 3959 613 4027 creditur;
646 3969 760 4026 aut,
780 3961 823 4015 si
850 3961 916 4015 de
937 3969 1051 4016 tota
1077 3971 1216 4017 terra
1247 3963 1644 4035 intelligendum
1672 3972 1774 4031 est,

198 4060 403 4105 omnem
439 4065 713 4120 aquarum
746 4055 1129 4110 abundantiam
1155 4057 1377 4129 intelligi
1407 4059 1591 4114 voluit.

264 4160 427 4217 Inter.
482 4162 571 4217 49.
612 4160 881 4222 Formavit
916 4168 1076 4237 igitur
1109 4168 1404 4243 (Dominus)
1442 4171 1583 4225 Deus
1612 4173 1779 4227 homi-

199 4266 304 4306 nem
332 4254 397 4309 de
423 4254 561 4309 limo
584 4264 738 4311 teme
769 4254 920 4329 (Gen.
951 4275 1013 4325 11,
1035 4260 1111 4331 7).
1134 4260 1272 4327 Quid
1297 4262 1489 4334 igitur?
1517 4262 1654 4318 Num
1670 4280 1776 4320 non

198 4351 334 4409 ante,
365 4347 455 4402 die
487 4354 660 4411 sexto,
688 4347 850 4404 homo
875 4349 1071 4421 legitur
1092 4366 1211 4406 esse
1248 4354 1497 4408 creatus?
1521 4383 1589 4393 -
1616 4355 1772 4426 Resp.

197 4431 309 4490 Jam
334 4440 537 4495 stricte
559 4438 711 4512 [Ms.,
728 4442 986 4509 strictim,
1019 4442 1091 4498 al.
1119 4444 1311 4517 omitt.]
1340 4446 1491 4516 prius
1518 4463 1613 4517 per
1638 4448 1777 4502 anti-

1967 967 2132 1023 Inter.
2162 969 2250 1025 52.
2282 970 2391 1025 Cur
2415 970 2617 1027 dictum
2640 983 2724 1030 est
2757 992 2769 1029 :
2809 975 3032 1047 Lignum
3075 982 3305 1037 scientia:
3347 985 3471 1042 boni

1892 1071 1940 1112 et
1984 1058 2110 1114 mali
2159 1060 2328 1132 (Gen.
2373 1063 2567 1136 11,9)?
2614 1096 2686 1105 —
2734 1065 2891 1137 Resp.
2936 1068 3050 1124 Non
3101 1073 3244 1140 quod
3280 1074 3471 1145 ipsum

1892 1148 2095 1221 lignum
2136 1152 2190 1205 in
2218 1169 2313 1208 sua
2340 1164 2533 1209 natura
2575 1156 2839 1211 rationale
2882 1169 3044 1225 esset,
3076 1163 3157 1216 vel
3189 1164 3469 1223 scientiam

1891 1238 2020 1294 boni
2050 1247 2104 1295 et
2131 1242 2258 1295 mali
2285 1243 2587 1310 habuisset;
2612 1246 2705 1300 sed
2730 1248 2873 1317 quod
2902 1249 3063 1305 homo
3100 1251 3153 1305 in
3200 1267 3264 1307 eo
3307 1270 3473 1326 expe-

1893 1331 1986 1386 riri
2019 1340 2072 1386 et
2099 1334 2238 1387 scire
2259 1334 2434 1404 potuit
2456 1335 2583 1404 quid
2606 1346 2751 1391 esset
2772 1338 2914 1392 inter
2933 1340 3251 1397 obedientia:
3266 1343 3467 1402 bonum

1890 1430 1945 1477 et
1977 1423 2347 1479 inobedientiae
2373 1426 2593 1481 malum.

1959 1514 2126 1568 Inter.
2165 1516 2253 1571 55.
2283 1515 2419 1583 Quid
2450 1518 2715 1589 significat
2745 1521 2797 1574 in
2826 1536 2889 1576 eo
2919 1527 3063 1592 quod
3095 1526 3230 1582 dixit
3255 1543 3269 1582 :
3299 1528 3470 1588 Morte

1890 1605 2124 1661 morieris
2147 1605 2297 1677 (vers.
2316 1607 2666 1680 l7)?—Rcsp.
2686 1611 2960 1681 Duplicem
2982 1616 3214 1672 hominis
3240 1630 3468 1679 mortem

1888 1691 2152 1762 designat,
2182 1694 2235 1748 id
2258 1703 2361 1760 est,
2380 1697 2576 1752 anima:
2597 1706 2652 1753 et
2670 1702 2931 1771 corporis.
2952 1703 3158 1761 Animae
3182 1724 3328 1764 mors
3353 1720 3462 1779 est,

1888 1783 2014 1838 dum
2038 1794 2257 1855 propter
2279 1795 2560 1857 peccatum
2601 1792 2875 1859 quodlibet
2911 1794 3144 1850 animam
3189 1798 3329 1855 Deus
3366 1803 3462 1857 de-

1815 1865 1860 1925 B
1890 1874 2039 1928 serit.
2065 1874 2320 1945 Corporis
2342 1893 2489 1933 mors
2510 1886 2617 1944 est,
2650 1881 2774 1935 dum
2820 1893 3040 1953 propter
3087 1890 3467 1948 necessitatem

1894 1965 2193 2033 quamlibet
2247 1981 2442 2039 corpus
2500 1970 2766 2024 deseritur
2823 1973 2891 2027 ah
2941 1975 3147 2029 anima.
3207 1977 3274 2031 Et
3329 1980 3471 2037 hanc

1891 2058 2104 2130 duplam
2134 2059 2367 2116 hominis
2394 2071 2625 2116 mortem
2653 2061 2903 2119 Christus
2918 2081 3013 2120 sua
3038 2068 3226 2139 simpla
3247 2069 3466 2146 [morte]

1890 2147 2173 2204 destruxit.
2206 2148 2341 2204 Nam
2370 2151 2483 2206 sola
2523 2167 2686 2208 carne
2716 2162 2960 2210 mortuus
2990 2165 3074 2210 εει
3106 2159 3173 2212 ad
3220 2166 3465 2231 tempus,

1889 2238 2068 2292 anima
2093 2234 2220 2294 iero
2245 2257 2539 2311 nunquam,
2563 2244 2687 2313 quia
2712 2259 2987 2314 nunquam
3010 2250 3275 2317 peccavit.

1960 2328 2125 2383 Inter.
2149 2330 2238 2385 54.
2268 2331 2419 2388 Unde
2454 2334 2654 2388 dicitur
2681 2352 2693 2389 :
2726 2337 2960 2391 Adduxit
2987 2355 3050 2392 ea
3077 2341 3147 2393 ad
3174 2343 3343 2397 Adam
3361 2385 3375 2410 ,
3402 2353 3464 2400 ut

1889 2420 2077 2475 videret
2104 2422 2229 2491 quid
2254 2434 2455 2478 vocaret
2478 2441 2538 2478 ea
2569 2423 2721 2496 (Gen.
2746 2427 2967 2500 11,19)?
3017 2459 3088 2470 -—
3130 2431 3288 2503 Resp.
3342 2434 3460 2492 Non

1889 2512 2118 2567 circuitu
2160 2513 2317 2569 locali
2357 2515 2649 2582 adducens,
2680 2516 2777 2573 sed
2816 2519 3026 2575 occulto
3063 2529 3197 2577 nutu
3223 2538 3336 2580 suat
3358 2540 3461 2595 po-

1888 2592 2070 2661 tentia:
2093 2606 2259 2663 voluit
2282 2617 2341 2661 ut
2361 2607 2624 2663 venirent.

1895 2705 1901 2711 ’
1956 2704 2119 2788 309
2146 2715 2305 2772 Inter.
2332 2718 2420 2773 55.
2446 2718 2555 2774 Cur
2578 2719 2748 2775 voluit
2784 2721 2926 2803 Deus
2950 2730 3011 2777 ut
3050 2724 3214 2781 homo
3243 2729 3460 2785 cunctis

1887 2810 2252 2865 animantibus
2281 2811 2499 2866 nomina
2530 2812 2867 2881 imponeret?
2891 2845 2963 2854 —
2993 2814 3146 2887 Resp.
3178 2818 3249 2874 Ut
3292 2820 3455 2879 homo

1887 2896 2206 2972 intelligeret
2231 2902 2485 2973 seipsum,
2503 2914 2704 2974 quanto
2729 2904 2922 2959 melior
2937 2914 3079 2961 esset
3102 2913 3311 2967 cunctis
3338 2913 3459 2968 ani-

1884 2990 2159 3046 mantibus
2190 3007 2255 3046 ex
2292 2993 2516 3046 rationis
2542 2992 2882 3060 discretione,
2908 3004 2960 3050 et
2988 3011 3053 3052 co
3082 3001 3252 3078 magis
3281 3005 3462 3060 condi-

1885 3084 2057 3133 torem
2090 3095 2247 3134 suum
2278 3081 2547 3153 diligeret,
2572 3099 2680 3156 quo
2703 3099 2763 3140 se
2788 3085 3064 3143 meliorem
3092 3089 3210 3147 aliis
3234 3093 3461 3153 viventi-

1804 3206 1853 3272 α
1884 3173 1985 3229 bus
2012 3173 2355 3247 intelligeret.

1952 3264 2115 3318 Inter.
2147 3265 2233 3321 56.
2263 3266 2372 3323 Cur
2395 3268 2628 3325 dicitur:
2657 3271 2783 3327 Ada:
2817 3291 2933 3328 vero
2969 3292 3071 3330 non
3107 3277 3461 3333 inveniebatur

1879 3353 2094 3425 adjutor
2115 3357 2302 3412 similis
2336 3359 2450 3429 ejus
2480 3358 2635 3432 (Gen.
2665 3378 2726 3427 ιι,
2762 3363 2891 3436 20)?
2917 3396 2986 3404 —
3021 3364 3178 3437 Resp.
3212 3366 3344 3433 Quia
3375 3368 3459 3424 in-

1879 3452 1966 3500 ter
1991 3448 2170 3502 omnia
2200 3450 2492 3506 animantia
2518 3459 2678 3508 terrm
2703 3455 2908 3510 nullum
2936 3457 3195 3513 rationale
3221 3459 3459 3516 invenie-

1876 3536 2058 3606 batur,
2086 3541 2191 3596 nisi
2222 3542 2311 3598 ille
2334 3544 2502 3600 solus.

1948 3630 2112 3686 Inter.
2139 3632 2228 3689 57.
2253 3633 2361 3691 Cur
2374 3637 2569 3693 mulier
2589 3638 2656 3694 de
2679 3639 2850 3697 latere
2870 3643 3304 3715 viridormientis
3317 3645 3452 3704 aedi-

1877 3720 2036 3776 licata
2083 3722 2298 3793 legitur,
2348 3735 2532 3783 etnon
2570 3731 2636 3785 de
2685 3741 2829 3787 terra
2858 3733 3155 3804 plasmata,
3206 3738 3346 3794 sicut
3368 3738 3462 3797 vir

1878 3811 2030 3885 (vers.
2064 3814 2431 3888 22)?—-Resp.
2466 3818 2625 3876 Certe
2658 3826 2902 3893 mysterii
2936 3842 3097 3883 causa
3117 3829 3455 3900 signiﬁcans,

1878 3904 2020 3974 quod
2037 3903 2287 3961 Christus
2312 3918 2533 3978 propter
2564 3912 2861 3969 Ecclesiam
2889 3916 2946 3970 in
2974 3933 3137 3973 cruce
3177 3920 3452 3990 dormivit,

1876 4007 1944 4048 ex
1969 3994 2121 4065 cujus
2147 3995 2316 4052 latere
2338 3997 2457 4052 fons
2487 4001 2675 4057 salutis
2705 4012 2904 4060 nostrae
2925 4009 3181 4062 manavit.

1947 4080 2112 4135 Inter.
2140 4083 2231 4139 58.
2271 4085 2549 4151 Quomodo
2569 4093 2820 4146 convenit
2838 4094 3055 4149 Christo
3085 4097 3225 4165 quod
3249 4098 3453 4156 dictum

1878 4178 1961 4227 est
1990 4189 2003 4224 :
2037 4171 2259 4243 Propter
2295 4174 2390 4228 hoc
2410 4177 2664 4247 relinquet
2685 4180 2837 4235 homo
2857 4191 3056 4251 patrem
3076 4193 3124 4238 et
3147 4194 3381 4253 matrem,
3405 4197 3457 4243 et

1878 4263 2163 4319 adha'rebit
2187 4267 2339 4320 uxori
2359 4283 2469 4321 sua:
2505 4267 2658 4339 (Gen.
2692 4287 2763 4336 11,
2787 4270 2915 4344 24)?
2937 4304 3009 4314 —-
3039 4274 3199 4346 Resp.
3219 4274 3458 4349 Reliquit

1877 4368 2109 4426 patrem,
2133 4360 2259 4428 quia
2285 4377 2391 4416 non
2422 4362 2477 4417 in
2504 4378 2569 4418 ea
2613 4363 2787 4420 forma
2835 4369 3083 4438 apparuit
3120 4371 3453 4441 hominibus,

1878 4459 1982 4514 qua
2002 4448 2224 4517 aequalis
2252 4459 2335 4505 est
2359 4450 2527 4507 Patri.
2554 4452 2791 4525 Reliquit
2817 4466 3045 4513 matrem
3066 4461 3191 4516 dum
3210 4477 3448 4536 synago-

199 4527 526 4597 cipationem
555 4533 621 4589 de
646 4533 881 4588 hominis
928 4535 1200 4590 creatione
1244 4537 1396 4602 dixit,
1430 4553 1589 4608 quam
1617 4539 1776 4594 modo
1803 4559 1853 4623 υ
1878 4550 1999 4604 gam
2023 4538 2261 4594 deseruit
2287 4539 2615 4609 Iudaeorum,
2644 4547 2710 4601 de
2744 4562 2850 4616 qua
2893 4551 3184 4607 secundum
3232 4527 3450 4610 carn'em

196 4632 287 4689 per
310 4624 821 4696 recapitulationem
847 4625 1058 4695 plenius
1078 4642 1342 4697 exponere
1366 4644 1648 4700 aggressus
1671 4638 1772 4686 est.

268 4711 436 4769 Inter.
474 4715 567 4771 50.
611 4715 749 4783 Quid
776 4725 884 4782 est,
910 4720 1053 4787 quod
1093 4720 1226 4774 dixit
1257 4735 1271 4774 :
1302 4713 1571 4776 Formavit
1617 4724 1778 4795 igitur

200 4799 454 4861 Dominus
490 4806 631 4861 Deus
671 4808 928 4863 hominem
956 4809 1020 4864 de
1058 4809 1182 4865 limo
1211 4821 1383 4878 terrae,
1411 4822 1459 4867 et
1509 4815 1776 4886 inspiravit

201 4892 252 4946 in
282 4894 477 4964 faciem
517 4898 633 4968 ejus
666 4898 985 4969 spiraculum
1011 4901 1166 4956 vitaz?
1196 4931 1268 4941 —-
1292 4901 1449 4973 Resp.
1474 4903 1609 4970 Quia
1635 4904 1779 4960 vide-

200 4978 320 5065 licet
346 4986 406 5041 in
438 4989 690 5059 corporis
711 4997 766 5071 et
793 4990 985 5046 anima:
1018 4993 1370 5048 substantiam
1399 4993 1572 5050 factus
1600 5005 1715 5063 est,
1747 5012 1778 5052 e

201 5062 394 5144 quibus
421 5094 623 5150 corpus
651 5080 718 5134 de
738 5062 867 5136 limo
889 5079 1088 5154 (terrae)
1115 5082 1404 5139 formatum
1439 5093 1552 5153 est;
1600 5062 1779 5144 anima

202 5178 328 5225 vero
348 5170 417 5225 de
438 5171 612 5226 nihilo
638 5170 750 5226 Deo
772 5171 1066 5241 inspirante
1090 5181 1291 5231 creata.

269 5258 442 5315 Inter.
478 5261 566 5317 51.
599 5262 738 5330 Quid
770 5273 874 5330 est,
904 5264 1047 5334 quod
1076 5265 1211 5320 dixit
1234 5266 1395 5337 [Ms.,
1416 5267 1634 5344 dicitur]
1665 5287 1679 5326 :
1710 5272 1780 5327 Et

202 5353 373 5419 posuit
394 5352 542 5408 Deus
570 5356 828 5409 hominem
857 5355 912 5409 in
930 5355 1178 5427 paradiso
1205 5356 1496 5430 voluptatis,
1514 5372 1570 5416 ut
1597 5380 1781 5435 opera-

206 5452 347 5497 retur
374 5456 425 5499 et
456 5447 737 5502 custodiret
763 5446 913 5501 illum
942 5444 1094 5519 (Gen.
1119 5464 1179 5513 ιι,
1208 5448 1333 5520 15)?
1385 5449 1655 5523 [Nunquid
1678 5455 1781 5510 ho-

204 5535 335 5592 mini
377 5537 633 5595 laborare
664 5540 718 5596 in
764 5539 1015 5611 paradiso
1065 5557 1199 5613 opus
1248 5542 1402 5616 fuit];
1457 5555 1550 5600 aut
1593 5564 1624 5603 a
1675 5564 1782 5619 quo

204 5630 486 5684 custodire
532 5630 679 5686 illum
734 5630 927 5703 [Edit.,
956 5632 1114 5701 illud;
1139 5632 1210 5687 al.
1243 5637 1498 5691 custodiri
1528 5639 1638 5712 ille]
1686 5643 1780 5697 de-

203 5714 358 5772 buit?
392 5749 470 5758 —
498 5717 649 5791 Resp.
681 5720 797 5776 Non
827 5723 970 5778 enim
998 5722 1224 5795 [homini
1250 5725 1390 5800 erat]
1426 5727 1625 5785 laboris
1650 5732 1783 5787 allii-

204 5806 315 5862 ctio
337 5808 396 5863 in
427 5811 700 5878 paradiso.
722 5814 818 5868 sed
840 5813 1131 5871 voluntatis
1156 5815 1506 5887 exhilaratio;
1554 5837 1676 5879 cum
1715 5839 1780 5882 ea

457 5902 729 5965 Ρλτιιοι..
773 5905 835 5969 C.

1876 4634 2036 4683 natus
2063 4636 2169 4694 εει,
2192 4637 2251 4683 ιιι
2274 4631 2575 4689 adhaereret
2603 4634 2888 4700 Ecclesiae,
2910 4653 3073 4708 quam
3111 4655 3178 4694 ex
3207 4644 3457 4711 gentibus

1875 4719 2241 4789 congregavit.

1945 4828 2112 4883 Inter.
2152 4829 2239 4884 59.
2277 4830 2454 4897 Quare
2480 4848 2586 4888 non
2615 4836 3007 4892 erubescebant
3030 4824 3202 4893 Adam
3229 4848 3283 4894 et
3311 4840 3445 4907 Eva,

1876 4917 2005 4972 dum
2028 4919 2155 4974 nudi
2174 4929 2329 4975 erant
2350 4920 2502 4992 (Cen.
2526 4924 2975 5000 11,25)?—Resp.
2995 4928 3131 4996 Quia
3152 4929 3355 4985 nullam
3373 4931 3453 4987 le-

1877 5025 1996 5081 gem
2014 5020 2297 5067 senserunt
2312 5013 2365 5067 in
2381 5016 2638 5071 membris
2654 5018 2765 5073 suis
2786 5028 3171 5089 repugnantem
3188 5021 3293 5091 legi
3309 5037 3461 5080 men-

1879 5100 1948 5154 tis
1964 5116 2073 5155 suae
2091 5120 2103 5154 :
2124 5102 2256 5156 nihil
2278 5103 2421 5158 enim
2445 5106 2704 5174 putabant
2717 5109 3022 5175 velandum,
3036 5110 3164 5178 quia
3177 5106 3309 5166 nihil
3333 5126 3460 5167 sen-

1879 5202 2065 5246 serunt
2092 5193 2490 5251 refrenandum.
2527 5196 2664 5254 Nam
2704 5200 2760 5255 in
2781 5216 2996 5271 poenam
3025 5200 3233 5273 peccati
3275 5204 3458 5260 evenit

1879 5284 2107 5349 homini,
2119 5293 2179 5338 ut
2194 5286 2308 5357 ipsa
2322 5303 2417 5342 sua
2429 5304 2555 5344 caro
2568 5291 2781 5348 rebellis
2792 5293 2841 5348 ei
2853 5294 3058 5350 essetin
3070 5296 3306 5351 motibus
3319 5297 3453 5363 suis,
3466 5280 3471 5285 ’

1881 5375 2006 5444 quia
2035 5375 2150 5444 ipse
2172 5376 2391 5432 rebellis
2415 5386 2532 5434 erat
2557 5383 2787 5437 creatori
2816 5399 2912 5439 suo
2941 5383 2996 5438 in
3018 5385 3226 5440 actibus
3250 5386 3383 5440 suis.

1951 5462 2117 5518 Inter.
2143 5464 2229 5519 60.
2249 5464 2399 5522 Unde
2420 5485 2629 5539 serpens
2654 5470 2895 5525 callidior
2905 5472 3102 5528 dicitur
3121 5475 3319 5528 cunctis
3340 5475 3458 5528 ani-

1882 5554 2141 5610 mantibus
2164 5565 2317 5611 terra:
2340 5556 2491 5630 (Gen.
2510 5560 2661 5632 111,1)
2677 5561 2699 5614 ?
2715 5592 2785 5601 --
2814 5562 2967 5631 Resp.
2997 5562 3114 5617 Non
3136 5579 3201 5618 ex
3225 5580 3320 5619 sua
3351 5562 3469 5618 ua?

1882 5652 2039 5712 tura,
2066 5646 2159 5702 sed
2183 5663 2249 5702 ex
2298 5649 2567 5704 diabolici-
2590 5652 2809 5721 spiritus
2862 5653 3150 5710 inﬂatione.
3193 5654 3460 5711 Utebatur

1882 5736 2024 5791 enim
2053 5745 2303 5806 serpente
2331 5738 2576 5794 diabolus
2609 5742 2765 5811 quasi
2790 5757 2994 5813 organo
3032 5744 3101 5800 ad
3123 5732 3459 5817 perpetran-

1884 5828 2006 5884 dam
2034 5828 2341 5886 calliditatis
2370 5845 2481 5887 suae
2501 5832 2780 5889 malitiam.

2905 5926 2980 5989 17
