4064 6342
544 333 648 390 625

1396 322 1456 378 Β.
1501 319 1563 376 F.
1602 313 1828 373 ALBINI
1861 312 1994 371 SEU
2031 307 2309 370 ALCUINI
2343 307 2636 368 OPERUM
2671 305 2854 365 PARS
2889 305 2953 364 II.

3711 308 3816 367 524

611 447 778 503 Inter.
806 440 898 501 61.
941 440 1052 499 Cur
1099 437 1298 495 tentari
1342 434 1484 490 Deus
1524 431 1800 488 hominem
1839 423 2120 500 permisit,
2151 430 2208 495 Α
2299 421 2468 479 Inter.
2495 419 2584 474 72.
2613 416 2724 474 Cur
2748 419 2890 474 Deus
2932 415 3088 488 quasi
3134 415 3383 479 nesciens
3429 414 3818 491 interrogavit,
3849 413 3862 424 '

543 553 707 613 quem
724 533 1031 594 consentire
1048 527 1406 604 praesciebat?
1440 556 1511 567 —
1539 523 1694 595 Resp.
1742 520 1880 590 Quia
1915 531 2126 592 magnai

543 631 690 689 laudi
717 628 872 706 [Ms.,
898 624 1095 700 laudis]
1125 639 1233 680 non
1260 626 1424 686 esset,
1449 618 1498 674 si
1525 618 1646 674 ideo
1667 617 1831 672 homo
1860 628 1977 706 non
1996 623 2124 706 pec-

542 701 757 793 casses,
787 722 914 795 quia
931 717 1255 777 malefaeere
1283 728 1390 768 non
1410 710 1691 783 potuisset.
1726 706 1864 762 Nam
1887 712 1943 761 et
1965 701 2129 760 hodie

543 820 664 880 sine
691 815 1089 874 intermissione
1117 809 1239 884 [per
1262 803 1600 877 universum]
1637 816 1806 873 genus
1828 800 2126 855 humanum

543 929 614 972 ex
653 911 863 970 insidiis
891 906 1086 966 diaboli
1123 899 1414 979 [homines]
1462 905 1740 954 tentantur
1787 893 1981 967 [Edit.,
2008 898 2127 947 ten-

545 1003 814 1080 tatur],ut
834 1017 900 1058 ex
929 1015 994 1056 eo
1021 999 1194 1054 virtus
1221 992 1415 1051 tentati
1436 989 1716 1063 probetur,
1741 997 1797 1042 et
1820 984 1999 1058 palma
2019 995 2127 1038 non

547 1093 932 1154 consentientis
965 1087 1250 1162 gloriosior
1287 1091 1564 1157 appareat.

616 1187 781 1243 Inter.
810 1183 896 1240 62.
925 1183 980 1239 Si
1005 1197 1228 1253 serpens
1252 1193 1444 1236 sonum
1465 1176 1755 1232 verborum
1780 1172 1898 1244 ejus
1918 1170 2010 1242 qui
2031 1182 2129 1240 per

546 1295 670 1338 eum
704 1279 1022 1349 loquebatur
1070 1273 1373 1345 intelligere
1416 1267 1626 1342 potuit?
1667 1297 1739 1308 ——
1801 1264 1957 1333 Resp.
2010 1261 2126 1316 Non

544 1385 630 1432 est
652 1372 908 1430 credibile
929 1386 1053 1426 eum
1082 1368 1380 1439 intelligere
1410 1363 1651 1436 potuisse
1695 1375 1812 1431 qua:
1858 1373 1956 1427 per
2004 1370 2128 1410 eum

545 1464 790 1522 diabolus
817 1463 1047 1536 agebat;
1090 1459 1183 1516 sed
1217 1459 1357 1514 sicut
1375 1453 1738 1512 dmmoniacus
1764 1457 1818 1505 et
1840 1455 2020 1504 mente
2040 1461 2130 1500 ca-

543 1565 672 1631 ptus
692 1555 930 1627 loquitur
975 1566 1094 1623 quae
1134 1549 1324 1616 nescit,
1361 1548 1436 1602 ita
1475 1558 1699 1614 serpens
1736 1541 1902 1596 verba
1937 1538 2131 1594 edebat

545 1664 667 1722 qua:
692 1664 802 1703 non
827 1644 1177 1715 intelligebat.
1943 1711 1957 1718 -
1996 1720 2008 1732 .

617 1740 784 1796 Inter.
825 1737 910 1794 6'5.
957 1735 1066 1792 Cur
1104 1732 1296 1788 mulier
1322 1731 1390 1788 ad
1420 1729 1749 1798 interrogata
1773 1729 2012 1797 serpenti
2043 1735 2127 1774 re-

2229 514 2323 572 ubi
2345 522 2490 569 esset
2511 510 2685 568 Adam
2718 506 2869 582 (Gen.
2907 524 2992 576 ιιι,
3025 506 3117 581 9)?
3165 538 3236 549 —
3263 506 3422 580 Resp.
3471 505 3592 563 Non
3634 507 3823 582 utique

2229 605 2527 681 ignorando
2553 601 2820 675 quaesivit,
2845 600 2939 657 sai
2969 599 3302 670 increpando
3340 597 3625 656 admonuit
3657 605 3724 656 ut
3746 608 3824 658 at-

2229 700 2474 758 tenderet
2494 697 2589 752 ubi
2609 703 2772 759 esset,
2795 704 2850 750 et
2873 693 3021 749 unde
3045 693 3349 749 cecidisset.

2301 793 2467 848 Inter.
2507 789 2594 845 7'5.
2627 788 2781 846 Unde
2807 786 2910 860 [se]
2952 802 2982 841 a
3009 786 3219 842 Domini
3249 786 3538 856 praesentia
3562 787 3822 844 abscondi

2227 899 2384 957 posse
2408 879 2664 954 putabat?
2695 911 2766 920 —
2803 879 2962 950 Resp.
2993 879 3119 933 Haec
3142 879 3193 933 ei
3233 877 3543 948 insipientia
3585 879 3656 936 de
3697 895 3822 952 peo-

2229 976 2336 1032 eati
2360 991 2520 1046 poena
2548 971 2764 1037 accidit,
2789 980 2849 1026 ut
2875 986 2998 1026 eum
3019 972 3123 1026 hoc
3144 969 3314 1026 latere
3346 977 3500 1040 putet
3526 970 3684 1044 [Ms.,
3701 986 3823 1028 eum

2229 1065 2397 1121 latere
2422 1064 2557 1120 velle
2588 1060 2792 1134 quem],
2819 1053 2980 1131 quem
3002 1059 3172 1116 latere
3207 1059 3342 1116 nihil
3372 1070 3570 1131 potest.

2299 1157 2464 1214 Inter.
2498 1157 2586 1211 74.
2617 1154 2727 1212 Cur
2753 1153 2924 1209 Adam
2952 1160 3235 1224 peccatum
3264 1153 3319 1208 in
3341 1152 3627 1210 mulierem
3651 1153 3825 1210 detor-

2230 1248 2301 1306 sit
2325 1247 2474 1321 (Gen.
2493 1265 2574 1314 ιιι,
2595 1245 2682 1317 12)
2701 1247 2807 1300 ?—
2827 1243 2984 1316 Resp.
3000 1244 3081 1300 Ad
3100 1244 3373 1300 cumulum
3395 1245 3606 1314 peccati
3629 1245 3718 1300 sui
3738 1261 3824 1300 su-

2229 1343 2395 1414 perbe
2422 1338 2720 1410 respondit,
2748 1336 2847 1410 [et]
2875 1353 2982 1393 non
3005 1336 3319 1402 humiliter;
3363 1336 3516 1406 quasi
3550 1336 3823 1406 querimo-

2230 1431 2377 1485 niam
2408 1431 2461 1484 in
2485 1430 2654 1483 Deum
2676 1427 2931 1500 dirigeret
2953 1441 3051 1482 cur
3071 1427 3121 1482 ei
3151 1425 3315 1482 talem
3337 1425 3574 1481 dedisset
3594 1428 3820 1495 sociam,

2229 1522 2371 1577 unde
2395 1519 2448 1575 ei
2473 1517 2683 1591 peccati
2708 1517 2923 1574 occasio
2943 1522 3105 1573 esset.
3131 1514 3397 1572 Similiter
3410 1524 3466 1571 et
3492 1516 3692 1571 mulier
3710 1531 3818 1574 suae

2230 1615 2399 1686 culpa:
2429 1628 2646 1669 causam
2676 1611 2732 1666 in
2763 1620 3064 1668 creatorem
3093 1610 3278 1677 refert,
3305 1625 3473 1681 quare
3522 1608 3658 1682 [At.,
3677 1609 3821 1684 quia]

2229 1715 2566 1777 serpentem,
2603 1718 2703 1775 per
2753 1718 2916 1774 quem
2970 1703 3314 1774 deciperetur
3365 1700 3470 1775 [in
3518 1700 3818 1776 paradiso]

545 1794 774 1908 spondet
803 1830 956 1906 [Ms.,
987 1824 1286 1900 respondit]
1327 1822 1478 1898 (Gen.
1509 1837 1594 1888 ιιι,
1616 1794 1710 1893 8)?
1750 1847 1822 1858 -—
1855 1794 2011 1888 Resp.
2057 1811 2130 1908 lJt
2161 1794 2206 1855 Β
2232 1799 2521 1908 creaverit:

545 1905 923 1998 pmvaricatio
972 1919 1090 1991 ejus
1136 1925 1280 1974 esset
1334 1911 1746 1974 inexcusabilis,
1799 1923 1922 1963 cum
1981 1905 2128 1960 nullo

551 1997 712 2072 modo
732 2014 912 2069 dicere
932 2009 1108 2083 potuit
1127 2022 1186 2064 se
1205 2005 1427 2062 oblitam
1453 2018 1572 2059 esse
1593 1999 1834 2057 mandati
1848 1997 1992 2070 quod
2016 2011 2131 2051 ser-

546 2108 698 2180 penti
718 2104 972 2178 prodidit.

617 2200 785 2254 Inter.
813 2197 902 2253 64.
931 2193 1042 2252 Cur
1069 2193 1232 2249 homo
1256 2189 1432 2246 factus
1474 2195 1557 2244 est
1599 2187 1656 2242 in
1706 2185 1936 2241 liberum
1979 2181 2127 2236 arbi-

543 2293 746 2352 trium?
763 2321 835 2332 —
855 2289 1014 2360 Resp.
1043 2285 1179 2354 Quia
1207 2283 1379 2341 noluit
1399 2289 1612 2338 creator
1640 2278 1914 2336 hominem
1952 2275 2130 2345 cujus-

543 2389 679 2446 libet
701 2399 919 2442 servum
939 2395 1146 2446 creare,
1171 2393 1334 2450 quem
1363 2376 1432 2430 ad
1455 2373 1744 2445 imaginem
1789 2385 1945 2426 suam
1979 2367 2127 2434 fecit,

540 2487 807 2552 quatenus
853 2493 922 2533 ex
953 2472 1258 2531 voluntario
1303 2471 1447 2526 bono
1499 2464 1783 2522 laudabilis
1821 2469 2128 2534 appareret,

541 2570 629 2626 vel
650 2567 890 2640 appetitu
924 2564 1072 2621 malo
1105 2559 1446 2620 damnabilis.

609 2664 778 2720 Inter.
811 2660 899 2716 65.
933 2659 1063 2726 Quae
1087 2665 1170 2712 est
1189 2656 1414 2710 libertas
1428 2650 1592 2705 vera?
1613 2647 1860 2719 ——Resp.
1892 2645 2128 2700 Maxima

540 2752 770 2831 [autem]
803 2751 1025 2808 libertas
1043 2756 1126 2804 est
1148 2747 1354 2803 servire
1367 2742 1611 2814 iustitiae,
1633 2748 1689 2796 et
1711 2757 1741 2795 a
1766 2745 1990 2810 peccato
2011 2751 2131 2792 esse

571 2861 800 2904 merum.

571 2866 590 2904 ι
627 2861 800 2903 erum.

546 2849 785 2993 ιιὶΙηιεν.
821 2931 908 2989 66.
951 2929 1229 3000 Quomodo
1274 2927 1452 3000 potuit
1494 2924 1690 2980 mulier
1738 2920 1960 2977 credere
2011 2935 2130 2974 ser-

542 3028 722 3102 pentis
743 3023 1103 3088 sermonibus,
1132 3018 1275 3091 quod
1307 3015 1562 3072 divinitus
1601 3028 1633 3067 a
1666 3026 1727 3068 re
1759 3011 1902 3066 bona
1938 3008 2130 3064 fuisset

541 3101 1098 3194 prohibita?-—Resp.
1121 3112 1259 3180 Quia
1273 3109 1413 3166 forte
1434 3117 1560 3165 ante
1587 3106 1762 3162 inerat
1785 3103 1951 3159 menti
1985 3101 2128 3157 illius

541 3231 698 3274 amor
718 3213 939 3286 quidam
965 3208 1198 3281 propriae
1218 3203 1526 3278 potestatis,
1557 3210 1612 3256 et
1645 3197 1894 3271 quaedam
1923 3196 1989 3251 de

540 3307 773 3381 superba
799 3301 1167 3376 prmsumptio,
1193 3315 1314 3369 quae
1336 3313 1435 3368 per
1461 3294 1607 3350 illam
1629 3289 1984 3348 tentationem
2010 3285 2126 3344 fue-

540 3409 630 3460 rat
661 3399 922 3455 vincenda
951 3404 1007 3452 et
1034 3391 1390 3450 bumilianda.

614 3489 784 3547 Inter.
809 3488 897 3544 67.
916 3485 1027 3542 Cur
1047 3483 1242 3539 mulier
1261 3476 1622 3537 consideravit
1639 3474 1844 3547 lignum
1868 3479 1993 3543 post
2013 3486 2128 3526 ser-

538 3584 718 3660 pentis
755 3579 1160 3654 persuasionem
1203 3573 1356 3648 (Gen.
1384 3589 1468 3638 ιιι,
1500 3569 1588 3644 6)?
1611 3599 1684 3611 —-
1711 3568 1870 3660 Resp.
1917 3566 1989 3623 Ut
2035 3581 2128 3621 ex-

538 3657 784 3750 ploraret
806 3671 853 3728 si
889 3669 1018 3742 quid
1045 3668 1101 3722 in
1123 3681 1188 3721 eo
1210 3660 1547 3719 mortiferum
1575 3666 1752 3726 esset;
1789 3657 1916 3714 dum
1944 3664 2128 3712 autem

538 3765 679 3824 nihil
703 3765 759 3821 in
795 3779 861 3819 eo
891 3760 994 3817 tale
1017 3758 1302 3830 reperiret,
1319 3753 1673 3812 confidentius
1693 3751 1926 3824 gustavit
1951 3765 2018 3805 ex
2039 3764 2124 3805 eo.

615 3856 786 3914 Inter.
818 3853 906 3912 68.
939 3849 1092 3928 [Sed]
1132 3851 1274 3906 unde
1312 3849 1397 3904 vir
1441 3847 1711 3904 consentit
1761 3843 2010 3900 feminae?
2059 3873 2129 3882 —

540 3949 703 4022 Resp.
745 3946 882 4015 Quia
921 3943 1060 4000 forte
1102 3941 1248 3997 illam
1283 3955 1349 3996 eo
1389 3937 1511 3994 cibo
1545 3944 1812 3991 mortuam
1849 3950 1956 3989 non
2009 3946 2130 3987 esse

545 4041 832 4104 cernebat;
861 4043 916 4092 et
936 4032 1112 4106 potuit
1133 4031 1269 4097 fieri,
1291 4037 1351 4084 ut
1378 4027 1686 4100 putaverint
1711 4023 1936 4094 alicujus
1971 4021 2131 4095 signi-

544 4129 816 4190 ficationis
851 4142 1016 4184 causa
1042 4123 1242 4180 dixisse
1284 4129 1588 4177 creatorem
1619 4136 1632 4172 :
1677 4116 1740 4174 Si
1784 4116 2131 4172 manducaue-

543 4225 661 4282 ritis
687 4239 752 4279 ea:
777 4238 862 4287 eo,
883 4227 1050 4274 morte
1076 4215 1370 4271 moriemini
1395 4211 1550 4286 (Gen.
1589 4227 1652 4277 ιι,
1683 4209 1794 4283 17).

612 4313 782 4370 Inter.
810 4311 900 4366 69.
926 4308 1010 4364 Ad
1038 4307 1167 4378 quid
1198 4305 1369 4375 aperti
1403 4311 1530 4358 sunt
1554 4301 1696 4358 oculi
1724 4315 1912 4356 eorum
1964 4295 2125 4371 (Gen.

543 4421 627 4469 ιιι,
668 4401 757 4476 7)?
804 4429 876 4440 —
929 4395 1087 4467 Resp.
1142 4391 1306 4467 [Quo]
1362 4392 1466 4448 nisi
1515 4391 1582 4446 ad
1617 4389 1849 4445 invicem
1873 4388 2129 4460 concupi-

545 4492 838 4552 scendum?
866 4488 1012 4561 quod
1039 4486 1119 4543 eis
1146 4485 1215 4540 ad
1253 4499 1474 4558 poenam
1514 4498 1642 4538 mex
1682 4491 1806 4554 post
1847 4490 2130 4566 peccatum

547 4592 785 4748 agro
821 4671 986 4727 Inter.
1022 4669 1113 4726 70.
1163 4667 1274 4725 Cur
1309 4669 1380 4724 ad
1405 4665 1534 4723 folia
1575 4664 1761 4722 ficulni
1809 4663 1958 4739 [Ms.,
1985 4664 2138 4722 ﬁcul-

547 4765 688 4838 neae]
711 4764 915 4819 turbati
941 4767 1296 4818 cucurrerunt
1327 4757 1483 4833 [Ms.,
1531 4756 1944 4830 concurrerunt]
1977 4755 2130 4829 (Gen.

549 4876 633 4926 ιιι,
659 4856 761 4933 7)ι
804 4885 878 4897 -
909 4853 1068 4923 Resp.
1114 4853 1252 4922 Quia
1301 4853 1527 4927 gloriam
1578 4850 1836 4922 simplicis
1869 4850 2134 4906 castitatis

552 4951 872 5015 amiserunt,
901 4943 970 5002 ad
999 4943 1266 5016 duplicem
1291 4944 1530 5000 libidinis
1572 4941 1906 5014 pruriginem
1941 4941 2132 4996 conlu-

551 5047 763 5114 gerunt.
795 5037 945 5115 [Ideo
968 5037 1230 5093 Dominus
1259 5033 1416 5092 Jesus
1449 5034 1585 5090 dixit
1611 5029 1931 5090 Nathanaeli
1961 5047 1975 5087 :
2003 5031 2134 5087 Cum

549 5152 685 5192 esses
710 5132 805 5190 sub
823 5132 952 5205 ﬁcu,
981 5129 1092 5186 uidi
1116 5138 1166 5184 te
1209 5126 1389 5202 (Joan.
1410 5145 1453 5196 ι,
1478 5125 1569 5199 48)
1587 5168 1602 5194 ,
1625 5126 1680 5183 id
1707 5135 1815 5195 est,
1838 5141 1962 5182 cum
1987 5140 2136 5181 esses

549 5228 652 5286 sub
682 5225 788 5283 ficu
812 5221 1090 5298 originalis
1109 5220 1340 5294 peccati,
1355 5236 1454 5291 per
1471 5218 1899 5276 misericordiam
1926 5217 2035 5274 vidi
2057 5224 2131 5284 te,

550 5327 606 5377 et
637 5319 758 5375 ideo
786 5314 1040 5374 descendi
1060 5313 1300 5370 liberare
1326 5311 1425 5386 te.]

621 5408 789 5466 Inter.
819 5407 908 5463 71.
940 5405 1081 5475 Quid
1117 5414 1201 5461 est
1224 5406 1369 5477 quod
1393 5411 1517 5476 post
1536 5403 1821 5460 meridiem
1849 5403 2135 5461 abscondit

545 5512 611 5555 se
633 5499 805 5554 Adam
840 5505 896 5554 et
916 5513 1055 5552 uxor
1083 5494 1196 5565 ejus
1233 5493 1386 5568 (Gen.
1417 5512 1500 5563 ιιι,
1525 5493 1613 5567 8)?
1636 5493 1880 5566 —Resp.
1929 5493 1989 5549 Id
2028 5501 2132 5559 est,

550 5598 676 5660 post
716 5592 933 5646 beatam
986 5588 1189 5662 [Edit.,
1219 5586 1413 5662 beatae]
1459 5585 1810 5658 paradisiacaa
1862 5585 2134 5641 felicitatis

553 5677 729 5735 lucem
749 5681 807 5735 in
835 5681 994 5752 hujus
1029 5679 1580 5752 szeculicaliginosam
1615 5678 1893 5736 miseriam
1937 5675 2132 5751 [Edit.,

555 5769 784 5836 caligine
807 5788 838 5829 a
858 5771 1097 5843 miseria]
1123 5786 1181 5828 se
1201 5773 1621 5830 absconderunt.

2303 1891 2470 1946 Inter.
2503 1888 2589 1944 75.
2620 1887 2801 1956 Quare
2831 1903 2940 1945 non
2967 1896 3050 1942 est
3071 1887 3436 1960 interrogatus
3465 1901 3694 1958 serpens
3727 1900 3821 1942 cur

2230 1986 2334 2041 hoc
2354 1983 2842 2054 fecerit?—Resp.
2867 1981 3005 2050 Quia
3052 1980 3192 2037 forte
3234 1981 3288 2036 id
3325 1997 3435 2037 non
3484 1997 3582 2036 sua
3628 1988 3821 2035 natura

2229 2077 2314 2131 vel
2337 2077 2614 2131 voluntate
2637 2073 2860 2138 fecerat,
2885 2073 2979 2127 sed
3004 2071 3247 2128 diabolus
3267 2072 3334 2127 de
3357 2071 3447 2127 illo
3473 2081 3528 2126 et
3547 2087 3646 2142 per
3671 2070 3818 2126 illum

2230 2166 2409 2222 fuerat
2433 2175 2708 2236 operatus.
2740 2165 2865 2220 ideo
2893 2163 3093 2219 dicitur
3119 2163 3170 2218 ei
3196 2177 3212 2216 :
3248 2161 3421 2233 Super
3445 2171 3624 2234 pectus
3673 2171 3818 2216 tuum

2230 2260 2488 2331 gradieris
2508 2267 2554 2313 et
2580 2266 2774 2312 terram
2795 2255 3029 2310 comedes
3053 2251 3204 2326 (Gen.
3230 2271 3314 2321 ιιι,
3333 2255 3444 2326 14),
3471 2252 3736 2324 siquidem
3763 2249 3814 2308 in

2229 2358 2448 2423 pectore
2474 2349 2742 2405 calliditas
2760 2347 3124 2418 nequitiarum
3154 2348 3270 2418 ejus
3299 2349 3600 2415 indicatur;
3635 2347 3726 2418 qui
3767 2353 3819 2403 et

2240 2452 2442 2499 terram
2472 2443 2714 2506 devorat,
2741 2441 2867 2496 dum
2907 2441 3118 2496 luxuria
3149 2449 3201 2497 et
3227 2439 3449 2495 libidine
3477 2439 3817 2512 peccantium

2228 2536 2469 2609 pascitur
2495 2544 2549 2589 et
2575 2534 2876 2588 delectatur
2903 2531 3036 2604 [Al.,
3065 2529 3368 2604 dilatatur].
3391 2530 3530 2585 Nam
3555 2530 3658 2604 [et]
3683 2531 3816 2586 sicut

2232 2626 2477 2682 diabolus
2503 2641 2601 2696 per
2621 2632 2926 2697 serpentem
2952 2624 3298 2694 loquebatur,
3323 2621 3396 2678 ita
3419 2622 3549 2676 etin
3571 2629 3818 2692 serpente

2230 2719 2592 2774 maledicitur.
3508 2771 3517 2780 ,

2301 2809 2468 2866 Inter.
2503 2809 2589 2864 76.
2619 2803 2758 2876 Quid
2803 2817 2886 2864 est
2930 2823 3113 2863 semen
3163 2805 3428 2872 mulieris,
3453 2806 3541 2862 vel
3587 2802 3816 2879 [semen]

2231 2902 2498 2974 serpentis
2530 2901 2682 2975 (vers.
2703 2900 3036 2976 7)?-—Resp.
3063 2898 3258 2955 Semen
3285 2899 3528 2954 mulieris
3551 2907 3635 2955 est
3652 2908 3820 2954 totum

2231 3012 2400 3067 genus
2426 2998 2751 3061 humanum;
2785 3009 2970 3050 semen
2995 2992 3288 3064 serpentis,
3307 2992 3590 3061 originalis
3616 2990 3822 3065 peccati

2230 3087 2588 3158 primordium
2618 3103 2632 3142 :
2659 3102 2780 3160 quae
2820 3087 2925 3142 duo
2972 3085 3178 3141 semina
3215 3100 3281 3140 ex
3324 3093 3595 3156 praecepto
3645 3081 3821 3140 divino

2021 3193 2123 3267 [se]
2160 3163 2207 3225 Ο
2236 3179 2552 3235 continuum
2580 3178 2721 3232 inter
2748 3193 2806 3232 se
2833 3177 3015 3232 odium
3039 3190 3230 3246 gerere
3266 3174 3487 3242 debent,
3513 3183 3574 3229 ut
3601 3189 3709 3229 non
3753 3171 3822 3229 fa-

2238 3271 2445 3326 ciamus
2472 3285 2592 3340 quae
2621 3267 2868 3324 diabolus
2913 3267 3058 3335 vult,
3100 3265 3226 3338 quia
3255 3265 3345 3322 ille
3388 3280 3667 3338 nunquam
3713 3264 3825 3322 vult

2236 3363 2394 3419 nobis
2411 3361 2712 3435 profutura.
2847 3369 2865 3395 ⁴
3291 3407 3296 3411 ,

2303 3455 2470 3510 Inter.
2501 3455 2588 3508 77.
2617 3453 2758 3521 Quid
2784 3462 2866 3509 est
2895 3461 3058 3524 caput
3106 3451 3375 3525 serpentis
3418 3459 3474 3508 et
3510 3451 3821 3506 calcaneum

2234 3547 2479 3602 mulieris
2502 3542 2653 3618 (Gen.
2681 3562 2765 3610 ιιι,
2793 3543 2918 3616 15)?
2947 3574 3019 3584 —
3055 3542 3213 3614 Resp.
3238 3541 3414 3614 Caput
3447 3541 3721 3612 serpentis
3744 3547 3821 3596 est

2235 3637 2434 3693 illicita:
2459 3635 2816 3706 suggestionis
2847 3634 3126 3706 cogitatio,
3151 3633 3296 3705 quod
3323 3648 3423 3688 nos
3451 3633 3601 3688 omni
3644 3632 3818 3686 inten-

2236 3730 2383 3786 tione
2406 3736 2687 3784 conterere
2712 3736 2874 3798 atque
2897 3725 3120 3782 allidere
3161 3725 3420 3782 debemus
3470 3739 3539 3778 an
3589 3731 3818 3794 petram,

2235 3821 2329 3892 qui
2354 3829 2436 3874 est
2465 3818 2734 3874 Christus.
2765 3817 3091 3874 Calcaneum
3114 3816 3359 3872 mulieris
3383 3823 3469 3872 est
3517 3822 3819 3870 extremum

2235 3910 2360 3966 vitae
2387 3918 2588 3965 nostra:
2617 3918 2846 3979 tempus,
2860 3924 2978 3979 tquo
3004 3907 3248 3964 diabolus
3282 3922 3382 3964 nos
3423 3906 3609 3962 acrius
3656 3906 3822 3977 impu-

2236 4019 2402 4077 gnare
2425 4004 2648 4072 satagit,
2674 4003 2762 4058 cui
2815 4003 2861 4058 si
2907 4001 3139 4056 viriliter
3183 4001 3511 4069 resistimus,
3539 3999 3821 4057 victoriam

2235 4095 2652 4166 perseverantiae
2672 4109 2794 4149 cum
2822 4093 2996 4149 salute
3024 4101 3208 4148 nostra
3235 4092 3589 4162 accipiemus.

2306 4203 2474 4260 Inter.
2507 4203 2593 4259 78.
2627 4203 2916 4271 Quaeritur,
2944 4203 3072 4259 dum
3111 4203 3308 4258 dicitur
3340 4219 3354 4256 :
3392 4203 3463 4257 Et
3489 4203 3586 4258 sub
3613 4204 3713 4258 viri
3736 4219 3820 4274 po-

2236 4304 2417 4350 testate
2443 4296 2544 4350 eris
2573 4293 2726 4367 (Gen.
2752 4312 2836 4362 ιιι,
2855 4294 2950 4362 16;
2981 4292 3101 4349 Gal.
3134 4294 3267 4362 v,6;
3302 4292 3332 4348 1
3352 4293 3513 4348 Joan.
3544 4295 3755 4367 ιν,18),
3775 4293 3819 4350 si

2237 4395 2361 4441 ante
2389 4395 2670 4455 peccatum
2714 4385 2974 4460 [quoque]
3023 4387 3217 4441 mulier
3266 4387 3366 4442 sub
3407 4394 3681 4457 potestate
3722 4385 3818 4442 viri

2240 4479 2418 4533 esset?
2448 4509 2519 4520 -—-
2548 4475 2704 4548 Resp.
2734 4479 2859 4533 Fuit
2903 4479 3107 4547 utique,
3143 4478 3239 4533 sed
3284 4493 3348 4532 ea
3398 4478 3682 4544 servitute,
3705 4491 3818 4549 quae

2239 4586 2338 4642 per
2359 4569 2701 4626 dilectionem
2729 4578 3002 4641 operatur,
3025 4579 3081 4624 et
3132 4568 3278 4625 foras
3324 4570 3495 4625 mittit
3538 4571 3814 4635 timorem;

2237 4670 2360 4731 post
2399 4676 2550 4726 vero,
2579 4660 2929 4716 conditionali
2970 4661 3250 4718 servitutis
3293 4659 3510 4730 timore,
3559 4677 3680 4733 quas
3723 4675 3820 4734 per

2237 4755 2576 4826 disciplinam
2598 4763 2874 4825 operatur.

2306 4843 2472 4899 Inter.
2504 4842 2590 4899 79.
2616 4842 2726 4899 Cur
2752 4843 2936 4914 spinas
2969 4851 3025 4898 et
3057 4842 3283 4899 tribulos
3309 4843 3634 4917 germinavit
3673 4852 3815 4901 tem

2237 4933 2388 5009 (Gen.
2418 4953 2501 5001 ιιι,
2528 4934 2658 5006 l8)?
2679 4965 2752 4977 -—
2778 4934 2937 5015 Resp.
2963 4935 3068 4991 Per
3087 4944 3370 5007 peccatum
3394 4935 3540 4992 enim
3587 4936 3818 4994 hominis

2243 5036 2384 5082 terra
2413 5027 2693 5083 maledicta
2722 5037 2825 5094 est,
2851 5029 2912 5083 iit
2953 5028 3137 5097 spinas
3173 5035 3392 5100 pareret
3423 5036 3479 5084 et
3522 5041 3818 5084 venenosas

2239 5119 2434 5176 herbas
2452 5120 2517 5174 ad
2539 5135 2753 5190 poenam
2774 5120 2857 5174 vel
2879 5119 2990 5192 [ad]
3017 5121 3462 5176 exercitationem
3485 5119 3816 5198 mortalium,

2240 5219 2301 5266 ut
2322 5219 2446 5267 ante
2466 5213 2650 5267 oculos
2693 5213 2856 5268 homo
2897 5228 3111 5284 semper
3157 5215 3355 5270 habeat
3397 5213 3659 5285 originale
3703 5211 3816 5267 cri-

2239 5317 2363 5358 men
2401 5313 2457 5359 et
2487 5304 2571 5359 vel
2602 5303 2681 5360 sic
2707 5305 3013 5362 admonitus
3051 5304 3388 5380 [aliquando]
3428 5321 3489 5362 se
3533 5312 3740 5362 avertat
3781 5320 3819 5360 a

2238 5396 2498 5465 peccatis.

2309 5487 2476 5544 Inter.
2516 5487 2604 5545 80.
2651 5487 2762 5544 Cur
2797 5488 2938 5545 Deus
2984 5488 3112 5546 fecit
3159 5490 3364 5546 homini
3410 5492 3620 5547 tunicas
3667 5487 3822 5562 pelli-

2241 5597 2365 5639 ceas
2411 5581 2574 5655 (vers.
2605 5581 2744 5656 2i)?
2779 5611 2850 5625 —-
2876 5582 3033 5656 Resp.
3092 5585 3163 5641 Ut
3206 5601 3301 5642 eos
3327 5585 3604 5642 mortales
3653 5583 3818 5638 fuisse

2237 5675 2556 5734 insinuaret.

2312 5769 2480 5827 Inter.
2503 5769 2592 5828 81.
2615 5769 2896 5842 Quomodo
2915 5773 3176 5833 Dominus
3192 5774 3336 5832 Deus
3357 5774 3493 5832 dixit
3507 5773 3581 5831 de
3603 5768 3822 5831 homine
