4062 6436
565 337 672 398 527

1416 337 1476 391 Β.
1516 335 1579 391 F.
1617 332 1843 390 ALBINI
1881 333 2014 392 SEU
2049 333 2325 392 ALCUINI
2361 334 2647 393 OPERUM
2685 334 2866 392 PARS
2901 335 2966 391 II.

565 454 880 509 intrinsecus
911 450 1061 523 (vers.
1089 449 1166 522 6).
1209 447 1461 518 Nunquid
1511 448 1565 503 in
1611 448 1778 504 Deum
1827 448 2140 518 paenitentia
2166 450 2218 511 Α
2243 449 2297 503 in
2345 463 2409 504 ea
2459 464 2578 504 esse
2613 449 2986 514 advertamus;
3036 447 3294 507 inferiora
3334 451 3493 524 313
3537 450 3656 522 ejus
3700 453 3819 513 loca

567 553 663 598 ant
693 543 846 599 dolor
880 542 1058 598 cordis
1094 541 1287 596 cadere
1323 539 1622 610 potest?—
1643 538 1800 610 Resp.
1828 538 1945 593 Non
1972 541 2140 595 Deum

567 635 638 689 de
660 632 802 688 facto
823 649 920 688 suo
944 634 1186 703 poenitet,
1213 645 1312 685 nec
1342 628 1494 700 [Αἴθη
1525 627 1638 702 aut]
1667 629 1810 685 dolet
1835 630 1976 684 Deus
2003 629 2143 684 sicut

566 726 750 792 homo,
777 725 863 780 cui
897 732 980 780 est
1006 725 1072 779 de
1095 722 1343 778 omnibus
1367 723 1526 777 rebus
1552 730 1662 776 tam
1706 721 1811 776 lixa
1855 721 2136 786 sententia,

565 834 730 890 quam
763 829 910 876 certa
934 816 1267 889 praescientia
1291 831 1306 869 :
1332 815 1427 871 sed
1453 815 1623 869 utitur
1643 813 1918 884 Scriptura
1951 820 2140 869 sancta

564 911 781 968 usitatis
817 910 970 966 nobis
1011 908 1190 962 verbis
1234 905 1678 977 intelligibilibus,
1719 913 1780 958 ut
1819 912 2032 974 coaptet
2080 918 2140 958 se

565 1010 763 1061 nostra:
793 999 1064 1072 parvitati,
1101 1005 1365 1069 quatenus
1405 1013 1468 1053 ex
1497 995 1727 1067 cognitis
1752 994 2021 1065 incognita
2048 1009 2141 1049 co-

562 1107 898 1167 gnoscamus.

633 1184 799 1240 Inter.
822 1181 944 1237 100.
967 1181 1084 1236 Noe
1106 1181 1184 1236 vir
1199 1180 1376 1252 justus
1391 1189 1440 1235 et
1463 1180 1721 1252 perfectus
1747 1186 1858 1233 erat
1883 1177 2034 1248 (vers.
2058 1174 2135 1247 9).

562 1277 622 1332 Si
670 1275 846 1331 nullus
893 1274 1009 1330 sine
1049 1280 1292 1343 peccato,
1331 1271 1599 1341 quomodo
1645 1269 1841 1340 aliquis
1867 1266 2139 1337 perfectus

559 1383 682 1424 esse
706 1366 915 1439 potest?
934 1395 1006 1406 ——
1027 1363 1184 1435 Resp.
1216 1361 1447 1418 Perfecti
1491 1363 1580 1416 hic
1606 1361 1798 1434 [Edit.,
1828 1357 1975 1430 hinc]
2018 1357 2138 1430 [ali-

559 1456 676 1531 qui]
720 1457 988 1520 dicuntur,
1031 1470 1139 1509 non
1181 1455 1321 1509 sicut
1364 1452 1675 1524 perﬁciendi
1705 1449 1850 1508 sunt’
1869 1451 2040 1506 sancti
2080 1451 2137 1505 in

557 1549 648 1606 illa
675 1549 1098 1612 immortalitate,
1147 1563 1254 1618 qua
1281 1547 1636 1616 aequabuntur
1663 1545 1864 1616 angelis
1891 1545 2015 1608 Dei;
2044 1543 2139 1600 sed

557 1644 700 1702 sicut
717 1658 836 1698 esse
867 1649 1094 1711 possunt
1121 1641 1176 1694 in
1204 1641 1306 1694 hac
1332 1638 1761 1708 peregrinatione
1786 1637 2030 1707 perfecti.

628 1733 792 1788 Inter.
826 1731 946 1784 101.
993 1730 1130 1797 Quid
1174 1737 1276 1794 est,
1311 1726 1452 1797 quod
1501 1728 1637 1782 dixit
1682 1727 1824 1782 Deus
1867 1727 1935 1780 ad
1976 1726 2127 1780 Noe:

2247 540 2582 596 stercoribus
2623 548 2678 596 et
2709 541 2982 612 spurcitiis
3020 557 3138 598 esse
3169 544 3440 615 deputata,
3475 561 3541 601 ne
3571 547 3821 606 animalia

2242 637 2298 684 et
2347 615 2616 699 praecipue
2662 630 2905 685 homines
2935 629 3048 685 fimi
3086 630 3256 687 fetore
3296 643 3642 690 vexarentur.
3687 636 3823 695 Huic

2244 727 2426 776 autem
2468 721 2717 791 superior
2763 731 2818 776 et
2868 723 3120 793 contigua
3169 740 3383 781 camera
3439 732 3824 790 conservandis

2240 810 2450 880 pabulis
2480 811 2790 866 animalium
2813 812 3177 883 deputaretur.
3206 816 3264 870 ln
3293 816 3391 871 hos
3423 831 3552 889 ergo
3581 835 3712 876 usus
3740 820 3824 876 in-

2239 899 2466 956 feriores
2507 911 2708 973 partes,
2755 918 2876 972 qua:
2905 902 3246 960 bicamerata:
3290 907 3562 976 dicuntur,
3605 912 3824 968 tradunt

2239 990 2406 1046 fuisse
2439 993 2717 1049 distinctas
2742 1012 2755 1048 :
2784 995 3090 1064 superiores
3121 1011 3251 1052 vero
3277 1007 3479 1068 partes,
3510 1017 3631 1072 quze
3656 1004 3821 1060 trica-

2239 1092 2459 1139 meratte
2485 1083 2756 1150 dicuntur,
2799 1085 2865 1140 ad
2903 1087 3267 1143 habitaculum
3306 1091 3480 1160 primo
3524 1095 3719 1150 bestiis
3743 1094 3826 1152 vel

2239 1173 2561 1228 animalibus
2606 1175 3007 1242 immitioribus,
3046 1178 3128 1233 vel
3169 1182 3508 1250 serpentibus
3538 1184 3827 1255 deputatas

2242 1262 2428 1337 [esse].
2475 1264 2557 1318 Ab
2609 1266 2693 1320 his
2735 1282 2862 1322 vero
2907 1282 3144 1339 congrua
3190 1270 3246 1324 in
3293 1271 3663 1340 superioribus
3710 1274 3822 1331 loca

2238 1356 2542 1411 mitioribus
2581 1357 2944 1413 animantibus
2968 1399 2984 1425 ,
3043 1361 3361 1431 stabulaque
3413 1363 3626 1420 fuisse:
3663 1381 3822 1436 supra

2237 1448 2417 1501 omnia
2446 1461 2575 1502 vero
2625 1447 2678 1501 in
2727 1449 2942 1504 excelso
2977 1451 3287 1507 hominibus
3330 1455 3510 1508 sedem
3558 1455 3821 1521 locatam;

2237 1547 2298 1593 ut
2324 1547 2446 1608 pote
2490 1539 2629 1592 sicut
2668 1539 2870 1594 honore
2915 1550 2972 1594 et
3015 1542 3278 1612 sapientia
3327 1546 3616 1611 antecedit,
3662 1546 3738 1600 ita
3769 1556 3822 1603 et

2237 1630 2356 1686 loco
2402 1639 2592 1686 cuncta
2638 1631 2967 1702 praecelleret
3014 1635 3286 1690 animalia.
3334 1636 3403 1691 Et
3453 1639 3533 1692 sic
3586 1640 3823 1711 quinque

2237 1721 2543 1776 mansiones
2592 1722 2646 1775 in
2690 1739 2754 1778 ea
2791 1738 2910 1778 esse
2946 1725 3345 1797 intelliguntur;
3382 1729 3578 1798 prima,
3622 1738 3824 1787 sterco-

561 1825 710 1880 Finis
735 1825 987 1878 universa:
1013 1823 1185 1876 carnis
1211 1821 1341 1875 venit
1365 1819 1518 1891 (vers.
1548 1819 1671 1890 l3)?
1690 1847 1761 1858 —
1783 1817 1938 1889 Resp.
1973 1817 2132 1889 [Uni-
2161 1798 2211 1861 Β
2236 1813 2386 1878 rina;
2415 1813 2667 1878 secunda,
2709 1815 3087 1884 apothecaria;
3131 1820 3308 1884 tertia,
3350 1819 3480 1876 feris
3524 1823 3823 1880 animanti-

559 1931 727 1970 versaa
774 1912 974 1985 carnis]
1019 1910 1286 1982 signiﬁcat
1320 1909 1559 1964 omnium
1604 1908 1911 1963 mortalium
1938 1907 2132 1980 [Edit.,

557 2020 742 2061 omnes
768 2002 1072 2075 mortales],
1099 2009 1296 2072 praeter
1329 2000 1450 2056 illos
1478 2000 1571 2070 qui
1616 1999 1670 2054 in
1718 2015 1844 2055 arca
1892 1998 2132 2056 salvandi

559 2105 732 2153 erant.
766 2096 845 2150 llli
875 2095 1040 2164 igitur
1066 2093 1219 2164 quasi
1247 2091 1595 2148 seminarium
1638 2091 1886 2147 secunda:
1909 2090 2134 2161 originis

558 2191 753 2247 servati
785 2198 928 2244 sunt.

629 2282 791 2336 Inter.
841 2279 962 2334 102.
1012 2277 1324 2349 Disperdam
1369 2293 1455 2331 eos
1497 2291 1614 2330 cum
1665 2285 1825 2330 terra.
1855 2271 2133 2342 Quomodo

556 2389 679 2430 cum
729 2380 892 2435 terra,
947 2371 1073 2425 dum
1131 2379 1274 2424 terra
1321 2377 1506 2440 postea
1567 2367 2130 2438 remansit?—Resp.

557 2463 796 2518 Tradunt
825 2459 1014 2534 [enim]
1044 2461 1292 2516 doctores
1339 2468 1498 2515 terra:
1545 2460 1783 2530 vigorem
1813 2467 1867 2514 et
1895 2459 2135 2515 fecundi-

558 2562 722 2609 tatem
770 2553 922 2623 longe
971 2551 1282 2606 inferiorem
1323 2565 1441 2606 esse
1481 2558 1603 2620 post
1657 2549 1915 2605 diluvium
1968 2565 2132 2621 quam

557 2651 708 2706 ante;
755 2650 809 2696 et
862 2641 1062 2696 idcirco
1107 2641 1414 2696 hominibus
1465 2653 1681 2695 carnem
1717 2638 1872 2712 [Ms.,
1918 2637 2130 2711 carnes]

556 2733 714 2788 edere
742 2732 1010 2787 licentiam
1035 2746 1154 2786 esse
1175 2732 1384 2795 datam;
1413 2739 1467 2786 et
1493 2740 1617 2785 ante
1639 2730 1848 2804 [etiam]
1875 2730 2134 2786 diluvium

557 2823 820 2880 fructibus
849 2833 1010 2878 terra:
1035 2823 1370 2878 solummodo
1399 2824 1673 2878 victitasse
1699 2822 1965 2878 homines.

630 2914 797 2971 Inter.
850 2917 972 2970 105.
1023 2916 1152 2982 Quae
1197 2925 1322 2970 sunt
1364 2917 1503 2987 ligna
1551 2917 1800 2988 levigata,
1841 2917 1906 2972 de
1939 2915 2135 2985 quibus

554 3021 681 3064 arca
720 3007 1027 3078 praecipitur
1069 3007 1184 3062 ﬁeri
1225 3008 1376 3079 (vers.
1429 3009 1641 3078 ll)?—
1667 3009 1820 3079 Resp.
1868 3007 2049 3062 Fortia
2079 3014 2135 3062 et

554 3098 874 3161 insolubilia,
907 3099 974 3154 de
1001 3100 1195 3169 quibus
1218 3101 1322 3155 alia
1347 3101 1628 3157 translatio
1663 3101 1811 3166 dicit,
1844 3102 2129 3169 quadrata,

555 3200 617 3247 ut
639 3207 764 3246 arca
794 3206 894 3246 nec
911 3199 1192 3247 ventorum
1222 3192 1298 3258 vi,
1343 3207 1443 3248 nec
1485 3207 1747 3263 aquarum
1786 3191 2133 3247 inundatione

557 3281 882 3336 solveretur.

628 3369 795 3424 Inter.
827 3369 948 3424 104.
981 3369 1048 3422 Et
1086 3370 1332 3424 bitumine
1361 3371 1530 3424 linies.
1558 3371 1688 3437 Quae
1721 3379 1806 3426 est
1833 3379 2024 3426 natura
2052 3372 2133 3428 bi-

558 3463 810 3518 tuminis?
849 3491 919 3502 —
963 3461 1118 3533 Resp.
1167 3463 1411 3518 Bitumen
1457 3471 1540 3518 est
1587 3463 2038 3519 ferventissimum
2077 3471 2133 3520 et

557 3553 1000 3607 violentissimum
1021 3551 1220 3621 gluten,
1243 3553 1395 3622 cujus
1415 3563 1498 3607 est
1524 3555 1638 3608 haec
1666 3555 1856 3617 virtus,
1886 3563 1946 3608 ut
1968 3555 2129 3624 ligna,

561 3641 704 3714 [quae
728 3659 849 3696 cum
871 3640 1154 3712 bitumine]
1182 3643 1406 3697 oblinita
1438 3643 1707 3715 [fuerint],
1741 3660 1842 3699 nec
1863 3647 2133 3703 vermibus

557 3733 732 3797 exedi,
776 3749 876 3788 nec
904 3732 1033 3787 solis
1058 3733 1270 3797 ardore,
1295 3749 1394 3789 nec
1439 3733 1652 3790 ﬂatibus
1695 3742 2000 3801 ventorum,
2031 3751 2134 3791 nec

561 3835 820 3893 aquarum
847 3823 1056 3894 possint
1084 3823 1427 3880 inundatione
1448 3825 1688 3880 dissolvi.

630 3911 794 3966 Inter.
820 3912 943 3968 105.
971 3912 1194 3979 Qualem
1217 3930 1345 3987 ergo
1373 3931 1513 3971 arcte
1536 3917 1768 3987 speciem
1793 3915 1878 3971 vel
1906 3916 2134 3973 formam

2236 1903 2363 1968 bus;
2397 1908 2608 1973 quarta,
2635 1904 2959 1969 mansuetis;
2986 1905 3192 1974 quinta,
3222 1908 3549 1965 hominibus.

2305 1994 2475 2048 Inter.
2519 1993 2640 2049 107.
2668 1995 2946 2062 Quomodo
2975 1998 3042 2053 de
3065 2001 3208 2054 ostio
3227 2002 3371 2071 quod
3399 2003 3454 2057 in
3487 2004 3662 2060 latere
3687 2021 3824 2064 arca:

2233 2086 2622 2152 aedificabatur,
2662 2087 3064 2158 intelligendum
3109 2093 3222 2147 est?
3255 2123 3328 2134 —
3369 2094 3527 2167 Resp.
3575 2098 3821 2158 Tradunt

2236 2175 2438 2249 [autem
2485 2177 2673 2251 etiam]
2720 2180 2937 2246 ostium,
2971 2183 3115 2251 quod
3161 2199 3227 2239 ex
3281 2185 3449 2242 latere
3474 2187 3679 2245 factum
3717 2200 3818 2260 est,

2233 2283 2298 2324 eo
2321 2269 2422 2324 loci
2449 2269 2634 2335 fuisse,
2658 2278 2714 2325 ut
2750 2269 3026 2340 inferiora,
3055 2289 3176 2344 quae
3204 2277 3340 2332 dixit
3368 2279 3701 2338 bicamerata
3744 2286 3821 2339 in-

2235 2360 2316 2417 fra
2340 2377 2398 2417 se
2423 2362 2675 2429 haberet;
2707 2371 2762 2418 et
2793 2379 2913 2433 qua:
2932 2366 3068 2420 dixit
3093 2368 3460 2438 tricamerata,
3483 2375 3765 2443 superiora
3791 2392 3821 2432 a

2235 2454 2354 2509 loco
2398 2455 2523 2509 ostii
2563 2455 2825 2525 appellata
2859 2465 3002 2513 sunt.
3045 2459 3114 2514 Et
3142 2460 3265 2516 inde
3303 2463 3542 2535 ingressa
3567 2468 3819 2524 animalia

2235 2548 2504 2612 universa,
2547 2566 2644 2620 per
2672 2567 2770 2606 sua
2815 2567 3042 2624 qumque
3079 2554 3222 2622 loca,
3257 2560 3552 2614 secundum
3582 2577 3704 2630 quae
3735 2578 3820 2618 su-

2233 2655 2333 2710 pra
2357 2637 2612 2705 diximus,
2643 2657 2880 2714 congrua
2906 2645 3231 2702 discretione
3253 2647 3508 2705 distincta
3529 2650 3688 2725 [Ms.,
3719 2653 3825 2711 dia-

2236 2730 2415 2805 repta]
2451 2742 2594 2787 sunt.

2307 2823 2473 2878 Inter.
2502 2825 2622 2881 108.
2652 2824 2791 2892 Quid
2810 2826 2974 2883 habet
3006 2829 3250 2901 mysterii
3284 2845 3538 2887 mensura
3565 2834 3825 2888 arcae?—

2237 2913 2393 2985 Resp.
2442 2915 2613 2971 Habet
2657 2915 2844 2989 [enim]
2886 2923 3201 2991 mysterium
3230 2922 3530 2992 perfectum
3576 2926 3824 2996 corporis

2237 3004 2461 3061 Christi.
2497 3006 2685 3062 Sexies
2719 3009 2860 3064 enim
2892 3012 3118 3066 trecenti
3165 3013 3366 3068 habent
3388 3013 3531 3068 intra
3575 3031 3635 3070 se
3667 3016 3824 3085 quin-

2237 3098 2512 3168 quaginta,
2543 3108 2596 3154 et
2619 3101 2797 3156 decies
2825 3101 3064 3173 triginta.
3097 3102 3187 3159 Sic
3212 3105 3355 3159 enim
3378 3105 3676 3161 humanum
3703 3123 3823 3162 cor-

2237 3207 2356 3262 pus,
2406 3191 2450 3245 si
2487 3191 2758 3260 jacentem
2805 3196 3049 3250 metiaris
3095 3196 3388 3262 hominem,
3430 3197 3610 3253 sexies
3661 3199 3823 3256 habet

2235 3284 2511 3356 longitudo
2541 3286 2900 3352 latitudinem,
2947 3296 3003 3342 et
3051 3289 3231 3344 decies
3274 3289 3636 3346 altitudinem.
3686 3291 3820 3348 Nam

2234 3377 2508 3449 longitudo
2539 3378 2770 3448 jacentis
2798 3381 3032 3437 hominis
3066 3397 3098 3436 a
3125 3382 3328 3438 vertice
3353 3398 3524 3452 usque
3550 3384 3618 3438 ad
3649 3386 3819 3440 vesti-

2233 3473 2318 3541 gia
2346 3474 2613 3528 metienda
2640 3481 2743 3540 est,
2776 3483 2832 3529 et
2865 3489 2895 3527 a
2924 3474 3090 3530 latere
3117 3491 3289 3546 usque
3325 3477 3380 3530 in
3419 3476 3584 3543 latus,
3617 3489 3675 3532 et
3700 3479 3822 3534 alti-

2235 3563 2364 3618 tudo
2397 3580 2428 3618 a
2457 3565 2618 3619 dorso
2650 3565 2706 3619 in
2738 3573 3002 3621 ventrem.
3052 3566 3182 3633 Quae
3225 3566 3396 3637 figura
3441 3576 3565 3637 apte
3603 3567 3822 3626 Christo

2235 3656 2523 3710 convenire
2565 3657 2840 3724 noscitur,
2881 3666 3102 3728 propter
3147 3659 3610 3730 longanimitatem
3638 3663 3820 3720 omnia

2235 3747 2538 3804 suﬂ‘erentis
2563 3749 2686 3806 fidei
2712 3759 2768 3806 et
2796 3752 3202 3822 amplitudinem
3228 3754 3536 3820 charitatis,
3563 3764 3619 3810 et
3655 3755 3820 3812 subli-

2233 3837 2481 3893 mitatem
2515 3839 2629 3908 spei
2656 3848 2890 3897 aeternae.

2306 3928 2472 3984 Inter.
2508 3931 2629 3986 109.
2675 3933 2758 3988 Ad
2795 3935 2925 4003 quid
2966 3933 3201 3992 fenestra
3230 3936 3284 3990 in
3316 3939 3629 3993 summitate
3676 3954 3819 3995 arca

558 4003 814 4101 debemus
839 4003 1360 4101 lintelligere_(vers._
1384 4006 1508 4080 l5)?
1525 4037 1597 4047 —
1625 4007 1780 4079 Resp.
1813 4007 1882 4063 Ut
1921 4008 2135 4062 videtur
2229 4018 2448 4089 jubet“;-
2478 4021 2632 4076 ﬁeri?
2649 4052 2719 4063 -.
2745 4023 2898 4096 Resp,
2932 4026 3003 4082 Ut
3026 4027 3250 4082 habere;
3275 4029 3415 4083 unde
3443 4030 3694 4086 eminere
3719 4047 3818 4101 ρο-

558 4095 746 4151 habuit
766 4099 996 4166 quatuor
1013 4098 1236 4168 angulos
1257 4114 1324 4154 ex
1348 4099 1457 4155 imo
1477 4109 1836 4170 assurgentes,
1863 4108 1918 4156 et
1944 4101 2132 4156 iisdem

557 4187 812 4257 paulatim
843 4203 1013 4257 usque
1042 4189 1111 4243 ad
1151 4205 1420 4245 summum
1461 4191 1516 4245 in
1559 4200 1842 4262 angustum
1886 4191 2134 4248 attractis

557 4279 612 4334 in
639 4280 870 4350 spatium
899 4281 1060 4335 unius
1095 4283 1261 4336 cubiti
1288 4281 1390 4336 fuit
1417 4283 1638 4339 collecta
1661 4283 1811 4356 [Ms.,
1837 4293 1896 4338 ut
1923 4285 2134 4340 videtur

559 4377 791 4439 quatuor
836 4370 1048 4439 angulis
1091 4371 1211 4424 eam
1239 4385 1304 4425 ex
1334 4371 1442 4426 imo
1470 4373 1848 4443 adsurgentem
1969 4375 2135 4430 fuisse

2237 4112 2426 4168 tuisset
2463 4112 2597 4184 [Al.,
2649 4114 2824 4169 emitti
2868 4115 3109 4189 possent]
3153 4132 3280 4173 aves
3321 4118 3388 4174 ad
3427 4121 3816 4189 explorandam

2236 4216 2396 4264 terra;
2426 4207 2742 4262 siccitatem.

2307 4297 2472 4352 Inter.
2507 4298 2627 4351 110.
2657 4297 2795 4365 Quid
2823 4299 2924 4354 sibi
2949 4299 3098 4355 vult:
3129 4300 3248 4355 Duo
3286 4309 3336 4356 et
3377 4302 3504 4368 duo,
3533 4314 3746 4376 septena
3767 4315 3818 4361 et

2237 4399 2447 4459 septena
2491 4387 2642 4460 (Gen.
2674 4405 2770 4453 vn,
2799 4389 2876 4460 2).
2925 4390 3008 4444 An
3048 4401 3279 4462 quatuor
3311 4409 3377 4449 ex
3426 4395 3716 4452 immundis
3760 4404 3821 4454 et

559 4457 1002 4577 collectam];Sit:
1027 4457 1216 4577 [enim]
1246 4458 1477 4577 ξθῖεἰξιυι·
1511 4463 1652 4563 (11ξού
1675 4463 2136 4577 lin-futtilamentis
2161 4513 2216 4577 Β
2239 4457 2646 4546 quatuordecim
2681 4494 2747 4533 ex
2786 4457 3000 4534 mundis
3026 4457 3344 4539 animalibus
3387 4484 3686 4556 intelligere
3720 4485 3821 4543 do-

562 4548 788 4601 trecenti
818 4548 984 4602 cu’niti
1026 4549 1079 4601 in
1120 4549 1451 4620 longitudine
1490 4559 1544 4606 et
1574 4553 1628 4606 in
1674 4552 1952 4610 latitudine
1979 4558 2136 4623 quin-
2162 4548 2216 4577 ¹¹
2238 4570 2428 4623 bemus
2457 4569 2840 4627 introducenda
2881 4573 3125 4626 esset?—
3149 4573 3306 4645 Ηεερ,
3340 4574 3456 4630 Non
3489 4548 3596 4630 du;
3623 4585 3680 4630 et
3706 4576 3817 4632 duo

559 4638 812 4706 quaginta
836 4638 976 4702 sint;
1008 4647 1062 4692 et
1089 4639 1144 4692 in
1188 4638 1467 4708 altitudine
1497 4642 1736 4712 triginta,
1781 4644 1873 4699 sed
1913 4645 2135 4702 collecta

557 4726 612 4780 in
637 4742 891 4782 cacumen
919 4738 1207 4799 angustum
1225 4770 1242 4797 ,
1273 4731 1346 4784 ita
1380 4739 1435 4784 ut
1455 4733 1671 4788 cubitus
1695 4733 1766 4789 sit
1788 4733 2135 4806 longitudinis

555 4827 610 4872 et
639 4818 958 4873 latitudinis.
986 4821 1051 4873 Et
1081 4836 1208 4876 vere
1237 4821 1378 4876 nulla
1405 4823 1578 4892 potuit
1599 4831 1706 4878 tam
1731 4827 2055 4882 conveniens
2080 4837 2136 4883 et

556 4926 793 4982 congrua
825 4925 966 4966 arca:
1006 4912 1214 4981 species
1256 4913 1394 4978 dari,
1423 4930 1584 4984 quam
1632 4926 1691 4970 ut
1737 4933 1948 4973 summo
1990 4920 2136 4974 velut

562 4998 635 5072 [e]
666 5007 808 5055 tecto
833 5001 1064 5071 quodam
1097 5011 1326 5073 angusto
1347 5003 1556 5060 cuhnen
1584 5005 1735 5078 [Ms.,
1761 5007 2014 5081 culmine]
2037 5009 2137 5064 dif-

556 5091 804 5147 funderet
843 5093 1096 5148 imbrium
1130 5095 1334 5162 ruinas,
1371 5106 1426 5152 et
1461 5099 1568 5154 ima
1607 5099 1660 5154 in
1690 5101 1843 5170 aquis
1871 5103 2131 5171 quadrata

555 5183 847 5240 stabilitate
895 5186 1197 5243 consistens
1243 5202 1343 5245 nec
1392 5190 1621 5261 impulsu
1671 5203 1986 5261 ventorum,
2036 5212 2134 5252 nec

557 5275 761 5345 impetu
783 5273 1062 5345 ﬂuctuum,
1090 5295 1191 5336 nec
1230 5283 1600 5354 inquietudine
1631 5287 1963 5357 animalium,
2014 5307 2135 5363 quas

555 5365 876 5423 intrinsecus
901 5379 1073 5435 erant,
1103 5383 1197 5427 aut
1226 5373 1473 5429 inclinari
1499 5385 1699 5446 posset,
1732 5388 1826 5433 aut
1850 5382 2041 5453 mergi.

625 5455 792 5512 Inter.
828 5459 947 5513 l06.
978 5460 1258 5528 Quomodo
1300 5480 1418 5520 eam
1462 5467 1847 5523 bicameratam
1885 5479 1940 5525 et
1967 5473 2133 5529 trica-

554 5557 814 5602 meratam
847 5550 1149 5624 intelligere
1171 5555 1426 5611 debemus
1446 5557 1597 5628 (vers.
1628 5557 1752 5628 16)?
1771 5591 1840 5600 —
1859 5561 2016 5632 Resp.
2047 5565 2135 5619 Bi-

555 5648 888 5694 cameratam
917 5641 971 5696 in
994 5642 1358 5709 inferioribus,
1388 5647 1788 5704 tricameratam
1817 5667 1945 5708 vero
1966 5653 2019 5707 in
2044 5670 2135 5710 su-

557 5728 875 5801 perioribus,
904 5731 975 5788 ita
1003 5741 1064 5787 ut
1089 5735 1326 5807 quinque
1350 5736 1741 5795 habitationum
1761 5740 2136 5808 distinctiones

2235 4668 2459 4732 propter
2479 4671 2734 4732 quatuor,
2761 4664 2854 4719 sed
2883 4672 3105 4734 propter
3126 4665 3419 4722 masculum
3449 4674 3504 4721 et
3533 4666 3813 4723 feminam.

2235 4753 2368 4807 Nam
2409 4753 2474 4807 de
2519 4753 2805 4809 immundis
2844 4755 3212 4812 tantummodo
3254 4757 3382 4823 duo,
3421 4765 3479 4812 et
3501 4755 3570 4812 de
3599 4757 3818 4814 mundis

2234 4846 2570 4901 solummodo
2596 4854 2818 4916 septem.

2303 4935 2470 4990 Inter.
2522 4937 2642 4990 111.
2697 4935 2806 4991 Cur
2859 4938 3134 4995 immunda
3175 4941 3292 5010 pari
3340 4954 3564 4995 numero
3611 4940 3813 5008 posuit,

2233 5029 2429 5082 munda
2469 5043 2597 5083 vero
2636 5031 2950 5099 impari?—
2972 5031 3127 5103 Resp.
3161 5033 3232 5089 Ut
3270 5033 3492 5088 haberet
3518 5031 3633 5089 Noe
3673 5033 3817 5089 unde

2235 5119 2435 5173 hostias
2458 5119 2569 5175 Deo
2593 5121 2890 5176 immolaret
2919 5140 2986 5180 ex
3013 5126 3246 5180 mundis.

2302 5209 2468 5264 Inter.
2499 5211 2621 5266 ιη.
2654 5211 2804 5267 Unde
2825 5213 3131 5282 pulchriora
3155 5215 3283 5288 [Ms.
3312 5216 3572 5290 pluriora]
3598 5217 3817 5275 fuerunt

2233 5302 2454 5367 munda,
2496 5317 2655 5372 quam
2702 5304 3104 5361 immundai—
3127 5307 3280 5380 Resp.
3320 5311 3544 5380 Propter
3570 5309 3814 5366 futurum

2233 5391 2466 5446 humano
2485 5395 2664 5462 generi
2697 5411 2875 5461 usum,
2905 5398 3032 5468 quia
3055 5413 3122 5454 ex
3149 5400 3361 5456 mundis
3391 5402 3690 5456 debebatur
3716 5402 3817 5456 ho-

2233 5481 2488 5549 minibus,
2521 5494 2581 5540 ut
2602 5487 2909 5556 pulchriora
2941 5488 3090 5561 [Ms.,
3119 5489 3296 5564 plura]
3324 5501 3504 5548 essent
3541 5507 3664 5563 qua
3686 5505 3814 5565 pro-

2234 5573 2449 5629 dessent
2476 5591 2639 5646 quam
2669 5595 2787 5648 quae
2811 5587 3088 5635 nocerent.

2304 5663 2466 5720 Inter.
2501 5666 2620 5722 H5.
2650 5667 2826 5735 Quaeri
2855 5668 3044 5743 [enim]
3073 5670 3226 5738 solet,
3251 5679 3432 5727 utrum
3453 5671 3509 5727 in
3534 5679 3687 5728 tanta
3712 5686 3810 5728 ca-

2231 5761 2464 5837 pacitate
2486 5778 2611 5818 arca
2635 5763 2958 5819 describitur
2986 5764 3171 5837 [esse],
3202 5773 3260 5821 ut
3288 5765 3537 5822 animalia
3567 5773 3714 5822 tanta
3748 5771 3809 5823 et
