4062 6466
241 465 328 526 529

829 452 1238 513 EXEGETICA.
1277 481 1345 494 —
1381 448 1754 508 INTERROG.
1795 445 1882 503 ET
1923 447 2250 506 RESPONS.
2292 447 2360 504 IN
2397 443 2638 505 GENES.
2705 446 2858 505 ETC.

3345 453 3448 510 530

237 589 324 646 tot,
347 588 466 634 cum
505 570 888 630 mansiunculis
923 571 1366 628 convenientibus
1409 569 1512 624 sibi
1557 576 1612 623 et
1650 565 1792 621 escis
1817 565 1864 624 Α
1893 563 2071 633 piente
2117 563 2201 618 vel
2255 565 2367 618 Deo
2414 565 2780 618 demonstrata
2817 561 2973 634 [Ms.,
3026 563 3449 640 demonstrante]

237 684 424 734 eorum,
461 663 602 722 ferre
647 664 917 736 potuerit?
939 693 1010 704 —
1039 662 1196 734 Resp.
1244 661 1394 716 Hanc
1433 659 1787 730 quaestionem
1885 668 2005 723 quae
2027 653 2212 708 talium
2245 667 2457 723 quoque
2502 653 2853 708 animantium
2890 651 3029 708 escis
3069 653 3452 722 convenirent;

235 761 478 831 Origenes
504 755 663 812 solvit
684 755 863 812 cubito
894 753 1244 826 geometrico,
1273 765 1520 807 asserens
1547 749 1787 804 cubitum
1886 747 2027 815 quod
2055 745 2224 817 magis
2250 744 2505 800 credibile
2533 754 2638 800 est.

234 850 600 928 geometricum
637 857 845 903 tantum
883 847 1084 912 valere,
1127 851 1387 916 quantum
1423 840 1594 896 nostri
1621 836 1788 895 cubiti

234 960 319 1002 sex
343 941 538 998 valent.

296 1033 458 1090 Inter.
491 1030 612 1087 114.
645 1029 782 1098 Quid
803 1037 886 1085 est
909 1028 1049 1098 quod
1075 1027 1276 1081 dictum
1299 1033 1381 1078 est
1407 1023 1647 1092 ingressa
1672 1032 1793 1073 esse

233 1125 398 1184 omnia
419 1120 670 1180 animalia
696 1119 786 1192 [ad
813 1117 944 1190 Noe]
969 1119 1021 1172 in
1048 1131 1227 1170 arcam
1251 1111 1524 1184 (vers..9)?
1541 1141 1612 1150 —
1632 1108 1789 1178 Resp.

230 1217 336 1275 Non
374 1215 488 1271 Noe
515 1213 818 1282 colligente,
854 1212 947 1266 sed
989 1210 1099 1264 Deo
1140 1209 1382 1278 iubente.
1411 1205 1564 1260 Sicut
1591 1203 1794 1258 dictum

231 1316 304 1364 est
329 1308 381 1362 in
408 1306 584 1376 prima
611 1303 885 1358 creatione
909 1319 922 1354 :
949 1298 1179 1354 Adduxit
1204 1315 1264 1352 ea
1307 1297 1375 1349 ad
1415 1295 1605 1358 Adam,
1638 1301 1694 1346 ut
1724 1292 1798 1345 vi-

227 1399 360 1454 deret
395 1396 524 1468 quid
569 1403 770 1448 vocaret
801 1409 862 1446 ea
897 1389 1050 1460 (Gen.
1093 1405 1154 1454 ιι,
1183 1387 1293 1456 19).
1327 1385 1418 1440 Sic
1453 1384 1636 1440 divino
1665 1390 1797 1436 nutu

228 1496 404 1544 coacta
436 1485 709 1549 animalia,
743 1493 932 1554 sponte
960 1480 1224 1552 przefinito
1261 1492 1485 1533 numero
1514 1475 1800 1530 veniebant

226 1579 287 1635 ad
311 1593 518 1634 arcam.

289 1672 458 1727 Inter.
483 1671 602 1726 115.
627 1669 764 1737 Quid
791 1670 856 1725 de
876 1666 1111 1739 piscibus
1130 1664 1217 1722 vel
1243 1664 1458 1719 alitibus
1481 1661 1635 1734 [Ms.,
1656 1661 1801 1716 vola-

224 1761 376 1834 tilia],
415 1777 537 1836 quze
565 1761 620 1815 in
649 1761 804 1830 aquis
843 1759 929 1814 vel
957 1773 1118 1829 super
1143 1772 1311 1828 aquas
1338 1757 1520 1810 vivere
1553 1761 1799 1826 possunt,

223 1852 448 1923 intelligi
490 1853 675 1915 debet;
707 1852 752 1906 si
787 1852 841 1906 in
887 1865 1012 1905 arca
1065 1858 1265 1913 essent,
1317 1864 1386 1902 an
1424 1863 1562 1911 non;
1617 1847 1701 1902 vel
1736 1847 1802 1902 de

221 1944 554 2000 sectibilibus
574 1944 966 2008 minutissimis,
1000 1944 1185 2013 quales
1229 1941 1400 2015 [sunt]
1439 1942 1709 2010 sciniphes
1746 1949 1801 1996 et

223 2049 422 2091 musca:
467 2042 520 2089 et
553 2043 747 2090 caetera
792 2035 954 2090 talia?
977 2064 1048 2075 —
1071 2033 1226 2104 Resp.
1273 2033 1423 2088 Hanc
1451 2031 1625 2104 [vero]
1655 2046 1802 2102 quaa-

221 2125 454 2180 stionem
485 2134 702 2180 sanctus
733 2125 1081 2196 Augustinus,
1107 2124 1244 2179 libro
1271 2140 1337 2178 xv
1365 2123 1624 2195 (Cap.27,
1649 2137 1798 2176 num.

217 2214 365 2286 4)De
394 2216 624 2271 Civitate
651 2216 765 2285 Dei,
789 2216 863 2271 ita
890 2216 1047 2272 solvit
1074 2235 1087 2270 :
1117 2235 1136 2267 ι
1170 2215 1346 2282 Quaeri
1375 2216 1510 2270 solet
1533 2216 1599 2269 de
1624 2215 1803 2270 minu-

219 2304 453 2360 tissimis
495 2306 756 2371 bestiolis,
807 2321 914 2361 non
957 2307 1127 2362 solum
1167 2306 1353 2376 quales
1379 2309 1504 2359 sunt
1542 2320 1724 2360 mures
1748 2312 1804 2359 et

213 2393 520 2458 stelliones,
571 2410 759 2449 verum
799 2396 961 2448 etiam
1003 2395 1189 2464 quales
1237 2394 1474 2457 locustae,
1524 2392 1801 2456 scarabaei,

212 2499 431 2542 muscae
460 2486 690 2553 denique
719 2494 775 2538 et
809 2485 1029 2554 pulices,
1063 2494 1242 2539 utrum
1283 2500 1390 2538 non
1431 2483 1677 2553 ampliori
1707 2497 1806 2536 nu-

206 2589 376 2630 mero
405 2576 458 2628 in
485 2591 609 2630 arca
634 2575 720 2630 illa
744 2573 959 2640 fuerint,
989 2591 1148 2644 quam
1177 2575 1268 2644 qui
1297 2586 1379 2630 est
1408 2575 1656 2629 deﬁnitus
1681 2589 1805 2629 cum

209 2667 325 2723 hoc
356 2668 654 2737 imperaret
679 2668 836 2722 Deus.
865 2667 1022 2722 Prius
1041 2666 1361 2722 admonendi
1389 2673 1514 2720 sunt
1535 2681 1670 2735 quos
1692 2666 1806 2720 haec

211 2766 465 2822 movent,
521 2759 600 2813 sic
648 2759 1015 2828 accipiendum
1063 2759 1204 2828 quod
1237 2757 1439 2812 dictum
1489 2769 1571 2812 est
1615 2773 1629 2811 :
1675 2755 1806 2821 Quae

216 2858 432 2920 reptant
459 2847 613 2921 [Ms.,
645 2848 859 2920 repunt]
901 2866 1057 2920 super
1093 2859 1285 2903 terram
1315 2848 1466 2918 (Gen.
1495 2863 1569 2910 v1,
1597 2847 1717 2918 20);
1747 2855 1807 2902 ut

215 2952 450 2993 necesse
493 2954 599 2994 non
635 2937 796 2994 fuerit
831 2939 1137 2995 conservari
1175 2939 1228 2993 in
1258 2954 1402 3003 arca,
1434 2955 1554 3009 qua:
1585 2946 1809 3007 possunt

217 3027 274 3082 in
297 3028 464 3097 aquis
482 3028 684 3094 vivere,
715 3044 822 3085 non
847 3028 1009 3101 314
1026 3029 1198 3084 solum
1220 3044 1417 3094 mersa,
1447 3030 1587 3084 sicut
1606 3030 1802 3099 pisces,

217 3133 413 3174 verum
437 3119 602 3174 etiam
621 3121 1024 3189 supernatantia
1050 3122 1187 3176 sicut
1206 3119 1386 3175 multae
1404 3121 1576 3174 alites.
1605 3119 1806 3174 Deinde

1916 901 1929 910 _
1957 835 2124 890 Inter.
2156 835 2274 890 118.
2305 833 2380 889 De
2404 833 2599 904 quibus
2624 834 2986 890 animantibus
3012 834 3212 890 dictum
3235 843 3319 890 est
3346 848 3364 890 :
3389 831 3459 890 In

1887 925 2072 996 quibus
2117 933 2227 978 erat
2275 925 2486 993 spiritus
2529 926 2646 978 vita:
2691 923 2844 996 (vers.
2892 923 3102 994 15)?—
3132 923 3286 995 Resp.
3339 923 3460 981 Non

1890 1016 2062 1070 solum
2101 1016 2166 1068 de
2193 1015 2519 1081 hominibus,
2553 1014 2647 1071 sed
2675 1016 2836 1070 etiam
2866 1016 2932 1072 de
2951 1015 3160 1072 caeteris
3188 1015 3459 1083 omnibus,

1891 1121 2010 1176 qua:
2036 1105 2182 1159 vitali
2207 1121 2335 1159 aura
2363 1114 2672 1161 vescuntur.

1964 1196 2126 1250 Inter.
2156 1196 2276 1251 119.
2303 1195 2359 1250 Si
2387 1195 2574 1268 [enim]
2601 1212 2739 1267 aqua
2767 1194 3097 1269 [Olympum]
3128 1193 3466 1251 transcendit

1893 1287 2197 1356 quindecim
2224 1286 2436 1352 cubitis,
2475 1286 2626 1356 cujus
2655 1285 2878 1341 altitudo
2911 1287 3055 1340 hunc
3075 1284 3472 1351 aeremturbu-

1894 1377 2118 1442 lentum,
2149 1384 2209 1430 ut
2237 1377 2424 1440 fertur,
2452 1375 2805 1440 transcendit,
2841 1375 2932 1429 ubi
2962 1375 3158 1431 dicitur
3175 1390 3276 1430 nec
3296 1375 3476 1430 nubes

1894 1469 2085 1534 videri,
2117 1485 2215 1524 nec
2251 1478 2440 1524 ventos
2481 1469 2700 1524 sentiri?
2724 1499 2795 1509 —
2824 1468 2979 1540 Resp.
3016 1467 3073 1524 Si
3102 1468 3292 1542 [enim]
3321 1478 3474 1525 terra

1897 1561 2125 1631 spatium
2155 1560 2296 1614 illius
2325 1560 2595 1629 tranquilli
2617 1559 2832 1616 aetheris
2864 1561 3116 1616 invadere
3150 1561 3346 1631 potuit,
3369 1575 3470 1618 cur

1897 1668 2003 1706 non
2033 1661 2087 1707 et
2129 1669 2264 1722 aqua
2292 1653 2612 1709 crescendo?
2642 1652 2779 1708 Sunt
2811 1661 2988 1708 tamen
3014 1654 3230 1724 quidam
3253 1656 3344 1725 qui
3369 1634 3503 1727 ριιοῖ

1899 1750 2016 1796 tant
2051 1759 2151 1797 nec
2175 1753 2329 1798 terrae
2357 1743 2767 1813 inaequalitatem
2800 1743 2957 1798 talem
2987 1742 3172 1816 [esse],
3199 1760 3296 1801 nec
3319 1760 3499 1802 mon.»

1902 1833 2034 1888 tium
2063 1833 2397 1889 altitudinem
2440 1842 2646 1889 tantam
2689 1842 2814 1890 ante
2851 1834 3107 1890 diluvium
3135 1833 3301 1890 fuisse
3334 1836 3516 1920 sicut;

1832 1905 1880 1966 Β
1903 1941 2046 1980 nunc
2065 1933 2166 1980 est.

1971 2015 2135 2070 Inter.
2165 2015 2286 2070 120.
2317 2014 2453 2083 Quid
2480 2016 2544 2071 de
2573 2031 2704 2088 pace
2741 2024 2796 2072 et
2826 2015 3137 2082 concordia,
3165 2023 3219 2072 et
3245 2015 3389 2071 unde
3415 2028 3489 2082 se

1901 2108 2130 2163 invicem
2176 2123 2281 2162 non
2315 2105 2649 2164 debellarent
2678 2108 2874 2163 diversi
2907 2108 3119 2178 generis
3155 2106 3486 2177 animantia,

1901 2199 2236 2254 sentiendum
2265 2198 2384 2253 est?
2404 2229 2475 2239 —
2498 2198 2653 2270 Resp.
2684 2198 2835 2255 Sicut
2863 2197 3052 2270 [enim]
3085 2198 3178 2252 Dei
3208 2205 3340 2251 nutu
3378 2196 3488 2250 ad-

1902 2289 2236 2344 ducebantur
2262 2289 2316 2343 in
2337 2305 2544 2353 arcam,
2569 2291 2643 2345 ita
2665 2297 2721 2345 et
2745 2289 2838 2345 Dei
2866 2298 2997 2344 nutu
3023 2287 3490 2343 conservabantur‘

1902 2380 1956 2434 in
2000 2396 2144 2434 arca.
2193 2379 2318 2434 Sive
2347 2381 2490 2436 enim
2535 2381 2919 2436 mansiunculis
2956 2381 3248 2436 secundum
3281 2393 3497 2449 generat.

1903 2484 2000 2524 sua
2021 2469 2411 2536 dividerentur,
2432 2471 2545 2526 sive
2559 2468 2790 2539 junctim
2810 2477 3110 2536 manerent,
3135 2470 3231 2525 Dei
3253 2465 3489 2542 ﬂamen}

1903 2562 2142 2632 potentia
2177 2562 2636 2631 gubernabantur.

1975 2653 2140 2707 Inter.
2172 2653 2292 2708 121.
2333 2653 2472 2722 Quid
2514 2654 2581 2710 de
2613 2663 2743 2726 potu
2782 2654 3096 2710 animalium
3141 2654 3483 2710 sentiendum

1905 2753 2009 2812 est,
2040 2746 2106 2800 de
2130 2761 2236 2814 quo
2267 2746 2400 2801 nihil
2424 2747 2553 2802 dicit
2577 2745 2894 2816 Scriptura?
2916 2777 2987 2786 —
3007 2744 3164 2816 Resp.
3188 2745 3324 2800 Sunt
3347 2744 3486 2817 [qui-

1907 2837 2052 2909 dam]
2080 2838 2170 2907 qui
2198 2845 2391 2906 putant
2416 2839 2574 2893 unius
2600 2838 2704 2893 diei
2735 2852 2917 2892 escam
2956 2837 3009 2890 in
3037 2851 3164 2892 arca
3190 2835 3276 2891 vel
3296 2844 3488 2904 potum

1906 2929 1960 2982 in
2010 2929 2206 2984 multos
2243 2928 2508 2998 profuisse
2542 2928 2656 2984 dies
2705 2928 3088 2992 animantibus,
3119 2925 3205 2980 vel
3252 2925 3491 2979 forsitan.

1906 3019 1961 3073 in
2002 3027 2172 3074 totum
2201 3034 2420 3073 annum.
2453 3019 2560 3073 Sed
2587 3019 2921 3073 dimittamus
2952 3018 3186 3073 incertas
3209 3013 3502 3095 wnjectu-~_

1905 3123 1994 3164 ras
2022 3116 2076 3162 et
2102 3109 2458 3164 concedamus
2487 3107 2679 3163 divina:
2721 3109 2972 3180 potentiae
3013 3108 3189 3164 facere
3230 3108 3296 3164 de
3329 3120 3507 3192 creat-5

218 3225 341 3266 cum
371 3209 596 3276 dicitur,
625 3210 892 3266 Masculus
918 3221 968 3266 et
989 3213 1185 3282 femina
1208 3211 1431 3286 [erunt],
1457 3211 1697 3284 profecto
1722 3213 1804 3268 in-

1910 3201 2048 3257 turis
2074 3202 2186 3256 suis
2209 3199 2352 3270 quod
2382 3200 2568 3256 voluit.

221 3302 486 3373 telligitur
530 3302 596 3357 ad
637 3304 994 3374 reparandum
1021 3303 1278 3377 [sexum].
1303 3305 1436 3372 Quis
1479 3321 1586 3362 non
1626 3307 1808 3362 videat

219 3405 493 3464 quantum
531 3390 621 3466 [ad
647 3409 816 3466 genus
853 3395 1048 3467 (Edit.,
1075 3406 1335 3467 quantum
1363 3414 1532 3471 genus
1559 3401 1663 3454 dici
1711 3416 1810 3470 per

215 3485 320 3542 hoc
362 3495 572 3558 potest.
617 3486 747 3561 Nec)
795 3489 991 3545 dicitur
1037 3491 1307 3560 pertinere
1361 3491 1532 3564 (Apud
1577 3493 1637 3549 S.
1669 3494 1804 3564 Aug.

217 3579 258 3632 ι.
283 3581 376 3632 cit.
397 3596 416 3634 :
452 3581 518 3636 ad
557 3582 915 3651 reparandum
956 3599 1124 3654 genus
1166 3584 1293 3648 dici,
1321 3599 1386 3638 ac
1421 3601 1518 3654 per
1562 3584 1717 3656 hoc);
1746 3601 1811 3640 ac

216 3682 322 3739 per
347 3669 463 3726 hoc
504 3669 623 3743 nec]
667 3671 755 3726 illa
790 3687 1010 3728 necesse
1040 3673 1212 3728 fuerat
1251 3675 1325 3728 ibi
1351 3690 1490 3740 esse,
1522 3690 1640 3744 quae
1680 3691 1810 3744 pos-

217 3769 347 3816 sunt
393 3760 524 3816 sine
564 3763 850 3821 concubitu
896 3764 961 3819 de
994 3764 1294 3834 quibusque
1329 3765 1492 3820 rebus
1520 3765 1604 3820 vel
1631 3782 1813 3821 rerum

220 3852 674 3922 corruptionibus
696 3854 876 3920 nasci;
907 3854 990 3909 vel
1013 3856 1059 3910 si
1082 3855 1296 3910 fuerunt
1322 3856 1462 3912 sicut
1490 3857 1544 3911 in
1566 3857 1814 3913 domibus

219 3957 633 4003 consueverunt
678 3963 817 4016 esse,
870 3949 986 4005 sine
1024 3951 1133 4005 ullo
1162 3967 1385 4007 numero
1430 3952 1652 4008 deﬁnito
1698 3968 1817 4008 esse

220 4037 496 4105 potuisse.
524 4036 628 4092 Aut
665 4038 711 4093 si
737 4039 1050 4110 mysterium
1078 4042 1500 4096 sacratissimum
1527 4045 1667 4112 quod
1693 4058 1818 4114 age-

223 4127 406 4195 batur,
436 4135 497 4181 et
522 4135 682 4182 tantae
718 4131 799 4184 rei
831 4129 1001 4200 ﬁgura
1043 4133 1204 4186 etiam
1234 4133 1462 4190 veritate
1490 4133 1619 4190 facti
1663 4136 1819 4193 aliter

223 4234 332 4275 non
371 4227 570 4291 posset
606 4221 833 4291 impleri,
867 4223 972 4278 nisi
1006 4232 1066 4278 ut
1085 4225 1266 4280 omnia
1299 4227 1371 4281 ibi
1401 4235 1550 4282 certo
1593 4228 1685 4283 illo
1716 4247 1816 4284 nu-

223 4326 380 4367 mero
414 4319 626 4378 essent,
655 4327 774 4382 qua:
797 4312 978 4369 vivere
1007 4313 1062 4368 in
1087 4317 1261 4384 aquis,
1293 4316 1434 4372 illius
1463 4326 1657 4373 natura
1695 4334 1821 4388 pro-

225 4398 484 4467 hibente,
513 4416 619 4456 non
655 4411 893 4471 possent,
921 4419 1028 4459 non
1056 4403 1158 4460 fuit
1182 4406 1282 4461 ista
1312 4423 1439 4462 cura
1470 4408 1610 4464 illius
1650 4411 1822 4465 homi-

225 4493 312 4550 nis
343 4495 434 4551 vel
469 4494 682 4550 illorum
718 4497 1016 4564 hominum,
1045 4500 1138 4555 sed
1180 4500 1380 4555 divina.
1408 4501 1524 4558 Non
1565 4504 1709 4558 enim
1755 4519 1821 4560 ea

1834 3265 1882 3328 C

1983 3311 2148 3367 Inter.
2192 3310 2314 3366 122.
2362 3310 2634 3378 Quaeritur
2672 3312 2764 3366 ubi
2809 3326 3003 3368 corvus
3047 3312 3396 3384 requieverit,
3443 3313 3497 3370 si

1912 3401 2157 3457 columba
2191 3415 2298 3455 non
2339 3401 2543 3455 invenit
2564 3400 2654 3455 ubi
2681 3401 3081 3471 requiesceret?
3104 3432 3176 3444 --
3201 3401 3357 3474 Resp.
3389 3401 3509 3458 Po-~

1913 3494 2015 3548 tuit
2056 3508 2250 3548 corvus
2286 3493 2536 3548 cadaveri
2577 3491 2859 3562 cujuslibet
2903 3494 3195 3551 animantis
3234 3495 3497 3560 insidere,

1914 3583 2056 3651 quod
2084 3580 2330 3637 columba
2360 3583 2673 3637 naturaliter
2698 3583 2914 3656 refugit.

1986 3671 2152 3726 Inter.
2173 3672 2294 3727 125.
2313 3671 2490 3739 Quare
2509 3675 2679 3745 magis
2705 3682 2921 3731 terrena
2941 3677 3192 3732 animalia
3214 3677 3495 3749 perierunt

1915 3777 2034 3818 cum
2067 3763 2282 3818 homine
2320 3779 2483 3833 quam
2511 3765 2766 3835 aquatilia
2780 3766 3027 3839 Y—Resp.
3067 3767 3294 3836 Propter
3322 3769 3496 3825 male-

1916 3852 2201 3908 dictionem
2240 3862 2418 3918 terrae,
2435 3853 2502 3910 de
2527 3871 2632 3924 qua
2660 3859 3015 3913 vescebantur
3041 3859 3290 3913 animalia
3312 3867 3500 3915 terrae.

1986 3943 2150 3998 Inter.
2182 3945 2298 3998 124.
2329 3945 2469 4012 Quid
2500 3947 2566 4001 de
2595 3948 2918 4003 animalibus
2957 3949 3144 4003 sentiri
3171 3949 3329 4004 debet
3354 3965 3505 4019 quo-

1917 4050 2037 4089 rum
2066 4043 2256 4090 natura
2280 4051 2381 4090 nec
2401 4051 2622 4106 semper
2646 4038 2701 4090 in
2724 4037 2906 4100 aridis,
2939 4053 3038 4092 nec
3070 4053 3282 4106 semper
3310 4039 3364 4092 in
3390 4040 3508 4092 hu-

1918 4125 2079 4180 midis
2105 4126 2287 4180 vivere
2310 4133 2508 4196 potest,
2537 4125 2676 4180 sicut
2714 4135 2839 4181 sunt
2870 4125 2997 4179 lutri
3024 4125 3120 4196 [et]
3151 4125 3303 4179 vituli
3333 4126 3508 4181 mari-

1919 4216 1996 4279 ni,
2027 4223 2080 4268 et
2103 4215 2271 4269 multa
2297 4215 2477 4270 avium
2503 4230 2718 4286 genera,
2750 4231 2868 4284 qua:
2895 4215 2950 4269 in
2989 4215 3144 4284 aquis
3171 4215 3376 4270 victum
3405 4230 3496 4272 re»

1921 4307 2162 4378 quirunt,
2187 4308 2279 4363 sed
2310 4308 2363 4362 in
2393 4308 2558 4363 aridis
2587 4307 2859 4363 dormiunt
2887 4306 3180 4381 [nutriunt]
3205 4318 3260 4364 et
3285 4311 3496 4380 requie-

1921 4401 2110 4455 scunt?
2127 4430 2198 4440 -—
2223 4399 2375 4470 Resp.
2405 4399 2586 4456 Potuit
2611 4397 2799 4473 [enim]
2828 4401 2999 4457 virtus
3027 4402 3206 4456 divina
3233 4404 3501 4461 utramvis

1921 4505 2105 4546 eorum
2149 4502 2418 4559 naturam,
2466 4492 2636 4548 donec
2679 4492 2935 4549 diluvium
2983 4494 3258 4561 transiret,
3291 4504 3505 4566 tempe—

228 4584 346 4643 Noe
374 4588 602 4659 capiens
631 4589 1037 4657 intromittebat,
1067 4592 1159 4648 sed
1188 4594 1455 4650 venientia
1479 4608 1534 4652 et
1565 4597 1819 4655 intrantia
1848 4620 1902 4681 D
1923 4601 2064 4650 1³³1⁸6,
2093 4594 2153 4641 ut
2187 4595 2280 4640 θυι
2308 4587 2363 4641 in
2390 4585 2610 4641 humido
2643 4593 2869 4651 tantum:
2901 4595 2994 4640 θυι
3022 4586 3077 4640 in
3103 4587 3254 4643 arido
3281 4596 3504 4644 ωηῐιιωί

225 4679 607 4746 permittebat.
632 4679 713 4735 Ad
746 4679 849 4737 hoc
873 4681 1018 4736 enim
1042 4683 1181 4751 valet
1209 4688 1350 4753 quod
1384 4685 1585 4742 dictum
1610 4697 1714 4754 est,
1741 4691 1822 4745 in-

229 4771 457 4826 trabunt
504 4773 572 4826 ad
595 4783 659 4839 te,
703 4775 907 4830 scilicet
943 4792 1050 4832 non
1085 4777 1139 4832 in
1167 4777 1400 4835 hominis
1427 4788 1566 4842 actu,
1610 4783 1703 4838 sed
1728 4783 1823 4840 Dei

231 4855 395 4930 [Ms.,
425 4859 634 4934 divino]
662 4870 811 4918 nutu.
845 4883 866 4916 ι

305 4949 488 5005 Inter.
521 4951 639 5006 116.
674 4953 951 5022 Quomodo
983 4956 1170 5031 [enim]
1203 4968 1550 5033 posteaquam
1581 4963 1823 5020 clausum

231 5047 318 5095 est
358 5042 567 5097 ostium
591 5053 647 5099 et
682 5046 858 5102 nullus
887 5049 1163 5104 hominum
1196 5061 1348 5107 extra
1375 5069 1555 5108 arcam
1584 5054 1706 5122 fuit,
1742 5056 1824 5112 in-

229 5134 386 5190 cludi
438 5144 496 5190 et
538 5137 849 5195 bituminari
897 5143 1231 5199 extrinsecus
1275 5146 1470 5200 ostium
1527 5147 1824 5218 potuit?—

232 5226 402 5298 Resp.
455 5228 568 5285 Hoc
611 5232 724 5288 sine
764 5233 925 5290 dubio
954 5235 1116 5290 divini
1161 5236 1315 5308 [Ms.,
1368 5239 1560 5294 divinae
1606 5241 1824 5299 virtutis

227 5321 405 5393 Opus]
441 5325 619 5392 operis
644 5324 762 5391 fuit,
785 5342 854 5382 ne
881 5328 1286 5398 ingrederentur
1309 5346 1460 5400 aqute
1480 5347 1577 5402 per
1595 5334 1817 5402 aditum,

230 5415 388 5484 quod
422 5413 628 5486 (Forte,
649 5418 831 5491 quem]
854 5421 1084 5475 humana
1113 5437 1218 5476 non
1244 5423 1511 5477 munierat
1539 5440 1749 5481 manus.

305 5507 494 5562 Inter.
524 5509 644 5564 117.
671 5510 948 5578 Quomodo
977 5513 1183 5570 Leones
1228 5514 1282 5569 in
1314 5530 1438 5570 arca
1484 5517 1569 5571 vel
1608 5517 1821 5586 aquilae,

229 5599 335 5670 qui
367 5611 703 5656 consuerunt
729 5604 980 5659 carnibus
1009 5605 1208 5672 vivere,
1238 5607 1385 5676 pasci
1412 5610 1736 5676 potuerunt?
1755 5641 1824 5650 —

227 5684 412 5758 Resp.
453 5687 612 5744 Forte
638 5700 692 5745 et
715 5692 819 5746 alia
857 5694 1105 5749 animalia
1142 5694 1360 5766 [praeter
1385 5712 1665 5753 numerum
1693 5699 1824 5754 defi-

227 5778 456 5850 nitum]
503 5792 721 5853 propter
763 5785 990 5842 aliorum
1033 5802 1229 5855 escam,
1281 5789 1336 5844 in
1385 5805 1566 5845 arcam
1613 5795 1826 5848 luerunt

228 5870 458 5934 missa;
497 5873 580 5928 vel
607 5874 784 5948 aliqua
827 5878 1028 5935 cibaria
1056 5886 1253 5951 praeter
1294 5896 1484 5938 carnes
1521 5895 1551 5936 a
1593 5883 1712 5940 viro
1741 5901 1824 5941 sa-

1924 4679 2103 4735 vivere
2127 4689 2344 4750 possent
2371 4697 2383 4734 :
2411 4679 2514 4735 nisi
2537 4678 2677 4734 forte
2706 4689 2861 4734 extra
2885 4695 3067 4736 arcam
3101 4681 3156 4735 in
3181 4681 3361 4753 aliqua
3381 4681 3510 4751 ejus-

1921 4779 2074 4842 parte
2117 4773 2235 4827 loca
2273 4772 2379 4828 illis
2410 4780 2710 4843 praeparata
2749 4782 2952 4838 essent,
2992 4774 3131 4829 unde
3159 4783 3216 4830 et
3257 4775 3312 4829 in
3342 4774 3510 4846 aquis

1921 4860 2100 4916 vivere
2132 4869 2186 4916 et
2213 4861 2268 4915 in
2294 4862 2460 4918 aridis
2495 4862 2832 4931 requiescere
2856 4864 3170 4934 potuissent.

1990 4973 2150 5044 315
2177 4973 2339 5027 Inter.
2372 4973 2492 5028 125.
2540 4974 2616 5030 De
2657 4991 2763 5045 quo
2800 4977 2992 5048 spiritu
3041 4977 3214 5032 dixit:
3259 4976 3506 5032 Adduxit

1921 5064 2061 5120 Deus
2088 5064 2341 5136 Spiritum
2367 5073 2414 5118 et
2447 5065 2734 5121 imminutae
2757 5077 2876 5122 sunt
2902 5084 3051 5140 aqua:
3074 5065 3226 5138 (Gen.
3252 5081 3371 5131 vm,
3398 5067 3451 5139 1)
3473 5068 3525 5123 2.

1921 5186 1990 5196 -
2015 5155 2170 5225 Resp.
2214 5153 2357 5208 Bene
2385 5153 2572 5227 [enim]
2599 5156 2664 5210 de
2694 5156 2786 5211 illo
2814 5158 3005 5228 spiritu
3035 5155 3262 5226 intelligi
3287 5163 3500 5232 potest,

1921 5247 1988 5303 de
2021 5263 2128 5316 quo
2154 5247 2354 5301 dictum
2381 5255 2462 5302 est
2487 5265 2500 5300 :
2533 5246 2761 5319 Spiritus
2785 5249 2994 5304 Domini
3023 5248 3174 5320 [Ms.,
3203 5247 3319 5320 Dei]
3361 5249 3505 5319 fere-

1922 5338 2075 5392 batur
2096 5354 2250 5408 super
2275 5354 2435 5406 aquas
2473 5336 2626 5410 (Gen.
2655 5355 2693 5405 l,
2721 5339 2796 5411 2).
2839 5341 2988 5394 Tunc
3011 5339 3156 5394 enim
3199 5338 3498 5408 ferebatur,

1920 5436 1980 5484 ut
2004 5427 2337 5499 congregatis
2362 5430 2515 5497 aquis
2536 5428 2591 5483 in
2621 5445 2775 5484 suum
2800 5429 2974 5484 locum
3005 5437 3150 5483 terra
3175 5435 3496 5499 appareret:

1920 5534 2066 5574 nunc
2117 5527 2291 5574 autem
2346 5519 2606 5574 adductus
2657 5518 2873 5582 dicitur,
2921 5526 2981 5572 ut
3034 5519 3282 5574 ablatise
3313 5519 3496 5577 medio

1922 5611 2075 5681 aquis
2109 5611 2288 5665 diluvii
2321 5609 2510 5665 faciem
2553 5619 2709 5666 terrm
2747 5609 3027 5664 revelaret.
3080 5611 3262 5666 Potest
3288 5620 3343 5671 et
3379 5612 3496 5684 spi-

1923 5703 2058 5758 ritus
2085 5703 2298 5758 nomine
2338 5711 2528 5757 ventus
2557 5701 2780 5772 intelligi
2803 5699 2960 5768 juxta
2989 5701 3118 5758 illud
3149 5703 3492 5763 Psalmistre:

1925 5791 2036 5866 [Et]
2080 5795 2215 5847 stetit
2257 5793 2469 5864 spiritus
2515 5790 2752 5864 procella:
2797 5790 2969 5863 (Psal.
3021 5781 3153 5860 ενι.
3183 5794 3296 5868 25),
3343 5795 3504 5867 cujus

1925 5883 2129 5941 crebris
2156 5882 2369 5940 ﬂatibus
2394 5898 2532 5954 aqua
2561 5889 2844 5953 cogeretur
2872 5882 3140 5940 recedere.
3501 5871 3505 5880 ’
