4064 6342
843 320 1254 379 EXEGETICA.
1289 351 1363 364 —
1393 319 1765 380 INTERROG.
1804 322 1895 381 ET
1928 324 2265 385 RESPONS.
2304 324 2377 382 IN
2411 324 2678 393 GENES.,
2720 327 2875 387 ETC.

3396 329 3504 392 53‘

249 445 348 503 bia.
379 436 667 515 [Quoniam
705 436 1004 494 dominatio
1047 432 1363 507 imperantis
1409 430 1463 488 in
1510 432 1690 505 lingua
1716 441 1821 501 est,
1847 448 1905 511 Δ
1926 438 2081 493 cendi
2108 439 2294 496 modos
2318 447 2375 495 et
2395 437 2599 495 formas
2636 440 2693 495 in
2716 440 2944 498 diversis
2986 441 3319 514 loquelarum
3345 443 3502 522 [Ms.,

248 536 315 593 ibi
361 542 455 589 est.
470 532 743 590 dominata
770 524 1051 604 superbia]
1078 537 1140 586 ut
1166 542 1274 587 non
1308 526 1700 600 intelligeretur
1731 525 1822 599 ju-

244 628 369 685 beus
388 624 618 692 homini,
644 624 738 697 qui
780 620 957 681 noluit
997 622 1298 695 intelligere
1336 630 1397 678 ut
1437 620 1681 678 obediret
1709 621 1822 678 Deo

236 718 455 789 iubenti.
502 716 596 774 Sic
619 716 709 773 illa
751 714 1052 787 coniuratio
1079 715 1337 773 dissoluta
1382 721 1487 784 est,
1517 730 1639 771 cum
1668 716 1821 786 quis-

239 824 334 880 que
359 808 427 864 ab
455 820 520 864 eo
558 822 721 880 quem
759 823 867 865 non
914 807 1268 879 iutelligebat,
1317 806 1673 873 abscederet;
1720 822 1823 863 nec

238 917 309 967 se,
334 901 437 956 nisi
480 899 531 957 ei
558 916 681 956 cum
708 913 816 972 quo
858 901 1007 971 loqui
1048 907 1284 972 poterat,
1332 907 1664 971 aggregaret.
1711 899 1819 955 Ita-

234 1007 329 1063 que
352 1007 453 1063 per
494 992 703 1063 linguas
727 993 915 1049 divisa:
952 999 1077 1049 sunt
1116 998 1306 1075 gentes
1334 991 1696 1063 dispersceque
1722 1007 1821 1063 per

232 1092 416 1138 terras.

292 1172 458 1228 Inter.
498 1173 620 1229 M6.
667 1173 768 1231 Cui
812 1174 941 1231 dicit
972 1172 1125 1248 [δίδη
1161 1172 1323 1247 dixit]
1363 1173 1545 1230 Deus:
1593 1175 1820 1231 Descen-

229 1264 408 1320 damus
439 1274 489 1320 et
530 1266 919 1336 confundamus
964 1265 1171 1337 linguas
1210 1280 1390 1320 eorum
1436 1262 1588 1338 (Gen.
1619 1281 1696 1331 ιι,
1727 1263 1820 1337 7)?

223 1361 473 1434 —Resp.
511 1344 849 1417 Descendere
893 1360 991 1416 Dei
1034 1367 1117 1415 est
1160 1360 1424 1415 humanos
1469 1367 1623 1414 actus
1651 1359 1819 1429 inspi-

222 1467 360 1519 cere,
392 1453 480 1507 vel
525 1466 714 1508 eorum
761 1451 1009 1507 sensibus
1052 1450 1436 1521 propinquare.
1489 1443 1641 1515 Quod
1687 1462 1818 1502 vero

221 1542 409 1613 plurali
441 1557 667 1597 numero
694 1541 868 1596 dixit:
916 1541 1408 1605 descendamus,.et
1450 1539 1646 1593 iterum
1681 1536 1818 1610 [sin-

220 1631 410 1705 gulari]
436 1628 685 1702 Confudit
711 1628 852 1685 Deus
893 1628 1091 1684 fabium
1128 1630 1382 1683 universa:
1409 1637 1580 1693 teme,
1620 1627 1816 1682 distin—

219 1725 392 1780 ctione
439 1737 797 1793 personarum
851 1731 1092 1776 sanctam
1136 1720 1479 1785 Trinitatem,
1528 1725 1584 1773 et
1624 1731 1814 1788 opera-

1920 526 2247 602 linguarum]
2276 530 2561 604 generibus
2599 530 2795 587 divisit.
2842 531 2992 590 Unde
3018 531 3238 589 easdem
3271 534 3507 607 syllabas
3610 586 3611 589 η

1920 625 1975 675 et
1994 618 2233 689 ejusdem
2252 622 2775 692 potestatislitteras,
2800 621 2968 698 [licet]
2985 625 3144 682 aliter
3163 627 3505 699 coniunctas,

1919 710 1977 767 In
2005 712 2232 769 diversis
2260 714 2498 787 gentium
2545 714 2744 788 linguis
2772 717 3139 785 inveniemus;
3172 735 3314 794 saepe
3340 723 3507 779 etiam

1921 800 2021 876 [et]
2050 804 2241 859 eadem
2270 806 2490 860 nomina
2521 806 2612 867 vel
2634 806 2800 863 verba
2824 807 2966 864 aliud
2997 810 3125 881 quid
3146 811 3505 884 significantia

1919 893 1975 948 in
1999 895 2105 949 alia
2131 895 2335 967 lingua,
2382 905 2542 968 atque
2587 896 2732 954 aliud
2769 900 2825 956 in
2875 901 2998 955 alia.
3055 901 3155 958 Ubi
3183 903 3412 961 dicimus
3452 907 3505 963 in

1917 980 2134 1041 Psalmo
2159 1005 2170 1040 :
2198 984 2265 1041 In
2290 991 2433 1058 uirga
2457 990 2627 1060 ferrea
2649 989 2820 1065 (Psal.
2846 1008 2907 1058 ιι,
2950 992 3026 1065 9),
3051 994 3103 1049 in
3124 993 3315 1051 Grmco
3339 996 3510 1053 habe~

1919 1082 2028 1143 tur,
2045 1079 2092 1133 ἐν
2114 1078 2287 1151 ῥάϐδῳ
2301 1078 2506 1152 σιδηρᾷ.
2530 1080 2697 1151 Igitur
2722 1083 2775 1137 in
2799 1082 2993 1139 Latino
3006 1083 3182 1140 sidera
3202 1101 3307 1140 non
3331 1087 3504 1157 ferrea

1919 1167 2186 1238 signiﬁcat
2208 1170 2347 1222 sicut
2375 1170 2430 1223 in
2452 1169 2662 1237 Graeco,
2689 1172 2782 1227 sed
2805 1182 2972 1229 astra.

1990 1259 2158 1313 Inter.
2204 1261 2325 1315 152.
2369 1261 2505 1328 Quid
2537 1272 2621 1319 est
2650 1266 2794 1333 quod
2828 1265 3020 1337 legitur
3049 1267 3115 1322 de
3156 1266 3305 1323 Aran
3338 1275 3507 1326 fratre

1917 1346 2193 1404 Abraham
2216 1367 2229 1404 :
2264 1350 2504 1407 Mortuus
2531 1363 2604 1407 est
2636 1355 2779 1408 Aran
2804 1368 2921 1410 ante
2944 1355 3111 1411 Thare
3133 1367 3333 1431 patrem
3354 1379 3506 1416 suum

1918 1439 1974 1492 in
1996 1436 2075 1492 Ur
2102 1439 2472 1497 Chaldteorum
2498 1442 2649 1516 (Gen.
2684 1461 2738 1500 xi
2756 1487 2771 1511 ,
2794 1445 2920 1519 28)?
2940 1479 3011 1489 —
3033 1447 3188 1523 Resp.
3219 1450 3293 1510 Ur
3324 1451 3499 1527 [vero]

1918 1529 2058 1600 ignis
2096 1531 2323 1599 dicitur,
2360 1541 2417 1588 et
2466 1533 2702 1592 Chaldaei
2755 1537 2934 1608 ignem
2987 1541 3169 1596 colunt
3214 1558 3314 1614 pro
3362 1545 3503 1613 Deo;

1919 1620 2097 1682 Thare
2118 1642 2279 1694 vero,
2325 1635 2387 1683 ut
2412 1628 2620 1685 Hebraei
2669 1633 2928 1701 tradunt,
2966 1650 3086 1689 cum
3120 1635 3243 1692 filiis
3291 1641 3403 1696 suis
3452 1640 3507 1695 in

1916 1717 2097 1787 ignem
2125 1719 2325 1775 missus
2350 1730 2435 1775 est
2463 1737 2495 1775 a
2539 1720 2804 1779 Chaldaeis
2825 1764 2839 1790 ,
2879 1726 3006 1796 quia
3058 1727 3235 1798 ignem
3278 1728 3507 1785 adorare

219 1815 377 1870 tionis
400 1814 667 1869 unitatem
692 1814 747 1867 in
778 1811 1061 1881 majestate
1087 1812 1264 1867 divina
1312 1810 1479 1865 voluit
1506 1811 1811 1867 ostendere.
1844 1816 1893 1879 Β
1918 1807 2167 1874 nolebat,
2208 1809 2262 1863 in
2306 1824 2413 1880 quo
2440 1812 2563 1883 igne
2588 1811 2735 1867 Aran
2780 1824 3131 1888 consumptus
3159 1827 3261 1875 est.
3296 1819 3365 1875 Et
3403 1823 3509 1876 hoc

218 1902 368 1960 Sicut
390 1904 449 1960 in
480 1905 703 1959 exordio
726 1905 977 1959 humanm
1006 1904 1299 1959 creationis
1324 1903 1525 1958 dictum
1556 1910 1640 1957 est
1665 1920 1680 1956 :
1711 1900 1819 1958 Fa-

216 1999 416 2055 ciamus
458 1996 721 2051 hominem
756 1996 826 2051 ad
866 1997 1150 2068 imaginem
1195 2005 1243 2050 et
1274 1994 1671 2049 similitudinem
1717 2011 1813 2048 no-

215 2098 399 2145 stram.
428 2091 497 2146 Et
521 2091 753 2146 iterum:
792 2088 943 2144 Fecit
982 2088 1122 2143 Deus
1152 2088 1414 2142 hominem
1455 2085 1524 2141 ad
1564 2085 1813 2140 similitu-

212 2181 391 2237 dinem
416 2201 565 2238 suam
597 2182 753 2257 (Gen.
785 2200 827 2249 ι,
854 2178 946 2248 26,
968 2180 1082 2253 27).
1120 2181 1188 2238 Ut
1207 2179 1446 2235 Trinitas
1469 2179 1523 2233 in
1542 2178 1813 2249 personis,

210 2280 262 2327 et
291 2273 479 2329 unitas
506 2273 562 2328 in
593 2272 837 2344 potentia
864 2287 984 2327 esse
1011 2270 1287 2325 credatur.

280 2359 458 2416 Inter.
494 2361 617 2415 M7.
654 2362 733 2415 An
766 2361 1025 2415 credibile
1050 2367 1135 2414 est
1179 2367 1342 2414 tanta:
1368 2358 1612 2413 stultitia:
1650 2356 1818 2413 fuisse

202 2448 488 2517 homines,
518 2456 580 2504 ut
613 2450 669 2504 in
694 2449 891 2505 caelum
917 2447 1256 2503 altitudinem
1289 2447 1500 2502 mdificii
1531 2445 1819 2516 cujuslibet

200 2540 431 2609 erigere
477 2552 536 2595 se
579 2553 741 2611 posse
783 2545 1038 2608 putarent
1088 2535 1244 2611 (Gen.
1297 2553 1377 2602 xl,
1418 2536 1615 2607 4)?—-
1650 2535 1813 2606 Resp.

202 2629 364 2687 Solet
397 2629 591 2704 [enim]
624 2631 933 2701 superbiam
950 2629 1178 2685 stultitia
1202 2630 1355 2699 sequi
1376 2638 1432 2685 et
1456 2628 1819 2683 humilitatem

203 2721 502 2794 sapientia.
547 2722 674 2778 Ideo
703 2723 870 2777 turris
911 2722 1001 2777 hic
1041 2721 1309 2790 superbiae
1340 2712 1468 2776 loco
1490 2720 1668 2791 posita
1710 2725 1813 2774 est.

207 2813 363 2872 Fecit
386 2828 520 2885 ergo
560 2813 813 2884 superbia
862 2811 1205 2868 diversitates
1254 2812 1562 2883 linguarum
1610 2809 1815 2882 [humi-

207 2908 336 2968 litas
376 2905 586 2963 Christi
636 2904 985 2976 congregavit
1028 2904 1372 2961 diversitates
1403 2900 1748 2987 linguarum].
1760 2910 1816 2958 et

209 3010 349 3068 quos
369 2996 541 3053 turris
567 2995 975 3061 dissociarent,
1010 2994 1266 3051 Ecclesia’
1281 2988 1517 3064 collegit.

278 3087 456 3147 Inter.
495 3089 625 3147 148.
663 3090 796 3159 Quis
824 3090 1001 3161 primo
1024 3086 1270 3145 omnium
1295 3088 1605 3147 hominibus
1644 3084 1819 3141 domi-

1918 1908 2005 1955 est
2029 1900 2172 1969 quod
2193 1917 2335 1956 nunc
2358 1902 2556 1957 dicitur
2581 1922 2594 1956 :
2630 1903 2871 1961 Mortuus
2922 1917 2995 1961 est
3038 1918 3157 1963 ante
3181 1921 3509 1982 conspectum

1920 1986 2091 2047 Thare
2111 1996 2276 2066 patris
2304 1996 2404 2059 sui,
2432 1997 2571 2051 sicut
2596 1997 3019 2070 Hieronymusin
3034 2000 3199 2056 Libro
3215 2001 3510 2060 Hebraica—

1916 2100 2036 2139 rum
2063 2085 2431 2153 Quaestionum
2452 2087 2622 2143 refert
2647 2087 2815 2161 (Patr.
2842 2098 2971 2144 tom.
3004 2090 3187 2159 XXIII,
3219 2092 3323 2148 col.
3356 2092 3507 2167 957),

1916 2177 1994 2233 ita
2024 2178 2209 2233 dicens
2242 2198 2252 2232 :
2296 2198 2315 2231 ‹
2347 2180 2488 2236 Vera
2509 2188 2593 2235 est
2612 2180 2821 2254 [igitur]
2853 2182 3202 2238 Hebrmorum
3228 2184 3319 2238 illa
3342 2185 3511 2241 tradi-

1919 2267 1995 2320 tio
2027 2306 2040 2330 ,
2080 2267 2222 2336 quod
2243 2283 2496 2337 egressus
2526 2277 2611 2324 est
2635 2268 2812 2325 Thare
2834 2286 2956 2325 cum
3004 2271 3126 2326 filiis
3154 2273 3267 2328 suis
3292 2273 3357 2327 de
3388 2274 3511 2347 igne

1919 2356 2316 2423 Chaldaeorum,
2365 2364 2420 2412 et
2446 2360 2589 2429 quod
2630 2359 2905 2415 Abraham
2931 2361 3227 2434 Babylonio
3276 2363 3510 2419 vallatus

1919 2446 2187 2511 incendio,
2220 2448 2346 2517 quia
2388 2448 2517 2503 illud
2546 2448 2775 2508 adorare
2811 2450 3057 2519 nolebat,
3086 2455 3182 2511 Dei
3212 2455 3284 2510 sit
3309 2455 3511 2517 auxilio

1917 2535 2199 2590 liberatus.
2233 2537 2302 2591 Et
2329 2550 2395 2592 ex
2435 2537 2526 2594 illo
2558 2546 2805 2611 tempore
2841 2543 2891 2596 ei
2919 2542 3036 2599 dies
3062 2544 3187 2601 vita:
3215 2552 3272 2600 et
3296 2553 3511 2620 tempus

1920 2635 2204 2697 reputatur
2226 2629 2422 2696 aetatis,
2444 2644 2511 2684 ex
2529 2647 2636 2701 quo
2657 2631 2936 2689 confessus
2951 2641 3034 2689 est
3057 2634 3227 2691 Deum
3249 2652 3512 2709 spernens

1918 2719 2064 2775 idola
2103 2718 2499 2777 Chaldaeorum.
2534 2745 2552 2776 ι
2607 2724 2676 2780 Et
2725 2726 2802 2781 ita
2849 2727 3073 2783 solvitur
3121 2729 3510 2789 obscurissima

1919 2811 2146 2881 quaestio
2168 2813 2233 2867 de
2243 2812 2540 2869 Abraham.
2557 2814 2779 2887 Legitur
2798 2818 2942 2874 enim
2959 2814 3140 2875 Thare
3150 2836 3272 2876 cum
3293 2829 3509 2893 septua-

1918 2905 2066 2977 ginta
2091 2904 2219 2977 [Ms.
2253 2907 2414 2980 Lxxv]
2443 2912 2589 2963 esset
2616 2923 2901 2973 annorum,
2936 2910 3184 2980 genuisse
3209 2910 3509 2982 Abraham,

1917 3006 1975 3053 et
2000 2997 2219 3063 vixisse,
2266 3006 2552 3069 postquam
2581 3000 2766 3072 genuit
2790 2999 3066 3056 Abraham
3092 3041 3108 3069 ,
3145 3011 3362 3058 centum
3408 3003 3511 3074 tris

1918 3088 2067 3160 ginta
2108 3089 2346 3160 quinque
2372 3104 2544 3146 annos
2563 3132 2578 3159 ,
2624 3098 2679 3146 et
2709 3089 2875 3148 fuisse
2901 3108 3090 3151 omnes
3139 3093 3299 3169 [dies]
3330 3092 3510 3156 Thare

206 3183 325 3240 nari
352 3189 410 3238 et
444 3194 673 3253 regnum
715 3182 945 3238 dilatare
982 3181 1230 3237 studuit?
1251 3208 1325 3221 -
1345 3177 1505 3252 Resp.
1554 3176 1817 3233 Nemroth
1840 3177 1891 3244 ο
1918 3178 2139 3235 ducenti
2163 3180 2400 3250 quinque
2424 3182 2571 3238 anni.
2604 3178 2735 3237 Item
2767 3183 2997 3256 legimus
3026 3186 3079 3240 in
3103 3184 3301 3243 Genesi
3332 3205 3344 3242 :
3373 3186 3511 3251 Erat

206 3274 378 3346 gigas,
413 3280 485 3328 ut
512 3272 571 3328 in
615 3286 773 3329 sacra
819 3272 1017 3344 legitur
1049 3271 1300 3338 historia,
1345 3270 1441 3343 qui
1470 3270 1815 3327 exstruendae

205 3362 369 3420 turris
397 3371 466 3419 et
497 3360 795 3434 condenthe
814 3361 1126 3434 Babyloniae
1163 3369 1356 3417 auctor
1378 3362 1687 3420 exstiterat.

268 3452 440 3525 317
460 3452 626 3508 Inter.
655 3450 780 3509 149.
806 3451 889 3507 An
910 3467 1079 3507 unum
1104 3457 1343 3523 opusest
1366 3451 1533 3506 turris
1548 3457 1607 3504 et
1619 3450 1814 3506 civitas

206 3541 356 3620 [Hs.,
382 3544 776 3617 eivitatis],vel
797 3543 1186 3615 duo?--Resp.
1212 3541 1438 3617 [Veluti]
1453 3543 1755 3597 mstimatur
1782 3555 1814 3595 a

202 3634 455 3707 pluribus
485 3633 693 3709 [arcem
713 3633 823 3708 (Ita
846 3636 1137 3690 restituitur
1155 3633 1310 3689 lectio
1324 3649 1389 3688 ea:
1416 3631 1573 3703 mss.)
1588 3645 1711 3687 esse
1736 3630 1816 3684 ci-

203 3728 382 3785 vitatis
430 3726 755 3800 Babyloniae
780 3734 988 3783 turrem
1020 3724 1211 3798 illam].
1242 3713 1311 3779 E't
1348 3723 1470 3779 ideo
1499 3723 1693 3778 civitas
1718 3720 1813 3777 illa

202 3814 454 3892 Babylon
485 3816 704 3884 dicitur,
734 3816 790 3871 id
813 3823 921 3882 est,
950 3813 1217 3880 confusio,
1241 3814 1371 3886 quia
1415 3811 1702 3869 confusum
1727 3818 1815 3866 est

204 3905 319 3984 [ibi]
342 3910 563 3966 labium
586 3908 852 3964 universae
878 3913 1064 3972 terrae,
1104 3913 1161 3962 et
1182 3907 1237 3961 in
1260 3906 1472 3977 linguas
1515 3904 1703 3959 varias
1731 3902 1813 3959 lo-

205 4001 357 4074 gtcla
419 3999 725 4056 hominum
774 3996 967 4053 divisa.
1000 3995 1174 4066 Hujus
1220 3994 1413 4068 [enim]
1459 3994 1724 4059 civitatis,
1756 3991 1813 4048 id

203 4099 303 4158 est,
342 4090 654 4163 Babylonis
681 4088 1053 4145 admirabilem
1081 4087 1540 4143 constructionem
1567 4085 1811 4156 gentium

205 4182 559 4239 commendat
584 4180 811 4237 historia
832 4188 857 4246 ς
880 4177 1034 4248 cuius
1064 4177 1236 4233 nimia
1262 4176 1648 4247 disponebatur
1688 4174 1813 4229 alti-

203 4273 350 4342 tudo,
379 4276 511 4332 sive
550 4272 713 4329 unius
746 4272 917 4328 turris
945 4270 1109 4344 [eius]
1141 4284 1306 4341 quam
1331 4269 1661 4339 praecipuam
1690 4280 1811 4322 mo-

204 4363 487 4422 liebantur
504 4366 652 4422 inter
698 4364 833 4420 alias
854 4364 1067 4436 erigere
1092 4361 1149 4417 in
1175 4361 1398 4427 emtum,
1426 4362 1540 4417 sive
1564 4361 1808 4416 omnium

203 4458 468 4525 turrium,
492 4470 613 4527 quae
643 4470 745 4526 per
768 4468 1057 4510 numerum
1076 4452 1409 4524 singularem
1428 4457 1505 4507 ita
1531 4451 1807 4524 signiﬁca-

204 4551 269 4599 ta:
291 4554 445 4614 sunt,
486 4553 549 4599 ut
566 4544 764 4600 dicitur
786 4543 963 4611 miles,
992 4550 1048 4598 et
1072 4541 1449 4613 intelliguntur
1478 4542 1647 4597 millia
1668 4540 1811 4597 mlli-

204 4644 312 4693 tum
338 4639 597 4712 [Querc.,
626 4653 750 4694 cum
772 4636 980 4693 multos
1010 4635 1208 4692 milites
1229 4632 1630 4706 intelligimus].

270 4730 443 4787 Inter.
474 4731 597 4787 150.
614 4730 673 4786 In
689 4746 797 4802 qua
812 4729 1016 4786 familia
1043 4729 1136 4784 illa
1153 4728 1458 4800 permansit
1470 4726 1673 4798 lingua,
1690 4741 1812 4797 quae

202 4821 461 4891 primitus
505 4820 678 4877 Adam
698 4820 897 4894 [Edit.,
926 4835 958 4876 a
993 4818 1128 4894 Deo]
1162 4819 1289 4875 data
1318 4817 1529 4874 fuerat?
1552 4848 1623 4861 —-
1648 4816 1806 4891 Resp.

206 4910 275 4966 Ut
312 4920 553 4983 putatur
581 4913 635 4967 in
686 4911 893 4967 familia
922 4910 1132 4979 li'eber,
1180 4925 1246 4966 ex
1305 4924 1413 4981 quo
1441 4909 1654 4966 Hebraei
1682 4910 1811 4965 dicti

203 5013 328 5058 sunt
354 5006 412 5060 in
442 5020 516 5061 ea
538 5012 696 5076 parte
712 5004 1011 5071 hominum,
1030 5019 1149 5076 quae
1164 5004 1259 5061 Dei
1283 5004 1462 5076 portio
1482 5002 1809 5075 permansit,

203 5091 260 5150 in
285 5111 399 5166 qua
430 5104 495 5152 et
516 5097 825 5153 nasciturus
851 5106 973 5153 erat
994 5097 1264 5153 Christus.
1309 5084 1559 5169 Oportuit
1580 5098 1727 5152 enim
1752 5105 1812 5152 ut

204 5186 262 5243 in
287 5204 357 5244 ea
389 5191 581 5263 lingua
623 5189 773 5245 salus
821 5191 1024 5246 mundo
1065 5191 1243 5260 ptimo
1270 5190 1682 5261 praedicaretur,
1707 5203 1812 5260 per

205 5292 373 5350 quam
404 5280 648 5351 primum
670 5292 819 5336 mors
837 5279 1214 5335 intraverat-in
1250 5280 1537 5335 mndum.
1561 5278 1812 5335 Ostendit

205 5385 429 5442 quoque
457 5371 649 5428 titulus
672 5372 727 5426 in
748 5387 908 5429 cruce
936 5370 1237 5428 Salvatoris
1250 5370 1669 5442 scriptum—banc
1682 5384 1807 5427 esse

205 5463 458 5518 omnium
483 5462 786 5535 linguarum
804 5464 1056 5534 primam.

274 5552 455 5608 Inter.
490 5552 611 5609 151.
640 5553 699 5610 Si
728 5554 872 5611 Deus
890 5555 1155 5626 requievit
1183 5555 1249 5610 ab
1274 5554 1526 5611 omnibus
1548 5555 1806 5626 operibus

206 5642 322 5698 suis
339 5644 399 5698 in
412 5642 507 5699 die
519 5644 769 5715 septimo,
785 5646 930 5701 unde
940 5645 1119 5701 subito
1133 5653 1284 5701 tanta
1306 5644 1555 5717 apparuit
1576 5647 1806 5703 diversi-

205 5740 290 5790 tas
302 5735 734 5808 linguarum‘t—
745 5738 899 5811 Resp.
914 5739 1031 5796 Non
1042 5740 1095 5794 in
1111 5739 1803 5814 hacdivisionelinguarum

204 5839 417 5885 nunc:
448 5828 846 5900 domuere
889 5831 1557 5903 Creatoremﬁﬁmstur,
1599 5834 1832 5892 θεαὶ-ς

1917 3283 2094 3329 autem
2134 3273 2401 3329 Abraham
2434 3277 2764 3350 septuaginta
2787 3279 3014 3350 quinque
3050 3297 3334 3348 annorum,
3384 3297 3506 3336 cum

1917 3384 2153 3438 egressus
2182 3376 2311 3422 esset
2334 3384 2398 3423 ex
2422 3366 2628 3424 Charm
2659 3367 2818 3442 (Gen.
2846 3387 2948 3438 xu,
2965 3370 3057 3444 II);
3084 3372 3337 3428 videlicet
3358 3388 3508 3431 mor—

1917 3466 2009 3513 tuo
2030 3467 2186 3528 patre
2212 3457 2328 3528 ejus
2353 3456 2553 3515 Thare.
2576 3459 2741 3531 Igitur
2761 3461 2830 3515 ab
2851 3477 2993 3518 anxio
3012 3464 3311 3520 nativitatis
3332 3464 3508 3522 Abra-

1916 3547 2065 3613 ham,
2096 3562 2267 3618 usque
2293 3549 2360 3603 ad
2399 3565 2599 3603 annum
2623 3590 2639 3616 ,
2664 3565 2771 3621 quo
2796 3566 3049 3623 egressus
3074 3561 3243 3610 estex
3273 3554 3508 3624 Charta,

1915 3639 2043 3693 anni
2066 3647 2193 3694 sunt
2214 3648 2430 3695 centum
2452 3640 2672 3714 triginta
2700 3643 2938 3715 quinque
2971 3663 2982 3699 :
3016 3646 3114 3700 sed
3138 3647 3189 3702 ei
3228 3662 3338 3704 non
3362 3662 3508 3704 com-

1912 3739 2174 3802 putantur
2195 3733 2323 3787 anni
2352 3734 2444 3803 qui
2479 3735 2741 3791 transacti
2770 3744 2902 3791 sunt
2923 3745 3215 3811 antequam
3241 3741 3419 3798 exiret
3440 3742 3510 3799 de

1914 3825 2037 3897 igne
2058 3824 2436 3883 Chaldaeon
2456 3826 2553 3883 Dei
2572 3827 2833 3885 liberatus
2850 3831 3206 3902 protectione.
3235 3832 3363 3891 Hac
3381 3833 3510 3893 Ilie-

1913 3934 2195 3994 ronymus.

1984 4029 2153 4086 Inter.
2183 4031 2305 4089 455.
2342 4031 2622 4101 Quomodo
2648 4034 3055 4107 intelligendum
3083 4044 3171 4094 est
3198 4037 3346 4108 quod
3372 4038 3506 4097 dici-

1912 4131 2003 4179 tur
2024 4143 2037 4179 :
2065 4124 2224 4181 Pater
2242 4125 2463 4183 Melo/ue
2481 4128 2592 4197 ipse
2604 4136 2683 4184 est
2702 4127 2868 4189 Pater
2891 4129 3095 4186 lem
3112 4129 3265 4203 (Gen.
3291 4131 3501 4206 31,30).

1912 4214 2008 4270 Vel
2036 4215 2129 4285 qui
2152 4213 2313 4286 [MM
2332 4215 2476 4288 quae]
2499 4215 2865 4275 fuitnlescha?
2906 4250 2978 4262 --
3004 4218 3164 4293 Resp.
3206 4221 3389 4280 Thare
3412 4237 3507 4297 ge-

1912 4308 2031 4365 nuit
2052 4306 2328 4365 Abraham
2348 4346 2365 4377 ,
2415 4308 2636 4367 Nachor
2659 4318 2717 4369 et
2755 4310 2907 4369 Aran
2936 4331 2950 4368 :
2982 4312 3133 4372 Arna
3161 4330 3297 4373 vero
3318 4317 3509 4389 genuit

1912 4397 2033 4465 Lot,
2063 4406 2118 4454 et
2153 4398 2417 4455 Melcham
2444 4409 2500 4455 et
2526 4400 2703 4469 Sarri,
2744 4412 3102 4475 mmmam
3124 4403 3408 4477 Jesohom,
3449 4416 3508 4466 et

1834 4538 1893 4599 Β
1912 4499 2273 4599 apeeperunt“
2289 4508 2485 4550 uxores
2514 4535 2530 4562 ,
2563 4492 2842 4554 Abraham
2894 4496 3044 4556 Sarri
3065 4539 3082 4566 ,
3114 4498 3331 4557 Nuehor
3370 4516 3504 4558 vero

1836 4581 1888 4641 ,"
1913 4581 2198 4640 Melcham.
2228 4581 2467 4640 Necdum
2506 4594 2687 4642 autem
2712 4587 2855 4643 inter
2899 4597 3127 4660 patrnos
3164 4597 3225 4651 et
3247 4590 3505 4651 ’ἤδει-ιω

1911 4674 2052 4731 ﬁlios
2078 4676 2279 4748 nuptiae
2306 4673 2424 4749 lege
2454 4677 2742 4748 prohibita:
2768 4677 3009 4737 fuerant.

1981 4786 2150 4842 Inter.
2176 4786 2298 4843 154.
2324 4787 2463 4855 Quid
2483 4789 2539 4843 iu
2565 4789 2737 4845 tribus
2775 4789 2883 4846 illis
2905 4791 3502 4863 egressionibusme

1910 4878 2180 4953 ligendum
2198 4887 2303 4948 est,
2328 4881 2385 4936 in
2409 4882 2603 4951 quibus
2623 4884 2935 4955 praeipitur
2952 4901 2985 4940 a
3006 4886 3236 4944 Domino
3260 4887 3499 4944 Abrahae

1902 4979 1971 5030 nt
1995 4974 2309 5045 meditatur
2333 4973 2562 5032 detenta
2585 4992 2685 5031 astu
2714 4984 2763 5032 et
2787 4976 2852 5034 de
2878 4981 3191 5051 cognatione
3213 4994 3332 5046 sua,
3356 4989 3406 5035 et
3430 4981 3496 5036 de

1910 5065 2064 5122 domo
2088 5067 2254 5135 patris
2278 5068 2363 5122 sui
2397 5066 2553 5140 (Gen.
2593 5085 2691 5137 xu,
2726 5069 2825 5145 ηρ
2848 5098 2920 5117 --—
2946 5070 3105 5145 Resp.
3147 5072 3292 5128 Nihil
3325 5072 3493 5142 aliud,

1908 5157 2013 5215 ιιὴί
2035 5158 2192 5216 nobis
2229 5152 2579 5235 [Edit.,‘non]
2602 5163 2990 5234 egrediendum
3008 5179 3133 5221 esse
3156 5165 3229 5221 de
3278 5173 3497 5221 terreno

1908 5252 2148 5319 homine,
2170 5260 2228 5307 et
2254 5253 2321 5310 de
2344 5255 2666 5325 cognatione
2699 5255 2953 5312 vitiarunt
2980 5264 3319 5322 umerorum,
3346 5262 3403 5313 et
3428 5257 3501 5314 de

1909 5344 2069 5401 domo
2091 5345 2287 5415 patris,
2310 5346 2368 5403 id
2388 5354 2492 5414 est,
2520 5349 2743 5415 mundo,
2783 5350 2875 5420 qui
2895 5348 3092 5403 diaboli
3131 5347 3327 5404 domus
3361 5348 3501 5405 diei-

1907 5446 2019 5505 tur,
2048 5439 2187 5495 utin
2214 5439 2431 5497 Psalmo
2461 5460 2476 5497 :
2507 5440 2822 5497 Obliviscere
2852 5441 3103 5514 populum
3139 5449 3292 5496 tm
3326 5451 3378 5498 et
3396 5441 3499 5497 do-

1905 5547 2050 5587 mum
2070 5535 2235 5603 patris
2254 5534 2332 5588 tui
2355 5533 2530 5607 (Ρωι.
2563 5550 2707 5600 xuv,
2734 5534 2844 5607 11).

1976 5646 2143 5719 διε
2197 5646 2365 5703 Inter.
2420 5648 2542 5704 155.
2584 5648 2810 5715 Quantm
2845 5651 3234 5721 promissioncs
3277 5648 3493 5713 Domini
3578 5622 3589 5628 ’

1906 5737 2124 5795 fuerunt
2149 5738 2219 5796 ad
2241 5739 2555 5796 Abraham?
2601 5771 2673 5782 —
2707 5739 2865 5814 Resp.
2916 5742 3063 5801 Dum.
3121 5740 3242 5802 Una
3288 5745 3496 5804 scilicet

1905 5833 2909 5911 qmdteuanhmaanpossessurus
2936 5834 3008 5894 ait
3032 5835 3090 5895 in
3114 5836 3323 5898 semine
3347 5850 3485 5897 suo:
