4062 6434
567 375 675 433 555

1414 380 1474 436 Β.
1508 380 1578 437 F.
1617 377 1844 438 ALBINI
1881 378 2014 439 SEU
2045 378 2323 438 ALCUINI
2359 379 2647 441 OPERUM
2684 381 2864 440 PARS
2899 382 2963 440 ll.

3715 390 3819 451 536

567 492 712 562 quod
737 493 1074 567 signiﬁcatur
1091 512 1216 555 cum
1235 498 1437 553 dictum
1479 504 1565 551 est
1609 515 1622 550 :
1666 495 1811 551 Vade
1852 497 1909 551 in
1929 504 2141 560 terram,
2169 498 2220 557 Δ
2244 497 2522 567 potuisset.
2558 497 2974 570 Signiﬁcabatur
2991 509 3172 559 autem
3198 517 3265 561 ea
3291 510 3471 573 terra,
3503 520 3668 578 quam
3700 524 3820 566 car-

565 602 723 655 quam
748 587 1162 645 demonstravero
1187 588 1328 662 [Ms.,
1356 587 1727 660 monstravero]
1749 588 1857 652 tibi,
1884 588 2137 658 etfaciam

565 684 616 731 te
641 678 696 731 in
722 688 919 748 gentem
960 698 1202 751 magnam
1234 679 1386 750 (Gen.
1414 696 1515 747 xu,
1538 679 1616 752 2).
1658 680 1777 735 Alia
1805 695 1935 735 vero
1983 680 2138 751 longe

562 770 929 838 praestantior,
955 771 1093 841 quod
1119 779 1273 841 pater
1299 780 1382 825 est
1407 788 1513 826 non
1538 773 1697 827 unius
1725 772 1898 844 gentis
1921 772 2136 826 Israeli-

561 860 684 915 tica:
714 861 907 929 solum,
936 863 1026 917 sed
1052 872 1106 918 et
1135 864 1376 918 omnium
1405 865 1666 935 gentium,
1695 880 1814 934 quae
1851 864 1974 918 ﬁdei
2020 862 2137 933 ejus

559 951 784 1023 vestigia
810 961 1123 1022 sequuntur,
1154 954 1295 1022 quod
1322 955 1407 1009 his
1447 955 1627 1011 verbis
1666 956 1994 1026 promittitur
2021 972 2034 1007 :
2067 956 2135 1010 Et

561 1039 922 1097 benedicentur
943 1044 997 1096 in
1019 1052 1067 1096 te
1096 1060 1271 1099 omnes
1294 1056 1465 1116 gentes
1492 1045 1703 1117 [ωτι-τες
1745 1047 1820 1101 illi
1844 1048 2050 1102 scilicet
2077 1048 2134 1101 in

557 1130 764 1185 semine
806 1131 1081 1187 Abraham
1116 1134 1524 1209 benedicentur]
1563 1138 1655 1208 qui
1703 1137 1935 1193 Abrahae
1972 1138 2132 1194 ﬁdem

559 1219 858 1275 imitantur.

626 1308 791 1365 Inter.
823 1310 942 1366 156.
966 1312 1244 1380 Quomodo
1259 1315 1446 1382 Sarra,
1469 1332 1591 1372 cum
1617 1334 1649 1373 a
1667 1318 1950 1374 Pharaone
1976 1330 2128 1391 rapta

552 1399 765 1468 fuisset,
794 1418 1132 1475 consequens
1157 1416 1260 1475 est,
1289 1418 1349 1464 ut
1375 1410 1568 1465 violata
1612 1428 1717 1467 non
1766 1413 1929 1467 fuerit
1976 1413 2127 1486 (vers.

552 1493 678 1568 15)?
697 1526 769 1535 —
797 1495 953 1567 Resp.
972 1496 1127 1577 Quia,
1152 1499 1307 1568 juxta
1333 1502 1529 1557 librum
1550 1504 1765 1569 Esther,
1794 1521 2129 1576 quaecunque

547 1584 833 1642 mulierum
862 1586 1155 1657 placuisset
1177 1593 1289 1664 regi
1308 1594 1446 1663 apud
1471 1603 1704 1661 veteres,
1732 1612 1825 1651 sex
1853 1597 2130 1654 mensibus

547 1678 850 1748 ungebatur
868 1680 985 1737 oleo
1012 1693 1241 1755 myrteo,
1266 1694 1321 1740 et
1342 1674 1434 1742 sex
1461 1690 1737 1745 mensibus
1766 1693 1820 1745 iu
1840 1691 2129 1761 pigmentis

545 1770 708 1824 variis
739 1780 859 1827 erat
880 1780 935 1826 et
959 1776 1323 1831 curationibus
1372 1777 1720 1845 feminarum,
1751 1789 1807 1836 et
1856 1790 1983 1836 tunc
2033 1783 2127 1837 de-

2241 588 2361 643 nale
2382 605 2560 645 semen
2584 590 2701 661 ejus
2731 600 3078 663 accepturum
3106 604 3262 662 erat;
3295 594 3445 668 [nam
3495 598 3625 654 illud
3655 601 3815 671 spiri-

2237 681 2344 737 tale
2373 683 2536 738 totius
2561 684 2746 739 mundi
2773 684 3111 742 latitudinem
3136 704 3514 759 possessurum
3542 690 3694 763 erit.]

2307 774 2471 828 Inter.
2500 774 2621 829 161.
2648 774 2786 843 Quid
2818 776 2966 848 [dum
2997 780 3132 834 dixit
3177 780 3342 853 Deus]
3377 801 3390 835 :
3439 783 3520 837 Ad
3550 782 3815 839 Orientem

2196 848 2203 855 ’
2234 874 2283 920 et
2305 866 2374 920 ad
2399 866 2548 920 Mare
2571 865 2677 938 [ΑΙ.
2703 868 3027 941 meridiem],
3059 872 3255 926 dictum
3280 848 3367 927 est
3381 872 3639 945 ?—Resp.
3671 873 3817 930 Solet

2236 956 2425 1030 [enim]
2456 957 2736 1029 Scriptura
2765 968 2984 1026 sancta,
3032 963 3158 1016 dum
3185 963 3251 1018 de
3288 963 3466 1036 plagis
3491 972 3656 1020 terrm
3694 981 3816 1037 pro-

2233 1049 2505 1103 missionis
2532 1049 2785 1119 loquitur,
2806 1051 2950 1106 Mare
2964 1068 3063 1122 pro
3089 1053 3375 1109 Occidente
3399 1071 3627 1125 ponere,
3643 1057 3714 1111 ab
3729 1070 3813 1125 eo,

2233 1141 2374 1209 quod
2394 1139 2685 1196 Palestina?
2704 1142 2851 1213 regio
2868 1143 3013 1197 Mare
3027 1145 3081 1199 in
3098 1142 3403 1201 Occidentis
3416 1146 3572 1218 plaga
3595 1147 3811 1203 haheat.

2302 1226 2469 1281 Inter.
2509 1228 2629 1283 162.
2662 1227 2761 1295 Qui
2792 1241 2918 1285 sunt
2960 1234 3235 1304 expediti,
3270 1235 3336 1289 de
3372 1234 3567 1304 quibus
3614 1236 3812 1293 dictum

2231 1325 2351 1373 est:
2379 1317 2687 1375 Numeravit
2722 1324 2985 1392 expeditos
3015 1325 3320 1380 vernaculos
3360 1344 3482 1382 suos
3512 1326 3668 1399 (Gen.
3700 1346 3809 1397 xw,

2232 1408 2357 1481 14)?
2408 1442 2480 1451 —
2524 1411 2681 1483 Resp.
2710 1414 2999 1483 Expeditos
3027 1417 3163 1471 dixit
3189 1414 3453 1491 [juvenes]
3502 1419 3572 1473 ad
3616 1419 3810 1476 bellum

2228 1509 2522 1570 promptos,
2559 1511 2614 1556 et
2639 1504 2730 1572 qui
2758 1520 2863 1559 non
2903 1503 3123 1560 fuerunt
3160 1508 3393 1573 uxorati,
3424 1507 3492 1563 de
3521 1508 3720 1577 quibus
3760 1510 3809 1565 in

2229 1593 2577 1660 sequentibus
2599 1593 2729 1648 dicit
2755 1611 2768 1648 :
2794 1594 3037 1668 Exceptis
3062 1597 3143 1652 his
3164 1614 3280 1668 quae
3308 1604 3644 1654 comederunt
3664 1599 3810 1670 juve-

2229 1705 2318 1743 nes
2341 1689 2494 1760 (vers.
2519 1689 2634 1759 24).

2298 1777 2462 1832 Inter.
2497 1778 2618 1834 165.
2652 1779 2719 1833 Et
2752 1790 3052 1851 persecutus
3087 1792 3160 1837 est
3192 1798 3353 1854 usque
3380 1782 3451 1837 ad
3479 1783 3624 1838 Dan.
3653 1782 3799 1854 (vers.

543 1874 692 1914 mum
728 1861 1122 1933 ingrediebatur
1156 1868 1223 1920 ad
1251 1883 1430 1939 regem
1455 1869 1685 1940 (Esther.
1713 1889 1774 1938 ιι,
1809 1872 1917 1943 12).
1949 1874 2123 1943 Atque

2230 1868 2339 1939 it).
2364 1868 2464 1936 Qui
2493 1869 2642 1925 locus
2667 1849 2927 1926 est—Dan?
2955 1903 3025 1913 —
3047 1873 3203 1945 Resp.
3237 1849 3356 1928 15...
3386 1849 3675 1930 Pbmnices
3713 1890 3802 1945 op-

543 1949 618 2003 ita
639 1959 816 2020 potest
846 1951 978 2023 [Al.,
1010 1956 1241 2029 poterat]
1282 1958 1420 2024 ﬁeri,
1470 1969 1530 2015 ut
1576 1962 1740 2017 Sarra
1765 2004 1780 2028 ,
1837 1973 2122 2035 postquam

540 2040 820 2111 placuerat
842 2045 955 2116 regi
980 2086 995 2112 ,
1033 2047 1158 2102 dum
1184 2065 1281 2119 per
1302 2066 1502 2107 annum
1529 2055 1597 2108 ad
1628 2071 1807 2126 regem
1833 2058 1881 2110 ei
1911 2073 2122 2129 praepa-

541 2139 692 2187 ratur
719 2133 991 2203 introitus,
1020 2136 1253 2196 Abrahre
1278 2140 1491 2198 Pharao
1542 2145 1708 2199 multa
1736 2147 2037 2212 donaverit,
2065 2155 2122 2202 et

543 2223 752 2282 Pharao
778 2237 963 2298 postea
987 2247 1277 2301 percussus
1297 2237 1367 2291 sit
1392 2254 1422 2291 a
1449 2239 1694 2305 Domino,
1718 2240 1809 2295 illa
1832 2242 2009 2297 adhuc
2037 2242 2119 2296 in-

540 2324 684 2375 tacta
713 2320 781 2374 ab
804 2320 917 2389 ejus
941 2326 1223 2380 concubitu
1254 2341 1627 2398 permanente.

607 2408 773 2463 Inter.
807 2410 928 2465 157.
969 2413 1160 2469 Utrum
1189 2421 1500 2474 convenerit
1536 2421 1770 2478 Abrahae
1792 2432 1903 2479 tam
1928 2432 2116 2481 sancto

538 2497 678 2563 viro,
701 2507 761 2553 ut
781 2500 981 2556 celaret
994 2501 1214 2560 Sarram
1240 2522 1359 2563 esse
1382 2526 1599 2566 uxorem
1615 2528 1789 2578 suam,
1805 2522 1859 2569 et
1879 2529 1985 2570 non
2000 2530 2117 2570 ma-

537 2588 621 2660 gis
637 2599 863 2660 poneret
881 2592 937 2646 in
965 2593 1075 2649 Deo
1101 2610 1252 2665 spem
1278 2614 1453 2664 suam,
1482 2617 1550 2656 ne
1570 2603 1906 2658 occideretur
1931 2620 1962 2658 a
1988 2620 2114 2677 rege

538 2677 692 2751 (Gen.
723 2697 822 2747 xu,
860 2683 984 2755 1'5)?
1029 2716 1100 2725 —
1152 2686 1309 2758 Resp.
1342 2688 1653 2747 Ostenditur
1683 2692 1871 2766 [enim]
1924 2697 1978 2750 in
2008 2697 2113 2752 isto

534 2769 652 2838 ejus
702 2771 845 2826 facto
889 2775 1031 2842 quod
1057 2776 1354 2851 homonon
1384 2780 1543 2835 debet
1589 2790 1799 2838 tentare
1827 2785 2112 2841 Dominum:

535 2861 703 2917 Deum
722 2880 897 2930 suum,
935 2868 1144 2935 quando
1176 2870 1337 2925 habet
1363 2874 1491 2941 quid
1518 2872 1682 2928 faciat
1707 2891 1774 2929 ex
1805 2876 2110 2933 rationabili

533 2952 774 3007 consilio.
797 2953 947 3010 Fecit
976 2958 1117 3012 enim
1146 2961 1288 3029 quod
1314 2964 1490 3031 potuit
1523 2978 1623 3033 pro
1647 2966 1756 3019 vita
1798 2981 1924 3031 sua;
1968 2968 2111 3036 quod

534 3051 714 3097 autem
742 3047 1055 3116 nonpotuit,
1086 3049 1157 3104 illi
1185 3053 1454 3108 commisit
1472 3054 1526 3108 iu
1552 3070 1712 3125 quem
1740 3059 1997 3128 speravit,
2022 3060 2109 3115 cui

532 3134 696 3190 etiam
719 3137 1032 3207 pudicitiam
1058 3141 1299 3213 conjugis
1338 3148 1751 3203 commendavit.
1808 3148 1919 3205 Nec
1962 3152 2107 3206 enim

533 3225 667 3283 ﬁdes
695 3227 784 3300 [ac
810 3230 955 3304 spes]
976 3231 1180 3287 fefellit.
1196 3233 1438 3305 Namque
1462 3236 1675 3293 Pharao
1704 3255 1735 3294 a
1758 3240 1867 3295 Deo
1887 3242 2108 3297 territus

532 3318 822 3390 multisque
842 3329 1061 3392 propter
1081 3338 1204 3378 eum
1227 3323 1379 3396 [Hs.,
1403 3326 1545 3399 eam]
1569 3329 1726 3384 malis
1750 3329 1996 3399 alllictus,
2022 3319 2114 3387 ubi

531 3408 648 3479 ejus
671 3424 893 3466 uxorem
922 3412 1221 3488 [divinitus]
1244 3433 1364 3473 esse
1387 3419 1590 3487 didicit,
1620 3421 1841 3478 ilhesam
1870 3439 1992 3479 cum
2012 3425 2112 3481 ho-

532 3514 668 3556 nore
697 3501 926 3558 reddidit
944 3505 1060 3560 viro
1087 3521 1204 3561 suo.

608 3594 778 3649 Inter.
822 3595 943 3651 158.
998 3596 1065 3651 Et
1091 3600 1187 3653 erit
1232 3617 1407 3656 semen
1434 3612 1581 3658 tuum
1618 3607 1753 3661 sicut
1800 3607 1964 3664 stella:
1993 3608 2107 3664 cteli

529 3693 579 3738 et
600 3686 733 3739 sicut
756 3703 916 3741 arena
945 3704 1061 3759 quae
1083 3700 1157 3743 est
1183 3691 1238 3744 in
1262 3690 1434 3748 littore
1482 3697 1645 3750 maris
1674 3695 1828 3761 (Gen.
1859 3714 1958 3765 xu,
1991 3698 2102 3771 17).

2223 1961 2408 2030 pidum
2435 1970 2541 2027 est,
2568 1962 2709 2032 quod
2742 1980 2884 2019 nunc
2912 1964 3121 2021 Paneas
3160 1967 3360 2021 dicitur
3383 2006 3400 2031 ,
3438 1965 3529 2020 ubi
3559 1981 3702 2020 unus
3741 1966 3803 2021 de

2221 2051 2463 2109 fontibus
2481 2053 2732 2109 Iordanis
2762 2057 2953 2123 oritur,
2984 2057 3076 2127 qui
3108 2058 3305 2113 dicitur
3332 2057 3487 2123 Dan;
3519 2058 3661 2113 alter
3681 2072 3802 2113 vero

2224 2146 2324 2199 Jor
2361 2162 2378 2200 :
2408 2154 2462 2200 et
2488 2148 2572 2202 his
2600 2147 2805 2202 duobus
2844 2146 3102 2213 fontibus,
3145 2151 3237 2218 qui
3286 2150 3429 2204 haud
3470 2149 3720 2218 procula
3747 2163 3801 2204 se

2220 2235 2453 2301 distant,
2496 2237 2551 2289 in
2593 2253 2759 2291 unum
2797 2237 3026 2291 rivulum
3080 2238 3377 2305 foederatis,
3428 2238 3684 2295 Iordanis
3711 2255 3801 2309 apo

2216 2325 2482 2395 pellatur:
2507 2327 2670 2397 319
2693 2336 2746 2383 et
2773 2328 2915 2384 sicut
2933 2344 3001 2384 ex
3043 2331 3252 2386 duobus
3279 2330 3516 2387 fontibus
3542 2348 3685 2389 unus
3708 2332 3800 2390 llu-

2217 2414 2357 2480 vius,
2386 2416 2459 2469 ita
2481 2430 2548 2470 ex
2576 2416 2881 2473 nominibus
2907 2434 3011 2473 una
3037 2419 3325 2490 appellatio
3348 2431 3688 2491 procreatur.

2286 2524 2453 2581 Inter.
2488 2527 2606 2582 164.
2636 2526 2765 2595 Quis
2803 2537 2889 2584 est
2915 2530 3017 2585 iste
3049 2529 3424 2586 Melchisedech
3471 2547 3566 2588 rex
3601 2532 3799 2600 Salem,

2215 2633 2376 2688 quem
2416 2619 2704 2691 Apostolus
2733 2623 2865 2677 dicit
2892 2623 3009 2679 sine
3038 2632 3191 2693 patre
3217 2633 3274 2679 et
3311 2625 3428 2680 sine
3473 2634 3653 2682 matre
3686 2641 3804 2681 esse

2215 2707 2366 2780 (Gen.
2392 2725 2502 2774 xiv,
2533 2711 2627 2775 18;
2657 2709 2818 2764 Hebr.
2842 2727 2939 2775 vn,
2965 2712 3137 2784 3)?-—
3164 2712 3321 2784 Resp.
3346 2714 3469 2769 Ideo
3510 2715 3653 2770 dixit
3666 2716 3806 2787 Apo-

2212 2797 2380 2852 stolus
2400 2813 2523 2853 eum
2547 2799 2751 2869 absque
2770 2808 2924 2870 patre
2943 2809 2999 2855 et
3017 2801 3222 2872 absque
3235 2811 3431 2870 matre,
3451 2804 3581 2859 auia
3605 2819 3801 2875 genea-

2211 2887 2408 2959 logiam
2438 2888 2557 2959 ejus
2575 2897 2764 2946 sancta
2795 2889 3076 2962 Scriptura
3104 2907 3214 2947 non
3237 2900 3443 2947 narrat.
3460 2893 3633 2948 Aiunt
3658 2895 3802 2951 enim

2211 2977 2444 3046 Hebrmi,
2466 2981 2611 3035 hunc
2638 2980 3028 3038 Melchisedech
3053 2991 3263 3038 mutato
3288 2986 3503 3040 nomine
3527 2982 3660 3039 Sem
3685 2997 3804 3041 esse

2211 3070 2380 3126 ﬁlium
2407 3071 2541 3137 Noe,
2570 3082 2626 3128 et
2672 3083 3024 3144 supputantes
3051 3090 3223 3131 annos
3250 3076 3372 3130 vitae
3401 3076 3574 3148 ipsius
3619 3085 3803 3134 osten-

2135 3195 2182 3258 c
2212 3162 2365 3229 dunt,
2386 3180 2510 3219 eum
2531 3179 2702 3234 usque
2726 3166 2795 3220 ad
2817 3165 2970 3221 Isaac
2989 3175 3230 3236 tempora
3250 3166 3476 3233 vixisse;
3501 3183 3800 3240 omnesque

2215 3255 2598 3326 primogenitos
2618 3255 2901 3325 pontiﬁces
2920 3254 3107 3321 fuisse,
3131 3254 3229 3329 [et]
3253 3258 3457 3313 hostias
3471 3257 3585 3313 Deo
3610 3259 3803 3315 immo-

2211 3346 2353 3404 lasse
2379 3364 2550 3419 usque
2577 3350 2644 3405 ad
2676 3357 2918 3421 tempora
2962 3348 3142 3405 Aaron
3171 3358 3227 3406 et
3252 3349 3385 3421 legis
3410 3352 3794 3418 caeremonias;

2208 3447 2266 3493 et
2309 3441 2424 3495 haec
2464 3455 2583 3495 esse
2612 3441 2993 3512 primogenita,
3023 3456 3143 3512 quae
3187 3443 3430 3498 vendidit
3456 3442 3603 3498 Esau
3642 3441 3796 3500 fratri

2208 3546 2307 3587 suo
2327 3530 2509 3587 Jacob.
2541 3533 2642 3599 Qui
2663 3534 2826 3589 etiam
2850 3533 3243 3590 Melchisedech
3266 3532 3389 3603 jure
3414 3535 3481 3590 de
3505 3535 3794 3605 triumphis

2207 3622 2487 3693 abnepotis
2509 3623 2635 3695 [Με.
2647 3665 2661 3690 ,
2676 3625 2905 3697 nepotis]
2929 3626 3010 3681 sui
3029 3626 3268 3682 decimas
3283 3627 3580 3696 accepisset
3598 3626 3789 3699 [Edit.,

2206 3713 2453 3785 accepit].
2484 3713 2653 3769 Porro
2684 3704 2864 3773 salem
2911 3730 3032 3770 eam
3076 3714 3246 3786 ipsam
3276 3732 3400 3772 esse
3432 3717 3644 3783 volunt,
3674 3731 3790 3787 quae

532 3771 632 3877 Qui
660 3775 1098 3877 SiEPiﬁCatfnsufl‘
1127 3780 1407 3877 ίξῇείθυίετ
1449 3792 1504 3838 ει
1553 3787 1645 3877 qui
1698 3788 1753 3842 ίη
1806 3791 2011 3845 arena?
2033 3822 2107 3833 —
2201 3771 2388 3876 postea
2412 3771 2714 3860 :lerusalem
2741 3771 2885 3861 dicta
2913 3813 3015 3861 est.
3045 3771 3171 3861 lit-Iac
3198 3806 3363 3862 etiam
3397 3807 3575 3877 primo
3605 3771 3784 3872 Iebus,

528 3862 687 3966 Resp.
734 3865 794 3920 ln
845 3867 1012 3923 stellis
1042 3866 1206 3943 [εαξη]
1250 3874 1532 3942 pauciores
1589 3876 1961 3950 ﬁrmioresque
2004 3880 2102 3955 [et]

2209 3862 2265 3948 ut
2304 3894 2563 3961 referunt,
2594 3904 2781 3966 postea
2828 3896 3032 3962 Salem,
3062 3896 3257 3952 deinde
3303 3862 3604 3953 Jerhsalem
3648 3862 3785 3953 dicta

527 3953 786 4012 clariores
804 3957 1196 4030 intelliguntur;
1223 3963 1276 4017 in
1297 3979 1461 4047 arena
1487 3974 1667 4022 autem
1690 3970 1945 4026 maritimi
1959 3953 2105 4028 litto;

526 4046 634 4112 ris,
666 4063 865 4120 magna
892 4050 1176 4107 multitudo
1222 4046 1560 4111 inﬁrmorum
1588 4066 1750 4128 atque
1778 4062 2098 4119 carnalium.

596 4138 766 4197 Inter.
799 4142 920 4199 159.
950 4143 1087 4212 Quid
1110 4154 1196 4202 est
1206 4146 1391 4203 Razim
1406 4158 1463 4205 et
1480 4138 1660 4207 Zosim
1684 4152 1811 4226 [Με.
1836 4156 2099 4228 Raphim;

2203 3995 2302 4042 est.
2326 3987 2431 4041 Iste
2460 3996 2642 4043 autem
2672 3987 3061 4043 Melchisedech
3092 3988 3390 4060 ﬁguraliter
3410 3989 3687 4044 Christum
3711 3989 3783 4043 si-

2202 4077 2423 4149 gniﬁcat
2464 4079 2760 4142 secundum
2816 4078 3147 4149 apostolum,
3189 4081 3314 4149 quia
3367 4078 3619 4135 Christus
3669 4080 3781 4133 sine

2201 4178 2375 4224 matre
2403 4170 2457 4225 in
2488 4170 2657 4235 caelis,
2685 4177 2742 4224 et
2768 4170 2886 4225 sine
2915 4177 3071 4240 patre
3105 4172 3162 4225 in
3193 4172 3377 4235 terris,
3407 4169 3643 4226 offerens
3672 4170 3777 4225 Deo

529 4230 630 4331 aL,
654 4233 1064 4331 Eadm-Zuaim]
1097 4235 1252 4331 (Gyen.
1286 4256 1400 4308 xiv,
1447 4240 1546 4315 5)?
1594 4275 1666 4285 —
1708 4245 1862 4319 Resp.
1914 4248 2100 4306 Rasim
2199 4276 2300 4331 pro
2327 4260 2483 4315 nobis
2510 4260 2566 4315 in
2595 4230 2756 4316 terris
2780 4261 2865 4315 sui
2894 4230 3137 4331 corporis
3162 4230 3435 4331 panem'et
3458 4261 3543 4316 sui
3567 4260 3780 4331 sanguio

525 4322 791 4413 gigantes,
819 4323 1000 4379 Zozim
1043 4328 1309 4385 terribiles
1354 4332 1814 4405 interpretantur,
1872 4338 2102 4413 [signiﬁ-

527 4411 675 4485 cant]
704 4413 953 4469 robustos
976 4429 1216 4487 quosque
1238 4419 1292 4473 in
1324 4419 1543 4477 Arabia.

2200 4351 2286 4406 nis
2308 4351 2521 4418 vinum;
2547 4352 2616 4406 ad
2642 4367 2804 4422 quem
2836 4352 3065 4407 dicitur:
3096 4351 3174 4406 Tu
3201 4369 3254 4407 es
3280 4352 3521 4407 sacerdos
3546 4353 3604 4408 in
3637 4362 3779 4406 teter-

2200 4458 2324 4495 num
2371 4443 2656 4497 secundum
2702 4442 2937 4497 ordinem
2972 4441 3351 4498 Melchisedech
3407 4441 3605 4509 (Hebr.
3635 4441 3775 4509 v,6;

634 4530 767 4611 nter.
802 4523 922 4579 160.
950 4524 1096 4580 Dixit
1124 4527 1295 4601 [ergo]
1324 4530 1467 4586 Deus
1502 4534 1570 4588 ad
1609 4535 1884 4594 Abraham
1918 4560 1932 4596 :
1960 4542 2098 4600 Leva
2126 4562 2133 4611 ι

2209 4532 2350 4588 Psal.
2375 4548 2486 4597 cur,
2511 4531 2588 4604 4).

528 4609 705 4667 oculos
728 4620 843 4666 tuos
871 4621 919 4666 et
938 4612 1051 4667 vide
1076 4631 1107 4668 a
1124 4614 1237 4670 loco
1255 4619 1310 4672 in
1330 4636 1430 4689 quo
1452 4628 1507 4674 tu
1527 4637 1662 4678 nunc
1677 4642 1752 4693 es,
1781 4637 1829 4682 et
1849 4630 1918 4682 ad
1939 4632 2103 4703 Aqui-

528 4700 698 4756 Ionem
721 4710 771 4756 et
794 4701 863 4756 ad
890 4702 1158 4769 Austrum,
1191 4707 1259 4760 ad
1287 4707 1547 4765 Orientem
1576 4723 1625 4768 et
1655 4715 1724 4769 ad
1763 4715 1913 4773 Mare
1950 4700 2102 4793 [Vul-

530 4802 672 4864 gata,
694 4792 1070 4868 Occidentem],
1091 4799 1215 4869 quia
1236 4817 1437 4856 omnem
1455 4813 1668 4871 terram,
1685 4796 1841 4879 quam
1859 4820 1915 4865 tu
1937 4792 2098 4882 uides,

526 4885 620 4940 tibi
639 4883 795 4951 dabo,
818 4894 867 4939 et
886 4886 1069 4939 semini
1095 4897 1184 4942 tuo
1211 4889 1365 4960 (Gen.
1396 4909 1526 4961 xm,
1558 4896 1667 4971 14).
1695 4898 1751 4955 Si
1782 4902 1925 4957 enim
1954 4912 2100 4959 terra

527 4981 737 5031 tantum
757 4974 1200 5046 promittebatur-
1218 4978 1334 5051 [ei],
1378 4997 1543 5051 quam
1570 4994 1698 5043 tunc
1746 4990 1801 5045 in
1849 5007 1956 5048 uno
1981 4994 2101 5051 loco

526 5076 680 5125 stans
706 5068 889 5125 videre
910 5069 1085 5139 potuit
1104 5084 1202 5140 per
1229 5081 1462 5141 quatuor
1488 5077 1705 5136 climata
1732 5085 1955 5153 mundi;
2002 5102 2102 5142 an—

525 5167 682 5230 gusta
709 5159 920 5214 videtur
943 5175 1064 5216 esse
1091 5168 1236 5217 terra
1264 5167 1667 5236 promissionis?
1684 5204 1755 5214 —-
1783 5175 1937 5248 Resp.
1982 5178 2100 5235 Non

526 5250 630 5306 hoc
652 5249 813 5325 [loco]
842 5250 1014 5308 solum
1043 5260 1200 5309 terrae
1230 5254 1323 5327 [ei]
1364 5262 1690 5327 promissum
1716 5275 1818 5333 est,
1847 5272 1991 5340 quod
2021 5274 2103 5328 vi-

525 5340 656 5397 dere
679 5341 872 5413 potuit.
900 5342 1015 5398 Non
1040 5344 1184 5398 enim
1205 5345 1404 5401 dictum
1430 5357 1547 5416 est,
1583 5361 1789 5410 tantum
1816 5365 1975 5416 terrm
2005 5362 2099 5417 tibi

527 5430 669 5489 dabo
696 5442 958 5504 quantum
984 5436 1163 5503 vides;
1203 5438 1297 5494 sed
1323 5457 1334 5491 :
1378 5439 1492 5495 Tibi
1520 5443 1655 5499 dabo
1683 5455 1896 5517 terram,
1940 5469 2099 5523 quam

526 5523 691 5592 vides,
718 5541 842 5581 cum
870 5534 927 5581 et
951 5525 1179 5582 ulterior
1216 5529 1453 5601 undique
1492 5535 1740 5592 dabatur.
1788 5540 1856 5595 Et
1899 5542 2098 5602 idcirco

528 5615 808 5686 subjunxit
829 5634 842 5671 :
862 5615 1031 5687 Surge
1060 5626 1107 5671 et
1137 5620 1441 5689 perambula
1466 5632 1658 5679 terram
1685 5628 1738 5682 in
1763 5628 2097 5687 latitudineet

526 5702 845 5775 longitudine
874 5706 1032 5781 [ejus]
1056 5708 1208 5780 (vers.
1248 5711 1357 5783 17),
1388 5722 1448 5768 ut
1468 5717 1887 5786 perambulando
1906 5737 2100 5792 perve-

526 5796 669 5864 niret
690 5798 760 5862 ad
779 5814 865 5858 ea.
888 5816 1016 5879 quae.
1043 5802 1213 5865 oculis
1238 5821 1347 5867 uno
1394 5808 1514 5873 loco
1558 5819 1711 5876 stans
1753 5814 1940 5882 videre
1983 5833 2096 5882 non
2119 5897 2149 5911 _

2272 4620 2438 4676 Inter.
2466 4621 2587 4675 165.
2633 4620 2767 4689 Quis
2816 4620 2920 4677 fuit
2968 4622 3266 4679 Damascus
3298 4622 3529 4688 Eliezer,
3560 4624 3631 4678 de
3678 4635 3779 4693 quo

2201 4714 2339 4769 dixit
2374 4711 2686 4768 Abraham:
2720 4712 2904 4767 Hieres
2928 4730 3074 4788 meus
3097 4716 3194 4787 erit
3226 4712 3377 4786 (Gen.
3406 4730 3497 4780 xv,
3527 4714 3584 4780 2,
3608 4713 3780 4786 5)?—

2202 4804 2358 4875 Resp.
2391 4803 2561 4859 Filius
2612 4806 2983 4873 procuratoris
3032 4804 3282 4871 Abrahae,
3331 4806 3423 4876 qui
3471 4812 3681 4874 postea,
3723 4809 3781 4860 ut

2201 4896 2372 4960 aiunt,
2401 4895 2722 4949 Damascum
2766 4896 3031 4963 condidit,
3059 4902 3117 4951 et
3140 4909 3338 4951 nomen
3368 4895 3575 4950 civitati
3615 4895 3776 4963 dedit,

2199 4999 2530 5057 regnumque
2552 4984 2606 5038 in
2629 4999 2693 5039 ea
2719 4984 2970 5040 obtinuit.

2268 5098 2432 5154 Inter.
2456 5098 2577 5154 166.
2610 5097 2861 5169 Nunquid
2889 5100 3145 5156 convenit
3191 5100 3317 5157 ﬁdei
3345 5100 3579 5159 Abrahae
3606 5110 3669 5157 ut
3708 5102 3778 5157 si-

2199 5204 2362 5260 gnum
2384 5188 2538 5259 quasi
2577 5185 3063 5260 dubius'quaereret
3090 5207 3122 5246 a
3158 5192 3384 5248 Domino
3412 5193 3601 5250 dicens
3628 5213 3640 5248 :
3674 5193 3777 5248 Do-

2198 5280 2337 5335 mine
2366 5280 2528 5346 !)eus,
2558 5279 2697 5335 unde
2734 5282 2867 5336 scire
2906 5299 3116 5354 possunt
3135 5284 3275 5355 quod
3301 5302 3637 5356 possessum
3664 5302 3776 5342 sum

2197 5386 2313 5424 eam
2342 5368 2494 5443 (Gen.
2517 5385 2608 5436 xv,
2629 5368 2683 5442 8)
2698 5371 2722 5425 ?
2737 5400 2810 5414 -
2830 5370 2983 5443 Resp.
3007 5372 3124 5428 Non
3144 5376 3299 5445 quasi
3325 5376 3538 5442 dubius,
3564 5378 3634 5431 de
3655 5389 3780 5447 pro-

2197 5460 2452 5515 missione
2479 5460 2597 5525 Dei,
2628 5474 2770 5515 anne
2797 5460 2973 5529 ﬁeret,
2998 5463 3094 5518 sed
3117 5466 3387 5533 quomodo
3413 5464 3655 5520 futurum
3685 5477 3776 5521 es-

2198 5557 2282 5604 set
2304 5550 2643 5620 exquirebat.

2271 5641 2434 5697 Inter.
2470 5642 2587 5698 167.
2635 5642 2774 5711 Quid
2824 5644 2987 5715 igitur
3027 5645 3083 5699 in
3130 5645 3221 5701 illo
3258 5647 3482 5717 mystico
3522 5648 3680 5720 signo
3710 5649 3776 5704 de

2196 5733 2509 5803 posteritate
2540 5734 2754 5804 generis
2795 5734 2878 5789 sui
2915 5735 3145 5790 Abraha:
3185 5737 3589 5808 intelligendum
3628 5740 3776 5796 erat?

2155 5903 2179 5911 ⁵
2195 5821 2282 5883 vel
2305 5837 2405 5882 cur
2430 5824 2596 5884 trium
2617 5838 2881 5884 annorum
2910 5825 3163 5884 animalia
3188 5825 3265 5886 illi
3293 5836 3452 5889 erant
3476 5829 3775 5890 sumenda?
