4064 6342
242 377 336 438 557

823 375 1236 434 EXEGETICA.
1269 406 1341 418 —
1371 375 1742 435 INTERROG.
1777 376 1868 434 ET
1902 374 2232 437 RESPONS.
2271 377 2341 437 IN
2373 373 2638 449 GENES.,
2677 379 2830 438 ETC.

3354 383 3462 445 538

239 494 314 554 vel
336 505 436 550 cur
458 491 918 548 animalia‘dividit
934 501 990 548 et
1007 493 1253 548 volucres
1281 507 1390 548 non
1426 492 1612 548 dividit
1637 491 1788 564 (vers.
1817 497 1865 554 Α
1890 499 1952 546 ut
1984 492 2040 547 in
2069 490 2298 566 Egypto
2340 495 2566 567 populus
2593 496 2689 552 Dei
2735 496 2926 553 duram
2959 504 3247 568 perageret
3285 501 3460 559 servi.

241 586 403 659 9)?--
432 583 586 655 Resp.
621 584 805 639 Trium
850 584 1038 656 [enim]
1091 600 1350 639 annorum
1389 583 1639 638 animalia
1687 590 1796 638 tres

238 686 527 746 temporum
573 675 827 729 articulos
877 676 1180 746 designant,
1223 674 1414 742 quibus
1457 672 1681 743 p0pulus
1727 673 1796 726 ad

237 784 495 828 summum
521 769 742 823 honoris
762 768 971 823 culmen
996 767 1240 822 adolevit.
1255 765 1301 819 A
1323 764 1648 834 temporibus
1667 779 1795 819 vero

234 862 544 934 patriarcha!
593 859 821 914 Abrahae
868 875 965 929 per
1019 857 1460 928 repromissiones
1505 869 1676 923 usque
1726 856 1794 908 ad

236 964 463 1025 tempora
497 954 693 1024 Moysis
735 952 1051 1022 conjunctus
1095 960 1178 1006 est
1227 951 1354 1004 Deo.
1384 948 1428 1003 A
1469 947 1796 1018 temporibus

234 1054 403 1099 autem
433 1044 628 1114 Moysis
651 1044 995 1114 legislatoris,
1024 1058 1054 1095 a
1084 1041 1193 1095 Deo
1221 1041 1352 1110 legis
1382 1039 1713 1107 acceptione,
1740 1045 1797 1092 et

231 1137 603 1192 miraculorum
643 1137 970 1198 ostensione,
1013 1133 1400 1201 triumphisque
1437 1137 1492 1183 et
1519 1137 1675 1183 terra:
1703 1144 1793 1182 re-

228 1227 594 1298 promissionis
636 1227 967 1296 ingressione
1001 1223 1356 1296 glorilicatus;
1400 1237 1429 1274 a
1469 1219 1796 1289 temporibus

229 1333 347 1372 vero
378 1318 545 1372 David
588 1318 735 1386 regio
765 1317 988 1379 honore,
1030 1322 1084 1367 et
1129 1313 1310 1382 templi
1340 1312 1680 1381 civitatisque
1707 1308 1796 1364 Je-

226 1408 456 1464 rusalem
485 1407 837 1460 instructione
858 1406 1096 1458 elevatus
1117 1412 1216 1458 est.
1242 1403 1407 1456 Porro
1429 1403 1570 1456 aries
1594 1401 1794 1471 regiam

225 1511 278 1558 et
305 1501 694 1557 sacerdotalem
733 1499 1078 1570 dignitatem;
1111 1513 1276 1552 vacca
1307 1499 1406 1552 sub
1455 1499 1588 1568 legis
1617 1498 1794 1552 littera

223 1592 572 1649 servientem:
604 1605 765 1658 capra
802 1590 965 1644 etiam
993 1589 1237 1643 eamdem
1277 1597 1487 1659 gentem
1535 1588 1796 1657 peccatri-

223 1697 333 1736 cem
361 1696 482 1735 esse
512 1680 771 1749 designat.
800 1679 940 1734 Aves
967 1694 1095 1733 vero
1135 1679 1439 1748 spirituales
1465 1686 1520 1731 et
1546 1678 1638 1730 D'ei
1681 1677 1791 1731 ele-

219 1782 331 1828 ctos
360 1771 797 1842 praefigurabant.
826 1770 1129 1826 Divisiones
1158 1770 1336 1837 itaque
1363 1767 1512 1839 [Ms.,
1536 1766 1787 1839 namque]

1898 589 2084 639 tatem.

1965 670 2130 726 Inter.
2157 671 2274 728 169.
2319 672 2496 740 Quare
2525 675 2722 730 dictum
2766 681 2850 730 est
2894 675 2951 730 in
2997 673 3191 731 Genesi
3221 676 3287 732 de
3335 675 3464 736 ﬁliis

1895 757 2165 814 Abraham
2189 779 2201 814 :
2234 760 2433 827 Quarta
2459 765 2699 833 progenie
2725 773 3038 818 revertentur
3056 765 3158 819 huc
3188 766 3342 837 (Gen.
3365 782 3461 837 xv,

1897 849 1983 920 16)
2010 850 2032 903 ?
2059 851 2126 905 Et
2153 853 2203 906 in
2237 853 2417 908 Exodo
2439 854 2632 924 legitur
2658 873 2670 908 :
2705 855 2898 921 Quinta
2925 859 3252 927 generatione
3276 877 3460 916 ascen-

1894 941 2078 995 derunt
2118 943 2216 1010 ﬁlii
2263 943 2432 998 Israel
2457 945 2521 998 de
2572 955 2709 999 terra
2758 946 2974 1017 ,Ἐφυριὶ
3005 947 3199 1018 (Exod.
3225 966 3344 1016 xm,
3370 952 3460 1018 l8,

1886 1032 2043 1101 juxta
2071 1031 2166 1085 LX
2170 1031 2362 1105 X)?—-
2383 1034 2538 1105 Resp.
2561 1036 2775 1105 Egressi
2803 1046 2930 1091 sunt
2959 1037 3050 1092 ﬁlii
3078 1039 3238 1094 Israel
3267 1051 3458 1111 quarta

1894 1123 2238 1194 generatione
2266 1123 2331 1177 de
2357 1131 2499 1178 terra
2539 1123 2776 1194 Egypti.
2805 1125 3019 1194 Replica
3064 1131 3463 1197 generationem

1894 1212 2040 1268 Levi.
2071 1213 2198 1267 Levi
2239 1215 2420 1283 genuit
2460 1212 2628 1278 Gath;
2657 1213 2795 1268 Gath
2825 1217 3008 1286 genuit
3045 1216 3262 1273 Amram
3300 1220 3462 1292 [Ed.,

1893 1304 2141 1377 Abram];
2170 1305 2389 1359 Amram
2421 1306 2604 1376 genuit
2627 1306 2807 1360 Aaron
2837 1306 3029 1378 [Edit.,
3053 1309 3220 1382 Aran]
3240 1329 3254 1375 ;
3277 1311 3458 1368 Aaron

1896 1395 2138 1468 [genuit]
2169 1396 2424 1462 Eleazar;
2477 1397 2701 1450 Eleazar
2749 1395 2974 1469 [genuit]
3026 1399 3276 1456 Phinees.
3319 1403 3459 1460 Gath

1894 1501 2014 1541 cum
2039 1494 2190 1555 patre
2236 1501 2334 1540 suo
2379 1485 2506 1539 Levi
2541 1486 2816 1556 ingressus
2845 1495 2930 1540 est
2967 1486 3286 1559 Egyptum;
3324 1492 3466 1563 [rur-

1894 1593 2012 1632 sum
2055 1577 2277 1631 Eleazar
2306 1593 2426 1632 cum
2453 1585 2606 1647 patre
2630 1593 2727 1632 suo
2755 1577 2935 1632 Aaron
2976 1595 3255 1650 regressus
3283 1593 3369 1638 est
3398 1585 3466 1641 ab

1894 1667 2168 1739 zEgypto].
2214 1668 2259 1721 A
2301 1667 2439 1722 Gath
2486 1682 2657 1738 usque
2705 1668 2773 1722 ad
2816 1667 3040 1723 Eleazar
3088 1682 3466 1743 computantur

1894 1766 2124 1828 quatuor
2150 1759 2545 1829 generationes.
2590 1756 2740 1823 Quod
2769 1765 2947 1812 autem
2995 1763 3284 1817 secundum
3323 1765 3465 1822 Exo—

220 1861 556 1923 ammalium,
607 1860 900 1916 schismata
946 1861 1088 1914 inter
1131 1859 1378 1914 carnales
1425 1872 1636 1928 semper
1669 1874 1790 1913 esse
1822 1861 1867 1920 Β
1893 1848 2018 1902 dum
2041 1849 2228 1917 quinta
2254 1847 2600 1918 generatione
2647 1849 2851 1918 egressi
2901 1858 3028 1903 sunt
3069 1850 3161 1906 lilii
3205 1853 3368 1909 Israel
3399 1857 3464 1912 de

215 1954 532 2018 ostendunt;
582 1953 634 2005 in
683 1967 746 2005 eo
777 1949 949 2023 [vero]
981 1951 1122 2020 quod
1153 1966 1278 2005 aves
1323 1965 1426 2004 non
1459 1951 1653 2013 divisit,
1685 1966 1788 2020 pax

215 2050 269 2095 et
295 2043 485 2102 unitas
499 2040 859 2111 spiritualium
895 2041 1225 2110 intelligitur.
1255 2039 1406 2106 Quod
1436 2041 1578 2095 circa
1606 2055 1792 2109 vespe-

213 2147 331 2186 ram
361 2147 529 2202 pavor
555 2132 708 2185 irruit
734 2147 892 2200 super
919 2131 1210 2194 Abraham,
1238 2139 1500 2184 terrorem
1527 2129 1793 2200 significat
1854 2187 1856 2190 ,

209 2221 264 2276 in
292 2224 382 2276 die
424 2223 632 2292 judicii,
660 2222 749 2290 qui
780 2221 1050 2289 separabit
1079 2221 1344 2289 spiritales
1392 2234 1423 2272 a
1463 2219 1789 2283 carnalibus,

205 2309 346 2366 alios
378 2320 620 2365 statuens
643 2310 706 2362 ad
737 2310 1002 2371 dextram,
1030 2309 1161 2362 alios
1189 2310 1252 2362 ad
1276 2309 1547 2362 sinistram
1577 2307 1788 2377 (Matth.

201 2400 363 2471 xxv).
394 2401 536 2453 Aves
581 2414 711 2452 vero
737 2413 853 2465 quae
899 2413 1062 2466 super
1103 2398 1365 2452 cadavera
1411 2397 1658 2461 volitant,
1686 2397 1791 2450 da:-

197 2490 401 2543 monia
445 2486 595 2559 [Ms.,
627 2487 963 2541 daemoniaci];
1006 2485 1320 2557 potestates]
1345 2495 1490 2549 Sunt,
1524 2502 1642 2556 quae
1671 2501 1793 2540 car-

196 2578 429 2632 nalibus
472 2578 707 2632 insidere
744 2586 1028 2646 quierunt:
1061 2593 1197 2646 quas
1238 2578 1460 2633 devotus
1496 2578 1682 2632 doctor
1710 2593 1794 2632 se-

201 2669 334 2724 dula
369 2667 742 2720 admonitione
771 2666 986 2736 abigere
1015 2666 1190 2721 debet.

273 2779 452 2833 Inter.
481 2777 601 2834 168.
627 2778 764 2844 Quid
785 2787 870 2832 est
889 2778 1032 2846 quod
1061 2779 1262 2832 dictum
1286 2785 1373 2833 est
1391 2778 1457 2832 ad
1477 2778 1751 2833 Abraham
1776 2797 1788 2832 :

204 2869 357 2925 Scito
408 2884 757 2938 prwnoscens,
787 2867 925 2938 quod
955 2867 1284 2938 peregrinum
1332 2868 1570 2937 futurum
1599 2868 1665 2922 sit
1711 2884 1792 2922 se-

201 2975 324 3013 men
366 2967 520 3011 tuum
549 2959 600 3011 in
629 2967 768 3011 terra
801 2974 902 3011 non
928 2974 1045 3022 sua,
1075 2967 1122 3011 et
1149 2958 1424 3028 subjicient
1451 2975 1536 3012 eos
1562 2957 1792 3012 servituti

203 3044 297 3118 [et]
321 3047 550 3117 aﬂligent
573 3046 964 3116 quadringentis
996 3048 1145 3100 annis
1176 3049 1328 3117 (vers.
1357 3048 1464 3118 13).
1521 3047 1672 3102 Unde
1701 3047 1790 3100 isti

200 3136 591 3205 quadringenti
611 3137 737 3190 anni
763 3138 1054 3205 computati
1078 3146 1203 3191 sunt
1229 3139 1519 3213 servitutis.
1538 3168 1606 3177 -—
1631 3137 1784 3208 Resp.

1890 1947 2035 1993 terra
2058 1938 2295 2009 Egypti,
2321 1939 2491 1994 tribus
2513 1937 2660 1993 Judae
2679 1939 2812 1992 ordo
2839 1938 2956 2011 [ibi]
2978 1951 3291 1997 numeratur
3313 1944 3464 2016 [Ed.,

1891 2030 2243 2103 numeretur].
2285 2029 2452 2085 Judas
2499 2031 2682 2101 genuit
2719 2031 2954 2097 Phares;
2987 2032 3190 2088 Phares
3238 2035 3466 2110 [genuit]

1891 2120 2087 2185 Esron;
2120 2121 2290 2175 Esron
2335 2123 2518 2192 genuit
2553 2123 2743 2186 Aram;
2785 2121 2949 2175 Aram
2989 2121 3215 2197 [genuit]
3249 2126 3469 2183 Amina-

1889 2211 2021 2276 dab;
2047 2210 2346 2265 Aminadab
2389 2209 2615 2282 [genuit]
2647 2210 2918 2276 Naasson;
2950 2212 3191 2268 Naasson
3234 2215 3465 2292 [genuit]

1892 2304 2126 2358 Salmon.
2152 2304 2355 2359 Phares
2395 2322 2519 2359 cum
2552 2318 2708 2374 patre
2734 2322 2832 2361 suo
2862 2307 3042 2378 [Juda]
3073 2310 3348 2380 ingressus
3378 2317 3466 2367 est

1892 2393 2216 2464 Egyptum;
2250 2394 2491 2450 Naasson
2541 2397 2791 2466 princeps
2837 2395 2974 2450 Juda
3021 2398 3079 2450 in
3127 2398 3344 2453 deserto
3374 2399 3472 2455 de-

1890 2484 2164 2549 scribitur,
2210 2481 2362 2550 cujus
2402 2483 2542 2538 ﬁlius
2591 2483 2808 2539 Salmon
2855 2494 3054 2540 terram
3093 2487 3466 2556 promissionis

1892 2573 2112 2628 introiit.
2146 2573 2402 2644 Computa
2429 2590 2458 2628 a
2487 2575 2691 2631 Phares
2719 2591 2888 2646 usque
2911 2577 2978 2631 ad
3003 2576 3268 2644 Naasson,
3299 2586 3355 2634 et
3381 2579 3466 2634 in-

1891 2664 2073 2718 venies
2103 2667 2475 2734 generationes
2498 2669 2752 2738 quinque.

1963 2774 2126 2829 Inter.
2157 2777 2271 2830 170.
2302 2777 2502 2832 Semini
2531 2786 2618 2831 tuo
2649 2778 2784 2832 dabo
2831 2788 3024 2833 terram
3056 2779 3214 2846 hanc,
3245 2798 3277 2834 a
3307 2781 3466 2851 ﬂuvio

1893 2865 2109 2936 Egypti
2148 2883 2307 2937 usque
2343 2867 2411 2920 ad
2454 2869 2647 2936 ﬂumen
2676 2885 2922 2938 magnum
2964 2869 3268 2941 Euphraten
3307 2871 3461 2942 (Gen.

1892 2972 1980 3022 xv,
2011 2955 2116 3026 18).
2164 2956 2239 3010 De
2271 2973 2376 3026 quo
2405 2958 2540 3011 dixit
2579 2957 2796 3028 Egypti
2842 2958 3122 3013 ﬂuvio?——
3149 2960 3303 3031 Resp.
3348 2961 3466 3016 Non

1892 3045 2062 3118 [ergo]
2104 3062 2134 3101 a
2165 3045 2324 3101 ﬂuvio
2354 3063 2547 3118 magno
2589 3047 2828 3119 lEgypti,
2859 3051 2960 3104 hoc
2987 3059 3092 3115 est,
3120 3050 3270 3116 Nilo;
3303 3053 3397 3106 sed
3435 3065 3468 3106 a

1889 3151 2077 3207 parvo,
2093 3138 2184 3206 qui
2207 3137 2392 3191 dividit
2407 3137 2588 3209 [inter]
2609 3137 2898 3209 [Egyptum
2913 3139 3338 3207 etPalaestinam,
3355 3140 3468 3214 [ubi

200 3226 319 3281 Non
351 3229 438 3282 sic
469 3229 836 3298 accipiendum
871 3238 973 3294 est,
1000 3238 1257 3298 tanquam
1285 3231 1338 3284 in
1384 3231 1472 3285 illa
1501 3231 1788 3286 durissima
1815 3205 1861 3270 ο
1890 3236 1976 3283 cst
1998 3228 2190 3282 civitas
2221 3219 2597 3300 Rinocurtﬂ'a].

200 3321 475 3374 servitute
505 3321 928 3390 quadringentos
971 3337 1140 3375 annos
1182 3322 1276 3376 Dei
1328 3322 1553 3392 populus
1609 3321 1790 3388 fuerit,

200 3411 294 3464 sed
324 3411 467 3480 quia
493 3411 751 3480 scriptum
779 3419 862 3464 est
891 3429 902 3463 :
937 3411 998 3465 In
1024 3410 1178 3465 Isaac
1209 3413 1472 3466 vocabitur
1501 3413 1593 3466 tibi
1618 3429 1791 3466 semen

200 3499 352 3570 (Gen.
385 3500 650 3574 xx1,12).
694 3501 771 3555 Ex
802 3517 944 3557 anno
991 3504 1285 3557 nativitatis
1313 3503 1462 3559 Isaac
1504 3520 1674 3574 usque
1723 3503 1792 3558 ad

199 3606 407 3647 annum
465 3593 795 3664 egressionis
836 3609 901 3647 ex
951 3593 1184 3666 [Egypto
1232 3603 1610 3664 computantur
1664 3595 1792 3649 anni

197 3685 590 3755 quadringenti
636 3685 892 3753 quinque.
925 3684 1058 3740 Cum
1107 3701 1236 3755 ergo
1277 3687 1343 3740 de
1383 3687 1791 3757 quadringentis

199 3773 420 3844 triginta
483 3773 781 3828 detraxeris
826 3776 1013 3846 viginti
1049 3776 1304 3846 quinque,
1337 3778 1428 3846 qui
1455 3785 1582 3831 sunt
1615 3793 1644 3830 a
1670 3793 1794 3848 pro-

195 3867 474 3922 missione
522 3882 692 3936 usque
739 3868 804 3921 ad
837 3877 1022 3922 natum
1064 3868 1232 3934 Isaac,
1264 3885 1370 3923 non
1400 3870 1595 3923 mirum
1623 3877 1707 3924 est
1747 3869 1794 3923 si

198 3957 640 4027 quadringentos
667 3966 721 4011 et
749 3959 984 4027 quinque
1028 3975 1195 4014 annos
1224 3975 1431 4014 summa
1460 3960 1626 4015 solida
1656 3975 1792 4030 qua-

198 4047 533 4118 dringentos
586 4048 752 4102 voluit
804 4049 1069 4119 appellare
1131 4049 1438 4120 Scriptura,
1487 4067 1606 4120 qute
1658 4051 1796 4105 solet

199 4144 452 4206 tempora
508 4138 582 4191 ita
629 4154 958 4208 nuncupare,
987 4147 1047 4192 ut
1087 4140 1230 4208 quod
1261 4141 1324 4194 de
1368 4156 1575 4194 summa
1619 4140 1795 4210 perfe-

193 4228 394 4282 ctionis
441 4228 662 4283 numeri
713 4229 986 4299 paululum
1035 4231 1333 4297 excrescit,
1363 4240 1454 4285 aut
1490 4232 1630 4286 infra
1679 4241 1792 4297 est,

193 4324 710 4402 non\computetur.
742 4316 858 4371 Non
889 4317 1091 4386 itaque,
1116 4318 1256 4387 quod
1285 4320 1378 4383 ait,
1411 4321 1464 4373 in
1503 4321 1793 4374 servitutem

193 4407 436 4478 redigant
464 4423 556 4460 eos
581 4418 626 4460 et
653 4408 903 4462 nocebunt
933 4408 1058 4474 illis,
1085 4409 1151 4463 ad
1180 4411 1601 4481 quadringentos
1623 4426 1794 4466 annos

190 4495 555 4551 referendum
585 4505 688 4563 est,
721 4507 978 4567 tanquam
1026 4507 1124 4568 per
1175 4507 1252 4554 tot
1295 4515 1464 4554 annos
1498 4501 1660 4572 320
1696 4516 1790 4556 eos

186 4583 500 4640 habuerint
528 4587 581 4639 in
614 4588 905 4642 servitute:
940 4589 1032 4643 sed
1063 4587 1333 4644 referendi
1375 4598 1504 4644 sunt
1530 4591 1788 4660 quadrin-

188 4681 335 4747 genti
367 4679 512 4733 anni
543 4679 611 4732 ad
659 4681 713 4734 id
755 4682 894 4750 quod
924 4682 1124 4736 dictum
1169 4691 1251 4737 est
1277 4701 1288 4736 :
1321 4683 1659 4754 Peregrinum
1691 4686 1788 4739 erit

187 4785 368 4826 semen
398 4781 562 4825 tuum
607 4773 661 4825 in
690 4781 828 4826 terra
861 4791 962 4828 non
990 4776 1231 4845 propria;
1258 4777 1383 4846 quia
1419 4778 1533 4832 sive
1562 4779 1616 4831 in
1645 4786 1790 4832 terra

186 4857 492 4926 Chanaan,
523 4862 636 4915 sive
666 4863 719 4916 in
750 4861 981 4934 {Egypto
1009 4867 1350 4936 peregrinum
1375 4876 1495 4921 erat
1537 4868 1663 4922 illud
1706 4882 1792 4922 se-

185 4964 337 5017 men,
367 4961 679 5022 antequam
706 4955 1018 5009 haereditate
1049 4967 1324 5012 sumerent
1354 4967 1551 5013 terram
1579 4975 1645 5014 ex
1668 4974 1792 5029 pro-

186 5045 463 5100 missione
509 5046 624 5111 Dei,
652 5047 794 5116 quod
825 5047 1024 5103 factum
1049 5057 1132 5105 est
1157 5061 1440 5120 postquam
1466 5067 1532 5106 ex
1558 5051 1792 5124 IEgypto

184 5131 408 5192 liberati
445 5147 599 5204 sunt,
628 5147 688 5191 ut
716 5139 1051 5208 hyperbaton
1081 5141 1170 5195 hic
1196 5142 1542 5213 intelligatur,
1569 5152 1623 5198 et
1660 5143 1792 5198 ordo

184 5227 254 5279 sit
281 5229 595 5283 verborum
621 5248 633 5283 :
669 5229 892 5285 Sciendo
915 5233 1065 5297 scies,
1091 5235 1213 5303 quia
1238 5238 1563 5306 peregrinum
1589 5238 1686 5290 erit
1712 5253 1790 5291 se-

183 5332 307 5373 men
339 5330 508 5373 tuum
548 5322 604 5374 in
633 5330 772 5375 terra
800 5339 902 5376 non
946 5325 1157 5393 propria
1190 5327 1585 5397 quadringentis
1614 5328 1786 5382 annis.

184 5410 322 5467 Illud
352 5421 551 5467 autem
582 5415 954 5484 interpositum
992 5415 1318 5487 intelligatur
1350 5437 1362 5471 :
1398 5419 1462 5472 Et
1497 5421 1552 5474 in
1575 5421 1793 5474 servitu-

182 5508 290 5554 tem
327 5500 578 5570 redigent
609 5518 713 5566 eos,
745 5512 791 5556 et
821 5503 1068 5556 nocebunt
1099 5503 1226 5569 illis,
1255 5506 1329 5558 ita
1357 5514 1417 5558 ut
1445 5507 1511 5562 ad
1536 5509 1792 5577 quadrin-

183 5601 386 5661 gentos
428 5608 610 5647 annos
653 5594 754 5649 ista
786 5596 1122 5666 interpositio
1148 5613 1254 5652 non
1299 5600 1582 5669 pertineat.
1613 5601 1672 5656 ln
1699 5618 1793 5657 ex-

183 5695 368 5739 trema
397 5685 555 5739 enim
581 5696 733 5756 parte
766 5687 1076 5761 [annorum]
1101 5707 1321 5745 summa:
1348 5692 1526 5761 hujus,
1570 5695 1672 5750 hoc
1710 5706 1793 5752 est

184 5776 344 5847 [Ms.,
377 5779 499 5833 hoc
532 5779 806 5856 interest],
831 5791 955 5856 post
979 5792 1208 5844 mortem
1235 5783 1456 5859 Ioseph,
1478 5787 1683 5848 factum
1707 5801 1794 5850 est

1961 3317 2124 3372 Inter.
2150 3319 2267 3371 l7l.
2293 3299 2569 3384 Quomodo
2591 3317 2894 3374 defenditur
2917 3299 3188 3376 Abraham
3214 3321 3466 3378 adulterii

1892 3427 2016 3466 reus
2045 3427 2151 3466 non
2184 3426 2324 3475 esse,
2356 3412 2481 3464 dum
2513 3411 2723 3465 vivente
2752 3412 2988 3483 legitima
3017 3429 3184 3468 uxore
3212 3430 3309 3469 sua
3335 3429 3470 3471 con-

1885 3501 2106 3572 junctus
2129 3511 2212 3558 est
2236 3502 2441 3557 ancillae
2467 3519 2577 3558 sua:
2605 3501 2755 3574 (Cen.
2782 3504 2909 3575 xv)?
2927 3535 2998 3544 —
3028 3504 3184 3575 Resp.
3211 3505 3465 3564 Nondum

1889 3594 2228 3666 promulgata
2250 3601 2368 3648 erat
2393 3593 2550 3647 unius
2595 3595 2774 3649 uxoris
2815 3594 2900 3648 lex
2928 3595 3254 3666 evangelica.
3285 3595 3464 3652 Habe-

1891 3685 1986 3739 bat
2025 3700 2234 3753 quoque
2277 3684 2688 3754 promissionem
2729 3701 2758 3738 a
2789 3685 2898 3740 Deo
2939 3687 3329 3758 multiplicandi
3373 3704 3465 3745 se-

1892 3775 2051 3829 minis
2098 3775 2202 3838 sui,
2230 3773 2324 3828 sed
2352 3775 2580 3827 necdum
2623 3775 2846 3840 sciebat,
2891 3790 2957 3829 ex
2985 3792 3090 3845 qua
3119 3769 3304 3844 uxOre,
3336 3781 3463 3848 quia

1892 3875 2076 3936 postea
2112 3866 2312 3920 dictum
2349 3874 2435 3920 est
2458 3866 2530 3931 ei,
2562 3866 2628 3920 de
2666 3865 2840 3920 “Sarra
2890 3869 3088 3923 habere
3116 3869 3301 3924 ﬁlium.
3331 3869 3467 3925 Nam

1892 3965 2176 4026 propterea
2197 3957 2275 4009 sic
2298 3956 2630 4027 propagandi
2658 3956 2907 4011 voluntas
2929 3959 3017 4027 pia
3046 3957 3166 4022 fuit,
3190 3961 3314 4028 quia
3340 3976 3469 4014 con-

1894 4049 2178 4103 cumbendi
2233 4049 2480 4104 voluntas
2532 4047 2663 4120 [Αι.,
2716 4049 2981 4121 voluptas]
3035 4051 3314 4106 libidinosa
3360 4067 3466 4107 non

1893 4137 2012 4191 fuit.
2046 4138 2219 4191 Etiam
2249 4145 2304 4192 et
2331 4137 2517 4202 Sarra,
2549 4154 2670 4192 cum
2718 4138 2920 4207 prolem
2948 4141 3013 4193 de
3041 4154 3098 4193 se
3126 4139 3327 4194 habere
3354 4155 3459 4195 non

1892 4230 2084 4300 potuit,
2114 4230 2180 4283 de
2209 4229 2400 4284 ancilla
2431 4231 2631 4284 habere
2655 4228 2839 4283 voluit.
2868 4228 3252 4285 Consentiebat
3296 4229 3467 4302 [uter-

1893 4320 2018 4392 que]
2049 4323 2102 4375 in
2127 4320 2287 4383 facto,
2312 4322 2434 4390 quia
2464 4321 2713 4392 [uterque
2740 4321 2980 4394 Sarram]
3007 4322 3242 4378 sterilem
3269 4323 3465 4396 [Edit.,

1893 4412 2017 4482 quia
2045 4428 2102 4466 se
2126 4412 2384 4484 sterilem]
2411 4428 2531 4468 esse
2556 4413 2780 4468 sciebat.

1964 4526 2127 4581 Inter.
2159 4527 2276 4580 172.
2306 4526 2580 4594 Quomodo
2627 4543 2818 4583 manus
2865 4529 3104 4584 omnium
3149 4538 3338 4586 contra
3381 4529 3465 4588 Is-

1890 4618 2138 4683 maelem,
2168 4625 2223 4672 et
2257 4635 2450 4674 manus
2478 4618 2594 4686 ejus
2641 4627 2827 4672 contra
2869 4633 3058 4674 omnes
3087 4617 3240 4690 (Gen.
3269 4637 3381 4686 xvi,
3409 4622 3465 4688 7,

1891 4709 2108 4780 12)?-—-
2135 4706 2290 4777 Resp.
2345 4707 2545 4761 Invenit
2579 4705 2760 4778 [enim]
2808 4705 3020 4776 angelus
3070 4707 3281 4762 Domini
3323 4710 3471 4780 Agar

1890 4819 2043 4864 super
2079 4802 2276 4872 fontem
2300 4818 2449 4869 aqua:
2473 4803 2527 4854 in
2555 4801 2754 4854 deserto
2775 4799 2841 4854 ad
2869 4798 3072 4855 fontem
3096 4802 3152 4855 in
3178 4803 3259 4857 via
3281 4805 3466 4871 Assur,

1889 4909 2008 4964 quae
2026 4909 2122 4964 per
2141 4908 2380 4948 cremum
2402 4893 2548 4945 ducit
2568 4891 2636 4945 ad
2656 4889 2970 4962 tEgyptum,
2995 4891 3098 4964 [ire
3119 4892 3428 4967 festinabat]
3448 4912 3462 4948 :

1891 4983 1960 5037 Et
1988 4985 2184 5038 vocavit
2214 4998 2400 5036 nomen
2423 4981 2536 5052 ejus
2566 4980 2780 5046 Ismael,
2812 4981 2936 5050 quia
2973 4983 3246 5038 exaudivit
3286 4983 3470 5040 Domi-

1890 5089 1992 5128 nus
2020 5073 2377 5127 humilitatem
2435 5069 2594 5143 [ejus]
2640 5069 2848 5143 (lsmael
2885 5071 3264 5142 interpretatur
3303 5088 3470 5129 exau-

1891 5164 2020 5219 ditio
2049 5162 2257 5216 Domini
2287 5161 2438 5234 [Ms.,
2466 5161 2639 5233 Dei]):
2674 5160 2776 5216 Hic
2799 5163 2895 5216 erit
2909 5162 3052 5231 [erus
3079 5163 3255 5230 homo,
3279 5179 3467 5221 manus

1891 5256 2004 5326 ejus
2047 5272 2202 5326 super
2237 5272 2432 5321 omnes,
2461 5266 2507 5310 et
2538 5273 2723 5311 manus
2753 5258 2980 5310 omnium
3024 5275 3178 5330 super
3218 5277 3368 5326 eum,
3416 5269 3468 5318 et

1891 5356 2070 5401 contra
2100 5347 2287 5415 faciem
2319 5349 2547 5402 omnium
2576 5349 2800 5418 fratrum
2827 5366 3041 5403 suorum
3076 5350 3346 5406 habitabit.
3381 5351 3469 5408 Si-

1845 5477 1850 5483 .
1892 5436 2110 5509 gniﬁcat
2153 5447 2331 5493 autem
2377 5455 2559 5494 semen
2601 5438 2718 5508 ejus
2760 5441 3125 5496 habitaturum
3166 5443 3220 5497 in
3257 5441 3486 5514 eremo,
3563 5479 3568 5484 ι

1891 5527 1945 5582 id
1990 5537 2094 5593 est,
2143 5528 2474 5586 Sarracenos
2515 5545 2698 5599 vagos,
2746 5531 3071 5602 incertisque
3101 5533 3339 5601 sedibus,
3371 5535 3466 5606 qui

1894 5617 2173 5671 universas
2193 5628 2401 5690 gentes,
2423 5620 2616 5689 quibus
2639 5619 2908 5674 desertum
2927 5636 2994 5676 ex
3016 5620 3180 5677 latere
3198 5622 3465 5697 jungitur,

1892 5705 2170 5763 incursant
2207 5717 2264 5771 et
2308 5711 2649 5782 impugnant,
2693 5707 2772 5781 [et
2814 5710 3198 5785 impugnantur
3233 5715 3302 5774 ab
3342 5731 3464 5778 0m-

1892 5796 2095 5873 nibus].
