4064 6342
521 377 638 437 διο

1283 411 1292 419 ο
1369 374 1438 431 Β.
1469 372 1534 430 F.
1572 369 1798 430 ιιΠΝι
1833 368 1971 427 θῑυ
2001 368 2276 428 Αιευιιει
2313 369 2600 428 omni!
2631 370 2818 428 PARS
2847 369 2915 427 Π.

3669 371 3784 431 5η

584 488 754 564 Ι
776 485 906 545 1'13.
937 487 1068 555 Quae
1111 484 1291 564 littera
1320 481 1529 552 adjecta
1553 489 1640 537 est
1686 480 1892 536 nomini
1917 479 2088 534 Abra-
2113 482 2168 542 Δ
2190 480 2330 551 gelio
2354 499 2366 534 :
2399 480 2553 536 Beati
2576 482 2674 553 qui
2715 480 2892 553 lugent
2919 497 3079 549 me,
3105 483 3356 556 quem
3395 483 3500 557 ipsi
3533 485 3782 544 vilem

513 581 643 636 ham
681 587 738 634 et
765 577 981 644 Sarrai;
1011 576 1098 632 vel
1143 590 1262 645 quae
1305 572 1618 629 mutationis
1664 571 1940 624 nominum
1987 568 2092 623 illis

437 661 441 664 ’
514 683 681 726 causa
729 666 959 724 1111ῐῖ-
980 665 1136 737 Resp.
1173 663 1322 718 Dixit
1361 663 1619 717 Dominus
1667 661 1733 715 ad
1778 660 2088 714 Abraham:

514 760 654 816 Ecce
680 768 1045 816 tutamentum
1070 771 1242 811 meum
1267 764 1454 819 tectius,
1486 762 1535 808 et
1563 752 1664 806 eris
1691 760 1839 822 pater
1859 749 2115 804 multitu-

515 851 656 906 diuis
699 851 948 922 gentiam,
976 858 1027 902 et
1053 863 1158 902 non
1183 844 1449 900 vocabitur
1473 859 1663 898 nomen
1695 851 1843 896 tum
1867 840 2096 904 Abram;

514 941 608 997 sed
637 941 736 996 erit
761 947 1124 995 nomentum
1148 935 1442 1000 Abraham,
1477 934 1604 1004 quia
1641 942 1840 1004 patrem
1885 928 2098 1003 [multa-

517 1030 660 1105 rum]
705 1033 938 1103 gentium
960 1031 1111 1101 posui
1156 1040 1207 1084 te
1251 1027 1415 1101 (Gen.
1440 1043 1585 1093 xvu,
1611 1027 1646 1081 4
1671 1037 1720 1080 et
1749 1025 1858 1096 15).
1906 1025 2102 1080 Dicunt

516 1133 696 1179 autem
717 1123 1081 1193 Hebraeiun
1091 1122 1231 1176 Deus
1256 1135 1323 1176 ex
1345 1120 1561 1176 nomine
1577 1134 1696 1183 suo,
1712 1119 1853 1187 quod
1872 1116 2010 1186 apud
2036 1115 2102 1170 il-

515 1212 596 1267 los
619 1221 1000 1285 tetragramum
1014 1211 1166 1283 [Ms.,
1184 1209 1685 1282 tetragrammaton]
1699 1217 1802 1273 est,
1819 1217 1857 1268 Π
1879 1207 2030 1280 [Ms.,
2044 1206 2098 1280 e]

514 1303 748 1359 litteram
774 1304 1005 1360 Abrahae
1031 1313 1090 1360 et
1111 1304 1290 1360 Sarrae
1329 1305 1609 1359 addiderit.
1641 1303 1928 1358 Dicebatur
1954 1301 2105 1356 enim

514 1395 749 1466 primum
786 1393 1011 1459 Abram,
1039 1396 1184 1464 quod
1235 1395 1620 1464 interpretatur
1659 1403 1808 1463 pater
1833 1390 2100 1456 excelsus;

515 1496 571 1544 et
596 1495 786 1558 postea
813 1488 970 1558 32],
1019 1495 1242 1543 vocatus
1269 1495 1354 1542 est
1395 1485 1688 1550 Abraham,
1729 1495 1879 1555 pater
1904 1483 2100 1538 multa-

515 1596 654 1636 rum.
684 1579 822 1634 Nam
850 1581 1079 1651 gentiam
1109 1595 1217 1634 non
1242 1579 1474 1634 habetur
1495 1579 1552 1632 in
1583 1577 1820 1639 nomine,
1850 1575 1946 1630 sed
1976 1574 2105 1629 sub-

516 1671 750 1726 auditur.
779 1669 892 1724 Nec
919 1670 1221 1725 mirandum
1245 1684 1438 1739 quare,
1464 1683 1587 1723 cum
1629 1667 1771 1736 apud
1798 1665 2019 1720 Graecos
2048 1669 2106 1720 et

517 1760 780 1832 quosdam
800 1759 934 1814 alios
957 1777 991 1814 ο
1013 1758 1194 1813 littera
1213 1757 1456 1813 videatur
1475 1757 1678 1820 addita,
1700 1771 1800 1811 nos
1817 1766 1856 1815 Π
1878 1753 2032 1826 [Ms.,
2047 1752 2109 1825 e];

2196 570 2411 642 (Matth.
2437 573 2512 645 ν).

2266 661 2428 717 Inter.
2461 663 2582 718 176.
2608 664 2788 732 Quare
2834 665 3060 740 [autem]
3108 667 3333 724 Sarram
3374 668 3644 724 ﬁdentem
3690 683 3782 726 rei

2197 755 2412 826 darguit
2456 755 2741 823 Dominus,
2792 756 2937 830 (eum
2983 759 3257 814 Abraham
3305 757 3490 815 riserit
3529 767 3588 814 et
3629 760 3781 817 illum

2197 860 2305 900 non
2335 847 2630 918 redarguit)
2659 847 2810 918 (Gen.
2834 864 2989 914 xvm,
3014 849 3221 922 15η-
3242 850 3399 922 Resp.
3425 851 3610 926 [Quia]
3636 853 3786 911 risus

2197 936 2427 992 Abrahae
2467 939 2838 994 admirationis
2867 948 2924 995 et
2962 940 3158 996 laetitia:
3199 941 3336 997 fuit:
3371 943 3550 999 Sarra:
3594 952 3781 1000 autem

2199 1027 2544 1084 dubitationis
2587 1037 2644 1084 et
2687 1031 3011 1099 difﬁdentiae,
3059 1035 3202 1105 quod
3246 1036 3316 1091 ab
3361 1037 3451 1092 illo
3492 1037 3784 1109 diiudicari

2199 1119 2390 1189 potuit,
2418 1121 2509 1189 qui
2538 1122 2700 1177 corda
2742 1124 3019 1179 hominum
3049 1128 3214 1182 novit.
3248 1128 3400 1184 Unde
3444 1131 3563 1185 haec
3588 1132 3784 1187 eadem

2203 1206 2370 1263 Sarra
2420 1210 2602 1265 ridens
2647 1213 2957 1284 corripitur,
3001 1225 3251 1287 correpta
3295 1220 3544 1288 protinus
3597 1219 3790 1275 fecun.

2202 1298 2382 1366 datur,
2414 1308 2471 1355 et
2495 1309 2684 1356 contra
2725 1319 2878 1374 spem
2905 1320 2972 1360 ex
3009 1306 3190 1362 divina
3230 1311 3593 1378 promissione
3632 1326 3790 1367 acce-

2200 1390 2312 1460 pit,
2359 1393 2501 1461 quod
2544 1393 2850 1450 habituram
2887 1411 2950 1452 se
2989 1411 3057 1453 ex
3102 1400 3340 1455 humana
3381 1402 3593 1458 ratione
3633 1402 3792 1458 dubi-

2202 1481 2355 1536 tavit.

2272 1590 2435 1647 Inter.
2465 1594 2584 1649 177.
2615 1595 2756 1663 Quot
2779 1599 2833 1653 in
2851 1599 3032 1656 Veteri
3050 1599 3397 1658 Testamento
3423 1605 3661 1675 propriis
3690 1621 3790 1662 no-

2202 1683 2437 1738 minibus
2479 1688 2740 1743 nominati
2787 1699 2933 1757 sunt,
2980 1701 3270 1763 antequam
3308 1699 3792 1752 nascerentur?—

2207 1774 2361 1847 Resp.
2406 1777 2679 1844 Quatuor:
2708 1781 2920 1848 lsmael,
2965 1783 3137 1854 Isaac,
3183 1771 3434 1844 Salomon
3484 1798 3541 1845 et
3589 1789 3790 1860 Josias,

516 1851 752 1906 litteram
780 1849 1061 1906 Hebmam
1103 1848 1702 1940 αάάὶιθιιιᾼάὶιθξὶπηιεξ
1728 1846 2104 1940 ίάίοιηθξηίω
2133 1857 2182 1920 Β
2207 1870 2368 1925 certis
2392 1871 2708 1940 quibusdam
2738 1889 2802 1928 ex
2834 1846 3033 1931 causis.

515 1944 712 2015 linguae
757 1940 943 2015 [illius]
973 1950 1058 1998 est
1101 1956 1198 2011 per
1223 1953 1263 1999 τι
1291 1938 1444 2011 [Hs.,
1473 1937 1526 2011 e]
1578 1938 1797 2008 quidem
1845 1937 2103 2002 scribere,

517 2035 613 2090 sed
641 2051 740 2105 per
764 2051 797 2088 a
825 2033 1037 2105 legere;
1063 2034 1203 2088 sicut
1230 2048 1261 2087 e
1299 2041 1488 2086 contra
1517 2050 1550 2086 a
1577 2032 1815 2086 litteram
1839 2044 1981 2100 saepe
2005 2039 2106 2098 per

516 2139 544 2178 e
562 2123 931 2194 pronuntiant.
958 2122 1021 2177 Et
1045 2123 1179 2178 dixit
1203 2121 1348 2177 Deus
1366 2121 1434 2175 ad
1454 2120 1758 2175 Abraham:
1778 2118 1932 2175 S-arri
1955 2118 2106 2189 (me,

521 2211 728 2285 Sarrai]
759 2229 894 2267 uxor
927 2222 1054 2279 tua,
1084 2229 1194 2266 non
1216 2211 1425 2266 vocabis
1446 2227 1565 2265 eam
1605 2209 1787 2274 Sarri,
1817 2209 1908 2263 sed
1936 2207 2105 2263 Sarra

522 2308 621 2362 erit
647 2323 832 2362 nomen
851 2306 966 2377 ejus
990 2304 1141 2376 (Gen.
1166 2320 1300 2369 xvu,
1318 2303 1426 2375 15).
1450 2303 1648 2358 Errant
1671 2300 1824 2374 [Ms.,
1846 2301 1914 2355 Et
1933 2298 2100 2370 sunt],

520 2401 614 2470 qui
665 2407 861 2471 putant
908 2400 1142 2470 primum
1187 2397 1353 2453 Sarra
1407 2412 1504 2467 per
1553 2410 1720 2451 unum
1770 2411 1798 2448 r
1844 2394 2110 2464 scriptum

520 2490 710 2555 fuisse,
739 2497 796 2544 et
836 2498 1021 2560 postea
1048 2488 1099 2544 ei
1143 2487 1372 2544 alterum
1400 2501 1430 2540 r
1457 2486 1717 2552 additum,
1760 2485 1884 2555 quia
1908 2501 1936 2537 r
1962 2484 2107 2554 apud

519 2581 736 2640 Graecos
761 2583 1102 2639 centenarias
1127 2597 1385 2637 numerus
1404 2588 1510 2636 est.
1538 2578 1691 2636 Sarri
1718 2579 1873 2652 μη,
1893 2577 2102 2650 Sarrai]

520 2686 650 2743 ergo
693 2672 929 2741 primum
966 2679 1159 2726 vocata
1185 2679 1268 2725 est
1293 2685 1389 2740 per
1415 2677 1478 2729 η’
1523 2667 1678 2741 [Ms.,
1719 2684 1817 2739 per
1855 2668 1960 2732 sin,
1993 2681 2104 2731 res,

514 2760 658 2832 joth]
685 2760 895 2816 sublato
917 2759 1032 2830 jod,
1059 2761 1114 2816 id
1151 2767 1253 2826 est,
1284 2761 1394 2814 iota
1435 2759 1720 2824 elemento,
1754 2757 1994 2812 additum
2021 2763 2108 2811 est

520 2866 570 2915 e,
599 2855 740 2920 quod
763 2866 861 2920 per
887 2869 920 2905 a
940 2850 1154 2922 legitur,
1181 2858 1237 2905 et
1261 2858 1454 2904 vocata
1481 2857 1567 2905 est
1592 2849 1778 2906 Sarra.
1807 2849 1985 2904 Causa
2010 2864 2108 2901 au-

523 2949 632 2997 tem
677 2941 912 2994 nominis
958 2941 1149 2996 mutati
1197 2941 1314 2996 haec
1339 2948 1426 2996 est
1451 2941 1594 3010 quod
1629 2949 1787 2994 antea
1828 2938 2107 2994 dicebatur

519 3035 760 3104 princeps
790 3029 973 3104 [mea],
1003 3031 1164 3087 unius
1203 3029 1575 3086 tantummodo
1604 3030 1798 3086 domus
1841 3026 2103 3084 materfa-

524 3121 732 3188 milias;
763 3128 953 3193 postea
976 3136 1106 3178 vero
1131 3121 1328 3177 dicitur
1349 3120 1591 3177 absolute
1615 3121 1873 3193 princeps.

596 3273 762 3329 Inter.
792 3275 912 3329 174.
943 3275 1122 3342 Quare
1149 3274 1426 3331 Abraham
1451 3275 1917 3334 circumcisionem
1949 3293 2104 3336 acce-

520 3363 608 3435 pit
633 3361 786 3434 (vers.
805 3361 1022 3434 24)?—
1052 3363 1207 3435 Resp.
1235 3365 1441 3421 Idcirco
1469 3365 1699 3421 Abrahae
1727 3369 2104 3424 commendata

524 3451 678 3527 [Ms.,
702 3451 849 3526 data]
893 3461 979 3510 est
1017 3455 1374 3522 circumcisio,
1403 3463 1465 3511 ut
1508 3457 1607 3511 sub
1631 3457 1747 3528 lege
1772 3467 1936 3526 esset,
1966 3461 2106 3516 sicut

524 3545 646 3619 [et]
690 3545 884 3614 Adam,
921 3559 992 3601 ne
1035 3547 1102 3602 de
1147 3547 1288 3619 ligno
1334 3548 1719 3616 manducaret,
1760 3557 1820 3604 ut
1857 3566 2104 3622 compro-

520 3637 764 3704 baretur",
791 3638 838 3694 si
867 3638 1162 3710 compleret
1203 3638 1328 3702 hoc,
1368 3656 1435 3694 an
1484 3639 1629 3694 non?
1673 3639 1912 3696 Credens
1958 3643 2104 3696 enim

524 3727 694 3784 ﬁlium
724 3743 783 3785 se
823 3711 1154 3796 habiturum,
1181 3745 1280 3802 per
1307 3729 1459 3800 cujus
1488 3734 1890 3804 generationem
1931 3736 2106 3791 omni-

456 3807 473 3820 ’
520 3818 623 3874 bus
651 3820 898 3891 gentibus
923 3822 1228 3878 benedictio
1255 3821 1437 3878 futura
1462 3833 1630 3890 esset,
1659 3834 1715 3880 et
1743 3827 1798 3881 in
1827 3827 1980 3898 cujus
2008 3843 2106 3884 ne-

520 3911 736 3983 potibus
781 3914 1044 3970 castitatis
1095 3923 1149 3968 et
1198 3915 1504 3972 sobrietatis
1556 3918 1771 3973 unicum
1817 3920 2107 3977 mansisset

522 4005 838 4077 exemplar:
869 4006 1014 4062 unde
1040 4006 1093 4061 in
1124 4023 1189 4062 ea
1226 4016 1380 4079 parte
1425 4009 1668 4080 corp0ris
1718 4011 1930 4082 signum
1980 4012 2105 4068 ﬁdei

522 4097 748 4166 accepit,
779 4097 922 4152 unde
949 4097 1048 4170 [et]
1082 4097 1223 4154 ﬁlius
1251 4097 1376 4154 ﬁdei
1398 4097 1592 4172 [Edit.,
1616 4100 1758 4174 Dei],
1787 4119 1892 4158 non
1923 4105 2106 4162 carnis

523 4187 836 4242 nasciturus
862 4195 1012 4254 erat;
1043 4203 1144 4244 nec
1171 4198 1417 4246 truncata
1449 4193 1692 4263 corporis
1737 4203 1890 4265 parte
1928 4196 2106 4252 defor-

522 4276 682 4342 mior,
713 4277 810 4332 sed
853 4275 977 4333 ﬁdei
1003 4279 1058 4332 in
1087 4275 1257 4334 Deum
1301 4283 1454 4353 signo
1482 4283 1781 4354 gloriosior.
1812 4287 1978 4358 Igitur
2005 4283 2105 4360 pro

521 4367 634 4423 Deo
663 4368 863 4437 aliquid
891 4371 1118 4439 perdere
1161 4371 1371 4427 lucrum
1411 4382 1512 4439 est,
1556 4391 1662 4431 non
1706 4379 1980 4436 damnum.
2025 4382 2104 4439 Ita

521 4456 795 4514 Abraham
823 4459 946 4516 ﬁdei
973 4477 1086 4517 suae
1105 4463 1316 4534 signum
1343 4467 1615 4536 accipiens
1641 4484 1749 4524 non
1769 4470 2105 4529 deformatus

2274 1961 2439 2016 Inter.
2466 1964 2587 2018 {'78.
2635 1965 2924 2034 Quaeritur,
2957 1983 3078 2024 cum
3119 1977 3232 2025 tres
3278 1971 3380 2027 viri
3427 1982 3650 2041 essent,
3697 1974 3790 2046 qui

2201 2051 2432 2108 Abrahae
2479 2066 2866 2125 apparuerunt,
2897 2063 3164 2128 quomodo
3203 2063 3548 2133 singulariter
3595 2064 3778 2121 Domi-

2204 2159 2333 2198 num
2365 2147 2595 2216 appellat
2622 2149 2841 2204 dicens:
2869 2151 3107 2217 Domine,
3135 2154 3181 2208 si
3212 2155 3382 2209 inveni
3408 2158 3636 2226 gratiam
3669 2164 3791 2211 ante

2204 2249 2254 2294 te
2301 2242 2475 2313 (vers.
2503 2243 2694 2314 3)?—
2726 2243 2880 2314 Resp.
2927 2244 3093 2317 Igitur
3139 2247 3194 2300 in
3246 2248 3450 2316 angelis
3500 2247 3791 2304 Dominum

2204 2331 2465 2399 sentiens,
2497 2333 2723 2389 Domino
2751 2337 2947 2406 potius,
2981 2353 3141 2406 quam
3171 2339 3378 2407 angelis
3423 2339 3568 2410 loqui
3601 2341 3782 2412 elegit.

2204 2422 2272 2476 Et
2313 2425 2527 2492 quidem
2559 2427 2843 2496 aliquando
2887 2429 3233 2500 imaginibus,
3263 2440 3318 2487 et
3345 2440 3468 2487 ante
3497 2448 3790 2504 corporeos

2203 2514 2408 2581 oculos,
2434 2519 2498 2571 ad
2525 2526 2737 2588 tempus
2757 2537 2823 2574 ex
2854 2536 2978 2575 aere
3010 2524 3302 2592 assumptis
3328 2540 3426 2594 per
3454 2525 3680 2596 angelos
3708 2525 3790 2581 lo—

2204 2607 2386 2676 quitur
2412 2605 2580 2675 Deus,
2629 2610 2767 2664 sicut
2814 2627 2957 2665 nunc
3005 2612 3279 2668 Abraham
3308 2630 3417 2668 non
3461 2615 3640 2670 solum
3685 2624 3795 2672 tres

2202 2699 2347 2753 viros
2391 2699 2577 2754 videre
2628 2702 2824 2771 potuit,
2859 2703 2953 2757 sed
2997 2704 3161 2757 etiam
3212 2713 3430 2759 terreno
3480 2705 3793 2761 habitacula

2204 2791 2444 2860 recipere
2469 2799 2525 2845 et
2549 2807 2737 2846 eorum
2767 2793 2954 2848 usibus
2991 2795 3154 2848 etiam
3185 2794 3333 2850 cibos
3362 2795 3642 2851 adbibere.
3673 2795 3791 2850 Nisi

2205 2883 2350 2938 enim
2380 2883 2578 2954 angeli,
2611 2897 2733 2939 cum
2759 2885 3003 2954 quaedam
3033 2885 3187 2940 nobis
3225 2885 3282 2940 in
3329 2894 3475 2941 terra
3511 2889 3795 2953 nuntiant,

2205 2975 2272 3029 ad
2301 2982 2512 3046 tempus
2538 2990 2605 3030 ex
2646 2990 2772 3031 aere
2813 2990 3010 3047 corpus
3040 2985 3403 3043 assumereut,
3433 2979 3796 3034 exterioribus

2202 3063 2444 3135 profecto
2469 3067 2670 3122 nostris
2695 3067 2968 3123 obtutibus
3000 3085 3107 3124 non
3133 3077 3475 3140 apparerent.
3501 3069 3614 3124 Nec
3641 3069 3794 3124 cibos

2209 3172 2331 3211 cum
2373 3155 2644 3212 Abraham
2693 3167 2987 3226 sumerent,
3016 3161 3124 3216 nisi
3165 3168 3386 3231 propter
3408 3177 3508 3217 nos
3561 3162 3794 3218 solidum

2209 3247 2407 3319 aliquid
2448 3264 2514 3303 ex
2561 3249 2768 3304 caelesti
2815 3251 3080 3307 elemento
3125 3257 3420 3323 gestarent.
3452 3251 3565 3309 Nec
3596 3256 3795 3310 mirum

2207 3341 2350 3411 quod
2378 3339 2451 3394 illi
2479 3339 2578 3411 ipsi
2609 3341 2699 3412 qui
2731 3344 2969 3414 suscepti
3007 3350 3155 3409 sunt,
3209 3345 3370 3399 modo
3398 3345 3597 3416 angeli,
3628 3348 3794 3402 modo

2204 3431 2461 3486 Dominus
2491 3431 2684 3506 [Edit.,
2717 3433 2952 3508 Domini]
2981 3443 3273 3501 vocantur;
3305 3437 3436 3507 quia
3470 3436 3788 3508 angelorum

2205 3521 2470 3576 vocabulo
2511 3523 2910 3592 exprimuntur,
2957 3526 3048 3595 qui
3097 3527 3337 3581 exterius
3384 3527 3796 3596 ministrabant,

2203 3618 2265 3664 et
2286 3610 2639 3681 appellatione
2687 3611 2900 3669 Domini
2946 3617 3268 3684 ostenditur,
3302 3617 3393 3687 qui
3438 3618 3519 3673 eis
3564 3617 3796 3676 interius

2203 3714 2466 3774 praeerat:
2499 3713 2559 3760 ut
2595 3721 2694 3777 per
2737 3708 2842 3763 hoc
2885 3709 3222 3780 prmsidentis
3267 3711 3586 3782 imperium,
3616 3720 3675 3768 et
3699 3727 3796 3784 per

2204 3794 2336 3849 illud
2360 3795 2688 3851 claresceret
2707 3795 2941 3853 oﬁicium
2966 3800 3411 3856 ministrantium.

2273 3884 2434 3955 322
2457 3884 2621 3940 Inter.
2644 3886 2765 3943 l79.
2791 3888 2930 3955 Quid
2954 3898 3039 3946 est
3057 3885 3268 3946 clamor
3290 3889 3686 3963 Sodomorum;
3713 3896 3798 3951 vel

2205 3976 2334 4044 quid
2357 3983 2459 4041 est,
2487 3979 2630 4046 quod
2656 3978 2914 4035 Dominus
2950 3981 3120 4036 dixit:
3152 3981 3472 4037 Descendam
3503 3994 3553 4040 et
3584 3987 3794 4056 videbo,

2203 4075 2380 4120 uarum
2410 4067 2689 4124 clamorem
2715 4072 2804 4142 qui
2831 4075 2966 4127 venit
2994 4074 3063 4127 ad
3107 4090 3206 4140 me,
3238 4093 3388 4147 opere
3417 4079 3791 4151 compleret-int

2206 4156 2372 4229 (Gen.
2401 4174 2568 4226 xvnt,
2588 4160 2680 4227 20,
2718 4161 2934 4235 21)?—
2962 4163 3119 4236 Resp.
3149 4165 3438 4225 Peccatum
3483 4187 3610 4228 cum
3663 4190 3797 4232 voce

2203 4257 2289 4304 est
2332 4249 2486 4320 culpa
2530 4252 2585 4306 in
2614 4254 2854 4322 actione;
2884 4267 3167 4326 peccatum
3218 4277 3348 4318 vero
3377 4277 3504 4320 cum
3543 4265 3797 4326 clamore

2205 4349 2288 4397 est
2324 4343 2478 4414 culpa
2526 4359 2648 4401 cum
2701 4347 2951 4405 libertate
2996 4359 3051 4407 et
3083 4350 3364 4421 iactantia.
3395 4355 3550 4424 Quod
3605 4369 3797 4418 autem

2205 4432 2376 4488 dixit:
2409 4435 2729 4493 Descendam
2754 4448 2804 4494 et
2843 4442 3042 4510 videbo,
3074 4455 3130 4501 et
3171 4445 3416 4523 [caetera]
3453 4451 3798 4523 huiusmodi,

523 4556 626 4615 est,
656 4551 750 4604 sed
775 4551 1107 4608 melioratum
1151 4525 1210 4609 Di
1249 4555 1394 4612 enim
1422 4525 1591 4613 A-dam
1636 4566 1977 4630 pactude
2008 4584 2104 4622 cu-
2134 4545 2186 4606 υ
2205 4525 2548 4630 Ῡ¹¹ξξ¹ίΡ⁰ιθ¹¹⁵
2575 4529 2910 4630 ΒοξηίἾΠξ-θι
2933 4537 3122 4630 omnia]
3145 4541 3355 4611 δοίθιιεῑ
3385 4559 3483 4599 ουτ
3513 4555 3641 4602 ante
3663 4562 3796 4618 pro-

525 4639 795 4706 stodisset,
824 4641 1097 4698 Abraham
1126 4645 1230 4702 hoc
1255 4657 1475 4718 pactum
1517 4664 1626 4705 non
1653 4657 1965 4725 accepisset.
1999 4657 2108 4718 Sed

524 4729 650 4798 quia
680 4729 766 4785 ille
791 4733 847 4786 in
876 4733 980 4788 hoc
1019 4737 1262 4793 membro
1289 4739 1501 4810 culpam
1531 4742 1904 4803 inobedientite
1930 4751 2106 4820 primo

525 4823 764 4891 agnovit,
796 4823 977 4879 decuit
999 4834 1064 4880 ut
1100 4828 1200 4884 iste
1226 4830 1279 4884 in
1309 4831 1411 4886 hoc
1437 4836 1682 4891 membro
1725 4838 1936 4909 signum
1977 4844 2106 4900 obe-

524 4911 742 4967 dientite
766 4917 1003 4970 secundo
1031 4917 1164 4989 [Al.,
1191 4921 1484 4997 secundus]
1513 4927 1808 4996 acciperet;
1839 4941 1900 4986 ut
1925 4943 2104 4990 osten-

525 4999 744 5058 deretur
791 5004 1101 5063 obedientes
1148 5012 1470 5084 quandoque
1519 5031 1808 5088 generasse
1858 5021 1992 5080 ﬁlios
2033 5027 2108 5082 ad

524 5092 714 5162 vitam,
740 5096 872 5153 dum
890 5095 1028 5155 οὕπι-
1046 5103 1489 5171 praevaricatores
1519 5120 1846 5180 generarunt
1863 5118 1932 5172 ad
1959 5132 2104 5174 mor-

527 5187 664 5238 tem.

595 5307 761 5370 Inter.
787 5314 906 5374 l75.
937 5316 1188 5394 Nunquid
1215 5324 1502 5399 [dubitanti
1531 5332 1738 5409 animo]
1782 5338 1958 5396 dixit:
1991 5341 2104 5399 Ρι-

525 5411 680 5463 tasne
703 5414 997 5470 centenario
1021 5427 1264 5474 nascetur
1287 5422 1452 5492 ﬁlius,
1477 5434 1526 5478 et
1554 5425 1722 5482 Sarra
1747 5437 2106 5502 nonagenarits

523 5502 692 5571 pariet
739 5503 891 5578 (vers.
915 5508 1036 5583 l7)?
1054 5542 1127 5552 —
1148 5512 1303 5586 Resp.
1330 5515 1450 5572 Non
1474 5519 1637 5574 verba
1664 5522 1780 5578 haec
1807 5524 2103 5584 dubitantis

527 5589 870 5652 difﬁdentiam
891 5600 1200 5669 ostendunt,
1223 5605 1321 5660 sed
1342 5607 1658 5664 admirantis
1683 5612 1956 5682 gaudium.
1979 5617 2102 5674 Ideo

526 5693 639 5770 prie
665 5685 858 5755 gaudio
904 5690 1128 5747 ridentis
1167 5693 1400 5752 Abrahae
1440 5698 1582 5754 ﬁlius
1613 5701 1892 5761 dicebatur
1924 5708 2100 5767 Isaac.

531 5769 714 5849 [Nam]
743 5778 884 5835 risus
911 5781 1014 5839 iste
1056 5785 1114 5841 in
1151 5783 1293 5844 bono
1323 5790 1494 5860 accipi
1523 5791 1702 5863 debet,
1730 5804 1792 5852 ut
1835 5799 1892 5856 in
1920 5802 2104 5861 Evan-

2205 4612 2479 4671 bationem
2527 4621 2682 4688 quasi
2735 4622 2970 4691 dubitat,
3024 4629 3131 4684 nisi
3181 4640 3240 4686 ut
3290 4636 3574 4704 gravitatis
3629 4612 3797 4694 nobis

2205 4706 2506 4775 exemplum
2533 4721 2815 4781 proponat,
2849 4731 2918 4771 ne
2944 4719 3086 4773 mala
3116 4720 3395 4779 hominum
3426 4735 3550 4783 ante
3577 4744 3796 4799 prtesu-

2205 4809 2417 4851 mamus
2447 4800 2669 4857 credere
2714 4819 2874 4874 quam
2908 4809 3171 4879 probare?
3194 4813 3264 4868 Et
3288 4831 3415 4872 ecce
3442 4827 3504 4874 ut
3544 4835 3646 4891 per
3684 4839 3796 4879 an-

2203 4890 2349 4960 gelos
2375 4891 2442 4946 ad
2467 4899 2838 4965 cognoscenda
2879 4903 3021 4958 mala
3049 4905 3349 4976 descendit,
3393 4925 3520 4967 mox
3547 4890 3793 4972 lfacinov

2203 4994 2356 5036 rosos
2381 4985 2632 5054 percutit.
2660 4987 2837 5060 Atque
2869 4992 2956 5048 ille
3006 4997 3238 5068 patiens,
3285 5001 3374 5057 ille
3415 5005 3586 5071 mitis,
3619 5005 3799 5074 {ille}.

2203 5073 2402 5167 dequo
2430 5077 2688 5148 scriptum
2715 5089 2798 5136 est
2825 5101 2838 5136 :
2880 5083 2959 5140 Tu
2988 5097 3162 5143 autem
3199 5091 3465 5167 [Domine]
3495 5111 3615 5151 cum
3637 5073 3800 5155 trait?

2200 5164 2458 5236 quittitate
2492 5169 2706 5238 judicas
2746 5171 2899 5245 (Sap.
2921 5191 3022 5244 xu,
3053 5179 3159 5253 18).
3189 5181 3281 5238 Ille
3308 5183 3378 5241 de
3420 5164 3528 5256 quo
3564 5203 3799 5245 rursum

2200 5256 2462 5326 scriptum
2505 5268 2625 5314 est:
2655 5261 2909 5321 Dominus
2955 5271 3159 5340 patiens
3207 5284 3304 5341 est,
3329 5291 3451 5331 cum
3482 5276 3584 5352 [in]
3631 5287 3800 5339 tanto

2200 5347 2425 5404 crimine
2469 5351 2734 5411 involutos
2780 5357 3078 5429 inveniens,
3105 5367 3260 5434 quasi
3303 5347 3622 5440 patientiam
3645 5390 3802 5445 pras-

2200 5443 2453 5532 termisit,
2481 5452 2536 5499 et
2562 5446 2702 5502 diem
2733 5455 2957 5508 extremi
2989 5453 3176 5524 judicii
3222 5472 3539 5532 exspectare
3563 5443 3798 5524 att—vin-

2203 5530 2396 5587 dictam
2419 5535 2614 5627 noluit,
2647 5541 2740 5594 sed
2769 5557 2862 5597 eos
2890 5543 3014 5613 igne
3046 5545 3235 5615 judicii
3279 5530 3404 5608 ante
3431 5554 3570 5612 diem
3592 5557 3799 5627 iudicii

2200 5625 2474 5691 praevenit.
2507 5626 2645 5683 Ecce
2675 5632 2894 5698 malum,
2918 5643 2972 5690 et
2998 5640 3152 5707 quasi
3179 5657 3300 5697 cum
3327 5625 3640 5704 diﬁicultate
3666 5665 3799 5707 cre-

2202 5715 2337 5771 didit
2361 5734 2483 5773 cum
2514 5723 2747 5790 audivit;
2779 5734 2833 5780 et
2860 5736 3036 5786 tamen
3067 5734 3182 5788 sine
3217 5737 3467 5795 tarditate
3489 5743 3798 5812 percussit,

2200 5821 2324 5864 cum
2350 5823 2540 5868 verum
2569 5820 2941 5887 cognoscendo
2976 5825 3217 5895 reperit:
3249 5835 3311 5884 ut
3334 5813 3490 5888 nobis
3531 5832 3798 5894 videlicet
