4064 6342
243 377 327 439 με

826 376 1234 435 EXEGETICA.
1274 410 1346 422 —
1380 379 1754 439 INTERROG.
1796 380 1886 439 ET
1926 379 2258 467 RESPONS.
2300 382 2371 440 IN
2408 383 2677 442 GENES..
2724 386 2876 445 ETC.

3383 397 3491 456 542

242 489 378 547 daret
402 487 732 559 exemplum,
760 492 887 559 quia
916 493 1124 561 majora
1150 491 1377 547 crimina
1405 501 1461 548 et
1497 494 1647 549 tarde
1684 510 1803 549 cre-
1826 494 1878 556 Δ
1906 507 2013 547 non
2042 492 2242 562 poterit
2276 493 2527 549 liberari?
2554 494 2623 550 Et
2649 495 2790 554 hanc
2816 500 3156 558 occasionem
3201 503 3493 564 inﬁdelita-

235 580 401 640 denda
427 589 554 634 snt
593 594 715 634 cum
746 581 1058 648 audiuntur,
1089 591 1145 637 et
1170 584 1330 639 citius
1356 585 1648 655 punienda,
1679 598 1803 641 cum

230 671 495 730 γυησίων
533 680 916 741 agnoscuntur.

220 744 235 761 ‘
297 760 460 815 Inter.
490 760 612 816 180.
643 760 827 828 Quare
867 762 1143 817 Abraham
1186 763 1361 819 dixit:
1399 762 1581 819 Ριειυίς
1613 779 1729 819 sum
1753 773 1803 820 et

236 853 355 911 antis
380 849 534 923 (Gen.
559 865 715 916 svnt,
735 852 850 925 27),
876 868 999 908 cum
1026 861 1206 909 tantas
1225 855 1613 925 promissiones
1637 871 1667 909 a
1694 856 1804 911 Deo

233 943 556 1013 accepisset?
571 972 642 983 --
663 944 820 1016 Resp.
844 944 1237 1003 Sublimitatem
1265 948 1681 1018 promissionum
1709 948 1805 1003 hu-

233 1034 471 1091 militatis
497 1036 820 1105 temperavit
844 1037 1193 1106 subjectione.
1231 1039 1369 1109 Apte
1412 1039 1564 1111 [Ms.,
1596 1039 1802 1113 aperte]

232 1127 369 1182 enim
398 1126 710 1198 intelligitur
737 1130 794 1184 in
839 1144 947 1199 quo
973 1130 1095 1185 loco
1120 1146 1181 1187 se
1202 1138 1473 1201 posuerat,
1503 1133 1593 1201 qui
1620 1132 1804 1203 pulve-

230 1234 335 1275 rem
361 1234 426 1275 se
465 1235 532 1275 ac
559 1222 799 1277 cinerem
829 1222 994 1278 etiam
1039 1232 1153 1279 tum
1184 1241 1305 1279 cum
1335 1225 1447 1280 Deo
1472 1227 1799 1295 loqueretur,

228 1311 540 1366 estbnabat.
573 1311 629 1367 Si
655 1313 817 1384 igitur
838 1328 899 1369 se
923 1316 998 1371 ita
1025 1318 1269 1387 despicit,
1297 1318 1388 1388 qui
1413 1332 1583 1389 usque
1612 1319 1681 1373 ad
1706 1319 1804 1374 ho-

228 1416 411 1457 norem
432 1458 437 1463 ,
457 1403 646 1458 divinae.
698 1406 1066 1463 collocutionis
1116 1407 1266 1482 [Ms.,
1311 1406 1800 1482 contemplationis]

227 1495 496 1560 ascendit,
547 1496 773 1571 sollicita
817 1500 1114 1556 intentione
1157 1504 1488 1570 pensandum
1535 1508 1648 1568 est,
1697 1516 1801 1572 qua

222 1600 379 1656 mna
409 1586 483 1642 illi
511 1586 737 1644 feriendi
763 1598 907 1656 sunt,
931 1593 1022 1661 qui
1046 1594 1113 1647 ad
1137 1609 1346 1649 summa
1366 1609 1472 1651 non
1492 1595 1798 1666 proﬁciunt,

224 1673 278 1734 et
296 1688 479 1735 tamen
508 1683 579 1737 de
600 1684 837 1739 minimis
864 1687 1212 1742 extolluntur.

288 1770 459 1828 Inter.
489 1774 607 1828 18l.
641 1774 818 1842 Quaeri
849 1776 984 1833 solet
1028 1786 1210 1834 utrum
1252 1779 1394 1850 quod
1438 1780 1503 1836 de
1552 1778 1799 1838 Sodomis

1907 582 1999 649 tis,
2029 585 2191 638 etiam
2223 583 2277 639 in
2307 584 2446 640 ﬁlias
2472 586 2646 643 coitus
2691 588 3017 661 principium
3047 592 3259 651 dedisse
3286 604 3493 654 certum

1904 682 2007 729 est.
2032 673 2133 741 Qui
2162 675 2307 731 enim
2337 683 2561 731 caeteras
2580 677 2740 749 323
2768 680 2979 735 viderat
3005 681 3192 738 subrui
3219 683 3494 755 civitates,

1903 772 1959 820 et
1981 766 2122 822 hanc
2151 765 2340 839 [stare,
2369 782 2534 837 seque
2563 770 2762 825 auxilio
2805 769 2901 826 Dei
2948 781 3158 829 erutum
3208 774 3297 847 (In
3339 777 3495 846 edit.,

1901 856 2170 923 mendose,
2197 864 2253 913 et
2279 858 2422 913 hanc
2448 858 2632 923 fuisse,
2658 875 2777 931 qua:
2799 861 2893 917 Dei
2923 862 3122 919 auxilio
3146 874 3301 921 eruta
3328 865 3492 941 est)];

1901 945 2088 1014 utique
2117 947 2185 1001 de
2228 961 2293 1003 eo
2321 949 2471 1019 quod
2497 950 2600 1018 sibi
2648 966 2966 1008 concessum
3008 955 3274 1024 audierat,
3318 959 3493 1016 ambi-

1904 1049 2031 1105 gere
2061 1052 2166 1092 non
2198 1039 2401 1095 debuit.
3429 1054 3433 1058 '

1974 1126 2139 1183 Inter.
2169 1129 2291 1185 185.
2316 1128 2426 1186 Cur
2446 1132 2613 1203 igitur
2632 1135 2831 1207 angeli,
2847 1139 3003 1208 quasi
3024 1139 3267 1212 hospites
3293 1142 3490 1212 coacti,

1903 1219 2127 1275 domum
2176 1220 2280 1279 Lot
2328 1223 2583 1282 introisse
2621 1228 2921 1286 dicuntur?
2956 1262 3028 1274 -—
3056 1232 3215 1306 Resp.
3257 1234 3330 1294 Ut
3371 1245 3494 1294 ten-

1902 1320 2016 1369 tata
2059 1323 2205 1371 esset
2257 1316 2496 1374 charitas
2542 1315 2662 1386 Lot,
2715 1324 2945 1394 probata
2987 1332 3042 1382 et
3106 1338 3492 1388 remunerate:

1900 1412 1957 1460 et
1992 1411 2051 1461 ut
2078 1408 2457 1467 ostenderetur
2489 1420 2751 1483 quantum
2796 1426 2943 1473 esset
2977 1418 3363 1493 hospitalitatis
3394 1425 3494 1481 bo-

1901 1511 2051 1551 num.
2103 1496 2434 1569 Hospitalem
2476 1519 2607 1560 vero
2636 1506 2852 1563 domum
2886 1511 3061 1582 angeli
3096 1514 3328 1587 ingressi
3368 1526 3497 1574 sunt

1900 1588 1969 1644 ad
2005 1587 2341 1649 liberandum
2382 1596 2649 1667 hospitem
2688 1614 2846 1656 suum
2879 1616 2894 1656 :
2925 1604 3138 1662 clausas
3165 1616 3347 1666 autem
3396 1610 3495 1667 ho-

1901 1683 2131 1754 spitibus
2152 1687 2490 1760 domosignis
2514 1692 2788 1763 ingressus
2812 1693 2938 1770 [est]
2960 1699 3025 1753 ad
3048 1700 3352 1769 perdendos
3371 1717 3499 1774 pec-

1901 1783 2115 1831 catores
2138 1775 2192 1832 in
2209 1778 2307 1835 eis.
2331 1780 2536 1838 ldcirco
2566 1784 2803 1855 hospites
2830 1803 2938 1843 non
2965 1798 3092 1845 sunt
3111 1791 3369 1861 evitandi,
3398 1792 3496 1852 sed

223 1861 353 1917 ﬁxit
373 1864 538 1930 Deus,
559 1882 664 1921 non
686 1880 745 1921 se
769 1868 993 1938 perdere
1013 1870 1212 1935 locum,
1236 1871 1280 1926 si
1305 1872 1676 1927 invenirentur
1696 1873 1802 1929 illic
1832 1852 1879 1915 Β
1905 1867 2047 1924 ultro
2075 1870 2360 1928 imitandi.

220 1966 435 2014 centum
460 1960 543 2015 vel
589 1962 771 2018 decem
814 1961 945 2031 justi
970 1963 1121 2037 (vers.
1152 1965 1243 2033 26,
1273 1967 1361 2037 52)
1382 2011 1398 2035 ,
1422 1969 1640 2039 Speciali
1669 1983 1802 2040 qua-

221 2049 341 2106 dam
370 2054 640 2109 sententia
671 2056 735 2111 de
763 2054 852 2111 illa
884 2057 1122 2125 civitate,
1155 2077 1221 2114 an
1260 2059 1325 2116 de
1354 2062 1602 2116 omnibus
1641 2062 1800 2118 intel-

217 2137 485 2212 ligendum
509 2146 578 2202 sit
597 2148 941 2217 generaliter,
968 2166 1194 2222 parcere
1227 2152 1393 2209 Deum
1420 2154 1558 2221 loco,
1585 2156 1639 2211 in
1667 2172 1802 2227 quo-

214 2248 427 2307 cunque
469 2239 553 2294 vel
590 2241 775 2297 dccem
818 2242 951 2314 justi
996 2243 1325 2299 fuerint?—
1351 2244 1506 2319 Resp.
1554 2248 1673 2303 Non
1718 2258 1803 2305 est

212 2321 479 2399 [quidem]
531 2344 775 2398 necesse,
822 2341 884 2386 ut
932 2334 1036 2389 hoc
1085 2336 1148 2390 de
1196 2336 1343 2390 omni
1391 2337 1509 2392 loco
1554 2339 1802 2409 accipere

207 2410 616 2487 compellamur.
650 2420 1033 2478 Verumtamen
1081 2425 1148 2480 de
1206 2424 1454 2483 Sodomis
1500 2431 1679 2499 potuit
1722 2432 1802 2487 sic

205 2506 343 2572 dici,
373 2508 502 2577 quia
547 2510 751 2565 sciebat
794 2510 956 2579 Deus,
987 2514 1058 2570 ibi
1091 2530 1199 2571 non
1244 2506 1363 2573 esse
1392 2518 1478 2574 vel
1508 2520 1714 2587 decem,
1745 2529 1802 2576 et

206 2597 337 2654 ideo
363 2599 447 2656 sic
474 2603 900 2673 respondebatur
920 2607 1177 2675 Abrahae,
1196 2616 1253 2666 ut
1276 2612 1674 2684 signiﬁcaretur
1698 2630 1799 2672 nec

208 2698 287 2747 tot
316 2690 391 2746 ibi
420 2706 583 2764 posse
620 2695 866 2763 inveniri,
900 2698 967 2754 ad
994 2706 1466 2776 exaggerationem
1494 2709 1797 2780 iniquitatis

208 2783 445 2840 illorum.

280 2872 449 2929 Inter.
482 2876 603 2932 182.
628 2879 807 2947 Quare
831 2882 1106 2940 Abraham
1132 2887 1187 2940 in
1233 2886 1404 2943 tribus
1430 2887 1562 2944 viris
1592 2888 1716 2955 illis,
1751 2891 1794 2947 si

209 2961 381 3020 Deum
403 2965 669 3024 intellexit
691 2972 771 3027 vel
800 2975 1034 3047 angelos,
1061 2985 1114 3033 et
1139 2978 1335 3035 iterum
1359 2977 1463 3034 Lot
1489 2980 1541 3035 in
1562 2981 1791 3050 duobus,

209 3066 299 3108 eos
330 3055 573 3114 humano
613 3059 735 3116 cibo
787 3066 933 3119 vesci
981 3066 1237 3135 putabat?
1257 3098 1325 3108 —
1352 3067 1507 3141 Resp.
1538 3069 1794 3127 Fortasse

208 3144 351 3214 prius
392 3160 492 3202 eos
536 3148 782 3207 homines
829 3168 952 3210 esse
1000 3155 1251 3212 arbitrati
1292 3166 1449 3227 sunt,
1496 3159 1550 3213 in
1595 3160 1790 3231 quibus

208 3205 370 3292 Deum
398 3237 552 3310 loqui
595 3239 1006 3313 intellexerunt;
1047 3247 1370 3317 quibusdam
1401 3205 1791 3323 divinatumaje-
1816 3205 1865 3275 c

207 3328 352 3385 statis
405 3330 769 3389 existentibus
818 3343 874 3391 et
937 3338 1323 3409 apparentibus
1366 3341 1568 3412 signis,
1609 3351 1797 3412 postea

207 3418 362 3478 hisee
414 3422 637 3495 angelos
678 3438 1071 3500 cognoverunt,
1113 3444 1235 3487 cum
1281 3429 1361 3487 eis
1388 3433 1694 3490 videntibus
1739 3435 1795 3490 in

206 3514 390 3571 uelum
426 3515 618 3573 issent.
652 3517 760 3574 Sed
806 3521 1123 3578 intuendum
1151 3532 1234 3579 est
1275 3525 1365 3580 hic
1405 3533 1665 3596 quantum
1691 3524 1790 3582 bo-

204 3621 323 3664 num
373 3611 458 3666 sit
509 3611 864 3683 hospitalitas.
920 3614 1251 3688 Hospitalem
1302 3619 1521 3674 domum
1567 3618 1797 3691 ingressi

204 3711 320 3757 sunt
340 3703 548 3774 angeli,
571 3704 781 3761 clausas
810 3706 1048 3763 hostium
1073 3707 1227 3783 [Ms.,
1254 3710 1577 3784 hospitibus]
1605 3711 1792 3772 domos

203 3791 477 3866 ingressus
506 3806 589 3851 est
619 3799 774 3869 ignis.

263 3885 439 3944 Inter.
473 3888 593 3944 185.
624 3886 680 3945 Si
704 3890 963 3962 judicium
993 3892 1089 3951 Dei
1113 3894 1323 3968 justum
1369 3907 1474 3963 est,
1504 3915 1673 3971 quare
1702 3901 1789 3957 iu-

202 3973 367 4035 [antes
418 3979 482 4035 in
518 3980 767 4039 Sodomis
796 3982 1003 4059 [simul]
1048 4004 1172 4045 cum
1199 3990 1518 4061 parentibus
1564 3996 1791 4052 cremati

202 4073 448 4127 suut?-—-
474 4071 629 4146 Resp.
662 4074 731 4131 Ut
759 4078 921 4133 nimis
950 4079 1177 4152 impium
1221 4081 1432 4139 facinus
1479 4085 1787 4143 Sodomita-

202 4175 309 4217 rum
336 4165 523 4236 possit
548 4166 775 4235 adverti,
803 4178 1089 4239 peccatum
1118 4187 1305 4230 eorum
1341 4178 1589 4245 pervenit
1616 4194 1788 4249 usque

202 4254 263 4308 ad
289 4270 488 4313 necem
517 4255 767 4327 ﬁliorum,
800 4276 869 4315 ne
898 4261 964 4317 de
994 4264 1204 4336 origine
1232 4266 1443 4324 illorum
1466 4270 1679 4341 aliquod
1707 4272 1784 4327 si-

1978 1958 2151 2015 Inter.
2190 1963 2312 2020 186.
2344 1964 2621 2033 Quaeritur
2640 1983 2809 2040 quare
2843 1971 2909 2026 de
2937 1972 3076 2029 coelo
3097 1973 3336 2032 vindicta
3371 1975 3500 2032 data

1903 2058 1987 2105 est
2007 2068 2168 2124 super
2188 2055 2523 2115 habitatores
2546 2059 2741 2131 impios
2789 2063 3070 2120 civitatum
3095 2066 3310 2123 illarum
3336 2064 3494 2141 (Gen.

1896 2142 2017 2210 ‘xrx,
2049 2145 2186 2220 24)?
2224 2180 2294 2189 —
2323 2147 2479 2224 Resp.
2512 2152 2649 2220 Quia
2680 2155 2883 2212 clamor
2910 2161 3255 2231 peccantium
3283 2160 3339 2217 in
3379 2176 3495 2218 ca:—

1901 2234 2012 2290 lum
2059 2242 2367 2299 ascendisse
2416 2245 2653 2315 dicitur;
2681 2248 2884 2307 idcirco
2930 2253 2997 2309 de
3046 2254 3187 2312 coelo
3236 2252 3497 2327 puniendi

1901 2335 2078 2382 eram.

1980 2423 2147 2509 Inter.
2209 2424 2333 2482 187.
2389 2426 2499 2483 Cur
2548 2429 2841 2501 sulphureo
2906 2448 3029 2505 igne
3090 2434 3500 2509 puniebantur?

1900 2547 1973 2557 —
1990 2504 2156 2587 'Resp.
2186 2513 2259 2572 Ut
2284 2517 2658 2588 putidissimus
2686 2521 2928 2580 libidinis
2967 2504 3135 2582 ardor
3149 2527 3497 2598 putidissimo

1898 2605 2239 2664 ﬂammarum
2275 2610 2467 2667 ardore
2491 2612 2792 2682 puniretur.

1969 2699 2134 2756 Inter.
2168 2699 2290 2758 188.
2321 2700 2433 2759 Cur
2470 2704 2696 2780 [autem]
2729 2725 2864 2764 uxor.
2904 2704 3006 2765 Lot
3032 2710 3088 2766 in
3115 2718 3351 2768 statuam
3395 2728 3486 2770 sa-

1858 2782 1963 2849 llis
2027 2810 2287 2851 conversa
2341 2804 2426 2852 est
2482 2797 2655 2870 (vers.
2684 2798 2816 2872 26).
2846 2832 2919 2841 -
2971 2799 3127 2876 Resp.
3168 2802 3254 2859 Ad
3295 2803 3485 2881 condi-

1894 2894 2139 2941 mentum
2187 2886 2465 2956 ﬁdelium;
2519 2890 2646 2960 quia
2682 2893 2899 2960 punitio
2935 2894 3087 2966 impii
3109 2895 3346 2953 eruditio
3399 2903 3485 2954 est

1890 2978 2044 3051 iusti.

1965 3071 2132 3126 Inter.
2177 3073 2298 3130 189.
2355 3070 2473 3143 Quo
2521 3076 2748 3134 consilio
2796 3077 2922 3136 ﬁliae
2971 3079 3074 3138 Lot
3131 3084 3484 3142 concubitum

1890 3161 2061 3231 patris
2098 3163 2373 3233 petierunt
2438 3162 2458 3238 (
2490 3182 2619 3220 vers.
2657 3167 2747 3231 51,
2778 3167 2849 3224 35
2880 3167 2939 3241 );
3018 3168 3097 3225 vel
3153 3172 3223 3227 ab
3278 3172 3488 3230 incestu

1896 3254 2117 3323 purgari
2170 3262 2417 3325 possunt,
2466 3256 2594 3313 dum
2640 3258 2747 3315 hoc
2785 3260 3020 3317 scientes
3065 3259 3347 3331 fecerunt;
3404 3264 3494 3319 ille

1896 3360 2025 3401 vero
2077 3342 2279 3419 [quasi]
2318 3346 2604 3404 nesciens?
2631 3379 2704 3389 —
2753 3348 2912 3423 Resp.
2958 3350 3185 3408 Videtur
3208 3351 3489 3427 [namque]

1896 3435 2035 3493 ﬁlias
2070 3437 2170 3494 Lot
2197 3439 2441 3509 quaedam
2482 3440 2733 3499 didicisse
2761 3442 2827 3499 de
2867 3444 3051 3500 saeculi
3099 3444 3230 3518 [Ηδ.
3280 3444 3491 3520 manu]

1895 3529 2384 3597 consummatione,
2443 3545 2564 3602 qua:
2612 3532 2921 3590 immineret
2975 3550 3074 3605 per
3124 3536 3347 3606 ignem:
3393 3536 3492 3594 sed

1896 3629 2153 3692 tanquam
2175 3621 2367 3693 puella;
2395 3637 2501 3678 non
2524 3623 2903 3695 intelligebant
2920 3626 3185 3698 perfecte,
3204 3643 3326 3700 qua:
3350 3628 3490 3684 didi;-

1893 3721 2102 3767 cerant.
2166 3710 2534 3786 [Nescieruut]
2582 3716 2725 3785 quoa
2753 3714 3101 3774 Sodomiticis
3139 3718 3264 3791 igne
3297 3727 3486 3778 vasta-

1892 3801 1965 3857 tis
2010 3801 2239 3857 mnltum
2280 3803 2457 3860 adhuc
2499 3805 2731 3875 spatium
2782 3807 3055 3880 integrum
3108 3808 3375 3866 resideret
3427 3810 3486 3869 in

1889 3892 2090 3948 mundo
2132 3894 2418 3964 suspicata
2462 3902 2610 3962 sunt,
2652 3895 2759 3952 tale
2806 3897 3011 3969 aliquid
3048 3896 3273 3966 factum,
3324 3900 3489 3972 quale

1889 3982 1945 4036 in
1994 3984 2329 4054 temporibus
2373 3983 2487 4041 Noe
2540 3987 2850 4057 audierant,
2903 3996 2960 4044 et
3009 3990 3079 4046 ob
3127 3992 3484 4063 reparandum

1888 4071 2199 4128 mortalium
2243 4076 2623 4145 posteritatem
2660 4078 2805 4134 solas
2837 4093 2896 4134 se
2934 4095 3055 4136 esse
3091 4095 3217 4137 cum
3257 4090 3487 4153 parente

1888 4172 2152 4219 servatas.
2202 4163 2578 4235 Becuperandi
2620 4167 2788 4239 igitur
2824 4168 3047 4225 humani
3084 4171 3299 4243 generis
3342 4172 3484 4229 desi-

1885 4254 2096 4311 derium
2147 4262 2388 4323 sumunt,
2430 4263 2594 4327 atque
2636 4257 2973 4315 instaurandi
3021 4260 3207 4317 saeculi
3249 4278 3317 4318 ex
3362 4277 3485 4321 sese

199 4359 350 4416 gnum
398 4358 732 4406 remaneret.
773 4351 964 4409 Nonne
1005 4357 1281 4427 provisum
1325 4367 1411 4414 est
1439 4361 1566 4429 illis,
1594 4378 1664 4419 ne
1691 4364 1785 4420 diu

1892 4345 2121 4402 dandum
2166 4345 2457 4418 opinantur
2503 4347 2805 4405 exordium.
2844 4348 2913 4406 Et
2959 4367 3267 4424 quanquam
3316 4369 3481 4427 grave

198 4433 438 4495 viventes
483 4440 725 4512 exempla
756 4456 1113 4515 sequerentur
1139 4457 1388 4518 patrum;
1417 4462 1473 4509 et
1516 4454 1685 4513 levius
1725 4458 1789 4514 in
1883 4436 1964 4492 eis
1990 4436 2195 4493 crimen
2222 4435 2516 4512 [νίάθῖηυτ]
2551 4438 2718 4496 furari
2756 4444 3103 4501 θοηευδίῖυω
3132 4446 3325 4517 Patris»
3352 4461 3477 4520 Bm‘

199 4520 366 4582 futuro
392 4529 733 4598 crucientur,
761 4533 845 4589 vel
873 4536 1093 4591 omnino
1122 4554 1251 4606 non,
1285 4540 1461 4597 aliena
1490 4559 1656 4600 causa
1684 4562 1779 4603 oc-
1810 4572 1863 4606 n
1882 4529 2011 4584 νίθτ
2033 4538 2213 4585 tamen
2251 4526 2332 4586 εἶθ
2375 4529 2625 4601 impietas
2666 4531 2968 4600 νίάεδθίυτν
3011 4534 3058 4591 εί
3106 4535 3377 4604 humani”:
3415 4545 3480 4596 ιιι

198 4616 307 4672 eisi,
334 4617 605 4681 parentes
645 4622 838 4700 {enim}
868 4637 976 4685 tam
1005 4647 1104 4702 pro
1144 4649 1203 4689 se
1240 4651 1403 4705 quam
1443 4653 1543 4708 pro
1585 4641 1670 4696 his
1699 4643 1779 4699 rei
1815 4616 1859 4634 ν
1882 4620 2162 4690 putabant,
2202 4621 2544 4691 posteritatis
2571 4636 2720 4697 spem
2771 4633 2985 4680 servata
3025 4628 3275 4684 castitate
3304 4629 3477 4686 deles-

199 4717 331 4764 sunt.
362 4712 514 4785 Ergo
544 4730 691 4772 mors
732 4716 962 4775 ﬁliorum
1001 4724 1210 4780 crimen
1253 4735 1339 4783 est
1378 4740 1682 4800 parentum,
1726 4744 1787 4790 et
1879 4720 2018 4768 seut.
2052 4710 2278 4782 Propter
2308 4712 2413 4769 hoc
2436 4728 2566 4787 ergo
2592 4714 2879 4770 consilium
2906 4715 3113 4783 ineunt,
3146 4720 3378 4787 minore,
3413 4729 3475 4777 ut

198 4798 308 4857 ideo
333 4802 508 4862 futuri
554 4817 684 4864 sunt
723 4822 1068 4873 accusatores
1103 4798 1406 4889 parentum.
1450 4824 1549 4879 Est
1591 4798 1779 4895 quale-

198 4905 398 4966 cunque
421 4897 749 4958 beneﬁcium
778 4919 931 4960 reum
952 4922 1059 4961 non
1087 4924 1228 4976 esse,
1252 4913 1341 4983 qui
1372 4913 1641 4986 gloriosus
1670 4933 1780 4973 non

194 4991 278 5039 est
304 5006 316 5040 :
345 4990 577 5058 prodest
603 4992 748 5048 enim
785 5010 1075 5068 pauperem
1106 5017 1211 5057 non
1242 5018 1383 5072 esse,
1416 5007 1507 5076 qui
1535 5023 1631 5063 rex
1658 5024 1779 5065 esse

198 5086 297 5139 “On
322 5088 524 5150 potest.

262 5167 425 5228 Inter.
451 5173 571 5229 184.
601 5174 871 5243 Quaeritur
915 5195 1083 5250 quare
1108 5179 1213 5239 Lot
1255 5201 1378 5243 cum
1409 5189 1594 5261 jussus
1637 5200 1781 5248 esset

196 5255 260 5311 ad
283 5271 523 5319 montem
555 5262 761 5337 fugere,
790 5265 963 5341 Segor
1006 5275 1323 5345 praetulerit,
1355 5255 1428 5334 ut
1441 5281 1511 5336 ibi
1541 5282 1779 5338 salvare-

199 5353 310 5415 tur;
340 5361 397 5407 et
422 5370 638 5411 rursum
663 5359 727 5413 de
758 5356 930 5431 Segor
951 5361 1017 5415 ad
1047 5374 1287 5422 montem
1311 5370 1597 5440 migrasset
1622 5371 1774 5444 (Cen.

197 5448 309 5504 xix,
328 5441 461 5515 ‘20)?
482 5476 552 5485 —
574 5444 731 5517 Resp.
759 5446 1006 5505 Tradunt
1032 5450 1241 5511 Hebraei
1273 5460 1415 5528 quod
1453 5441 1640 5531 Segor
1665 5463 1776 5518 fre-

196 5542 420 5625 quenter
446 5546 603 5593 terrm
627 5549 777 5596 motu
805 5542 1054 5610 subruta,
1078 5542 1206 5602 Bale
1231 5550 1484 5618 primum,
1510 5562 1567 5608 et
1588 5565 1777 5625 postea

199 5618 395 5682 Salissa
445 5631 708 5701 appellata
760 5635 863 5702 sit,
912 5635 1258 5710 timueritque
1302 5640 1404 5696 Lot
1454 5618 1636 5702 dicens
1668 5668 1679 5702 :
1717 5650 1776 5705 Si

197 5730 313 5774 cum
351 5730 559 5781 caetera:
607 5727 782 5783 adhuc
826 5728 991 5785 urbes
1032 5740 1261 5802 starent,
1306 5735 1411 5791 ista
1462 5754 1602 5811 saepe
1646 5743 1775 5799 sub--

196 5818 350 5866 versa
391 5822 497 5886 est,
537 5827 739 5892 quanto
776 5822 953 5896 magis
1003 5839 1152 5884 nunc
1200 5826 1255 5885 in
1299 5832 1589 5908 communi.
1618 5836 1776 5894 ruina

1878 4803 2135 4868 arbitror,
2184 4803 2340 4874 culpa
2380 4802 2496 4875 [spe
2530 4804 2735 4877 tamen]
2786 4815 3215 4880 argumentoque
3245 4810 3469 4880 majore,

1876 4894 2050 4966 patris
2077 4896 2391 4951 maestitiam
2419 4896 2509 4951 vel
2534 4896 2769 4965 rigorem
2789 4899 2919 4955 vino
2946 4900 3196 4958 molliunt
3223 4911 3280 4960 et
3302 4905 3475 4960 resol»

1877 4994 2048 5043 vunt:
2080 4986 2307 5057 singulis
2327 4986 2585 5057 ingressa
2613 4987 2884 5056 noctibus,
2917 4991 3141 5062 singulae
3168 4993 3477 5066 suscipiun‘

1877 5078 1945 5135 ab
1986 5078 2266 5151 ignorante
2313 5086 2673 5149 conceptum;
2708 5079 2848 5135 ultra
2895 5096 3003 5137 non
3045 5091 3318 5154 repetunt,
3371 5098 3474 5141 nec

1876 5173 2178 5243 requirunt.
2227 5170 2331 5227 Ubi
2369 5171 2499 5227 hinc
2526 5170 2768 5230 libidinis
2807 5174 2985 5246 culpa,
3014 5175 3088 5232 ibi
3127 5177 3316 5233 incesti
3363 5178 3474 5232 cri-

1875 5277 1999 5317 men
2038 5261 2322 5331 arguitur;
2352 5263 2621 5332 quomodo
2661 5261 2881 5322 dabitur
2913 5267 2971 5323 in
3006 5267 3154 5336 vitio,
3188 5269 3329 5341 quod
3366 5284 3473 5325 non

1877 5354 2104 5410 iteratur
2134 5356 2187 5409 in
2217 5354 2406 5412 facto?

1946 5467 2112 5522 Inter.
2134 5468 2254 5523 190.
2280 5468 2336 5525 Si
2363 5469 2465 5526 Lot
2487 5469 2687 5545 [quasi]
2711 5472 2949 5532 incestus
2970 5471 3107 5548 [Al.,
3127 5475 3390 5552 incertus]
3413 5477 3475 5537 in

1875 5561 1978 5616 hoc
2016 5561 2155 5617 facto
2189 5562 2485 5633 culpandus
2524 5574 2629 5632 est,
2664 5582 2734 5622 an
2771 5583 2879 5623 non
2900 5568 2925 5622 ?
2948 5598 3021 5610 ——
3047 5568 3205 5644 Resp.
3239 5571 3470 5646 Culpan—

1876 5654 1976 5709 dns
2012 5662 2094 5708 est
2137 5654 2352 5723 quidem
2386 5655 2438 5709 in
2479 5656 2579 5713 hoc
2607 5656 2752 5713 facto
2777 5658 2901 5727 Lot,
2939 5664 3203 5731 quantum
3234 5664 3469 5723 ebrieta-

1879 5746 1947 5801 tis
1986 5746 2139 5820 [LiIs.,
2171 5746 2432 5819 ebrietas]
2467 5746 2771 5818 ignorantia
2798 5752 3218 5809 moretum-Nam
3244 5762 3301 5810 et
3324 5756 3472 5814 hanc

1877 5840 2214 5897 lca-aeterna
2263 5839 2607 5913 condemnat,
2654 5857 2779 5918 quae
2801 5844 2991 5905 cibum
3034 5855 3091 5906 et
3117 5854 3325 5925 patum.
3356 5864 3468 5911 mn
