4062 6434
605 456 709 519 545

1450 461 1509 519 Β.
1550 459 1612 519 F.
1651 462 1877 521 ALBINI
1914 463 2046 522 SEU
2082 464 2358 525 ALCUINI
2393 467 2678 530 OPERUM
2714 472 2893 530 PARS
2929 472 2993 530 ll.

3723 485 3834 544 5“

602 573 706 629 nisi
745 571 814 627 ad
850 572 1073 629 salutem
1115 574 1356 644 corporis
1391 589 1603 630 sumere
1639 577 1875 632 mandat.
1927 579 1994 632 Et
2036 579 2163 634 hinc
2188 585 2236 641 A
2262 611 2332 621 ——
2359 582 2514 655 Resp.
2558 587 2702 641 Inter
2738 589 2990 645 Hebraeos
3035 589 3256 666 [autem]
3287 594 3438 650 varia
3480 597 3664 667 opinio
3702 615 3791 660 est
3807 609 3829 674 ς

602 667 911 737 diligentius
931 667 1310 723 intendendum
1348 667 1450 731 est,
1491 676 1750 737 quantum
1788 669 1859 723 sit
1886 670 2164 725 ebrietatis

595 760 834 826 malum;
885 770 939 815 et
988 759 1140 814 valde
1180 759 1473 812 timendum
1523 768 1603 814 est
1660 760 1779 825 illis,
1821 762 2014 830 quibus
2064 763 2165 816 hoc

597 853 797 908 malum
822 853 876 906 in
904 868 1004 908 usu
1038 862 1138 907 est.
1179 852 1313 907 Nam
1344 853 1398 907 in
1425 853 1652 908 crimine
1686 855 1919 909 ebrietas
1947 850 2159 924 decipit,

593 960 753 1014 quem
778 943 1008 999 Sodoma
1047 960 1152 999 non
1192 944 1418 1014 decepit.
1453 944 1638 1000 Uritur
1668 944 1753 999 ille
1783 945 1993 1000 ﬂamma
2041 961 2161 1000 mu-

590 1032 802 1103 lierum,
854 1049 1013 1104 quem
1059 1032 1272 1088 ﬂamma
1320 1035 1606 1103 sulphurea
1650 1051 1756 1089 non
1815 1035 1968 1089 ussit.
2033 1035 2162 1088 Erat

589 1142 718 1197 ergo
749 1127 851 1180 Lot
875 1135 1013 1192 arte,
1043 1142 1149 1181 non
1171 1127 1443 1181 voluntate
1481 1127 1733 1197 deceptus
1758 1145 1773 1193 ;
1805 1128 1924 1182 ideo
1950 1128 2160 1182 medius

587 1217 802 1288 quidam
859 1215 1010 1288 [Ms.,
1060 1215 1297 1288 quidem]
1331 1217 1472 1270 inter
1517 1227 1827 1287 peccatores
1849 1227 1905 1272 et
1941 1217 2156 1286 justos:

590 1310 787 1380 quippe
839 1310 930 1379 qui
970 1326 1035 1366 ex
1066 1309 1294 1364 Abraha:
1325 1312 1641 1380 cognatione
1668 1310 1820 1382 [Ms.,
1852 1311 2040 1383 stirpe]
2067 1311 2158 1366 de-

587 1403 891 1468 scenderat,
942 1402 996 1456 in
1036 1403 1283 1458 Sodomis
1320 1412 1499 1458 tamen
1547 1404 1886 1458 habitaverit.
1927 1403 2056 1457 Nam
2103 1413 2157 1458 et

582 1493 686 1548 hoc
711 1493 853 1562 quod
882 1495 1060 1548 evadit
1085 1509 1116 1548 e
1147 1493 1414 1558 Sodomis,
1443 1495 1580 1548 sicut
1622 1493 1896 1562 Scriptura
1933 1494 2152 1560 indicat,

580 1583 753 1654 magis
777 1584 846 1637 ad
873 1584 1129 1638 honorem
1157 1584 1408 1650 Abrahae,
1438 1600 1600 1654 quam
1625 1584 1691 1638 ad
1717 1585 1968 1638 meritum
1989 1585 2155 1653 perti-

579 1674 816 1822 neirltlg:
895 1765 1019 1821 191.
1055 1763 1234 1832 Quare
1279 1764 1467 1820 diebus
1495 1763 1607 1818 Noe
1649 1771 1933 1833 peccatum
1966 1762 2151 1817 mundi

578 1876 717 1931 aqua
734 1860 1032 1926 ulciscitur,
1055 1862 1156 1915 hoc
1175 1876 1306 1915 vero
1334 1860 1730 1914 Sodomitarum
1754 1861 1874 1929 igne
1894 1860 2150 1929 punitur?

2261 678 2626 734 asserentibus
2676 680 2797 735 aliis
2823 683 3008 751 quinto
3056 682 3207 756 [Ms.,
3258 689 3472 762 quarto]
3499 697 3832 762 anno;aliis

2261 766 2576 824 duodecimo
2607 771 2981 829 ablactationis
3010 783 3217 845 tempus
3237 779 3469 849 impleri.

2330 856 2496 911 Inter.
2529 859 2649 916 198.
2690 861 2746 915 Si
2796 865 3052 919 tredecim
3085 865 3212 938 [Al.,
3253 875 3688 951 quatuordecim]
3733 897 3829 937 an-

2260 963 2450 1003 norum
2495 959 2612 1004 erat
2655 952 2842 1008 lsmael
2868 959 3082 1024 quando
3106 967 3266 1016 natus
3303 971 3385 1018 est
3439 965 3607 1034 Isaac,
3645 970 3832 1039 adjun-

2259 1038 2468 1108 ctisque
2502 1044 2643 1096 aetati
2671 1041 2822 1114 [Ms.,
2862 1047 2962 1102 hac
3004 1049 3182 1122 aetate]
3224 1053 3606 1114 ablactationis
3651 1065 3829 1134 annis,

2257 1131 2524 1198 quomodo
2557 1137 2804 1190 convenit
2833 1145 2991 1193 tanta:
3011 1143 3185 1197 aetatis
3223 1144 3614 1204 adolescentem
3641 1131 3830 1210 matris

2257 1222 2458 1276 sedisse
2497 1224 2548 1277 in
2593 1227 2914 1295 cervicibus,
2960 1232 3085 1285 dum
3132 1234 3623 1310 dicitur:Sumpsit
3665 1245 3833 1301 Abra-

2255 1311 2376 1364 ham
2404 1331 2561 1382 panes
2583 1326 2628 1368 et
2661 1328 2823 1371 utrem
2853 1337 3002 1391 aqua:
3033 1333 3079 1375 et
3111 1324 3249 1378 dedit
3272 1327 3434 1395 Agar,
3454 1345 3654 1398 ponens
3679 1351 3832 1406 super

2255 1401 2525 1457 humerum
2547 1407 2660 1476 ejus
2687 1418 2733 1461 et
2753 1411 3046 1478 parvulum,
3090 1423 3136 1467 et
3166 1416 3362 1472 dimisit
3395 1438 3508 1475 eam
3533 1423 3690 1495 (Gen.
3715 1401 3829 1494 in,

2258 1492 2650 1567 14)?—Resp.
2693 1498 3101 1576 Omnis[igitur]
3125 1506 3264 1562 [ilius
3301 1492 3593 1568 secundum
3631 1492 3830 1572 idioma

2254 1580 2446 1652 lingua:
2466 1583 2833 1654 Hebraeorum,
2850 1593 2916 1646 ad
2942 1608 3127 1662 compa
3137 1597 3395 1653 rationem
3416 1612 3728 1670 parentum.
3752 1606 3828 1661 in-

2253 1668 2373 1726 fans
2420 1683 2641 1729 vocatur
2688 1686 2744 1732 et
2787 1683 3061 1748 parvulus.
3119 1685 3184 1738 Et
3228 1697 3308 1742 est
3361 1668 3587 1748 sensus:
3644 1694 3830 1753 Posuit

2251 1759 2521 1816 Abraham
2565 1781 2730 1833 panes
2751 1776 2805 1821 et
2844 1780 3016 1826 utrem
3042 1789 3200 1842 super
3231 1778 3515 1835 humerum
3562 1783 3736 1855 Agar,
3775 1793 3829 1842 et

2252 1851 2354 1906 hoc
2396 1852 2538 1908 facto
2574 1857 2716 1911 dedit
2755 1874 2979 1928 puerum
3030 1866 3212 1930 matri,
3260 1869 3360 1923 hoc
3397 1880 3506 1937 est,
3560 1851 3639 1929 iui
3665 1893 3827 1934 manu

576 1980 647 1990 —
686 1949 839 2022 Resp.
881 1950 1014 2017 Quia
1057 1951 1186 2005 illud
1216 1951 1463 2005 naturale
1497 1951 1732 2006 libidinis
1767 1966 1889 2005 cum
1936 1950 2151 2006 feminis
2182 1935 2226 1994 Β
2255 1942 2370 2010 eius
2413 1962 2535 1999 cum
2583 1949 2825 2014 ll‘adidil.
2877 1957 3286 2023 CommendaVit,
3343 1968 3398 2014 et
3449 1935 3524 2016 ita
3577 1967 3767 2021 emisit
3797 1983 3829 2024 e

577 2051 854 2113 peccatum
915 2042 1064 2110 quasi
1125 2042 1310 2096 leviori
1359 2042 1624 2096 elemento
1684 2042 2007 2096 damnatur:
2051 2044 2152 2098 hoc

578 2149 704 2188 vero
729 2141 914 2188 contra
944 2142 1190 2186 naturam
1221 2131 1456 2187 libidinis
1497 2141 1777 2202 peccatum
1826 2148 1948 2187 cum
1996 2134 2148 2199 viris,

574 2224 800 2280 acrioris
837 2224 1087 2278 elementi
1124 2225 1425 2277 vindicatur
1465 2223 1715 2279 incendio
1741 2238 1754 2276 :
1783 2231 1838 2278 et
1869 2223 1977 2278 illic
2008 2232 2149 2278 terra

574 2315 726 2384 aquis
750 2315 931 2370 abluta
957 2314 1272 2379 revirescit;
1315 2314 1403 2368 hic
1428 2312 1657 2368 ﬂammis
1686 2322 1925 2368 cremata
1950 2322 2150 2372 mterna

572 2405 852 2461 sterilitate
881 2407 1094 2460 arescit.

639 2493 807 2550 Inter.
854 2495 975 2550 192.
1016 2494 1125 2549 Cur
1150 2494 1422 2550 Abraham
1465 2491 1682 2549 Sarram
1718 2509 1939 2549 uxorem
1970 2511 2147 2562 suam,

571 2575 813 2644 sororem
861 2603 1014 2642 suam
1058 2587 1293 2642 secundo
1333 2602 1452 2641 esse
1475 2587 1608 2641 dixit
1648 2585 1799 2654 (Gen.
1837 2603 1928 2652 xx,
1951 2585 2050 2657 2)?
2081 2618 2153 2627 —

574 2675 726 2750 Resp.
770 2678 905 2746 Quia
949 2694 1016 2734 ex
1053 2678 1218 2747 priori
1257 2677 1553 2733 Pharaonis
1593 2678 1932 2748 correptione
1970 2689 2151 2734 certus

570 2776 685 2822 erat
723 2769 787 2824 de
834 2769 928 2824 Dei
990 2768 1320 2832 defensione,
1366 2769 1506 2838 quod
1549 2769 1741 2823 violari
1786 2785 1890 2824 non
1937 2769 2147 2839 potuit;

570 2869 804 2916 Incertus
852 2863 918 2916 de
962 2879 1058 2918 sua
1102 2863 1209 2918 vita
1243 2904 1258 2930 ,
1302 2878 1369 2916 an
1397 2863 1608 2918 illorum
1649 2864 1904 2919 evaderet
1939 2881 2146 2921 manus.

570 2948 634 3002 Et
670 2951 912 3006 miranda
955 2961 1038 3007 est
1064 2951 1212 3008 Sarus
1252 2953 1666 3023 pulchritudinis
1700 2954 1892 3020 forma,
1929 2972 2048 3026 qua:
2095 2957 2149 3012 in

570 3047 717 3094 tanta
747 3049 902 3097 aetate
934 3050 1140 3096 tantum
1184 3044 1352 3097 amari
1402 3043 1575 3113 potuit
1603 3043 1756 3115 [Ms.,
1786 3046 2042 3119 poterat],
2090 3055 2148 3100 ut

567 3127 649 3183 vir
687 3144 814 3186 suus
850 3139 1071 3202 propter
1108 3130 1222 3202 ejus
1240 3131 1706 3204 pulchritudinem
1750 3137 2147 3206 sepericlitari

569 3225 854 3274 metueret.

2254 2036 2431 2090 domo.
2469 2036 2618 2104 Quod
2642 2039 2694 2093 in
2719 2044 3063 2109 sequentibus
3084 2046 3410 2116 declaratur,
3442 2053 3569 2106 dum
3597 2055 3826 2112 dicitur:

2253 2125 2441 2194 Surge,
2493 2127 2613 2182 tolle
2659 2147 2900 2199 puerum,
2948 2144 2996 2187 et
3027 2146 3140 2190 tene
3169 2155 3380 2193 manum
3416 2142 3531 2212 ejus
3555 2144 3728 2214 (Ibid.
3779 2165 3824 2202 υ.

2250 2214 2338 2286 18)
2370 2233 2383 2280 ;
2417 2233 2520 2271 non
2549 2227 2606 2272 ut
2646 2235 2769 2274 eum
2789 2221 2856 2276 de
2896 2232 3037 2278 terra
3068 2224 3254 2300 [velut]
3277 2229 3547 2298 jacentem
3594 2235 3822 2302 tolleret,

2250 2309 2343 2363 sed
2370 2311 2521 2378 quasi
2551 2313 2799 2368 comitem
2835 2331 2995 2370 manu
3027 2325 3248 2374 teneret.
3275 2320 3426 2387 Quod
3454 2331 3638 2380 autem
3666 2343 3826 2383 manu

2250 2403 2490 2469 parentis
2529 2413 2763 2472 tenetur,
2788 2409 3050 2464 sollicitus
3079 2423 3410 2469 monstratur
3435 2415 3683 2478 affectus.

2321 2493 2488 2549 Inter.
2534 2498 2655 2553 199.
2708 2498 2846 2566 Quid
2891 2506 3146 2572 estquod
3189 2507 3406 2575 dicitur,
3454 2520 3688 2568 matrem
3736 2512 3827 2570 ﬂe-

2249 2586 2412 2654 visse,
2458 2597 2512 2644 et
2553 2591 2722 2646 Deum
2760 2609 2950 2650 vocem
3001 2600 3156 2666 pueri
3210 2603 3494 2659 exaudisse
3546 2605 3720 2676 (Ibid.
3777 2626 3824 2664 υ.

2251 2679 2494 2754 16,17)?
2543 2715 2612 2724 —
2639 2684 2796 2757 Resp.
2831 2687 3012 2762 [Quia]
3042 2702 3216 2748 mater
3239 2710 3346 2750 non
3375 2711 3527 2752 suam
3565 2708 3824 2769 mortem,

2249 2773 2342 2826 sed
2395 2772 2487 2827 filii
2519 2775 2851 2845 deplorabat,
2904 2785 3253 2854 pepercitque
3299 2787 3442 2842 Deus
3480 2804 3676 2859 puero,
3729 2806 3825 2863 pro

2249 2879 2354 2934 quo
2377 2863 2532 2921 ﬂetus
2557 2869 2749 2924 matris
2775 2879 2893 2926 erat
2925 2871 3079 2944 [Ms.,
3104 2874 3324 2950 fuerat].

2317 2957 2482 3013 Inter.
2512 2959 2634 3015 200.
2661 2962 2937 3029 Quomodo
2963 2967 3030 3021 ad
3050 2975 3265 3036 puteum
3284 2969 3580 3038 juramenti
3629 2991 3823 3046 agrum

2247 3047 2581 3117 plantaverat
2604 3053 2873 3109 Abraham
2911 3055 3099 3126 (Ibid.,
3141 3075 3188 3112 υ.
3222 3061 3290 3116 29
3311 3062 3462 3133 seq.),
3506 3065 3554 3119 si
3590 3065 3648 3120 in
3678 3075 3824 3122 terra

2245 3139 2354 3206 illa,
2387 3143 2838 3211 quemadmodum
2876 3144 3178 3215 Stephanus
3203 3151 3279 3204 ait
3320 3152 3375 3206 in
3395 3153 3545 3208 Actis
3573 3157 3696 3225 (vn,
3724 3157 3780 3228 5)
3805 3175 3819 3212 :

2245 3231 2361 3288 Non
2427 3245 2710 3305 acceperat
2763 3237 3130 3295 hzereditatem
3183 3257 3283 3297 nec
3334 3246 3564 3314 spatium
3630 3249 3826 3317 pedis?

638 3306 800 3379 325
822 3308 985 3364 Inter.
1002 3306 1122 3367 195.
1147 3311 1255 3367 Cur
1269 3312 1404 3367 dixit
1419 3314 1560 3368 Deus
1581 3315 1648 3370 ad
1669 3315 2014 3406 Abimelech:
2044 3317 2142 3372 Pe-
2166 3291 2214 3358 C
2241 3355 2312 3363 —
2348 3323 2503 3396 Resp.
2536 3291 2613 3381 te.
2655 3336 2738 3382 est
2766 3291 3818 3406 ίηιειιίεεηὰῖιιὲἓέάίξξᾜιῖᾆωτῖεῖέ

568 3399 707 3468 perci
727 3398 834 3462 tibi,
864 3409 918 3452 ut
935 3419 1035 3455 non
1059 3419 1295 3473 peccares
1319 3405 1375 3457 in
1395 3421 1477 3459 me
1504 3403 1657 3477 (Gen.
1674 3421 1767 3471 xx,
1783 3405 1835 3477 6)
1855 3407 1960 3460 ?——-
1981 3406 2136 3478 Resp.

570 3483 641 3540 Ut
665 3485 1054 3557 adverteretur,
1084 3493 1137 3546 in
1163 3492 1330 3548 Deum
1352 3496 1585 3564 peccari,
1613 3497 1826 3565 quando
1853 3498 1978 3551 talia
1994 3513 2139 3552 com-

566 3577 871 3648 mittuntur,
925 3600 1043 3653 quae
1100 3595 1289 3656 putent
1333 3589 1580 3645 homines
1632 3591 1824 3647 leviter
1870 3593 2136 3659 habenda,

568 3673 822 3736 tanquam
849 3671 903 3725 in
933 3688 1096 3730 carne
1121 3685 1362 3744 peccata.

639 3756 806 3814 Inter.
853 3763 973 3818 191.
1016 3765 1126 3820 Cur
1170 3782 1275 3821 non
1325 3767 1496 3840 [mox]
1528 3769 1841 3826 Abimelech
1892 3783 2140 3831 mortuus

567 3855 674 3914 est,
729 3851 852 3907 dum
920 3855 1054 3911 dixit
1106 3858 1156 3910 ei
1202 3857 1382 3912 Deus:
1415 3858 1550 3911 Ecce
1579 3868 1634 3912 tu
1684 3861 1922 3915 morieris
1971 3863 2134 3934 (Ibid.

564 3956 613 3996 υ.
642 3941 839 4013 5)?—
866 3944 1045 4016 Resp.
1093 3946 1290 4016 Utique
1334 3948 1475 4002 Deus
1518 3951 1783 4018 praedixit,
1832 3954 1976 4022 quod
2021 3954 2137 4010 sine

563 4030 726 4088 dubio
757 4032 994 4089 futurum
1022 4035 1231 4100 fuisset,
1258 4036 1304 4090 si
1329 4037 1382 4090 in
1414 4038 1515 4093 hac
1549 4040 1930 4108 admonitione,
1960 4059 1988 4098 a
2014 4059 2138 4113 pec-

561 4131 684 4181 cato
720 4127 1055 4191 abstinendo,
1085 4143 1191 4182 non
1220 4140 1526 4185 caveretur.

2240 3415 2415 3471 fuerat
2452 3435 2674 3474 munere
2712 3435 2809 3475 suo
2845 3422 3080 3492 gratuito
3121 3424 3365 3494 daturus,
3399 3443 3504 3484 non
3552 3431 3658 3485 ista
3703 3448 3823 3501 qua

2238 3508 2413 3576 pretio
2466 3517 2644 3578 empta
2682 3520 2782 3565 est.
2827 3511 3145 3585 lntelligitur
3186 3526 3366 3572 autem
3409 3521 3642 3589 spatium
3675 3525 3822 3581 circa

2239 3605 2456 3666 puteum
2493 3600 2560 3654 ad
2585 3599 2715 3655 illud
2750 3603 3039 3672 emptionis
3063 3614 3279 3676 pactum
3297 3610 3587 3676 pertinere,
3635 3612 3690 3667 in
3714 3629 3823 3683 quo

2236 3683 2452 3741 fuerant
2497 3705 2646 3758 agna:
2693 3701 2896 3760 septem
2942 3694 3100 3761 dauc,
3141 3698 3357 3765 quando
3405 3697 3719 3759 Abimelech
3769 3713 3821 3760 et

2235 3773 2504 3832 Abraham
2535 3780 2636 3835 sibi
2675 3781 2882 3856 [etiam]
2906 3783 3244 3853 juraverunt.

2307 3866 2472 3924 Inter.
2517 3871 2640 3925 201.
2691 3873 2829 3940 Quid
2884 3877 3053 3932 illud:
3088 3877 3318 3935 Tentavit
3361 3880 3500 3938 Deus
3548 3883 3818 3943 Abraham

2239 3955 2390 4029 (Gen.
2419 3977 2554 4026 xxn,
2574 3961 2661 4033 1)?
2695 3962 2761 4018 Et
2791 3963 3023 4022 Iacobus
3057 3969 3333 4037 apostolus
3360 3970 3532 4027 dicit:
3563 3973 3702 4029 Deus
3728 3993 3822 4032 ne-

2234 4049 2425 4102 minem
2445 4061 2605 4105 tentat
2637 4053 2775 4124 (Jac.
2807 4057 2965 4128 1,15).
2995 4057 3272 4124 Quomodo
3302 4070 3591 4133 utrumque
3616 4067 3813 4122 intelli-

2239 4140 2468 4208 gendum
2505 4143 2635 4197 est?
2665 4175 2737 4183 —
2772 4144 2926 4217 Resp.
2958 4148 3175 4205 Duobus
3205 4149 3393 4224 [enim]
3429 4155 3604 4211 modis
3634 4164 3813 4212 tenta-

631 4235 798 4292 Inter.
846 4237 965 4292 195.
1025 4238 1202 4305 Quare
1253 4240 1526 4296 Abraham
1562 4243 1615 4297 in
1645 4243 1732 4299 die
1759 4243 2137 4302 ablactationis

2244 4230 2309 4286 tio
2360 4234 2413 4287 in
2464 4233 2756 4304 Scripturis
2800 4237 2937 4294 solet
2982 4240 3225 4313 intelligi.
3277 4245 3394 4302 Una
3440 4256 3524 4304 est
3553 4265 3674 4320 quae
3713 4266 3813 4322 per

559 4324 730 4391 Isaac,
785 4335 840 4380 et
873 4341 977 4380 non
1025 4328 1078 4382 in
1122 4330 1208 4384 die
1253 4333 1551 4386 nativitatis
1580 4333 1663 4387 vel
1709 4336 2136 4393 circumcisionis

2244 4323 2403 4380 Deum
2435 4327 2493 4380 ﬁt
2519 4329 2852 4398 probationis
2881 4347 3063 4399 causa,
3101 4345 3161 4388 ut
3187 4333 3520 4404 justiﬂcetur
3549 4343 3712 4398 homo
3757 4349 3815 4398 et

559 4415 688 4473 fecit
717 4417 1020 4473 convivium
1048 4423 1250 4490 grande
1277 4420 1428 4494 (Gen.
1456 4423 1636 4498 xxr,8)
1659 4425 1939 4499 ?—Resp.
1966 4429 2136 4500 Pmp-
2235 4428 2556 4486 coronetur;
2583 4420 2648 4474 de
2689 4435 2792 4490 qua
2841 4431 2895 4477 et
2945 4424 3177 4480 dicitur:
3205 4427 3384 4485 Tentat
3415 4449 3501 4487 vos
3545 4432 3808 4490 Dominus

560 4518 645 4564 ter
674 4511 1118 4579 signiﬁcationem
1150 4515 1480 4584 spiritualem
1510 4536 1522 4570 :
1567 4526 1693 4574 tunc
1719 4520 1860 4574 enim
1881 4521 2134 4590 gaudium

2244 4506 2375 4561 Deus
2403 4520 2585 4576 vester,
2642 4519 2697 4564 ut
2727 4513 2859 4566 sciat
2912 4515 2958 4568 si
2985 4515 3218 4588 diligatis
3243 4537 3360 4574 eum
3387 4521 3564 4592 (Deut.
3589 4540 3711 4590 xm,
3731 4526 3811 4598 ὅ),

559 4601 864 4659 habendum
895 4614 977 4661 est
997 4606 1063 4662 de
1092 4624 1199 4663 uno
1234 4610 1350 4665 viro
1380 4611 1665 4680 spirituali,
1703 4615 1918 4683 quando
1960 4617 2136 4686 solido
2162 4690 2165 4700 1

2244 4599 2337 4655 hoc
2364 4608 2463 4664 est,
2493 4609 2552 4656 ut
2577 4602 2716 4658 scire
2744 4619 2838 4659 vos
2867 4604 3048 4661 faciat.
3078 4606 3196 4663 Alia
3219 4619 3321 4677 est,
3349 4611 3415 4666 de
3440 4629 3547 4683 qua
3573 4612 3811 4672 Jacobus

557 4695 804 4752 veritatis
838 4699 976 4762 cibo,
1021 4699 1119 4774 [et]
1169 4718 1274 4758 non
1315 4703 1453 4758 lacte
1503 4704 1736 4761 carnalis
1768 4692 2165 4778 intelligentiae

2244 4692 2367 4747 dicit
2392 4708 2406 4747 :
2433 4693 2573 4748 Deus
2618 4697 2873 4751 neminem
2902 4709 3067 4754 tentat
3093 4700 3297 4772 (Iacob.
3330 4720 3372 4769 ι,
3398 4704 3485 4776 13)
3509 4723 3524 4766 ;
3554 4722 3660 4777 qua
3682 4722 3813 4777 pec-

559 4785 817 4854 pascitur.

631 4875 796 4932 Inter.
830 4879 951 4934 196.
976 4881 1053 4936 De
1076 4896 1182 4950 quo
1207 4884 1335 4939 ludo
1359 4886 1537 4955 arguit
1563 4885 1723 4940 Sarra
1748 4885 1940 4943 lsmael
1960 4888 2130 4945 lilium

557 4968 701 5040 Agar
741 4971 903 5044 (Ibid.
935 4991 981 5028 υ.
1011 4974 1063 5039 9,
1100 4976 1229 5046 10)?
1265 5008 1336 5018 —
1381 4977 1536 5050 Resp.
1580 4979 1874 5050 Dupliciter
1899 4981 2129 5058 [itaque]

556 5063 658 5118 hoc
693 5065 758 5118 ab
793 5063 1033 5121 Hebrzeis
1075 5068 1395 5137 exponitur;
1432 5072 1544 5125 sive
1588 5073 1731 5141 quod
1772 5073 2129 5144 idolothytum

556 5150 782 5219 fecerit;
807 5152 961 5222 juxta
991 5156 1120 5211 illud
1147 5156 1310 5228 [quod
1348 5157 1476 5212 alibi
1517 5161 1776 5230 scriptum
1809 5161 1913 5234 est]
1940 5180 1953 5216 :
1981 5162 2129 5217 Sedit

553 5243 774 5314 populus
813 5247 1130 5301 manducare
1175 5258 1222 5301 et
1265 5248 1433 5303 bibere
1477 5261 1524 5303 et
1567 5264 1904 5307 surrexerunt
1951 5253 2130 5310 ludere

556 5333 749 5405 (Exod.
781 5354 951 5403 xxxn,
978 5338 1032 5409 6)
1058 5357 1072 5405 ;
1126 5339 1239 5394 sive
1274 5339 1417 5410 quod
1446 5340 1727 5398 adversum
1759 5343 1930 5410 Isaac,
1973 5347 2128 5416 quasi

555 5428 777 5497 majoris
817 5431 1015 5495 aetatis,
1059 5429 1185 5499 joco
1222 5432 1324 5486 sibi
1355 5441 1409 5487 et
1445 5433 1568 5489 ludo
1613 5435 1968 5506 primogenita
2005 5439 2127 5492 vin-

557 5522 760 5579 dicaret
788 5541 802 5578 :
830 5526 972 5594 quod
1017 5523 1213 5596 [Edit.,
1272 5527 1507 5599 quando]
1561 5530 1778 5597 quidem
1830 5529 1992 5586 Sarra
2032 5549 2127 5586 au-

552 5615 705 5672 diens
739 5633 844 5672 non
875 5619 1018 5672 tulit.
1053 5618 1118 5672 Et
1161 5620 1262 5674 hoc
1316 5635 1382 5674 ex
1434 5620 1602 5690 ipsius
1639 5621 1968 5691 approbatur
2012 5639 2128 5678 ser-

558 5724 717 5782 mone
734 5709 984 5781 [dioentis
1007 5709 1078 5782 ei]
1098 5729 1108 5764 :
1132 5710 1278 5781 Ejice
1299 5711 1542 5766 ancillam
1562 5713 1696 5766 hanc
1724 5728 1841 5765 cum
1862 5712 1972 5781 ﬁlio
1995 5730 2090 5769 suo
2104 5733 2124 5781 ,°

555 5815 660 5855 non
681 5801 818 5854 enim
837 5803 933 5855 erit
954 5803 1118 5857 hteres
1139 5802 1282 5874 ﬁlius
1305 5802 1510 5857 ancilla:
1530 5819 1646 5856 cum
1673 5801 1781 5859 ﬁlio
1809 5819 1922 5857 meo
1943 5803 2120 5861 Isaac.

626 5886 795 5950 Inter.
827 5891 950 5953 197.
982 5892 1113 5954 Post
1141 5901 1275 5967 quot
1310 5908 1479 5954 annos
1502 5907 1639 5966 puer
1659 5893 1921 5953 ablactari
1945 5895 2124 5957 solet?

2236 4791 2354 4839 cato
2405 4785 2758 4855 implicamur.
2800 4789 2876 4843 De
2916 4791 3004 4845 illa
3030 4792 3315 4860 Apostolus
3365 4795 3535 4851 dicit:
3566 4796 3651 4851 Ne
3675 4797 3812 4867 forte

2235 4879 2503 4933 tentaverit
2558 4895 2641 4932 vos
2686 4880 2730 4932 is
2769 4882 2858 4950 qui
2898 4892 3058 4936 tentat
3095 4884 3149 4955 (I
3185 4885 3363 4942 Thess.
3416 4905 3498 4954 tu,
3527 4887 3604 4960 5).
3641 4890 3812 4960 Igitur

2233 4971 2503 5026 Abraham
2539 4986 2569 5024 a
2607 4971 2716 5026 Deo
2749 4980 2983 5031 tentatus
3010 4987 3113 5044 est,
3145 4987 3204 5032 ut
3233 4981 3574 5048 probaretur,
3607 4980 3809 5051 justifi-

2233 5072 2465 5126 caretur,
2506 5076 2874 5134 coronaretur,
2907 5077 2961 5122 et
2985 5077 3043 5123 ut
3084 5069 3200 5139 ejus
3227 5071 3532 5127 obedientia
3558 5073 3654 5129 tali
3687 5089 3811 5145 pro-

2232 5155 2355 5211 bata
2377 5158 2623 5212 examine
2650 5160 2877 5229 posteris
2903 5159 3281 5217 innotesceret.

2301 5247 2466 5301 Inter.
2513 5249 2636 5302 202.
2667 5250 2738 5304 De
2785 5265 2891 5318 quo
2941 5249 3076 5304 dixit
3105 5248 3290 5325 [Deus]
3331 5250 3559 5309 Abraha:
3590 5271 3604 5307 :
3635 5252 3808 5324 Super

2231 5357 2389 5394 unum
2417 5342 2686 5406 montium,
2703 5357 2852 5411 quem
2878 5351 3229 5397 monstravere
3257 5344 3350 5397 tibi
3366 5342 3520 5415 (Gen.
3545 5361 3685 5412 xxu,
3705 5343 3759 5416 2)
3780 5344 3806 5398 2

2227 5459 2298 5470 -
2336 5430 2490 5502 Resp.
2521 5431 2680 5485 Aiunt
2707 5430 2877 5504 rergo]
2898 5431 3106 5487 Hebraei
3143 5433 3284 5488 hunc
3313 5442 3547 5488 montem
3572 5451 3716 5500 esse,
3748 5433 3806 5489 in

2228 5536 2334 5590 quo
2383 5530 2570 5591 postea
2623 5522 2876 5592 templum
2920 5522 3192 5578 conditum
3237 5531 3339 5590 est,
3381 5522 3459 5578 fin
3487 5539 3614 5580 area
3653 5537 3802 5580 urna

2226 5613 2498 5686 Jebuszeij.

2297 5705 2456 5776 325
2493 5704 2655 5759 Inter.
2697 5703 2820 5758 205.
2864 5702 2972 5758 Cur
2998 5705 3050 5758 in
3081 5705 3377 5761 tentationc
3403 5704 3636 5760 Abraha:
3659 5705 3798 5762 Deus

2226 5803 2397 5860 dixit:
2429 5801 2572 5857 Tolle
2609 5803 2776 5871 ﬁlium
2807 5811 2954 5855 tuum
2995 5803 3382 5871 charissimam,
3419 5821 3569 5876 quem
3597 5803 3793 5876 diligis,

2226 5893 2382 5952 Isaac
2423 5892 2577 5968 (Gen.
2603 5908 2719 5962 ιιι,
2742 5891 2830 5967 12)
2850 5892 2874 5951 l
2892 5924 2965 5938 —
2986 5891 3146 5966 Resp.
3188 5893 3260 5954 Ut
3285 5909 3353 5953 ex
3395 5895 3676 5956 cbaritatis
3701 5890 3796 5965 ad:
