4064 6342
238 283 333 345 845

791 287 1198 350 EXEGETICA.
1223 322 1296 336 -
1327 289 1698 350 INTERROG.
1739 291 1829 349 ET
1866 290 2195 356 RESPONS.
2234 296 2305 356 IN
2340 297 2615 372 GENES.,
2653 302 2807 362 ETC.

169 391 179 403 '
236 398 529 465 monitione,
559 407 614 458 et
642 403 872 460 nominis
905 408 1274 474 recordatione
1311 408 1620 463 tentationis
1644 424 1777 478 pon-
1801 412 1848 468 A
1875 417 1930 464 et
1975 412 2031 466 in
2074 415 2284 484 signum
2311 417 2422 473 dati
2456 419 2642 478 arietis
2677 421 2851 478 solent
2894 423 3058 482 etiam
3101 441 3246 486 nunc
3275 444 3443 491 cornu

236 497 325 554 dus
355 496 796 568 accumularetur,
827 509 880 554 et
903 512 1157 570 paternus
1185 503 1410 558 affectus
1440 513 1782 574 torqueretur
1881 503 2151 573 clangere.

233 601 292 643 ex
318 587 565 639 memoria
611 588 1018 655 promissionis:
1049 606 1170 645 cum
1217 600 1341 646 ante
1369 593 1510 646 Deus
1558 592 1779 648 dixisset

231 676 291 730 ad
314 689 426 728 eum
457 691 470 726 :
506 674 572 728 In
599 675 754 730 Isaac
781 679 1048 733 vocabitur
1081 681 1175 734 tibi
1191 699 1390 744 semen.
1431 681 1593 747 Quasi
1625 682 1773 755 [Ms.,

229 761 359 834 quia]
381 762 423 817 si
447 763 534 817 ille
559 766 910 832 occideretur,
940 776 1050 824 tota
1077 786 1199 842 spes
1224 773 1593 842 promissionis
1623 773 1774 846 [Ms.,

226 854 646 928 promissionum]
670 855 1038 914 frustraretur.

284 961 438 1015 Inter.
469 963 593 1017 204.
644 965 712 1019 Et
757 983 853 1021 cur
900 984 1005 1022 non
1046 969 1228 1025 statim
1276 970 1426 1027 licuit
1454 974 1503 1028 ei
1531 975 1776 1030 occidere

223 1052 390 1118 ﬁlium,
417 1053 512 1108 sed
536 1055 779 1112 triduana
805 1059 1014 1117 itineris
1037 1076 1208 1128 mora,
1234 1079 1356 1118 eum
1385 1065 1772 1136 immolaturus,

221 1159 384 1200 secum
412 1146 609 1203 ducere
635 1148 820 1218 jussus
842 1153 1212 1226 est?—Resp.
1243 1155 1514 1224 Quatenus
1545 1159 1776 1230 longitu-

220 1234 329 1290 dine
343 1241 616 1307 temporis,
631 1245 941 1300 teutationis
952 1261 1164 1317 quoque
1178 1257 1462 1319 augeretur
1481 1250 1776 1307 incremen-

217 1333 337 1381 tum.
365 1328 500 1383 Nam
523 1345 621 1400 per
639 1329 874 1389 triduum
904 1337 1008 1392 iter
1029 1340 1384 1408 protenditur,
1410 1349 1465 1396 et
1482 1357 1577 1412 per
1599 1351 1772 1400 totum

215 1418 433 1473 triduum
480 1424 845 1481 crescentibus
881 1429 1025 1482 curis
1045 1437 1267 1498 paterna
1290 1433 1497 1488 viscera
1522 1435 1770 1491 crucian-

215 1516 330 1563 tur:
358 1519 414 1564 ut
441 1514 587 1568 omni
638 1515 740 1570 hoc
769 1517 941 1586 spatio
984 1527 1094 1574 tam
1120 1523 1332 1591 prolixo
1380 1525 1680 1581 intueretur
1707 1527 1772 1581 ﬁ-

211 1598 328 1654 lium
348 1611 521 1671 pater,
551 1605 728 1661 cibum
753 1623 875 1664 cum
907 1624 972 1666 eo
1001 1623 1258 1679 sumeret,
1285 1623 1346 1669 ut
1368 1615 1490 1689 [tot]
1521 1619 1768 1676 noctibus

208 1705 333 1760 puer
358 1694 616 1763 penderet
658 1698 710 1753 in
756 1700 1088 1770 amplexibus
1127 1707 1314 1774 patris,
1365 1708 1649 1766 inhzereret
1675 1728 1768 1782 pe-

208 1783 355 1850 ctori,
403 1787 671 1844 cubitaret
727 1790 781 1844 in
831 1795 1062 1864 gremio;
1115 1805 1378 1866 quatenus
1423 1814 1520 1868 per
1559 1804 1765 1874 singula

205 1885 466 1931 momenta
501 1878 555 1932 in
582 1888 806 1949 paterno
839 1883 1032 1940 affectu
1059 1887 1213 1942 dolor
1248 1890 1526 1946 occidendi
1555 1893 1649 1948 tilii
1678 1910 1767 1951 ac-

204 1970 579 2028 cumularetur.

262 2077 429 2134 Inter.
484 2081 608 2137 205.
667 2083 724 2140 Si
769 2085 1039 2142 Abraham
1092 2089 1457 2148 indubitanter
1507 2103 1564 2150 et
1609 2097 1766 2154 ﬁrmo

195 2167 370 2224 animo
411 2173 685 2243 cogitabat
733 2184 968 2233 mactare
993 2193 1218 2248 puerum
1248 2181 1475 2239 Domino
1519 2185 1573 2240 in
1618 2186 1767 2244 holo-

190 2270 458 2330 caustum,
480 2266 609 2335 quid
634 2275 716 2322 est
736 2270 880 2338 quod
905 2271 1039 2324 dixit
1060 2273 1242 2340 pueris
1271 2275 1383 2330 suis
1410 2292 1422 2329 :
1461 2274 1564 2331 Vos
1587 2295 1767 2349 exspe-

183 2363 316 2412 ctate
343 2359 430 2412 hic
451 2375 472 2415 :
501 2377 592 2429 ego
621 2371 668 2415 et
695 2379 839 2432 puer,
874 2381 992 2418 cum
1018 2366 1429 2436 adoraverimus,
1455 2382 1768 2428 revertemur

179 2448 249 2500 ad
279 2466 368 2502 vos
410 2448 568 2520 (Gen.
599 2468 732 2518 xxn,
756 2453 936 2525 5)?—
972 2456 1128 2528 Resp.
1175 2459 1363 2531 [Igitur
1404 2472 1459 2518 et
1501 2464 1766 2523 dubitanti

177 2535 362 2590 animo
415 2550 658 2596 mactare
701 2557 926 2612 puerum
975 2547 1287 2618 cogitabat,
1333 2559 1389 2607 et
1445 2553 1767 2612 indubitanti

179 2626 362 2683 animo
405 2629 463 2684 in
498 2632 664 2687 Deum
710 2637 1022 2692 resuscitari
1058 2640 1311 2697 credebat
1341 2644 1511 2717 eum.]
1559 2646 1765 2704 Idcirco

182 2725 473 2787 utrumque
502 2721 674 2778 laudis
697 2722 850 2796 [Ms.,
873 2726 1175 2802 laudabilis]
1203 2741 1285 2787 est
1310 2736 1439 2790 etin
1460 2739 1762 2795 constantia

189 2806 464 2891 oﬂ'erendi,
494 2819 550 2865 et
573 2813 627 2866 in
654 2812 760 2868 ﬁde
785 2819 1160 2876 resuscitandi.
1220 2822 1434 2880 Sciebat
1461 2829 1762 2886 certissime

190 2893 352 2950 Deum
395 2897 583 2955 fallere
610 2917 716 2957 non
760 2919 954 2973 posse:
985 2916 1039 2962 et
1078 2909 1204 2966 licet
1226 2929 1362 2983 puer
1401 2917 1760 2989 occideretur,

193 2990 596 3057 promissionem
642 3003 818 3052 tamen
846 2999 940 3054 Dei
985 3002 1186 3058 salvam
1231 3021 1564 3076 permanere.
1608 3013 1760 3069 Unde

195 3085 243 3132 et
260 3078 455 3136 Paulus
483 3085 758 3152 apostolus
784 3103 882 3158 per
906 3089 1164 3160 Spiritum
1195 3107 1438 3154 sanctum
1475 3102 1754 3169 didicerat,
1783 3107 1831 3172 C

195 3169 312 3238 quid
346 3173 518 3228 animi
549 3175 820 3234 habuisset
844 3179 1116 3238 Abraham
1147 3185 1284 3241 intra
1323 3204 1402 3254 se,
1438 3191 1565 3246 dum
1595 3192 1757 3250 ﬁdem

196 3261 299 3331 ejus
343 3266 529 3324 laudat
572 3269 726 3342 [Ms.,
752 3271 1006 3348 laudavit]
1055 3277 1282 3334 dicens:
1328 3281 1458 3338 Fide
1481 3285 1757 3342 Abraham

194 3370 288 3410 non
310 3358 602 3426 haesitavit,
621 3378 742 3418 cum
771 3365 986 3420 unicum
1013 3367 1248 3438 offerret,
1267 3373 1322 3426 in
1344 3390 1450 3443 quo
1475 3387 1757 3449 acceperat

192 3449 596 3515 promissionem
620 3452 1275 3535 [Ms.,repromissiones],
1307 3463 1594 3542 [cogitans]
1627 3472 1754 3541 quia

194 3552 220 3590 a
245 3543 467 3598 mortuis
500 3559 628 3599 eum
657 3549 978 3604 resuscitare
1002 3559 1193 3621 potens
1222 3565 1304 3611 est
1323 3556 1462 3614 Deus
1483 3559 1658 3632 (Rom.
1673 3579 1752 3630 Iv,

192 3629 292 3704 so).

251 3745 406 3804 Inter.
428 3751 561 3806 206.
606 3752 757 3810 Unde
779 3755 920 3812 aries
945 3757 1067 3825 iste,
1093 3761 1182 3831 qui
1206 3778 1306 3832 pro
1334 3764 1481 3822 Isaac
1505 3767 1753 3826 immola-

192 3839 266 3888 tus
287 3845 367 3892 est
394 3838 558 3908 (Gen.
587 3857 718 3907 xxn,
746 3845 854 3917 15),
891 3850 1118 3917 venerit,
1139 3853 1275 3908 solet
1301 3857 1469 3924 quaeri
1501 3875 1514 3911 :
1545 3875 1612 3913 an
1639 3860 1749 3934 [de]

194 3932 320 3983 terra
355 3931 428 3986 ibi
462 3933 652 3989 subito
677 3945 891 3994 creatus
916 3950 1079 4007 esset,
1109 3944 1194 3998 vel
1229 3945 1443 4002 aliunde
1470 3950 1538 4004 ab
1563 3931 1752 4022 angelo

190 4015 487 4076 allatus?—-
521 4023 679 4096 Resp.
705 4027 860 4084 Aries
899 4030 1000 4086 iste
1028 4048 1134 4087 non
1179 4037 1450 4104 putativus
1475 4015 1752 4110 [Ms.,'pu—

191 4110 358 4182 tatus],
408 4115 508 4170 sed
542 4130 702 4171 verus
728 4133 847 4174 esse
881 4122 1179 4180 credendus
1221 4134 1320 4182 est.
1367 4128 1492 4184 Ideo
1520 4131 1691 4201 magis
1717 4147 1751 4188 a

189 4196 478 4261 doctoribus
513 4207 838 4276 aestimatur,
875 4213 1090 4268 aliunde
1137 4230 1260 4271 eum
1307 4221 1554 4290 angelum
1605 4196 1750 4278 attu-

189 4287 319 4360 lisse,
367 4311 540 4366 quam
588 4299 661 4354 ibi
711 4300 778 4356 de
830 4311 991 4364 terra.
1022 4317 1143 4375 post
1189 4323 1280 4363 sex
1326 4287 1534 4366 dierum
1564 4328 1746 4383 opera,

188 4377 452 4440 Dominum
489 4403 832 4460 procreasse.

249 4492 402 4552 Inter.
432 4500 569 4556 207.
606 4499 782 4567 Quare
811 4505 1094 4573 appellavit
1119 4509 1390 4566 Abraham
1421 4528 1616 4568 nomen
1644 4516 1748 4573 loci

186 4577 350 4639 illius:
377 4588 641 4646 Dominus
662 4593 788 4648 vidit
816 4595 977 4666 (Ibid.
1003 4616 1052 4652 v.
1075 4600 1196 4670 I4);
1235 4619 1356 4658 cum
1386 4621 1648 4677 nusquam
1681 4610 1751 4666 sit

187 4676 315 4738 quod
334 4676 604 4736 Dominus
634 4697 738 4738 non
769 4685 980 4742 videat?
1004 4719 1075 4730 —
1101 4690 1255 4763 Resp.
1304 4692 1444 4749 Vidit
1464 4676 1562 4766 pro
1584 4717 1750 4770 appa-

187 4764 278 4818 ruit
302 4767 433 4825 dixit
458 4789 474 4828 :
502 4773 612 4828 hoc
641 4783 740 4839 est,
778 4778 943 4833 videri
995 4780 1141 4846 fecit,
1172 4785 1310 4840 sicut
1356 4789 1427 4843 ibi
1455 4764 1480 4844 ε*
1515 4791 1582 4845 Et
1613 4764 1750 4849 nunc

187 4866 380 4954 f09ltovi
403 4869 534 4936 quia
556 4870 704 4925 times
723 4872 910 4939 Deum,
945 4875 999 4930 id
1033 4888 1132 4943 est,
1165 4879 1269 4936 feci
1314 4890 1374 4936 ut
1406 4888 1752 4954 cognoscaris

189 4943 323 5045 [μεη
349 4968 742 5028 cognoscatur;
778 4963 873 5030 aL,
901 4971 1244 5044 cognoscar],
1279 4988 1344 5028 eo
1372 4943 1568 5045 genere
1596 4977 1748 5033 locu-

186 5038 353 5136 tionis,
383 5049 511 5106 dum
546 5067 642 5120 Per
668 5053 982 5114 efﬁcientem
1024 5038 1357 5132 signiﬁcatur
1374 5038 1436 5121 id
1464 5069 1604 5136 quod
1638 5067 1752 5123 eiii-

185 5129 310 5230 citur
336 5153 349 5188 :
375 5139 518 5195 sicut
547 5142 755 5213 pigrum
790 5144 957 5218 frigus
985 5129 1233 5218 dicimus,
1259 5170 1324 5210 eo
1351 5129 1495 5225 quod
1521 5156 1746 5230 [pigros]

185 5218 353 5318 faciat.
388 5229 526 5286 Illud
562 5244 740 5290 autem
787 5240 931 5306 quod
961 5241 1095 5296 dixit
1137 5260 1151 5296 :
1205 5218 1561 5318 Unde-usque-
1597 5218 1750 5304 hodie

186 5308 365 5409 dicitur
392 5319 652 5378 Dominus
678 5327 731 5380 in
753 5338 976 5384 montem
1005 5333 1210 5388 videbit.
1247 5335 1452 5392 Exinde
1469 5308 1614 5409 'apud
1642 5338 1750 5395 He-

185 5398 349 5462 braeos
375 5417 720 5479 proverbium
747 5419 891 5474 venit
920 5421 1075 5494 [Μία
1102 5424 1254 5497 exiit]
1283 5443 1319 5480 u
1378 5429 1424 5482 si
1453 5398 1666 5497 quando
1693 5430 1748 5486 in

186 5501 421 5564 angustia
450 5507 731 5564 constituti
760 5519 904 5577 sunt,
938 5511 1036 5586 [et]
1063 5514 1273 5570 Domini
1300 5533 1514 5588 quoque
1558 5527 1748 5590 optant

186 5589 372 5678 auxilio
399 5596 692 5667 sublevari,
717 5601 899 5658 dicunt
924 5622 938 5658 :
967 5603 1036 5659 In
1062 5616 1232 5662 monte
1258 5608 1512 5666 Dominus
1540 5589 1747 5678 videbit,

187 5672 283 5735 hoc
308 5689 414 5751 est,
456 5685 598 5743 sicut
620 5689 870 5760 Abrahae,
910 5694 1254 5754 miserebitur
1281 5707 1336 5755 et
1362 5701 1552 5757 nostri.
1598 5672 1749 5762 Unde

1777 4465 1828 4524 ῐ)

1951 596 2117 652 Inter.
2143 598 2265 654 208.
2298 601 2522 657 Vocavit
2547 602 2772 679 [autem]
2797 607 3018 678 angelus
3039 610 3250 668 Domini
3272 613 3446 670 Abra-

1877 689 2001 744 ham
2031 693 2261 747 secundo
2290 693 2356 748 de
2382 695 2518 750 coelo
2549 696 2732 754 dicens
2760 713 2774 751 :
2808 699 2944 764 Quia
2983 701 3150 770 fecisti
3177 720 3283 758 rem
3305 706 3441 762 hanc

1875 788 1922 832 et
1963 796 2064 833 non
2091 782 2363 851 pepercisti
2389 783 2503 851 ﬁlio
2533 794 2622 839 tuo
2646 788 2907 858 unigenito
2928 800 3135 860 propter
3156 809 3236 847 me
3254 793 3442 866 (Ibid.,

1876 886 1923 923 v.
1948 868 2058 940 I6).
2109 869 2355 941 Nunquid
2381 873 2650 928 Abraham
2689 885 2908 947 propter
2944 880 3189 950 angelum
3220 898 3324 938 non
3353 899 3446 955 pe-

1873 961 2046 1029 percit
2069 961 2178 1018 tilio
2209 979 2324 1029 suo,
2355 972 2410 1020 et
2436 982 2540 1020 non
2570 977 2789 1038 propter
2812 971 3016 1024 Deum?
3036 1003 3105 1011 —
3131 972 3287 1045 Resp.
3316 974 3443 1048 [Aut

1873 1051 2038 1123 enim]
2088 1054 2259 1122 angeli
2290 1056 2506 1111 nomine
2538 1057 2796 1114 Dominus
2820 1060 3065 1116 Christus
3110 1064 3442 1134 signiﬁcatus

1872 1149 1974 1207 est,
2002 1143 2094 1212 qui
2120 1144 2236 1199 sine
2261 1145 2420 1201 dubio
2447 1147 2586 1202 Deus
2611 1156 2712 1213 est,
2743 1158 2799 1204 et
2827 1150 3108 1207 manifeste
3129 1169 3157 1205 a
3181 1156 3439 1222 propheta

1873 1235 2048 1291 dictus
2071 1244 2174 1302 est,
2218 1239 2395 1308 magni
2419 1239 2622 1320 consilii
2650 1242 2885 1312 angelus.
2931 1244 3038 1300 Aut
3087 1246 3255 1322 [quia]
3301 1249 3440 1304 Deus

1874 1324 2032 1398 [erat]
2059 1328 2113 1381 in
2139 1329 2355 1398 angelo;
2389 1338 2444 1385 et
2460 1329 2653 1403 [Edit.,
2674 1333 2786 1405 aut]
2810 1349 2877 1390 ex
2901 1350 3130 1407 persona
3159 1340 3251 1394 Dei
3281 1355 3439 1412 ange-

1869 1423 1953 1478 lus
1989 1423 2328 1493 loquebatur,
2372 1427 2512 1482 sicut
2550 1428 2602 1482 in
2641 1429 2918 1498 prophetis
2947 1433 3110 1487 etiam
3138 1433 3254 1489 fieri
3283 1435 3436 1490 solet.

1870 1512 2003 1567 Nam
2033 1515 2087 1568 in
2118 1517 2568 1585 consequentibus
2593 1517 2698 1573 hoc
2721 1519 2892 1589 magis
2917 1520 3130 1576 videtur
3157 1537 3440 1594 apparere,

1869 1604 1960 1658 ubi
1982 1604 2208 1674 legitur:
2240 1605 2355 1680 [Et]
2408 1609 2603 1664 vocavit
2653 1609 2866 1680 angelus
2923 1611 3133 1668 Domini
3174 1614 3437 1670 Abraham

1867 1695 2054 1750 iterum
2081 1697 2145 1751 de
2168 1697 2314 1758 creto.
2341 1699 2516 1756 dicens
2536 1718 2556 1757 .'
2579 1698 2686 1758 Per
2707 1705 3059 1776 memetipsum
3087 1706 3284 1778 jurasi,
3309 1707 3437 1764 dicit

1793 1769 1842 1830 Β
1870 1784 2145 1843 Dominus.

1937 1876 2102 1931 Inter.
2149 1877 2275 1934 209.
2321 1879 2458 1949 Quid
2496 1890 2580 1939 est
2608 1884 2749 1952 quod
2796 1885 3031 1941 secundo
3073 1889 3138 1942 ad
3165 1887 3438 1944 Abraham

1865 1967 2065 2023 eaedem
2101 1978 2155 2024 et
2194 1987 2298 2028 non
2341 1972 2460 2028 aliae
2497 1975 2883 2045 promissiones
2918 1977 3073 2032 facta:
3100 1985 3224 2032 sunt
3251 1978 3436 2049 (Ibid.,

1865 2059 2166 2128 v.17)?—
2209 2062 2366 2134 Resp.
2415 2064 2694 2136 Signiﬁcat
2743 2066 2932 2139 duplex
2984 2071 3167 2124 semen
3210 2069 3440 2124 Abrahae

1865 2149 2104 2206 futurum
2131 2168 2270 2216 esse,
2301 2172 2465 2210 unum
2513 2158 2746 2222 carnale,
2796 2160 2939 2215 aliud
2980 2160 3274 2231 spirituale.
3315 2162 3439 2217 Ideo

1866 2239 2000 2294 dixit
2025 2242 2074 2295 ei
2099 2242 2356 2299 Dominus
2384 2263 2397 2298 :
2423 2244 2546 2318 [sic]
2577 2248 2679 2302 erit
2705 2263 2886 2304 semen
2911 2260 3081 2316 tuum,
3110 2251 3247 2306 sicut
3271 2251 3438 2307 stellas

1867 2328 2009 2392 cceli,
2037 2337 2092 2383 et
2118 2330 2256 2385 sicut
2281 2348 2445 2387 arena
2473 2336 2638 2390 maris
2665 2354 2678 2388 :
2723 2337 2778 2390 in
2820 2338 2986 2393 stellis
3010 2339 3154 2404 caeli,
3184 2340 3437 2408 spiritua-

1865 2418 1976 2484 Ies;
2004 2421 2057 2474 in
2081 2437 2245 2477 arena
2274 2425 2463 2490 maris,
2486 2427 2727 2482 carnales
2754 2427 2958 2501 [volens
2988 2430 3211 2502 intelligi
3237 2430 3430 2503 (Edit.,

1866 2510 2302 2588 intelliguntur)].

1938 2602 2102 2657 Inter.
2134 2603 2258 2660 210.
2305 2605 2416 2662 Cur
2441 2605 2630 2680 [enim]
2659 2610 2956 2666 nominavit
2986 2609 3264 2682 Scriptura
3293 2611 3435 2669 filios

1864 2693 2080 2748 lVachor
2122 2693 2306 2749 fratris
2347 2695 2578 2752 Abrabte
2628 2697 2814 2771 (Ibid.,
2848 2718 2977 2756 vers.
3008 2701 3142 2774 20)?
3169 2733 3239 2743 —
3273 2701 3431 2774 Resp.

1863 2784 1999 2852 Quia
2041 2784 2107 2838 de
2150 2785 2274 2850 illis,
2313 2786 2396 2840 vel
2438 2788 2504 2843 de
2549 2788 2762 2844 illorum
2803 2791 2970 2860 stirpe
2996 2791 3198 2862 aliquid
3225 2792 3437 2850 celebre

1861 2884 2047 2944 postea
2076 2884 2284 2945 gestum
2312 2891 2431 2932 esse
2473 2876 2687 2946 legitur.
2716 2879 2900 2949 Itaque
2927 2880 3038 2936 [Ius
3075 2881 3230 2953 μὴ,
3262 2879 3430 2954 Chus]

1861 2980 1999 3020 unus
2041 2973 2172 3027 erat,
2215 2967 2281 3019 de
2316 2964 2466 3034 cujus
2507 2969 2672 3038 stirpe
2694 2967 2795 3024 Job
2833 2970 3126 3026 descendit.
3154 2972 3316 3046 326
3343 2971 3436 3031 Sic

1861 3055 2004 3110 enim
2049 3055 2311 3125 scriptum
2354 3065 2436 3111 est
2480 3058 2534 3112 in
2576 3060 2796 3115 exordio
2826 3061 3111 3116 voluminis
3151 3061 3306 3130 ejus:
3340 3061 3435 3116 Vir

1859 3145 2039 3214 fuitin
2060 3154 2198 3198 terra
2227 3145 2343 3200 lius
2367 3145 2512 3219 [Ms.,
2538 3148 2699 3222 Chus]
2733 3152 2939 3205 nomine
2957 3151 3077 3210 Job.
3105 3151 3242 3207 Male
3269 3151 3434 3224 igitur

1857 3238 2198 3292 aestimabant
2227 3237 2378 3310 [Ms.,
2406 3241 2698 3313 aestimant]
2747 3243 2983 3312 quidam,
3015 3243 3115 3299 Job
3143 3245 3208 3299 de
3236 3260 3433 3314 genere

1856 3327 1999 3383 Esau
2046 3335 2255 3394 natum,
2306 3329 2363 3383 in
2409 3330 2560 3399 cujus
2602 3346 2798 3402 genere
2844 3343 2927 3388 est
2969 3334 3150 3388 Balam
3182 3333 3334 3406 [Ms.,
3361 3335 3427 3390 de

1855 3426 2014 3491 gente
2039 3419 2202 3474 Esau.
2233 3419 2512 3477 Secundus
2554 3431 2683 3478 natu
2726 3431 2810 3479 est
2845 3425 2910 3480 de
2950 3424 3151 3481 Melcha
3178 3425 3327 3491 Buzi,
3360 3441 3427 3482 ex

1854 3511 2008 3582 cujus
2031 3528 2226 3584 genere
2255 3524 2336 3570 est
2355 3515 2562 3583 Balam,
2584 3516 2716 3590 etc.]
2753 3517 2842 3572 ille
2875 3518 3106 3584 divinus,
3134 3528 3192 3572 ut
3219 3519 3426 3575 Hebraei

1855 3606 2089 3671 tradunt,
2121 3604 2211 3675 qui
2253 3606 2307 3663 iu
2344 3605 2483 3661 libro
2509 3605 2609 3661 Job
2635 3606 2832 3662 dicitur
2859 3607 3013 3663 Heliu
3047 3627 3060 3662 :
3085 3611 3319 3678 primum
3341 3609 3426 3663 vir

1852 3705 2072 3751 sanctus
2099 3695 2196 3768 [et]
2224 3698 2482 3768 propheta
2509 3697 2627 3767 Dei,
2659 3707 2841 3770 postea
2871 3714 2969 3771 per
3008 3700 3426 3758 iuobedientiam

1852 3797 1906 3842 et
1933 3789 2258 3845 desiderium
2285 3807 2568 3848 munerum
2599 3802 2917 3860 excaecatus,
2948 3795 3073 3849 dum
3112 3794 3275 3849 Israel
3301 3809 3416 3848 ma-

1852 3877 2082 3936 ledicere
2106 3882 2285 3952 coepit,
2312 3883 2478 3937 divini
2499 3884 2758 3939 vocabulo
2785 3893 3142 3954 nuncupatus.
3171 3883 3427 3956 [Dicitur-

1851 3987 1957 4041 que
1983 3974 2039 4027 in
2061 3975 2248 4029 eodem
2278 3974 2418 4030 libro
2449 3991 2464 4028 :
2496 3975 2564 4030 Et
2592 3977 2760 4031 iratus
2787 3976 2941 4031 Heliu
2971 3976 3112 4031 filius
3138 3976 3420 4032 Barachiel

1851 4065 2089 4121 Buzites.
2139 4066 2216 4120 De
2243 4065 2403 4134 hujus
2432 4066 2680 4120 videlicet
2713 4067 2843 4120 Buzi
2889 4067 3068 4120 radice
3097 4066 3425 4122 descendens

1850 4153 2021 4212 Citam
2063 4155 2147 4211 vel
2190 4163 2344 4224 pater
2391 4153 2507 4224 ejus
2551 4155 2817 4210 Damasci.
2869 4156 2989 4224 Ipsa
3033 4156 3176 4211 enim
3201 4163 3428 4212 vocatur

1847 4246 2016 4311 Aran,
2047 4261 2166 4316 quae
2191 4247 2278 4301 hic
2311 4261 2408 4315 pro
2437 4245 2590 4317 Syria
2626 4247 2823 4316 scripta
2850 4255 2933 4302 est
2959 4255 3012 4301 et
3040 4246 3158 4318 ipso
3199 4246 3419 4302 nomine

1849 4338 2047 4408 legitur
2091 4339 2144 4392 in
2187 4337 2343 4392 Isaia.
2385 4337 2581 4393 Caseth
2609 4353 2820 4408 quoque
2843 4346 3072 4408 quartus
3111 4346 3212 4404 est,
3257 4351 3289 4392 a
3314 4352 3426 4409 quo

1851 4429 2117 4500 Casiadei,
2157 4430 2208 4485 id
2257 4439 2340 4485 est
2383 4429 2636 4496 Chaldaei,
2683 4438 2868 4500 postea
2914 4431 3087 4487 vocati
3131 4437 3276 4487 sunt.
3319 4429 3424 4488 Ba-

1855 4522 2024 4588 thuel,
2054 4523 2120 4578 de
2161 4537 2265 4592 quo
2302 4521 2548 4580 Rebecca
2593 4531 2648 4579 et
2671 4523 2854 4579 Laban
2887 4531 3041 4595 pater
3082 4523 3194 4581 Liae
3236 4530 3289 4581 et
3314 4523 3424 4579 Ra-

1851 4612 2017 4668 chel.l
3425 4649 3427 4652 ‘

1920 4611 2087 4758 gula.
2129 4704 2252 4758 211.
2295 4703 2404 4758 Cur
2444 4718 2551 4758 una
2575 4702 2765 4758 civitas
2785 4702 3000 4758 Hebron
3025 4703 3198 4758 tribus
3237 4702 3423 4775 appel-

1849 4793 1956 4848 lata
2001 4802 2085 4848 est
2128 4793 2454 4857 nominibus,
2501 4792 2780 4857 videlicet,
2823 4792 3061 4859 Hebron,
3109 4792 3274 4856 Arbe,
3323 4789 3419 4865 [et]

1849 4885 2090 4940 Mambre
2117 4883 2270 4956 (Gen.
2299 4899 2460 4949 xxm,
2490 4883 2547 4954 2)
2567 4884 2590 4936 ?
2609 4913 2677 4923 —
2697 4883 2852 4954 Resp.
2889 4883 3099 4938 Hebron
3125 4882 3357 4957 [civitas]
3388 4899 3420 4938 a

1849 4976 2188 5047 Gigantibus,
2219 4991 2250 5030 a
2281 4975 2477 5044 quibus
2504 4974 2773 5044 quondam
2807 4975 3020 5029 condita
3045 4983 3127 5029 est
3153 4991 3166 5028 :
3208 4981 3264 5031 et
3285 4974 3422 5030 Arbe

1849 5083 1883 5132 a
1910 5081 2156 5131 numero,
2203 5065 2454 5120 videlicet
2495 5073 2745 5135 quatuor,
2787 5064 2971 5136 [habet
2994 5063 3236 5138 nomen],
3277 5064 3419 5134 quod

1849 5158 1922 5213 ibi
1967 5166 2197 5228 quatuor
2219 5159 2542 5228 patriarchae
2587 5158 2779 5230 sepulti
2811 5167 2968 5223 sunt;
2997 5157 3166 5213 Adam
3193 5172 3419 5228 magnus

1849 5250 2069 5305 humani
2111 5251 2327 5320 generis
2350 5260 2534 5322 pater;
2569 5251 2860 5316 Abraham,
2889 5247 2986 5322 [et]
3012 5250 3160 5305 Isaac
3200 5247 3296 5322 [et]
3323 5247 3416 5303 Ja-

1849 5342 1968 5396 cob.
2035 5341 2160 5397 Haec
2205 5342 2394 5398 eadem
2443 5358 2475 5398 a
2518 5344 2751 5414 quodam
2804 5341 3099 5398 amicorum
3143 5339 3416 5396 Abraham

1849 5433 2087 5488 Humbre
2111 5443 2301 5489 vocata
2327 5442 2429 5490 est.

1917 5520 2086 5577 Inter.
2112 5523 2237 5578 212.
2280 5523 2593 5597 [Quaeritur]
2619 5524 2746 5594 quid
2789 5520 3057 5592 signiﬁcat
3080 5518 3224 5591 quod
3240 5520 3418 5576 Abra-

1846 5613 1971 5668 ham
1998 5629 2164 5684 puero
2191 5630 2288 5670 suo
2317 5616 2445 5671 dicit
2469 5613 2644 5669 :I'one
2662 5629 2874 5667 manum
2903 5622 3045 5666 tuam
3071 5627 3226 5680 super
3243 5610 3416 5680 femur

1847 5720 2038 5771 meum,
2065 5714 2113 5760 et
2149 5707 2279 5776 jura
2304 5723 2395 5778 per
2413 5705 2693 5762 Dominum
2720 5704 2888 5761 Deum
2933 5704 3046 5762 coeli
3075 5703 3227 5778 (Gen.
3259 5715 3412 5783 xxiv,
