4064 6342
243 389 338 449 δυ

785 379 1195 441 EXEGETICA.
1232 411 1306 424 -—
1339 375 1710 437 INTERROG.
1748 375 1840 432 ET
1873 375 2204 435 RESPONS.
2240 375 2309 432 1N
2344 373 2610 442 GENES.,
2652 375 2806 433 ETC.

3367 367 3472 429 650

245 500 402 579 populi
428 506 685 558 erasnm
723 505 813 553 tuo
839 495 1160 563 dividentur,
1208 476 1529 566 populusque
1551 488 1797 562 populum
1823 495 1876 556 Α
1902 487 2200 543 idololatria
2230 486 2384 560 [δίδη
2425 502 2532 541 non
2571 483 2887 542 idololatria:
2929 482 3057 541 fecit
3101 477 3338 554 simile]:
3374 496 3475 539 nec

241 594 507 668 superabit,
533 601 581 648 et
601 591 775 662 major
795 590 976 645 serviet
1002 587 1192 643 minori
1218 584 1371 658 (vers.
1398 582 1524 656 25)?
1542 612 1613 621 —
1640 579 1796 652 Resp.

242 686 534 744 Secundum
558 691 847 752 utrumque
875 679 1091 735 modum
1120 691 1138 731 :
1178 674 1525 746 spiritualiter
1559 686 1688 726 vero
1724 669 1802 725 sic

238 779 361 838 solet
389 776 613 847 intelligi
640 776 782 846 quod
806 774 1009 830 dictum
1034 779 1136 837 est,
1162 767 1266 843 [ut]
1294 767 1348 823 in
1374 766 1518 822 Esau
1542 765 1803 835 ﬁguratus

238 872 302 929 sit
323 870 498 940 major
529 868 760 939 populus
802 867 919 931 Dei,
963 865 1069 920 hoc
1112 869 1214 927 est,
1258 859 1587 917 Israeliticus
1615 870 1804 912 secun—

234 960 352 1020 dum
386 975 636 1025 carnem;
664 973 763 1029 per
788 955 954 1012 Iacob
978 963 1155 1011 autem
1184 952 1448 1024 ﬁguratus
1474 956 1556 1004 est
1577 948 1691 1019 ipse
1715 945 1805 1001 Ia-

238 1051 327 1109 ἑοὶ)
346 1050 401 1105 in
422 1048 618 1121 populo
642 1047 974 1114 Christiano,
1000 1044 1295 1101 secundum
1324 1039 1657 1112 spiritualcm
1679 1053 1806 1108 pro-

234 1140 436 1214 geniem
486 1148 779 1211 propagato
837 1136 1001 1211 [Ms.,
1054 1151 1217 1208 quam
1265 1129 1634 1204 propagavit].
1699 1128 1807 1184 Sed

238 1233 391 1290 etiam
426 1231 680 1286 historica
708 1229 1034 1301 proprietate
1069 1227 1338 1282 invenitur
1357 1225 1460 1279 hoc
1491 1234 1807 1290 responsum

231 1336 349 1378 esse
380 1320 730 1389 completum,
761 1319 851 1374 ubi
894 1318 1123 1389 populus
1143 1315 1325 1379 lsrael,
1371 1314 1475 1369 hoc
1502 1319 1609 1377 est,
1642 1308 1807 1365 Iacob

235 1413 410 1468 minor
434 1410 574 1465 ﬁlius
600 1409 871 1479 superavit
902 1407 1181 1472 ldumaaos,
1207 1419 1345 1476 quos
1371 1402 1524 1476 μίση
1559 1403 1663 1457 hoc
1701 1406 1807 1466 est,

232 1512 447 1575 gentem
473 1499 729 1573 quam...]
760 1499 1078 1571 propagavit
1112 1498 1276 1564 Esau,
1310 1509 1515 1565 eosque
1552 1493 1681 1549 feeit
1708 1492 1807 1547 tri-

229 1596 474 1651 butarios
502 1607 602 1664 per
651 1594 838 1659 David,
889 1592 1031 1663 quod
1079 1591 1172 1646 diu
1220 1589 1347 1645 fecit
1393 1587 1600 1643 scilicet
1642 1590 1812 1656 usque

230 1684 383 1757 ιιι,
428 1683 666 1754 quandi:
696 1682 914 1738 fuerunt
941 1696 1114 1752 usque
1146 1681 1233 1754 ...]
1268 1682 1337 1735 ad
1374 1695 1557 1751 regem
1582 1678 1812 1747 suban

226 1772 449 1830 Idumaei
487 1773 904 1838 rebellaverant,
940 1780 997 1828 et
1030 1771 1219 1843 iugum
1254 1770 1605 1826 israeliticnm
1634 1784 1666 1823 a
1690 1783 1809 1824 tuar-

232 1865 349 1921 vice
368 1880 470 1921 sua
496 1865 878 1934 deposuerunt.

301 1957 474 2041 Inter.
502 1958 627 2013 227.
659 1957 787 2025 Quae
819 1963 944 2011 sunt
976 1954 1331 2026 primogenita
1360 1968 1479 2022 quae
1507 1952 1649 2007 Esau
1674 1965 1809 2006 ven-

229 2047 368 2103 didit
407 2049 573 2105 Iacob
608 2050 761 2106 fratri
801 2064 901 2105 suo
938 2048 1094 2121 (vers.
1126 2047 1255 2119 Si)?
1287 2076 1347 2086 —-
1368 2045 1524 2117 Resp.
1569 2043 1812 2099 Tradunt

226 2137 445 2195 Hebraei
468 2155 659 2196 omnes
700 2140 1091 2211 primogenitae
1128 2137 1276 2209 fungi
1321 2136 1507 2192 solitos
1533 2134 1708 2191 oﬁicio
1733 2149 1815 2189 sa-

222 2230 493 2284 cerdotali
518 2229 669 2303 μη,
686 2228 1049 2301 sacerdotum]
1071 2236 1358 2297 antequam
1374 2225 1549 2280 Aaron
1571 2225 1624 2279 in
1644 2237 1815 2278 sacer-

216 2320 412 2378 dotem
448 2322 598 2395 illa,
622 2321 1005 2393 sacerdotium]
1026 2320 1348 2390 eligeretur;
1372 2326 1426 2372 et
1450 2316 1703 2372 habuisse
1724 2328 1815 2368 ve-

214 2412 491 2467 stimenta
529 2412 914 2477 sacerdotalia,
956 2411 1152 2480 quibus
1196 2409 1370 2463 induti
1418 2406 1663 2461 victimas
1705 2404 1817 2458 Deo

210 2501 537 2561 oﬂ‘erebant
561 2515 577 2555 :
601 2507 655 2556 et
688 2502 804 2556 haec
824 2514 945 2555 esse
967 2500 1289 2554 vestimenta
1317 2497 1484 2569 328
1509 2496 1672 2559 Esau,
1700 2491 1820 2562 qui-

214 2595 329 2650 bus
383 2592 632 2648 Rebecca
682 2592 856 2647 induit
910 2590 1076 2647 Iacob
1124 2591 1296 2645 ﬁlium
1361 2604 1539 2653 suum,
1588 2601 1818 2656 quorum

214 2671 400 2742 odore
429 2694 585 2756 pater
621 2685 918 2741 oblectatus
959 2684 1349 2741 benedictionis
1384 2682 1595 2738 initium
1625 2677 1821 2736 astruit

224 2776 390 2849 (Gen.
424 2792 594 2841 xxv",
627 2776 737 2848 15).

294 2869 479 2925 Inter.
509 2868 633 2925 228.
668 2867 725 2923 Si
752 2869 852 2923 viri
872 2868 1004 2941 justi
1026 2868 1273 2927 voluntas
1295 2869 1438 2926 bona
1464 2876 1567 2935 est,
1591 2866 1721 2937 quid
1740 2872 1823 2921 est

224 2962 376 3033 quod
411 2961 566 3016 Isaac
593 2977 699 3017 non
724 2961 887 3029 Esau,
917 2978 1077 3032 quem
1106 2961 1291 3027 voluit,
1319 2962 1412 3018 sed
1438 2960 1625 3026 Iacob,
1661 2973 1822 3031 quem

225 3052 429 3117 noluit,
464 3052 775 3108 benedixit?
803 3083 875 3093 ——
900 3052 1057 3124 Resp.
1091 3051 1231 3109 Iusti
1270 3053 1523 3117 hominis,
1563 3060 1823 3122 quantum

225 3144 297 3201 ad
323 3144 724 3201 conscientiam
761 3146 1011 3216 pertinet,
1056 3145 1304 3203 voluntas
1336 3147 1479 3201 bona
1508 3154 1624 3210 est;
1649 3159 1821 3215 quan-

229 3243 341 3293 tum
365 3245 563 3295 autem
590 3237 1083 3307 adprmscientiam
1134 3235 1288 3310 [Δίκη
1331 3234 1697 3309 pneScntiam]
1723 3235 1825 3291 im-

226 3328 413 3384 munis
441 3334 536 3383 est
557 3327 627 3383 ab
655 3328 917 3385 adversis.
962 3329 1104 3384 Deus
1135 3330 1280 3385 enim
1329 3329 1475 3385 solus
1520 3335 1603 3384 est
1630 3328 1723 3398 qui
1760 3328 1828 3384 de

224 3414 432 3475 futuris
456 3416 693 3489 iudicat.
724 3418 803 3475 Ac
822 3435 919 3490 per
955 3418 1057 3476 hoc
1078 3418 1231 3475 Isaac
1245 3420 1441 3490 justus,
1469 3427 1732 3489 quantum
1757 3418 1827 3476 ad

222 3518 569 3580 praesentem
591 3518 789 3567 statum
815 3509 972 3582 μα,
999 3509 1412 3583 humanitatem]
1447 3510 1704 3581 pertinet,
1744 3510 1826 3565 di-

220 3613 395 3670 gnum
418 3615 554 3657 esse
577 3599 836 3670 majorem
866 3601 1034 3658 ﬁlium
1058 3602 1430 3658 benedictione
1448 3603 1673 3672 putabat
1697 3600 1826 3673 [ma—

221 3688 350 3763 gis].
388 3689 519 3747 Sed
549 3691 711 3759 Deus,
732 3692 1076 3749 occultorum
1102 3694 1374 3766 cognitor,
1418 3694 1681 3749 minorem
1710 3708 1826 3749 me-

222 3781 333 3836 reri
358 3781 811 3839 benedictionem
849 3784 1103 3852 ostendit,
1130 3783 1215 3857 [ut
1238 3784 1294 3845 in
1320 3785 1693 3842 benedictione
1720 3799 1826 3840 non

219 3868 472 3931 hominis
519 3875 814 3930 ostenderit
856 3891 975 3931 esse
1007 3878 1342 3942 beneﬁcium,
1380 3878 1474 3932 sed
1509 3878 1605 3933 Dei
1634 3877 1825 3949 (Edit.,

222 3971 284 4020 nt
309 3965 769 4023 benedictionem
793 3984 900 4025 non
926 3968 1179 4033 hominis,
1199 3965 1297 4023 sed
1330 3966 1425 4024 Dei
1453 3966 1825 4042 ostenderet)].

220 4053 350 4114 Ideo
374 4057 604 4115 dictum
627 4064 711 4113 est
736 4058 791 4113 in
815 4057 1067 4116 Nnmeris
1086 4058 1152 4115 ad
1178 4057 1395 4131 Moysen
1430 4064 1484 4115 et
1517 4058 1700 4114 Aaron
1739 4074 1829 4115 sa-

224 4151 569 4207 cerdotem:
600 4148 787 4206 Ponite
822 4167 1007 4205 nomen
1046 4167 1221 4205 meum
1253 4167 1409 4221 super
1453 4150 1591 4221 ﬁlios
1640 4148 1827 4216 Israel,

1846 3197 1895 3261 ϐ

1903 580 2045 635 enim
2068 588 2210 645 tunc,
2236 595 2337 634 nec
2355 586 2542 648 postea
2557 577 2916 649 frequentavit
2932 574 3162 648 lapidem
3183 573 3472 639 adoranda,

1903 679 1997 725 aut
2019 669 2068 724 ei
2098 668 2481 734 sacriﬁcando;
2518 667 2611 724 sed
2650 667 2861 739 signum
2900 663 3003 720 fuit
3029 662 3331 737 prophetiae
3367 661 3476 720 evi-

1903 762 2228 821 (lentissima:
2251 759 2403 833 μισ..
2431 759 2483 814 in
2506 758 2784 830 prophetia
2823 754 3245 829 evidentissima]
3279 753 3466 812 consti-

1903 859 2097 917 tutum,
2122 852 2263 921 quod
2288 849 2438 924 [Ms.,
2456 848 2596 922 quae]
2623 848 2855 919 pertinet
2881 847 2949 903 ad
2974 845 3299 903 unctionem.
3327 842 3479 902 Unde

1903 954 1963 1001 et
1988 943 2188 999 Christi
2223 956 2416 997 nomen
2439 957 2469 995 a
2495 941 2787 996 chrismate
2811 948 2912 995 est.

1976 1033 2141 1089 Inter.
2166 1033 2292 1087 231.
2321 1030 2699 1103 [Quaerendum
2720 1028 2826 1102 est]
2853 1027 3120 1101 quomodo
3146 1025 3347 1082 dictum
3373 1024 3477 1080 sit:

1907 1126 2125 1185 Serviuit
2146 1123 2311 1180 Iacob
2338 1139 2431 1195 pro
2466 1119 2662 1175 Rachel
2690 1130 2880 1191 septem
2910 1119 3083 1185 annis,
3106 1125 3153 1172 et
3178 1115 3480 1171 videbantur

1905 1219 1984 1275 illi
2023 1218 2177 1290 pauci
2205 1215 2314 1270 dies
2357 1212 2510 1287 (Gen.
2555 1227 2708 1289 xstx,
2752 1210 2877 1283 20);
2908 1226 3029 1268 cum
3063 1208 3237 1279 magis
3275 1203 3481 1278 [etiam]

1902 1312 2067 1368 breve
2109 1318 2320 1379 tempus
2360 1305 2577 1375 longum
2641 1317 2759 1358 esse
2812 1301 2981 1357 soleat
3035 1296 3379 1354 amantibus?
3414 1324 3471 1337 ~—

1908 1400 2066 1473 Resp.
2097 1399 2309 1454 Dictum
2344 1404 2427 1451 est
2462 1391 2636 1467 [ergo]
2672 1401 2893 1466 propter
2915 1391 3155 1446 laborem
3187 1384 3480 1451 servitutis,

1908 1506 2069 1564 quem
2092 1488 2308 1545 facilem
2336 1495 2390 1543 et
2411 1487 2580 1542 levem
2604 1499 2757 1541 amor
2785 1483 3038 1539 faciebat.

1981 1602 2144 1657 Inter.
2168 1601 2293 1657 252.
2328 1599 2457 1657 Post
2497 1599 2813 1656 servitutem
2851 1605 3056 1669 septem
3095 1607 3358 1651 annorum
3393 1591 3484 1650 Ia-

1912 1696 2031 1762 cob,
2054 1695 2231 1760 soceri
2262 1694 2346 1749 sui
2394 1691 2582 1748 fraude
2616 1692 2890 1762 deceptus,
2931 1688 3210 1761 copulatus
3237 1695 3320 1743 est
3346 1685 3485 1753 Lite;

1916 1802 1983 1841 an
2022 1786 2184 1840 etiam
2220 1792 2343 1855 pust
2387 1783 2521 1840 alios
2560 1790 2765 1852 septem
2797 1779 3070 1837 servitutis
3098 1793 3264 1835 annos
3290 1776 3488 1833 Rachel

1834 1854 1885 1917 Β
1910 1854 2235 1948 accepturus
2266 1876 2417 1932 erat?
2451 1905 2522 1915 —
2553 1873 2710 1945 Resp.
2744 1870 2861 1927 Non
2906 1868 3139 1947 [igitur],
3180 1876 3241 1923 ut
3273 1868 3489 1940 quidam

1909 1970 2049 2024 male
2081 1968 2368 2036 aestimant,
2392 1977 2516 2039 post
2536 1974 2742 2036 septem
2768 1979 2937 2021 annos
2950 1963 3085 2020 alios
3113 1959 3313 2019 Rachel
3340 1971 3487 2016 acce-

1909 2060 1990 2130 pit
2016 2074 2267 2123 uxorem;
2299 2060 2391 2113 sed
2412 2066 2533 2127 post
2554 2064 2760 2126 septem
2789 2053 2905 2111 dies
2932 2053 3242 2126 nuptiarum
3272 2050 3491 2123 primas;

1908 2165 2039 2206 nam
2066 2147 2347 2220 sequitur:
2380 2146 2449 2202 Et
2483 2147 2745 2221 ingressus
2779 2153 2853 2199 est
2879 2143 2948 2197 ad
2990 2140 3207 2209 Rachel,
3232 2147 3279 2195 et
3311 2136 3491 2195 dilexit

1916 2236 2107 2320 Rachel
2150 2242 2317 2313 magis
2356 2257 2515 2313 quam
2548 2238 2723 2301 Liam,
2748 2245 2794 2292 et
2825 2236 3030 2292 servivit
3059 2235 3105 2291 ei
3126 2242 3316 2306 septem
3343 2231 3493 2286 annis

1915 2331 2035 2386 aliis
2064 2331 2216 2404 (vers.
2248 2329 2362 2401 30).

1988 2420 2154 2476 Inter.
2182 2419 2308 2477 255.
2330 2416 2459 2493 [An]
2491 2417 2610 2474 duae
2636 2413 2840 2471 ancillae
2874 2412 3007 2469 Bala
3049 2418 3107 2467 et
3134 2409 3338 2483 Zelpha
3365 2421 3490 2465 uxo-

1919 2528 2029 2579 res,
2062 2525 2130 2566 an
2157 2509 2468 2567 concubinae
2498 2506 2736 2565 dicenda
2765 2513 2891 2563 sunt
2919 2501 3071 2579 (Gen.
3098 2501 3300 2570 xxx,4,
3315 2498 3369 2574 9)
3386 2500 3409 2555 ?
3428 2530 3489 2543 -—

1920 2603 2085 2674 Resp.
2125 2602 2287 2657 Forte
2339 2600 2515 2656 omnis
2567 2597 2897 2665 concubina,
2949 2610 3111 2662 uxor;
3169 2609 3275 2649 non
3321 2599 3495 2647 autem

1920 2694 2142 2771 [omnis]
2180 2711 2318 2750 uxor
2350 2692 2671 2758 concubina,
2700 2705 2850 2746 more
2882 2687 3135 2762 loquendi
3174 2686 3230 2743 in
3262 2683 3477 2756 Scriptu

1920 2786 1996 2843 ris
2027 2786 2179 2862 [Ms.,
2209 2781 2657 2856 Scripturarnm],
2692 2782 3010 2854 appellatur,
3030 2780 3085 2835 id
3118 2786 3218 2845 est,
3249 2788 3307 2833 ut
3338 2776 3497 2833 Sarra

1921 2888 1976 2936 et
1999 2878 2264 2943 Rebecca,
2291 2874 2432 2949 [Lia]
2463 2883 2518 2931 et
2541 2874 2741 2930 Rachel
2772 2872 3083 2931 concubina:
3118 2871 3222 2926 diei
3251 2885 3357 2924 non
3377 2883 3491 2939 posv

1923 2967 2031 3025 sint
2061 2986 2075 3022 :
2111 2966 2256 3040 Agar
2299 2979 2429 3021 vero
2476 2971 2532 3021 et
2573 2963 2825 3030 Cethura,
2875 2971 2931 3019 et
2965 2960 3094 3019 Bala
3130 2968 3185 3017 et
3212 2960 3413 3035 Zelpha
3450 2971 3497 3016 et

1925 3080 2123 3125 uxores
2158 3073 2215 3121 et
2238 3061 2570 3121 concubine.

1999 3155 2164 3215 Inter.
2194 3154 2317 3210 254.
2341 3151 2618 3221 Quomodo
2638 3165 2738 3221 pro
2771 3156 2989 3221 aspectu
3026 3147 3301 3219 virgarum
3325 3143 3495 3199 varia-

1927 3261 2046 3305 rum
2086 3243 2219 3299 varii
2265 3256 2519 3315 pecorum
2568 3238 2709 3295 fetus
2756 3238 3120 3297 nascebantur
3173 3235 3325 3309 (vers.
3378 3231 3518 3305 58)“

1922 3364 1993 3376 -
2017 3334 2172 3405 Resp.
2201 3332 2538 3390 Observabat
2574 3328 2741 3387 Iacob
2790 3338 3031 3400 tempora
3065 3327 3267 3403 quibus
3308 3337 3499 3397 pecora

1924 3426 2377 3492 ascendebantur,
2420 3432 2476 3480 et
2516 3430 2639 3495 post
2678 3421 2915 3481 calorem
2959 3419 3067 3477 diei
3106 3419 3175 3476 ad
3214 3417 3500 3490 potandum

1925 3518 2082 3574 avida
2117 3519 2453 3590 pergebant:
2483 3515 2774 3575 discolores
2821 3514 3002 3586 virgas
3045 3511 3136 3571 hic
3173 3510 3409 3582 ponebat
3450 3507 3500 3567 in

1926 3609 2228 3675 canalibus,
2252 3619 2306 3665 et
2323 3609 2574 3665 admissis
2601 3606 2862 3665 arietibus
2890 3612 2945 3662 et
2974 3603 3142 3661 hircis
3175 3603 3229 3658 in
3256 3603 3371 3672 ipsa
3405 3613 3499 3672 po~

1926 3700 2073 3757 tandi
2100 3700 2353 3756 aviditate
2381 3714 2509 3755 oves
2533 3707 2587 3754 et
2614 3713 2805 3770 capras
2827 3696 3060 3753 faciebat
3083 3693 3323 3761 ascendi,
3349 3700 3409 3748 ut
3431 3706 3501 3749 ex

1926 3791 2122 3863 duplici
2152 3791 2441 3859 desiderio,
2479 3791 2606 3847 dum
2644 3789 2799 3845 avide
2838 3786 3029 3845 bibunt
3062 3792 3117 3843 et
3139 3783 3501 3842 ascenduntnr

1927 3900 1957 3945 a
1978 3885 2252 3949 maribus,
2292 3884 2430 3938 tales
2473 3881 2615 3937 fetus
2658 3880 3020 3953 conciperent,
3062 3876 3251 3948 quales
3288 3874 3502 3932 umbras

1928 3976 2158 4031 arietum
2190 3983 2245 4029 et
2268 3973 2541 4031 hircorum
2576 3973 2804 4041 desuper
2830 3967 3231 4026 ascendentium
3259 3966 3313 4021 in
3334 3978 3499 4037 aqua-

1930 4079 2049 4118 rum
2098 4061 2311 4132 speculo
2366 4060 2883 4129 contemplabantur.
2929 4057 3010 4113 Ex
3056 4056 3222 4128 virgis
3262 4054 3407 4110 enim
3455 4053 3504 4108 in

1931 4155 2208 4212 canalibus
2226 4154 2416 4224 positis
2436 4153 2619 4208 varius
2638 4148 2848 4224 [etiam]
2875 4158 2992 4206 erat
3019 4151 3312 4221 imaginum
3338 4144 3504 4202 color.

221 4250 318 4308 ego
346 4239 631 4296 Dominus
659 4240 957 4295 benedicam
984 4256 1070 4295 eos
1100 4237 1287 4314 (Nam.
1329 4258 1404 4310 v1,
1433 4241 1545 4315 27).
1570 4241 1835 4298 Sacerdo—
1931 4246 2045 4303 Nec
2063 4246 2264 4301 mirum
2286 4245 2431 4301 hanc
2465 4245 2522 4300 in
2563 4248 2827 4314 conceptu
2854 4240 3176 4297 feminarum
3204 4248 3324 4294 esse
3352 4242 3499 4292 natu-

220 4326 299 4383 tis
327 4338 422 4387 est
447 4330 781 4387 benedicere
799 4373 814 4399 ,
859 4331 954 4386 Dei
978 4336 1060 4388 est
1084 4328 1330 4388 enectum
1354 4332 1591 4388 tribuere
1615 4331 1834 4388 benedi-
1934 4352 2070 4403 ram,
2098 4344 2157 4390 ut
2180 4335 2366 4409 quales
2389 4333 2783 4409 perspeserint,
2811 4334 2924 4389 sive
2945 4338 3123 4388 mente
3145 4328 3506 4402 conceperint.

220 4420 456 4479 etionis.
485 4420 650 4477 Unde
677 4421 940 4477 intellexit
958 4422 1107 4478 Isaac
1130 4437 1228 4493 per
1250 4423 1498 4494 spiritum
1519 4422 1831 4495 prophetiae,
1864 4462 1869 4465 Α
1932 4426 1990 4483 in
2013 4406 2257 4493 exn-emo
2295 4406 2608 4500 vohxptatis‘
2630 4432 2785 4493 testu,
2833 4439 2939 4496 quo
2979 4421 3306 4494 concipiunt,
3348 4423 3507 4481 talem

219 4524 255 4568 ι
276 4510 400 4569 Deo
427 4512 873 4604 benedictionem
902 4526 1062 4584 super
1080 4514 1342 4571 minorem
1364 4514 1533 4569 ﬁlium
1556 4513 1834 4604 praedesti-
1860 4541 1911 4604 υ
1933 4519 2172 4576 sobolem
2195 4524 2501 4591 procreent,
2529 4532 2654 4575 cum
2693 4518 2798 4575 hoc
2841 4519 3017 4591 ipsum
3055 4516 3220 4572 etiam
3258 4516 3314 4571 in
3343 4526 3514 4589 equa-

219 4616 420 4660 natam
440 4645 460 4670 ,
518 4602 706 4660 dicens
736 4621 751 4658 :
788 4603 1039 4660 Benedixi
1060 4605 1125 4673 ei,
1152 4613 1201 4665 ei
1227 4605 1323 4661 erit
1347 4605 1643 4662 benedictus
1676 4602 1829 4676 (Gen.
1866 4602 1891 4604 ν
1933 4628 2053 4672 mm
2082 4616 2332 4693 gregibus
2358 4615 2497 4687 apud
2524 4613 2793 4685 Hispanos
2830 4610 3044 4669 dicatur
3078 4610 3215 4668 ﬁeri.
3244 4608 3315 4668 Et
3342 4610 3513 4683 Quin~

221 4708 403 4762 XXVII,
434 4692 571 4766 '53)-
1931 4692 2149 4763 tilianus
2175 4708 2231 4762 in
2256 4722 2319 4763 ea
2342 4707 2707 4763 controversia
2734 4725 2746 4760 :
2777 4706 2830 4761 in
2866 4720 2973 4776 qua
3004 4702 3358 4760 accusabatur
3397 4721 3516 4766 ma-

292 4786 486 4843 Inter.
526 4784 653 4842 229.
690 4785 829 4871 ρυίᾳ
860 4793 943 4843 est
969 4786 1111 4859 quod
1145 4785 1309 4845 Iacob
1351 4788 1533 4845 dixit:
1567 4786 1835 4846 Terribilis
1935 4805 2090 4853 troua
2143 4798 2421 4867 quaedam,
2471 4810 2591 4866 qua:
2643 4794 2952 4866 Ethiopem
3006 4798 3291 4867 pepererat
3342 4791 3513 4870 [Hs.,

220 4888 299 4935 est
329 4879 498 4935 locus
529 4878 655 4947 iste,‘
672 4896 777 4935 non
797 4889 871 4935 est
889 4879 973 4935 hic
994 4879 1142 4935 aliud
1165 4880 1266 4937 nisi
1291 4880 1475 4938 domus
1497 4880 1593 4937 Dei
1617 4890 1664 4937 et
1686 4890 1838 4953 porta

222 4970 346 5025 cali
376 4970 558 5044 (Gen.
592 4986 783 5036 xxvut,
809 4970 933 5043 l7)?
967 5001 1040 5013 —-
1069 4970 1225 5042 Resp.
1256 4972 1382 5029 Hmc
1416 4972 1578 5029 verba
1617 4969 1685 5026 ad
1712 4986 1840 5043 pro-

221 5064 495 5135 phetiam
522 5062 811 5134 pertinent,
841 5061 986 5133 quod
1010 5061 1162 5136 [ls.,
1191 5062 1338 5138 quia]
1379 5063 1618 5119 futurum
1641 5072 1758 5118 erat
1784 5063 1840 5118 in

222 5160 387 5212 terra
418 5154 833 5228 promissionis,
879 5156 1049 5211 Deum
1072 5168 1260 5212 verum
1305 5157 1498 5214 timere
1537 5167 1591 5212 et
1639 5155 1838 5223 colere,

222 5245 778 5317 tabernaculumque
816 5247 869 5302 ei
917 5246 1034 5301 ﬁeri
1068 5263 1083 5299 :
1117 5258 1363 5317 eumque,
1411 5248 1503 5319 qui
1549 5255 1632 5304 est
1682 5262 1841 5318 super

219 5338 427 5394 omnia
468 5338 798 5394 benedictus
823 5337 983 5404 Deus,
1025 5335 1250 5407 pedibus
1285 5334 1443 5411 [suis]
1485 5338 1758 5394 ambulare
1784 5337 1841 5393 in

220 5444 313 5486 ea.
344 5430 599 5486 Portam
623 5437 802 5486 autem
836 5429 960 5485 cmli
987 5430 1067 5486 sic
1094 5430 1391 5502 intelligere
1417 5431 1689 5497 debemus,
1723 5438 1843 5485 tan-

217 5538 405 5596 quam
451 5522 596 5580 inde
636 5523 734 5579 ﬁat
772 5525 950 5580 alitus
975 5524 1318 5582 credentibus
1348 5526 1418 5582 ad
1454 5527 1842 5595 capessendum

218 5618 485 5689 ιοειιωίιι
515 5617 801 5674 calorum.
1940 5623 2182 5696 parentis
2212 5620 2393 5695 generi
2418 5619 2574 5696 [Ms.,
2599 5619 2813 5690 utrique
2834 5617 3043 5690 parenti
3080 5614 3391 5693 generique]
3415 5617 3521 5680 dis-

293 5709 498 5770 Inter.
535 5708 662 5767 250.
693 5710 804 5768 Cur
827 5709 995 5769 Iacob
1017 5709 1199 5770 oleum
1227 5711 1365 5789 fudit
1404 5724 1566 5783 super
1589 5711 1840 5781 lapidem,
1945 5714 2195 5780 similem,
2222 5710 2327 5769 nisi
2358 5716 2684 5768 memoratus
2717 5708 2960 5765 medicus
2997 5706 3243 5768 solvisset
3267 5708 3520 5783 quaestio-

218 5816 409 5873 ειη
441 5802 637 5860 erexit
661 5803 722 5860 in
744 5802 959 5865 titulum
978 5801 1136 5865 (ms.
1178 5801 1303 5865 l8)?
1337 5834 1409 5847 -—
1433 5802 1590 5877 Resp.
1626 5802 1743 5863 Non
1774 5816 1845 5861 ex
1947 5822 2087 5877 nem,
2130 5805 2237 5865 illis
2267 5803 2572 5873 admonitis,
2602 5800 2924 5878 quaererent,
2959 5798 3004 5860 si
3032 5799 3171 5860 forte
3196 5800 3371 5875 aliqua
3395 5800 3519 5861 talis

1936 4888 2145 4960 quod...
2167 4882 2483 4961 pepererit],
2522 4901 2623 4959 pro
2656 4884 2966 4944 defensione
3000 4886 3145 4946 illius
3173 4895 3518 4963 argumente-

1935 4988 2048 5047 tur,
2068 4981 2124 5035 in
2145 4978 2250 5035 hoc
2271 4987 2531 5060 conceptu
2565 4972 2724 5053 μη,
2764 4977 2903 5034 banc
2935 4974 3248 5052 conceptus]
3274 4988 3394 5032 esse
3418 4991 3517 5033 na-

1938 5079 2138 5136 turam,
2167 5082 2326 5139 quam
2356 5081 2520 5138 supra
2547 5064 2711 5143 329
2735 5067 2986 5124 diximus.
3025 5064 3095 5124 Et
3124 5064 3294 5125 multa
3322 5064 3515 5125 dicun-

1938 5168 2031 5218 tur
2052 5160 2246 5217 similia
2272 5156 2424 5232 [Ms.,
2447 5156 2718 5233 similiter]
2741 5156 2861 5214 ﬁeri
2882 5158 2937 5217 in
2963 5154 3273 5215 animalium
3295 5152 3512 5213 fetibus.

1939 5250 2094 5326 [Sed]
2115 5259 2170 5307 et
2188 5249 2402 5306 mulieri
2420 5248 2683 5306 accidisse
2708 5246 2955 5314 traditur,
2983 5253 3045 5304 ut
3074 5247 3332 5320 scriptum
3365 5260 3517 5319 repe-

1940 5347 2078 5402 ritur
2098 5346 2155 5400 in
2182 5343 2333 5399 libris
2361 5341 2720 5412 antiquissimi
2746 5349 2799 5397 et
2824 5338 3135 5414 peritissimi
3164 5336 3358 5397 medici
3387 5337 3519 5409 Ilip-

1937 5437 2193 5514 pocratls,
2221 5450 2340 5508 quae
2375 5435 2682 5506 suspicione
2723 5433 2969 5490 adulterii
3006 5428 3182 5491 fuerat
3220 5428 3516 5507 punienda,

1942 5548 2063 5589 cum
2114 5532 2534 5603 pulcherrimum
2584 5545 2812 5602 puerum
2861 5528 3190 5601 peperisset,
3238 5525 3518 5601 utriusque
