4062 6432
591 383 688 444 681

1435 379 1497 434 Β.
1532 375 1596 432 F.
1631 372 1855 431 ALBINI
1894 370 2026 428 SEU
2058 368 2334 425 ALCUINI
2364 369 2648 428 OPERUM
2681 369 2862 428 PARS
2893 371 2957 428 II.

593 503 799 576 pictura
843 505 986 557 esset
1035 497 1089 554 in
1133 495 1431 567 cubiculo;_
1455 507 1558 563 qua
1599 491 1836 552 inventa,
1886 485 2077 540 mulier
2126 499 2157 537 a
2184 489 2232 544 Α
2259 483 2472 552 quidem
2500 489 2703 537 tantum
2738 484 3082 560 timuitEsau
3113 483 3336 541 fratrem
3373 497 3529 540 suum
3561 480 3718 555 (vers.
3743 479 3835 538 7i?

595 594 901 665 suspicione
929 592 1155 646 liberata
1185 595 1286 644 est.

661 684 822 739 Inter.
851 681 976 736 255.
1008 680 1184 746 Quare
1224 675 1387 731 Jacob
1421 673 1583 743 primi
1615 669 1874 740 temporis
1912 683 2006 722 sua
2048 681 2168 720 esse

595 774 780 838 voluit,
806 780 860 827 et
882 770 1114 827 serotina
1145 766 1360 820 Laban?
1397 764 1480 816 vel
1512 761 1662 832 [Ms.,
1692 760 1766 832 et]
1801 773 1898 813 cur
1921 760 2023 812 bac
2055 762 2168 809 arte

596 879 700 920 non
749 876 843 916 sua
901 859 1072 930 magis
1116 856 1298 912 omnia
1349 869 1468 908 esse
1525 852 1775 907 fecit?—
1803 848 1956 918 Resp.
2005 845 2168 901 Jacob

595 953 826 1025 prudens
857 959 910 1005 et
946 948 1168 1004 callidus
1204 945 1463 1015 jusritiam
1505 952 1560 1036 et
1603 943 1914 1011 :equitalem
1943 939 1995 992 in
2034 953 2169 992 nova

596 1052 713 1098 arte
744 1041 1006 1097 servabat.
1034 1037 1090 1094 Si
1116 1038 1261 1107 enim
1287 1051 1475 1091 omnes
1508 1031 1676 1104 agnos
1705 1043 1759 1088 et
1787 1033 1966 1088 liaados
1994 1031 2170 1085 varios

598 1147 792 1203 pecora
822 1136 1215 1200 procreassent,
1247 1136 1365 1181 erat
1411 1125 1591 1194 aliqua
1639 1123 1871 1192 suspicio
1905 1120 2079 1193 [doli],
2119 1128 2172 1177 et

595 1230 778 1292 aperte
810 1221 938 1276 huic
961 1220 1039 1275 rei
1065 1219 1248 1275 Laban
1280 1217 1490 1272 invidus
1522 1217 1881 1271 oontraiisset.
1915 1216 2054 1286 Ergo
2097 1216 2170 1270 ita

596 1313 779 1370 omnia
808 1312 1146 1382 temperavit,
1174 1320 1233 1365 ut
1263 1312 1375 1380 ipse
1404 1309 1634 1364 fructum
1677 1311 1757 1363 sui
1788 1309 1986 1363 laboris
2032 1310 2173 1365 acci-

597 1411 770 1477 peret,
801 1412 856 1460 et
882 1403 1066 1459 Laban
1101 1419 1206 1458 non
1243 1402 1456 1472 penitus
1502 1401 1843 1470 spoliaretur.
1874 1400 1931 1454 Si
1960 1400 2172 1469 quando

595 1514 723 1556 oves
761 1508 816 1554 et
859 1513 1035 1569 capra:
1067 1496 1244 1567 primo
1287 1503 1526 1563 tempore
1567 1493 2013 1556 ascendebantur,
2049 1493 2173 1561 quia

596 1573 793 1650 vernus
821 1601 902 1649 est
928 1592 1087 1658 fetus,
1117 1597 1240 1644 ante
1273 1590 1416 1660 ipsas
1441 1588 1674 1656 ponebat
1714 1588 1908 1658 virgas,
1943 1595 2000 1639 ut
2025 1586 2173 1640 varia

597 1685 809 1741 soboles
846 1691 1177 1738 nasceretur.
1227 1680 1569 1747 Quaecunque
1604 1693 1730 1731 oves
1761 1688 1814 1732 et
1849 1693 2024 1746 caprae
2055 1692 2174 1731 sero

599 1778 910 1850 quaerebant
938 1790 1132 1838 mares,
1175 1782 1298 1827 ante
1338 1773 1528 1826 barum
1559 1769 1740 1824 oculos
1787 1785 1892 1823 non
1921 1769 2169 1838 ponebat,

2262 603 2332 611 —
2356 572 2508 643 Resp.
2542 573 2687 627 Satis
2716 575 2769 628 in
2793 575 2971 629 verbis
2999 575 3238 642 ejusdem
3267 575 3450 641 Jacob,
3473 591 3593 645 quae
3611 589 3836 644 sequun-

2267 671 2370 724 tur,
2406 673 2459 717 et
2486 664 2718 717 humana
2746 664 3050 730 infirmitas,
3083 676 3137 720 et
3166 666 3300 721 fides
3341 667 3556 737 pietatis
3584 674 3836 736 apparet;

2264 764 2325 810 ut
2358 764 2413 810 et
2436 756 2576 810 Deus
2616 757 2865 811 liberaret
2895 759 3023 812 eum
3055 766 3110 812 et
3145 774 3263 828 qua:
3289 759 3535 829 promisit
3573 758 3838 829 impleret.

2265 849 2597 904 Admonendi
2623 865 2808 905 sumus
2838 859 3014 906 tamen
3041 849 3192 922 μίση
3224 851 3389 923 enim]
3436 852 3539 906 hoc
3574 851 3835 922 exemplo,

2267 951 2327 996 ut
2353 943 2597 1012 quamvis
2625 944 2908 999 credamus
2933 946 2986 998 in
3015 945 3201 1009 Deum,
3235 943 3495 1000 faciamus
3519 953 3702 1000 tamen
3727 962 3840 1016 qua:

2269 1033 2508 1087 facienda
2557 1042 2679 1088 sunt
2719 1033 2808 1105 [ab
2860 1035 3187 1107 hominibus]
3241 1036 3293 1090 in
3340 1036 3650 1104 praesidium
3706 1037 3841 1092 salu-

2271 1122 2377 1176 tis:
2406 1132 2465 1177 ut
2491 1124 2960 1193 praetermittentes
2985 1140 3047 1179 ea
3080 1124 3496 1199 Deum_tentare
3530 1140 3640 1179 non
3670 1125 3844 1182 videa-

2271 1226 2416 1265 mur.

2342 1321 2505 1376 Inter.
2549 1321 2672 1375 242.
2700 1321 2976 1388 Quomodo
3012 1338 3141 1395 ergo
3188 1322 3353 1380 Jacob
3397 1325 3466 1379 ab
3508 1340 3574 1380 eo
3612 1325 3846 1395 postulat

2270 1411 2534 1475 benedici,
2569 1411 2651 1465 cui
2679 1411 2932 1467 luctando
2959 1413 3240 1482 praevaluit
3268 1415 3420 1486 (vers.
3451 1414 3576 1487 26)?
3595 1447 3670 1456 —-
3693 1415 3844 1487 Resp.

2273 1499 2460 1570 Magna
2489 1499 2646 1572 [haec]
2682 1509 2764 1556 est
2797 1502 2862 1556 de
2895 1501 3111 1559 Christo
3139 1505 3440 1573 prophetia.
3473 1504 3680 1576 Duplex
3709 1507 3846 1560 enim

2272 1591 2434 1662 330
2460 1590 2590 1663 [hic]
2614 1591 2777 1648 Jacob
2808 1594 3140 1665 intelligitur,
3178 1596 3232 1650 id
3265 1606 3369 1660 est,
3395 1597 3629 1652 carnalis
3663 1606 3720 1652 et
3741 1598 3841 1668 spio

2273 1684 2497 1739 ritualis.
2549 1685 2832 1740 Praevaluit
2866 1687 3007 1742 enim
3046 1687 3208 1743 Jacob
3253 1687 3496 1756 Christo,
3542 1690 3631 1744 vel
3677 1691 3851 1761 potius

2274 1773 2560 1840 prtevalere
2603 1775 2751 1830 visus
2784 1783 2867 1829 est
2910 1791 3071 1846 super
3111 1791 3205 1832 eos
3250 1777 3538 1844 lsraelitas,
3578 1794 3611 1834 .a
3661 1780 3853 1848 quibus

598 1838 660 1924 ut
706 1867 866 1922 unius
914 1865 1108 1922 coloris
1150 1877 1343 1932 pecora
1380 1868 1729 1915 nascerentur
1771 1878 1782 1911 :
1831 1867 1885 1912 et
1925 1858 2176 1928 quicquid
2211 1838 2252 1896 Β
2278 1863 2565 1920 cruciﬁxus
2591 1873 2671 1919 est
2710 1864 2986 1931 Christus;
3021 1869 3168 1921 etab
3198 1883 3262 1921 eo
3289 1867 3627 1923 benedicitur
3665 1838 3855 1939 [lsrae-

600 1958 836 2029 primum
879 1956 1221 2018 nascebatur,
1264 1968 1417 2006 suum
1467 1960 1602 2015 erat,
1638 1951 1762 2020 quia
1803 1949 2056 2021 [discolor
2099 1947 2174 2018 et]

602 2048 813 2102 varium
847 2056 1002 2103 erat:
1031 2046 1283 2116 quicquid
1318 2053 1521 2114 postea,
1560 2043 1780 2098 Laban:
1820 2043 1978 2096 unius
2012 2042 2175 2106 enim,

604 2146 714 2195 tam
744 2137 882 2208 nigri
911 2153 1072 2206 quam
1099 2135 1208 2191 albi
1233 2136 1452 2200 coloris,
1491 2151 1654 2206 pecus
1687 2135 1982 2189 oriebatur.

678 2227 844 2282 Inter.
875 2227 998 2282 256.
1029 2226 1138 2282 Cur
1179 2242 1276 2282 nec
1318 2224 1481 2281 Jacob
1522 2224 1726 2281 fraudis
1767 2226 1820 2278 in
1856 2226 1958 2279 hoc
1992 2223 2178 2297 [facto]

582 2320 909 2394 Iarguendus
937 2319 1050 2374 est?
1080 2349 1151 2358 —
1187 2318 1342 2388 Resp.
1379 2317 1482 2372 Per
1508 2317 1610 2372 hoc
1637 2316 1779 2386 cogit
1813 2317 2010 2386 inquiri
2052 2332 2182 2386 pro--

602 2392 859 2484 phetiam,
909 2420 964 2466 et
1009 2411 1240 2480 aliquam
1294 2410 1575 2480 ﬁguratam
1613 2409 2057 2481 signiﬁcationem
2099 2423 2184 2464 res

605 2501 728 2568 ista,
758 2518 916 2572 quam
948 2502 1063 2558 sine
1089 2501 1250 2556 dubio
1278 2507 1338 2555 ut
1366 2501 1626 2570 propheta
1674 2499 1804 2554 fecit
1848 2499 2033 2555 Jacob.
2065 2499 2184 2555 Non

603 2594 746 2649 enim
776 2593 877 2648 tale
903 2593 1120 2663 aliquid,
1149 2593 1255 2648 nisi
1282 2591 1612 2648 revelatione
1653 2592 1917 2663 spirituali
1953 2607 2076 2648 eum
2108 2590 2186 2648 fe-

611 2684 750 2740 cisse
773 2682 1098 2739 credendum
1127 2691 1229 2738 est.

678 2773 841 2828 Inter.
879 2773 1004 2828 257.
1048 2772 1326 2839 Quomodo
1373 2772 1558 2827 decem
1596 2771 1805 2827 vicibus
1846 2772 1975 2827 dicit
2020 2771 2186 2828 Jacob

607 2879 796 2920 socero
816 2879 933 2927 suo,
957 2871 1194 2917 mutasse
1214 2877 1339 2916 eum
1361 2864 1663 2918 mercedem
1684 2879 1835 2917 suam
1857 2861 2008 2935 (Gen.
2033 2879 2184 2927 xxxr,

607 2954 735 3026 4i)?
755 2985 826 2994 —
846 2954 1002 3024 Resp.
1034 2954 1132 3010 Hic
1160 2962 1244 3008 est
1270 2969 1478 3019 sensus,
1503 2953 1645 3024 quod
1667 2969 1764 3024 per
1789 2954 2026 3023 singulos
2047 2954 2187 3010 fetus

610 3061 822 3116 semper
868 3045 1046 3101 Laban
1097 3045 1454 3100 conditionem
1509 3045 1816 3099 mutaverit.
1871 3043 1927 3098 Si
1975 3045 2188 3099 videbat

612 3137 821 3191 varium
851 3136 997 3192 nasci
1025 3150 1188 3206 pecus
1228 3134 1370 3208 [post
1407 3133 1595 3207 fetum]
1633 3134 1877 3189 dicebat:
1906 3132 2037 3187 Nolo
2068 3131 2182 3204 [F.,

611 3228 754 3300 volo]
786 3229 838 3283 in
862 3228 1101 3284 futurum
1123 3229 1272 3282 varia
1304 3228 1431 3282 mihi
1463 3236 1773 3282 nascantur.
1805 3227 2038 3281 Rursum
2063 3241 2185 3281 cum

607 3317 829 3372 vidisset
863 3319 1019 3373 unius
1064 3317 1260 3372 coloris
1305 3317 1451 3371 nasci
1493 3332 1687 3387 pecora
1725 3315 1913 3388 [Jacob
1952 3331 2182 3385 quoque,

612 3408 714 3462 hoc
743 3407 944 3471 audito,
978 3409 1157 3478 virgas
1196 3409 1249 3462 in
1291 3408 1568 3464 canalibus
1605 3425 1709 3463 non
1748 3407 2001 3480 ponebat]
2039 3407 2185 3463 dice-

609 3501 704 3556 bat
738 3517 749 3553 :
791 3499 1000 3555 futuros
1024 3501 1165 3555 fetus
1210 3502 1366 3555 unius
1407 3501 1601 3556 coloris
1635 3517 1829 3569 pecora
1882 3501 2012 3554 mihi
2063 3516 2189 3570 pro-

612 3592 890 3646 creabunt.
920 3591 985 3645 Et
1012 3592 1139 3660 quid
1169 3591 1355 3661 plura?
1383 3608 1550 3661 usque
1571 3593 1638 3646 ad
1666 3593 1849 3647 decem
1880 3593 2024 3647 vices
2049 3607 2188 3646 sem-

610 3694 707 3748 per
731 3679 782 3750 [a
811 3680 988 3733 Laban
1015 3681 1226 3749 pecoris
1253 3680 1356 3752 sui]
1383 3679 1548 3734 Jacob
1573 3689 1779 3735 mutata
1806 3682 2044 3736 conditio
2067 3691 2147 3736 est
2170 3699 2182 3736 :

612 3776 668 3823 et
687 3769 1041 3840 quodcunque
1069 3771 1170 3825 sibi
1204 3779 1557 3839 preposuerat
1595 3771 1799 3837 Laban,
1845 3780 1904 3825 ut
1941 3788 2190 3827 nascere-

610 3868 721 3926 tur,
745 3861 798 3914 in
820 3861 1148 3916 contrarium
1179 3860 1414 3916 colorem
1442 3863 1768 3916 vertebatur.
1798 3862 1875 3916 Ne
1900 3862 1985 3916 cui
2011 3871 2188 3917 autem

613 3952 669 4009 in
707 3944 801 4008 sex
833 3954 987 4008 annis
1034 3955 1218 4008 decem
1255 3955 1495 4022 pariendi
1527 3955 1673 4009 vices
1720 3953 2065 4011 incredibiles
2111 3955 2192 4010 vi-

611 4045 857 4110 deantur,
888 4044 1004 4116 lege
1039 4044 1341 4114 Virgilium,
1384 4045 1437 4098 in
1466 4059 1572 4113 quo
1601 4044 1798 4100 dicitur
1828 4061 1843 4099 :

979 4158 1063 4207 Bis
1085 4157 1300 4219 gravida
1325 4157 1642 4220 pecudes.....

611 4257 812 4315 Natura
839 4265 1018 4314 autem
1042 4257 1349 4314 Italicarum
1371 4259 1550 4314 ovium
1578 4266 1632 4314 et
1661 4256 2056 4326 Mesopotamiae
2083 4271 2190 4312 una

617 4364 737 4405 esse
763 4348 1097 4418 perhibetur.

697 4437 862 4491 Inter.
891 4437 1018 4494 258.
1052 4436 1228 4503 Quare
1263 4437 1538 4492 constituit
1573 4436 1737 4492 Jacob
1765 4437 1992 4506 lapidem
2037 4453 2197 4507 super

617 4529 832 4587 titulum
859 4526 1012 4602 (vers.
1038 4528 1125 4600 45)
1142 4530 1164 4582 ?
1181 4551 1250 4568 -ι-
1276 4528 1431 4598 Resp.
1457 4529 1749 4598 Diligenter
1773 4530 2198 4584 animadverteu-
2227 4557 2274 4617 ι)

619 4620 748 4677 dum
781 4627 865 4675 est
893 4620 1034 4691 quod
1064 4619 1197 4674 istos
1225 4619 1411 4674 titulos
1450 4620 1504 4674 in
1546 4619 1624 4674 rei
1654 4618 2021 4690 cujuscunque
2049 4620 2198 4676 testi-

620 4711 862 4767 monium
889 4711 1305 4772 constituebant,
1334 4726 1439 4765 non
1465 4720 1525 4767 ut
1561 4726 1654 4766 eos
1687 4725 1785 4782 pro
1808 4710 1909 4767 diis
1939 4710 2196 4780 colerent,

619 4803 714 4858 sed
737 4810 798 4858 ut
821 4803 901 4858 eis
927 4802 1130 4874 aliquid
1159 4802 1543 4874 signiﬁcarent.

690 4890 857 4947 Inter.
878 4891 1003 4947 259.
1037 4892 1176 4960 Quid
1223 4909 1306 4948 εει
1347 4895 1488 4964 quod
1517 4895 1680 4951 Jacob
1701 4896 1903 4968 juraeit
1929 4915 2022 4970 per
2048 4900 2202 4954 timo-

623 4999 733 5040 rem
759 4984 926 5056 patris
963 4985 1046 5039 sui
1086 4982 1243 5039 Isaac
1273 4985 1424 5057 (vers.
1467 4985 1592 5059 53)?
1617 5018 1688 5028 —
1715 4987 1870 5059 Resp.
1897 4988 1998 5045 Per
2032 4990 2200 5045 Deum

618 5075 826 5145 utique,
865 5090 1026 5145 quem
1065 5075 1286 5131 timebat
1332 5075 1481 5132 isaac
1516 5085 1671 5148 pater
1715 5077 1849 5146 ejus,
1891 5078 2079 5148 jurare
2119 5081 2200 5134 in-

619 5165 897 5235 telligitur.
921 5165 1092 5234 Quem
1117 5168 1363 5224 timorem
1399 5169 1564 5224 etiam
1592 5170 1836 5239 superius
1859 5172 2200 5226 commenda-

617 5256 710 5321 vit,
741 5270 867 5311 cum
906 5255 1142 5315 diceret:
1176 5258 1314 5313 Deus
1344 5261 1509 5329 patris
1548 5260 1648 5314 mei
1684 5259 1928 5328 Abrahw,
1959 5271 2008 5316 et
2046 5262 2201 5316 timor

623 5347 791 5418 patris
821 5349 923 5402 mei
950 5347 1106 5403 Isaac
1136 5347 1289 5420 (vers.
1321 5348 1432 5419 42).

692 5435 858 5492 Inter.
884 5436 1009 5492 240.
1041 5438 1170 5505 Qua:
1197 5448 1323 5494 sunt
1348 5446 1524 5493 castra
1569 5439 1683 5504 Dei,
1715 5456 1834 5509 qua:
1878 5441 2010 5496 vidit
2034 5441 2202 5500 Jacob

617 5526 674 5582 in
709 5527 900 5584 itinere
930 5527 1084 5602 (Gen.
1122 5545 1298 5595 χχχιι,
1344 5531 1394 5594 1,
1423 5530 1515 5602 2)?
1542 5561 1611 5569 —
1641 5531 1797 5601 Resp.
1845 5533 2000 5587 Nulla
2049 5535 2200 5591 dubi-

617 5621 753 5676 tatio
777 5629 862 5676 est
884 5621 1013 5690 quin
1044 5623 1355 5692 angelorum
1385 5621 1547 5676 fuerit
1568 5622 1873 5677 multitudo.
1903 5625 1980 5679 Ea
2006 5627 2202 5698 quippe

619 5711 674 5767 in
704 5703 1000 5784 Scripturis
1023 5715 1214 5770 militia
1241 5716 1362 5771 σαξΙί
1385 5715 1651 5770 nominari
1683 5715 1837 5770 solet.

602 5888 611 5902 ι
689 5801 856 5862 Inter.
885 5804 1012 5862 241.
1043 5806 1320 5885 Quomodo
1343 5807 1501 5894 ﬁdem
1527 5805 1934 5894 habyintniacob,
1961 5815 2194 5886 quando-
2222 5892 2231 5897 _

2279 1955 2478 2028 liticus]
2503 1958 2555 2010 in
2580 1957 2658 2011 eis
2679 1957 2770 2026 qui
2791 1957 3132 2012 crediderunt
3155 1959 3208 2012 in
3238 1958 3541 2024 Christum;
3571 1974 3641 2014 ex
3663 1961 3855 2028 quibus

2279 2053 2393 2100 erat
2417 2045 2508 2114 qui
2534 2045 2743 2100 dicebat
2777 2063 2788 2099 :
2823 2046 2890 2099 Et
2922 2063 3013 2116 ego
3043 2046 3285 2102 Israelita
3315 2065 3379 2103 ea:
3403 2066 3588 2120 genere
3615 2051 3851 2114 Abralue,

2279 2153 2343 2192 ex
2369 2137 2506 2190 tribu
2542 2137 2820 2207 Benjamin
2859 2135 3036 2208 (Rom.
3083 2154 3161 2203 ιι,
3208 2138 3281 2206 1).
3332 2139 3482 2196 Unus
3525 2156 3659 2211 ergo
3701 2150 3856 2210 atque

2281 2229 2422 2283 idem
2445 2227 2609 2284 Jacob
2635 2237 2688 2282 et
2713 2229 2935 2284 claudus
2971 2237 3025 2284 et
3051 2231 3361 2286 benedictus
3390 2250 3403 2285 :
3441 2232 3668 2288 claudus
3697 2233 3751 2286 in
3785 2232 3857 2286 la-

2281 2325 2509 2382 titudine
2545 2325 2783 2389 femoris,
2840 2332 3092 2394 tanquam
3149 2324 3203 2378 in
3249 2322 3590 2378 multitudine
3628 2322 3854 2393 galeris,

2283 2418 2348 2472 de
2380 2433 2486 2486 quo
2513 2417 2716 2471 dictum
2745 2423 2864 2471 est:
2895 2425 2943 2470 et
2971 2413 3393 2469 claudicaverunt
3438 2431 3470 2466 a
3513 2412 3713 2466 semitis
3754 2411 3858 2466 suis

2285 2508 2454 2579 (Psal.
2504 2525 2633 2572 xvu,
2683 2506 2796 2580 26).
2841 2507 3160 2562 Benedictus
3196 2514 3374 2560 autem
3416 2504 3471 2559 in
3509 2505 3614 2568 eis,
3651 2502 3858 2573 dequi-

2284 2601 2385 2655 bus
2407 2601 2606 2655 dictum
2630 2609 2713 2654 est
2744 2617 2756 2652 :
2793 2597 3045 2668 Reliquit:
3067 2614 3159 2667 per
3181 2595 3477 2652 electionem
3498 2595 3689 2666 gratia:
3708 2592 3858 2649 salsa

2284 2691 2440 2761 facta:
2473 2699 2594 2744 sunt
2631 2688 2805 2760 (Rom.
2830 2704 2928 2753 xu,
2957 2687 3032 2759 5).

2356 2823 2520 2877 Inter.
2545 2823 2666 2877 243.
2683 2821 2812 2889 Quae
2834 2829 3100 2876 estcausa
3128 2817 3392 2873 immutati
3419 2791 3654 2872 nominis
3677 2815 3858 2881 Jacob,

2286 2921 2345 2968 ut
2371 2913 2532 2968 Israel
2561 2920 2844 2967 vocaretur
2883 2910 3034 2984 (Gen.
3071 2925 3242 2974 xxx",
3275 2908 3402 2982 28)?
3427 2939 3497 2948 —
3518 2907 3679 2979 Resp.
3705 2907 3861 2962 Varia

2287 3010 2443 3080 hujus
2482 3009 2712 3064 nominis
2752 3007 3120 3078 interpretatio
3157 3005 3484 3069 :estimatur;
3535 3002 3631 3058 scd
3677 3004 3864 3058 beatus

2287 3099 2642 3170 Hieronymus
2695 3099 2875 3153 taliter
2921 3098 2987 3153 de
3037 3096 3154 3165 ejus
3203 3095 3645 3164 interpretatione
3692 3095 3860 3148 dixit:

2213 3189 2258 3253 C
2289 3207 2476 3247 sensus
2525 3191 2701 3258 itaque
2743 3190 2829 3244 hic
2871 3197 2953 3244 est
2983 3207 2995 3242 :
3025 3204 3132 3243 non
3162 3188 3441 3242 vocabitur
3479 3200 3677 3241 nomen
3720 3195 3864 3240 tuum

2289 3281 2678 3351 supplantator,
2712 3281 2812 3334 hoc
2849 3288 2946 3343 est,
2976 3278 3172 3344 Jacob;
3203 3279 3294 3332 sed
3321 3277 3600 3331 vocabitur
3618 3278 3864 3347 princeps

2286 3386 2408 3425 cum
2439 3370 2567 3434 Deo,
2590 3372 2693 3424 hoc
2722 3377 2822 3432 est,
2875 3369 3052 3423 lsrael.
3090 3367 3368 3435 Quomodo
3404 3366 3547 3420 enim
3594 3382 3696 3437 ego
3726 3367 3865 3436 prin-

2288 3474 2412 3528 ceps
2438 3475 2574 3523 sum,
2616 3459 2693 3514 sic
2727 3457 2827 3530 [et]
2865 3466 2942 3523 tu,
2991 3458 3084 3527 qui
3131 3473 3338 3512 mecum
3384 3456 3579 3512 luctari
3627 3457 3865 3527 potuisti,

2285 3548 2533 3617 princeps
2560 3548 2859 3602 vocaberis.
2911 3546 2969 3601 Si
3011 3554 3191 3600 autem
3223 3561 3344 3600 cum
3386 3546 3493 3600 Deo
3528 3546 3644 3601 sive
3685 3545 3864 3617 angelo

2290 3637 2564 3708 (quoniam
2593 3638 2834 3706 plerique
2859 3639 3009 3692 varie
3039 3637 3478 3708 interpretantur)
3509 3653 3752 3708 pugnare
3774 3653 3864 3708 po-

2292 3729 2459 3793 tuisti,
2491 3738 2692 3799 quanto
2717 3731 2886 3800 magis
2911 3745 3030 3786 cum
3070 3731 3394 3796 hominibus,
3425 3732 3527 3786 hoc
3565 3739 3669 3797 est,
3703 3730 3862 3804 [cum]

2289 3820 2447 3884 Esau,
2483 3819 2685 3893 [quem]
2719 3821 3011 3877 formidare
3040 3837 3148 3876 non
3187 3821 3365 3877 debes.

2362 3953 2527 4007 Inter.
2559 3953 2684 4008 244.
2720 3954 2859 4021 Quid
2891 3953 3015 4026 [sibi
3042 3953 3176 4026 vult]
3213 3957 3355 4025 quod
3381 3954 3547 4011 Jacob
3583 3955 3661 4010 ait
3697 3955 3868 4028 [fratri

2292 4043 2414 4116 suo]
2446 4062 2458 4095 :
2494 4043 2583 4099 Sic
2609 4045 2710 4098 vidi
2739 4045 2923 4115 faciem
2951 4055 3114 4111 tuam,
3139 4047 3287 4116 quasi
3312 4046 3534 4100 viderem
3559 4046 3747 4116 faciem
3773 4045 3869 4101 Dei

2295 4131 2446 4202 (Gen.
2478 4149 2670 4197 xxxm,
2693 4133 2798 4206 10).
2824 4134 3016 4194 Utrum
3040 4135 3282 4204 paventis
3307 4142 3360 4189 et
3379 4135 3680 4203 perturbati
3709 4132 3870 4189 animi

2296 4225 2458 4279 verba
2495 4240 2662 4293 usque
2697 4225 2752 4278 in
2791 4226 2930 4279 hanc
2964 4226 3322 4282 adulationem
3370 4227 3768 4296 proruperunt?
3803 4255 3871 4268 —

2301 4315 2453 4386 Resp.
2497 4317 2622 4370 Hmc
2665 4318 2826 4371 verba
2877 4317 3115 4371 fraterna
3159 4327 3284 4371 sunt
3323 4325 3377 4372 et
3425 4319 3659 4389 benigno
3698 4318 3872 4373 animo

2297 4407 2456 4469 dicta,
2497 4407 2749 4475 quoniam
2787 4416 2907 4477 post
2933 4408 3217 4479 benignam
3263 4409 3659 4478 susceptionem
3704 4417 3873 4465 metus

2297 4497 2410 4567 ipse
2449 4499 2756 4552 transierat.
2799 4498 2864 4551 Et
2899 4499 3145 4553 fortassis
3174 4499 3267 4552 Dei
3313 4500 3529 4553 nomine
3566 4500 3873 4569 angelorum

2299 4587 2530 4656 aliquem
2558 4588 2639 4642 vel
2675 4597 2980 4644 sanctorum
3009 4588 3161 4660 μίση
3211 4588 3294 4644 vel
3332 4589 3574 4661 aliquem.
3605 4587 3871 4661 sanctum]

2298 4681 2401 4735 hoc
2439 4681 2556 4735 loco
2594 4681 2890 4752 intelligere
2917 4682 3196 4747 debemus,
3227 4683 3519 4738 secundum
3541 4682 3871 4751 Apostolum,

2298 4772 2388 4840 qui
2416 4772 2549 4826 dixit
2574 4787 2587 4824 :
2616 4772 2730 4825 Etsi
2755 4783 2874 4826 sunt
2896 4774 2984 4842 qui
3009 4773 3257 4827 dicuntur
3277 4773 3373 4837 dii,
3403 4774 3507 4827 sive
3527 4775 3583 4826 in
3606 4772 3754 4838 caalo,
3775 4773 3876 4827 sive

2298 4859 2351 4914 in
2374 4869 2532 4923 terra,
2557 4860 2988 4930 quemadmodum
3021 4871 3139 4916 sunt
3160 4861 3234 4916 dii
3261 4861 3414 4916 multi
3435 4872 3481 4916 et
3507 4862 3708 4918 domini
3729 4861 3878 4918 multi

2300 4947 2350 5020 (Ι
2383 4949 2502 5003 Cor.
2530 4965 2650 5016 vm,
2684 4950 2761 5023 5).

2368 5059 2532 5115 Inter.
2567 5062 2690 5116 245.
2718 5061 2995 5128 Quomodo
3031 5064 3279 5135 promisit
3303 5064 3471 5120 Jacob
3499 5064 3654 5120 fratri
3683 5081 3803 5132 suo,
3821 5073 3880 5122 ut

2299 5163 2615 5224 sequeretur
2663 5156 2887 5227 vestigia
2927 5156 3045 5226 ejus
3091 5173 3213 5212 cum
3257 5157 3361 5212 alio
3405 5158 3596 5213 itinere
3643 5159 3883 5215 tenderet

2303 5245 2454 5316 (Gen.
2498 5263 2691 5312 xxxm,
2734 5248 2859 5320 i4)?
2885 5279 2954 5289 —
2977 5249 3133 5320 Resp.
3177 5249 3338 5305 Forte
3369 5252 3433 5306 ad
3471 5252 3660 5306 horam
3694 5267 3881 5322 seque-

2300 5340 2578 5395 batur.Vel
2599 5341 2772 5411 primo
2798 5341 3000 5414 [veraci
3027 5342 3228 5415 animo]
3250 5344 3589 5412 promiserat,
3617 5345 3714 5400 sed
3738 5345 3882 5400 aliud

2300 5439 2485 5502 postea
2517 5429 2822 5502 [cogitando
2849 5431 3040 5504 [Edit.,
3068 5433 3360 5506 cogitabat]
3389 5433 3626 5506 delegit].

2373 5546 2536 5600 Inter.
2562 5546 2686 5600 246.
2711 5545 2986 5612 Quomodo
3013 5547 3118 5601 duo
3141 5547 3233 5601 ﬁlii
3259 5545 3425 5602 Jacob
3448 5557 3654 5602 tantam
3683 5549 3884 5604 caedem

2301 5642 2356 5689 et
2379 5634 2826 5703 depraedationem
2855 5651 2953 5704 per
2979 5651 3037 5691 se
3077 5637 3133 5690 in
3181 5645 3324 5692 terra
3360 5638 3534 5693 aliena
3577 5637 3758 5694 facere
3790 5654 3888 5708 po-

2303 5733 2521 5780 tuerunt
2548 5725 2700 5797 (Gen.
2731 5741 2917 5793 xxxiv,
2948 5727 3076 5798 25)?
3099 5758 3171 5769 ——
3191 5727 3346 5800 Resp.
3377 5728 3662 5784 Multitudo
3693 5727 3885 5802 [enim]

2277 5835 2408 5899 [non
2452 5834 2617 5890 parva
2657 5826 2776 5881 erat
2818 5834 2942 5878 cum
2985 5817 3170 5889 Jacob,
3223 5821 3315 5896 qui
3357 5821 3649 5892 plurimum
3685 5821 3893 5880 ditatus
