4064 6342
231 329 322 398 555

819 335 1228 393 EXEGETICA.
1265 364 1339 376 —
1372 332 1749 390 nmmos.
1790 330 1881 385 ET
1915 331 2248 390 nnsroa's.
2285 332 2356 389 IN
2391 334 2672 404 omns,
2705 297 2864 394 Ero.

3379 339 3486 394 554

232 450 354 505 fuit:
382 445 477 502 sed
502 444 601 500 filii
626 443 744 514 ejus
767 444 823 500 in
848 445 954 501 hoc
976 443 1121 500 facto
1148 444 1515 508 nominantur,
1541 443 1633 513 qui
1653 440 1799 512 ejus-
1823 439 1882 501 Δ
1903 441 2074 496 noluit
2117 440 2365 500 habitare
2397 460 2522 500 cum
2571 447 2889 516 parentibus
2936 446 3068 513 suis,
3117 446 3276 521 [sive]
3305 463 3373 504 ex
3399 450 3492 506 illa

231 543 336 598 dem
373 536 503 593 facti
537 537 812 608 principes
846 546 902 591 et
930 544 1182 592 auctores
1215 534 1454 590 fuerunt.

291 631 452 686 Inter.
483 629 609 684 247.
638 629 778 697 Quid
803 637 888 685 est
911 629 1057 700 quod
1080 627 1248 685 Iacob
1275 628 1411 684 dixit
1435 626 1616 683 domui
1643 641 1752 682 suae
1783 644 1796 680 :

227 723 467 795 Projicite
504 721 628 776 deos
657 721 856 776 alienos
892 721 982 792 qui
1010 722 1065 775 in
1104 720 1276 774 medio
1305 729 1428 775 sunt
1465 719 1618 774 vestri
1644 717 1798 791 (Gen.

224 831 374 882 xxxv,
405 814 498 888 2)?
523 817 591 870 Et
624 816 821 871 iterum
852 833 865 870 :
906 815 1173 870 Dederunt
1210 816 1258 869 ei
1290 831 1466 870 omnes
1507 815 1630 870 deos
1666 813 1798 869 alie-

224 926 324 972 nos,
348 923 479 978 quos
503 906 782 972 habebant,
813 915 861 960 et
889 907 1100 961 inaures
1125 922 1243 978 quae
1275 907 1330 960 in
1369 905 1585 959 auribus
1619 921 1800 960 eorum

221 1008 357 1055 erant
388 999 542 1072 (vers.
577 997 655 1071 ι).
685 999 815 1066 Quae
842 999 888 1056 si
914 1007 1232 1056 ornamenta
1267 1008 1439 1065 erant,
1472 1001 1540 1055 ad
1576 999 1800 1054 idolola-

222 1090 368 1145 triam
406 1104 513 1144 non
543 1090 919 1159 pertinebant?
940 1121 1012 1130 —
1038 1089 1196 1162 Resp.
1243 1092 1649 1162 Intelligendum
1691 1101 1798 1159 est,

219 1181 308 1235 bas
351 1179 572 1236 inaures
614 1179 948 1252 phylacteria
997 1180 1163 1235 fuisse
1207 1181 1428 1238 deorum
1477 1181 1795 1237 alienorum.

217 1269 341 1325 Nam
376 1268 679 1325 Rebeccam
716 1285 747 1324 a
788 1285 945 1326 servo
991 1271 1222 1326 Abrahae
1263 1272 1479 1328 inaures
1529 1273 1801 1343 accepisse

215 1361 488 1433 Scriptura
516 1370 746 1418 testatur
775 1381 786 1417 :
819 1363 962 1434 quod
1007 1379 1113 1419 non
1144 1362 1319 1430 ﬁeret,
1367 1364 1413 1420 si
1460 1364 1541 1420 eis
1583 1365 1801 1419 inaures

213 1453 404 1508 habere
440 1455 748 1509 ornamenti
792 1454 968 1525 gratia
1015 1469 1123 1510 non
1168 1453 1375 1510 liceret.
1411 1455 1553 1526 Ergo
1577 1454 1684 1510 illae
1717 1453 1802 1509 in-

211 1563 384 1613 aures,
413 1563 745 1618 quazcunque
770 1547 965 1620 [Edit.,
989 1563 1110 1618 qua:
1128 1546 1277 1621 cum]
1310 1547 1467 1603 idolis
1495 1548 1632 1603 datae
1651 1554 1794 1612 sunt,

209 1648 264 1695 ut
289 1624 499 1695 dictum
526 1648 630 1706 est,
652 1639 920 1694 idolorum
947 1640 1282 1712 phylacteria
1305 1638 1546 1695 fuerunt.

271 1734 439 1790 Inter.
467 1734 591 1790 248.
625 1735 805 1803 Quare
829 1735 1067 1790 secundo
1103 1734 1300 1789 dicitur
1339 1733 1408 1788 ad
1446 1732 1611 1789 Iacob
1639 1733 1791 1806 (vers.

1903 534 2326 590 commutatione
2379 533 2530 607 [Hs.,
2587 536 2974 609 commotione]
3025 553 3131 608 qua
3187 539 3404 597 dolebat
3433 557 3493 599 se

1900 623 2275 682 benedictione
2322 625 2676 696 fraudatum;
2709 629 2822 685 sive
2880 645 3046 686 causa
3099 645 3332 688 uxorum
3367 648 3493 690 sua-

1901 729 2045 779 rum,
2073 729 2209 783 quas
2249 714 2466 770 odiosas
2512 717 2730 772 videbat
2757 733 2879 774 esse
2920 721 3260 790 parentibus,
3289 729 3346 778 et
3382 738 3494 781 caa—

1899 814 2057 875 perat
2082 806 2332 862 habitare
2354 807 2408 861 in
2456 816 2637 864 monte
2660 807 2800 890 Seir.
2849 809 3054 866 Deinde
3093 822 3216 882 post
3257 813 3492 869 reditum

1899 893 2068 951 Iacob
2096 898 2285 953 fratris
2313 898 2419 964 sui,
2479 899 2624 954 facta
2668 900 2812 956 inter
2840 914 2934 957 eos
2961 904 3272 974 concordia,
3309 919 3494 960 rever-

1900 1000 1996 1041 sus
2025 993 2110 1041 est
2136 995 2191 1042 et
2239 987 2355 1058 ipse
2385 989 2455 1043 ad
2489 999 2786 1060 parentes;
2821 1000 2879 1047 et
2921 999 3047 1047 c'um
3095 1003 3368 1051 mortuum
3394 1011 3490 1067 pa-

1900 1085 2040 1131 trem
2071 1078 2232 1132 simul
2280 1079 2618 1150 sepelissent,
2665 1082 2792 1154 quia
2816 1098 2910 1139 eos
2957 1084 3250 1154 plurimum
3293 1087 3494 1143 ditatos

1900 1175 2050 1224 terra
2079 1169 2192 1237 illa,
2222 1171 2364 1227 sicut
2385 1174 2647 1244 scriptum
2665 1183 2770 1243 est,
2799 1175 3023 1232 minime
3068 1179 3340 1249 capiebat,
3371 1181 3495 1235 abs-

1899 1261 2064 1316 cessit
2095 1277 2285 1318 rursus
2311 1263 2368 1318 in
2391 1261 2536 1332 Seir,
2565 1273 2620 1327 et
2658 1266 2730 1321 ibi
2771 1257 3091 1338 propagavit
3130 1277 3344 1340 gentem
3372 1271 3495 1326 ldu-

1901 1366 2182 1407 magorum.

1973 1443 2141 1502 Inter.
2193 1447 2318 1504 255.
2369 1447 2539 1504 Erant
2580 1449 2802 1524 [autem]
2852 1451 2951 1520 ﬁlii
3001 1452 3169 1508 Iacob
3217 1454 3493 1510 duodecim

1903 1532 2058 1606 (Gen.
2084 1553 2252 1605 xxxv,
2290 1537 2384 1612 22)
2408 1556 2424 1607 ;
2454 1549 2510 1595 et
2538 1542 2866 1612 computatis
2885 1544 3156 1610 omnibus,
3179 1545 3492 1616 Benjamin-

1900 1644 2029 1698 que,
2059 1637 2116 1684 et
2139 1630 2372 1686 addidit:
2405 1630 2476 1685 Hi
2499 1631 2598 1694 ﬁlii
2625 1632 2811 1703 Iacob,
2839 1635 2929 1705 qui
2955 1636 3068 1689 nati
3093 1646 3212 1690 sunt
3239 1638 3288 1692 ei
3299 1638 3354 1692 in
3376 1618 3496 1693 ’Με-

1899 1722 2192 1789 sopotamia
2241 1720 2418 1792 Syriae
2469 1726 2624 1795 (vers.
2654 1723 2786 1792 26);
2839 1739 2864 1767 α
2896 1727 3023 1783 dum
3051 1737 3270 1785 constat
3298 1729 3493 1802 Benja-

209 1825 291 1898 l0)
337 1845 352 1881 :
394 1821 519 1881 an
559 1826 820 1882 vocaberis
865 1825 1050 1892 Iacob,
1107 1825 1198 1879 sed
1245 1823 1417 1879 Israel
1459 1827 1558 1879 erit
1606 1841 1796 1880 nomen

1901 1809 2015 1864 min
2035 1819 2224 1866 natum
2250 1827 2373 1869 esse
2394 1814 2449 1868 in
2475 1813 2806 1883 Cbananaaa,
2836 1819 3105 1887 quomodo
3133 1827 3263 1875 tunc
3291 1821 3492 1876 duode-

205 1925 346 1970 tuum
375 1933 395 1971 :
423 1927 470 1970 et
498 1915 772 1988 appellavit
797 1933 916 1970 eum
949 1915 1162 1971 Israel?
1181 1946 1253 1956 —
1276 1914 1435 1987 Resp.
1462 1915 1674 1972 Dudum
1703 1933 1797 1972 ne-

205 2021 468 2076 quaquam
505 2007 555 2062 ei
592 2007 662 2062 ab
695 2005 886 2078 angelo
918 2021 1115 2061 nomen
1164 2005 1480 2076 imponitur,
1518 2005 1614 2061 sed
1650 2006 1796 2077 quod

184 2094 584 2166 imponendum
632 2098 704 2154 sit
745 2098 796 2154 ei
835 2113 866 2152 a
910 2099 1020 2154 Deo
1063 2098 1398 2169 praedicitur.
1434 2097 1589 2166 Quod
1630 2098 1797 2168 igitur

203 2186 319 2262 [ibi]
349 2189 590 2246 futurum
615 2191 970 2261 promittitur,
994 2191 1124 2246 hinc
1147 2190 1347 2246 dicitur
1379 2191 1672 2261 expletum.
1695 2190 1794 2245 Ni-

197 2277 398 2335 mirum
427 2295 625 2336 nomen
662 2283 766 2336 hoc
788 2281 858 2335 ad
883 2279 1031 2334 illam
1076 2287 1224 2336 recte
1259 2279 1580 2352 intelligitur
1619 2281 1792 2352 perti-

195 2385 326 2425 nere
356 2371 792 2441 promissionem,
819 2370 911 2425 ubi
933 2371 1014 2425 sic
1038 2370 1310 2425 videbitur
1331 2369 1496 2437 Deus,
1525 2370 1796 2440 quomodo

191 2475 302 2515 non
332 2468 421 2515 est
454 2469 580 2514 ante
613 2477 644 2514 a
672 2461 918 2530 patribus
943 2461 1056 2516 suis
1081 2461 1252 2516 visus.

262 2551 439 2606 Inter.
468 2553 595 2608 249.
623 2552 753 2620 Quae
775 2561 858 2608 est
881 2551 1108 2619 Effrata,
1134 2553 1224 2607 ubi
1249 2550 1417 2608 Iacob
1439 2551 1640 2608 Rachel
1662 2567 1797 2607 uxo-

187 2656 309 2700 rem
349 2658 505 2698 suam
538 2644 843 2699 condidisse
867 2645 1072 2699 dicitur“
1097 2641 1247 2715 (vers.
1276 2643 1364 2710 19,
1387 2643 1517 2716 20)?
1541 2675 1613 2684 —-
1635 2643 1793 2716 Resp.

194 2733 400 2789 Eﬁ‘rata
437 2743 491 2788 et
518 2735 795 2790 Bethleem
837 2736 998 2790 unius
1040 2736 1192 2791 verbi
1233 2736 1555 2792 vocabulum
1584 2744 1668 2792 est
1694 2737 1796 2792 sub

197 2825 642 2894 interpretatione
685 2827 951 2882 consimili
998 2846 1010 2881 :
1063 2827 1328 2898 siquidem
1373 2829 1428 2883 in
1479 2828 1796 2900 frugiferam

199 2917 442 2983 domum,
478 2926 533 2974 et
561 2919 778 2974 domum
803 2920 960 2990 panis
998 2920 1247 2986 vertitur,
1277 2928 1499 2992 propter
1537 2936 1662 2977 eum
1698 2938 1794 2993 pa-

199 3025 320 3065 nem
344 3009 441 3080 qui
468 3011 535 3066 de
555 3010 694 3066 coelo
717 3011 1061 3067 descendisse
1087 3011 1303 3068 dicitur.

263 3123 438 3178 Inter.
461 3121 588 3178 250.
629 3122 732 3178 Ubi
768 3130 850 3178 est
872 3123 1037 3177 turris
1063 3123 1268 3196 gregis,
1284 3122 1441 3192 juxta
1465 3138 1630 3192 quam
1652 3122 1790 3178 dici-
1818 3163 1870 3228 ο

200 3226 279 3272 tur
314 3217 491 3274 Iacob
519 3219 790 3274 habitasse
815 3218 968 3290 (vers.
1001 3217 1126 3290 2i)?
1152 3249 1222 3258 —
1250 3217 1405 3289 Resp.
1437 3216 1598 3272 quta
1630 3216 1793 3274 Beth-

200 3308 350 3379 leem,
380 3311 482 3367 ubi
509 3310 634 3385 [vel]
660 3310 974 3383 angelorum
1002 3328 1134 3384 grex
1164 3313 1219 3366 in
1254 3313 1468 3368 Domini
1494 3322 1616 3369 ortu
1645 3314 1791 3368 ceci-

199 3401 270 3454 nit
301 3419 312 3454 :
341 3402 437 3458 vel
472 3402 566 3457 ubi
603 3401 770 3457 Iacob
797 3417 1023 3472 pascens
1070 3417 1269 3474 pecora
1308 3418 1404 3458 sua
1441 3402 1560 3458 loco
1596 3418 1794 3458 nomen

198 3490 456 3562 imposuit
483 3512 497 3546 :
529 3493 636 3559 vel,
660 3493 804 3563 quod
838 3494 1020 3548 verius
1042 3503 1146 3558 est,
1183 3494 1326 3563 quod
1363 3493 1621 3548 vaticinio
1645 3491 1792 3548 futu-

199 3600 372 3642 rorum
433 3594 567 3642 tunc
615 3587 937 3657 mysterium
996 3588 1401 3642 monstrabatur
1460 3585 1615 3659 [Ms.,
1667 3585 1793 3656 quia

197 3680 513 3736 vaticinatio
542 3679 848 3735 futurorum
869 3678 985 3749 jam
1009 3688 1140 3736 tunc
1167 3696 1264 3751 per
1291 3681 1611 3751 mysterium
1639 3695 1794 3735 mon-

199 3771 521 3845 strabatur].

260 3863 430 3920 Inter.
484 3864 610 3919 25L
655 3863 795 3932 Quid
837 3873 921 3921 est
953 3865 1095 3936 quod
1145 3865 1211 3921 de
1255 3866 1408 3921 Isaac
1451 3865 1687 3921 dicitur:
1722 3863 1792 3918 Et

199 3963 537 4027 consumptus
567 3965 721 4010 (etate
757 3966 996 4010 mortuus
1044 3965 1138 4022 est,
1198 3965 1245 4010 et
1293 3956 1560 4028 appositus
1600 3954 1793 4027 populo

197 4057 284 4099 suo
312 4045 481 4118 (Gen.
513 4062 678 4114 xxxv,
707 4047 840 4121 29)?
868 4047 1148 4115 Quomodo
1180 4055 1550 4117 consumptus,
1579 4047 1666 4101 vel
1704 4045 1792 4102 cui

196 4139 383 4207 populo
411 4141 732 4211 appositus?
757 4142 914 4212 331
940 4172 1010 4182 —
1035 4141 1194 4212 Resp.
1219 4141 1583 4211 Consumptus
1610 4147 1788 4205 astate,

199 4226 247 4282 id
269 4240 369 4300 est,
391 4231 678 4304 perfectus
695 4242 874 4288 astate.
911 4231 1110 4288 Verum
1143 4231 1458 4301 angelorum
1486 4230 1684 4302 popqu
1707 4229 1794 4285 vel

198 4331 510 4379 sanctarum
554 4324 858 4379 animarum
902 4333 1272 4395 apponuntur,
1309 4325 1400 4394 qui
1447 4325 1589 4379 hanc
1624 4323 1793 4378 vitam

199 4414 300 4472 Deo
319 4419 604 4488 placentes
632 4418 846 4474 finiunt.
880 4417 1036 4474 Tunc
1055 4418 1311 4474 dicuntur
1333 4417 1549 4489 apponi,
1575 4416 1793 4489 quando

199 4509 335 4565 nulla
362 4511 489 4581 jam
523 4519 768 4567 remanet
803 4511 1106 4567 sollicitudo
1144 4512 1522 4576 tentationum,
1561 4518 1616 4566 et
1647 4510 1792 4581 peri-
1814 4534 1870 4596 Β

198 4602 370 4659 culum
390 4613 767 4676 peccatorum.
796 4605 948 4673 Quod
975 4605 1191 4661 intuens
1215 4605 1495 4676 Scriptura
1521 4606 1632 4660 ait:
1656 4605 1790 4659 Ante

198 4707 410 4753 mortem
465 4716 527 4753 ne
565 4698 746 4753 laudes
795 4699 1056 4753 hominem
1098 4715 1410 4770 auemquam
1457 4697 1648 4771 (Eccli.
1710 4713 1785 4763 xi,

198 4784 302 4858 so).

263 4886 432 4944 Inter.
471 4888 598 4944 252.
649 4885 932 4956 Quomodo
973 4885 1258 4958 Scriptura
1302 4887 1456 4954 dicit,
1485 4896 1608 4958 post
1650 4901 1791 4940 mor-

203 4986 305 5034 tem
331 4980 494 5037 Isaac
520 4981 691 5052 patris
720 4981 824 5045 sui,
857 4979 1001 5035 Esau
1027 4980 1358 5036 abscessisse
1380 4980 1448 5035 de
1474 4986 1623 5034 terra
1648 4977 1792 5033 Cha-

204 5083 359 5139 naan,
386 5082 445 5128 et
480 5073 758 5128 habitasse
806 5071 862 5126 in
894 5079 1078 5126 monte
1115 5072 1238 5126 Seir
1290 5071 1445 5142 (Gen.
1472 5086 1661 5136 xxxvr,
1693 5069 1788 5141 8);

205 5175 323 5216 cum
359 5164 617 5219 veniente
664 5163 731 5218 de
759 5162 1146 5234 Mesopotamia
1184 5162 1351 5220 Iacob
1400 5163 1612 5234 legatur
1637 5160 1792 5234 (Gen.

205 5265 374 5319 xxxii,
406 5255 464 5325 ὅ)
494 5270 620 5310 eum
669 5253 882 5308 misisse
927 5253 1144 5308 nuntios
1173 5254 1241 5308 ad
1293 5252 1518 5308 fratrem
1549 5268 1708 5308 suum
1741 5253 1795 5307 in

206 5353 349 5403 terra
377 5349 522 5416 Seir,
573 5349 810 5420 regionis
854 5348 1048 5416 Edom,
1079 5362 1204 5404 cum
1257 5348 1331 5404 ibi
1356 5347 1632 5404 habitaret
1667 5354 1797 5401 tunc

206 5443 466 5512 temporis
494 5442 650 5516 [Ms.,
670 5456 906 5512 eumque
921 5441 996 5497 ibi
1017 5440 1297 5497 habitasse
1324 5449 1454 5496 tunc
1473 5439 1797 5513 temporis]?

203 5529 436 5605 —Resp.
468 5535 526 5589 In
554 5541 807 5605 promptu
829 5541 917 5588 est
941 5532 1184 5605 cogitare
1225 5532 1368 5603 quod
1397 5531 1603 5588 scilicet
1629 5530 1794 5597 Esau,

203 5617 559 5694 posteaquam
591 5626 645 5680 in
677 5623 1122 5694 Mesopotamiam
1147 5621 1320 5679 frater
1368 5620 1487 5691 ejus
1510 5623 1797 5689 abscessit,

281 5833 306 5864 α
345 5823 524 5882 Locus
552 5815 644 5882 hic
676 5833 897 5882 sanatus
923 5841 992 5881 ex
1025 5841 1109 5890 ins

537 5919 811 5984 ΡΑτιιοι..
857 5921 924 5985 Ο.

1899 1901 2004 1956 cim
2033 1903 2182 1959 nasci
2206 1904 2461 1960 dicuntur
2485 1906 2542 1961 in
2574 1905 3006 1983 Mesopotamia?
3041 1939 3113 1950 —
3152 1909 3308 1983 Resp.
3331 1911 3492 1967 Nulla
3569 1977 3572 1982 _

1867 2001 1981 2048 -est
2029 1993 2207 2068 [ergo]
2238 1995 2453 2052 facilior
2488 1995 2687 2055 solutio
2742 1981 2902 2070 huju's
2947 1981 3285 2071 questionis,
3327 2018 3493 2074 quam

1896 2097 1958 2142 ut
1974 2078 2089 2159 per
2115 2092 2492 2161 synecdochen
2514 2092 2834 2165 accipiatur.
2861 2093 2964 2151 Ubi
3002 2094 3149 2151 enim
3169 2093 3346 2165 major
3364 2112 3496 2168 pars

1896 2190 1982 2238 est
2017 2191 2111 2237 aut
2136 2182 2330 2239 fortior
2362 2183 2515 2256 [Ms.,
2540 2183 2766 2260 potior],
2815 2187 2957 2242 solet
2983 2178 3227 2257 ejusdem
3275 2189 3496 2245 nomine

1896 2273 2063 2328 etiam
2122 2273 2255 2330 illud
2309 2276 2694 2346 comprehendi
2745 2277 2889 2350 quod
2941 2278 3011 2332 ad
3067 2278 3244 2348 ipsum
3293 2292 3494 2334 nomen

1897 2360 2054 2437 [non]
2082 2367 2338 2436 pertinet.

1969 2455 2136 2512 Inter.
2169 2458 2296 2514 254.
2338 2458 2621 2526 Quomodo
2667 2457 2951 2532 impletum
2972 2461 3242 2518 somnium
3270 2460 3495 2534 Ioseph,

1896 2562 2006 2618 quo
2031 2549 2162 2604 dicit
2197 2565 2258 2605 se
2281 2550 2483 2606 vidisse
2511 2550 2678 2606 solem
2700 2559 2757 2606 et
2785 2540 2992 2619 lunam,
3016 2561 3074 2608 et
3093 2538 3348 2610 undecim
3367 2553 3497 2610 stel-

1895 2639 1978 2695 las
2001 2642 2257 2698 adorasse
2282 2657 2341 2698 se
2394 2641 2551 2714 (Gen.
2599 2659 2813 2712 xxxv“,
2843 2644 2940 2715 9);
2980 2644 3109 2700 dum
3161 2655 3398 2713 constat,
3429 2662 3496 2704 eo

1853 2729 2162 2805 ‘regnante
2213 2735 2269 2790 in
2294 2734 2552 2808 Egypto,
2611 2744 2846 2793 matrem
2902 2736 3022 2808 ejus
3067 2738 3273 2795 Rachel
3323 2740 3498 2796 multo

1896 2834 2027 2880 ante
2066 2841 2188 2882 esse
2216 2827 2567 2895 defunctam;
2597 2828 2709 2884 imo
2745 2843 2847 2884 nec
2891 2839 3103 2900 patrem
3154 2829 3314 2906 [ejus]
3361 2830 3494 2902 legi-

1894 2932 2017 2972 mus
2047 2931 2173 2972 eum
2196 2917 2498 2972 adorasse?
2531 2947 2604 2957 —
2649 2917 2805 2990 Resp.
2857 2917 3045 2992 [Ergo]
3077 2920 3131 2974 in
3168 2918 3386 2976 Christo
3406 2919 3488 2975 fa-

1893 3008 2052 3064 cilius
2078 3007 2275 3080 [Edit.,
2297 3007 2480 3082 facile]
2509 3017 2593 3064 est
2623 3009 2820 3066 somnii
2864 3010 3168 3082 intelligere
3191 3011 3486 3083 perfectio-

1894 3117 2063 3156 nem:
2106 3102 2233 3157 huic
2277 3103 2423 3158 enim
2451 3103 2635 3156 datum
2662 3112 2739 3158 est
2791 3119 3002 3169 nomen,
3051 3104 3191 3176 quod
3235 3114 3311 3160 est
3333 3123 3492 3177 super

1898 3208 2050 3246 omne
2071 3208 2277 3256 nomen,
2321 3201 2378 3245 ut
2405 3193 2461 3246 in
2491 3192 2701 3246 nomine
2739 3193 2855 3263 ejus
2883 3192 3027 3266 [Ms.,
3056 3193 3210 3268 Iesu]
3251 3197 3496 3265 ﬂectatur

1899 3299 2052 3338 omne
2077 3299 2213 3354 genu
2239 3281 2542 3350 calestium,
2565 3284 2893 3339 terrestrium
2905 3294 2955 3339 et
2979 3285 3311 3356 infernarum
3339 3286 3494 3360 (Phi-

1897 3376 1990 3449 lip.
2017 3395 2078 3444 ιι,
2105 3377 2215 3451 10).

1968 3471 2138 3526 Inter.
2163 3468 2290 3525 255.
2331 3469 2606 3538 Quaeritur
2629 3485 2802 3541 quare
2827 3470 3131 3528 lsmaelitas
3185 3471 3486 3542 Scriptura,

1896 3561 2094 3634 quibus
2121 3577 2153 3616 a
2186 3560 2449 3617 fratribus
2495 3561 2746 3618 venditus
2795 3571 2880 3619 est
2916 3562 3138 3634 Ioseph,
3189 3565 3354 3618 etiam
3380 3563 3492 3618 Ma-

1897 3654 2132 3710 dianitas
2155 3661 2316 3709 vocet
2335 3651 2490 3725 (Gen.
2529 3670 2739 3721 xxxvii,
2769 3653 2902 3726 28);
2945 3670 3069 3711 cum
3114 3654 3308 3711 lsmael
3334 3655 3492 3710 sitde

1895 3746 2044 3818 Agar
2072 3746 2215 3802 ﬁlius
2262 3745 2517 3811 Abrahae,
2571 3746 2880 3803 Madianitaa
2924 3761 3058 3803 vero
3110 3748 3179 3803 de
3206 3748 3492 3804 Cethura?

1895 3869 1967 3880 —-
1993 3837 2148 3910 Resp.
2188 3837 2326 3904 Quia
2373 3836 2656 3909 Scriptura
2684 3841 2752 3894 de
2793 3838 3075 3895 Abraham
3098 3839 3311 3894 dixerat
3333 3837 3489 3911 (Gen.

1896 3945 2028 3998 xxv,
2058 3931 2112 4003 6)
2169 3932 2314 4002 quod
2355 3947 2584 3987 munera
2629 3932 2868 3987 dedisset
2911 3932 3038 3987 ﬁliis
3065 3933 3491 3988 concubinarum

1897 4038 2144 4088 suarum,
2175 4022 2323 4094 Agar
2347 4023 2558 4078 scilicet
2576 4031 2633 4078 et
2673 4022 2963 4089 Cethurae;
3004 4032 3061 4078 et
3101 4024 3284 4081 divisit
3335 4023 3488 4096 [Ms.,

1897 4112 2183 4185 dimiserit]
2237 4128 2331 4168 eos
2355 4114 2425 4168 ab
2451 4113 2602 4169 Isaac
2643 4113 2752 4168 lilio
2778 4129 2878 4170 suo
2940 4115 2995 4170 in
3029 4122 3172 4169 terra
3200 4113 3355 4186 [Ms.,
3380 4122 3491 4170 ter—

1895 4202 2038 4276 ram]
2078 4202 2334 4259 Orientis.
2356 4202 2558 4273 )taque
2598 4217 2762 4258 unam
2812 4211 3028 4277 gentem
3071 4203 3268 4261 fecisse
3293 4204 3490 4261 intelli-

1897 4295 2069 4368 gendi-
2081 4303 2224 4350 sunt.

1972 4387 2138 4444 Inter.
2178 4388 2303 4444 256.
2344 4388 2624 4456 Quomodo
2679 4388 3086 4463 intelligendum
3135 4390 3267 4448 illud
3297 4390 3488 4464 [quod]

1896 4483 2066 4539 Iacob
2089 4483 2303 4556 [dicit]:
2345 4482 2672 4539 Descendam
2692 4484 2764 4538 ad
2812 4483 2984 4552 filium
3013 4500 3188 4539 meum
3233 4483 3414 4540 lubens
3434 4487 3491 4540 in
3532 4469 3537 4479 ‘

1895 4575 2161 4645 infernum
2216 4573 2371 4647 (Gen.
2399 4591 2612 4642 xxxvu,
2643 4575 2757 4642 55).
2796 4605 2868 4616 --
2904 4575 3061 4648 Resp.
3105 4575 3416 4632 Perturbati
3437 4585 3489 4631 et

1895 4667 2125 4722 dolentis
2152 4668 2321 4742 verba
2347 4675 2492 4733 sunt,
2545 4667 2688 4722 mala
2729 4681 2827 4721 sua
2865 4666 3030 4721 etiam
3081 4667 3208 4721 hinc
3252 4650 3489 4740 exagge-

1851 4797 1854 4799 λ
1895 4761 2088 4816 rantis.
2130 4760 2230 4816 Vel
2256 4760 2422 4814 etiam
2453 4757 2651 4814 inferni
2676 4757 2894 4813 nomine
2933 4755 3242 4827 sepulcrum
3285 4758 3488 4828 signifi-

1885 4853 2060 4918 .cavit,
2093 4852 2247 4922 quasi
2276 4852 2482 4907 diceret
2507 4868 2519 4904 :
2558 4851 2617 4905 ln
2640 4849 2788 4905 luctu
2815 4863 3032 4915 maneo,
3061 4847 3232 4904 donec
3271 4863 3359 4902 me
3383 4856 3483 4903 ter-

1889 4960 1959 4999 era
1986 4945 2246 5014 suscipiat
2271 4941 2609 5016 [sepultum],
2641 4942 2785 4996 sicut
2812 4940 2983 4997 illum.

1969 5057 2136 5113 Inter.
2171 5055 2298 5110 257.
2341 5053 2585 5124 Qualiter
2631 5054 2859 5110 historia
2915 5055 2982 5110 de
3025 5053 3160 5110 Iuda
3215 5064 3270 5110 et
3311 5053 3488 5109 tribus

1899 5153 2023 5208 filiis
2061 5151 2178 5220 ejus
2204 5158 2262 5206 et
2283 5165 2454 5206 uxore
2495 5149 2613 5220 ejus
2641 5149 2882 5205 Thamar
2923 5149 3078 5223 (Gen.
3131 5148 3365 5220 xxxvm)
3408 5151 3488 5204 in-

1899 5256 1984 5302 tra
2015 5254 2123 5300 tam
2150 5258 2356 5316 paucos
2390 5257 2562 5299 annos
2607 5242 2869 5312 compleri
2916 5242 3132 5313 potuit?
3168 5241 3326 5316 [Cum
3356 5256 3488 5314 ergo

1900 5351 2043 5392 anno
2082 5335 2112 5377 b
2147 5351 2239 5390 xiv
2278 5334 2453 5391 aetatis
2497 5348 2610 5390 suae
2673 5333 2925 5390 venditus
2974 5333 3142 5390 fuisse
3190 5333 3483 5400 credatur;

1901 5445 1998 5485 xm
2029 5443 2199 5484 annos
2243 5435 2531 5498 peregerat
2557 5427 2611 5482 in
2637 5425 2872 5499 Egypto
2905 5425 3121 5498 ignotus
3168 5423 3484 5493 Pharaoni;

1902 5522 1970 5577 ad
1994 5522 2094 5578 hos
2145 5521 2290 5576 enim
2343 5519 2602 5575 tredecim
2653 5532 2825 5573 annos
2853 5525 3205 5574 accesserunt
3243 5533 3320 5572 vn
3359 5517 3486 5572 anni

1900 5613 2184 5680 ubertatis,
2215 5622 2273 5668 et
2310 5611 2440 5668 facti
2466 5620 2592 5668 sunt
2617 5612 2746 5666 anni
2771 5627 2844 5665 xx
2877 5627 2892 5666 :
2926 5611 3012 5668 bis
3050 5611 3323 5668 adduntur
3346 5611 3484 5674 duo;

1974 5820 2003 5864 ι)
2041 5821 2306 5892 Ambigua
2333 5817 2535 5875 lectio:
2578 5813 2726 5872 forte
2746 5788 2913 5872 xvn.‘
3010 5901 3050 5967 8

2973 5907 3004 5967 1

2973 5907 3004 5967 1
