4062 6436
542 387 650 445 559

1338 387 1398 441 Β.
1439 385 1499 442 F.
1539 385 1766 441 ALBINI
1805 383 1934 442 SEU
1976 383 2252 439 ALCUINI
2287 383 2572 442 OPERUM
2611 384 2790 442 PARS
2827 387 2891 442 ll.

3714 391 3812 448 560

537 501 800 572 visiones]
849 499 1146 558 dividendae
1189 507 1345 553 erant.
1390 499 1673 569 nepotibus
1720 497 1953 552 illorum.
1992 496 2124 549 ltem
2152 496 2206 558 Α
2230 493 2416 561 altum,
2443 505 2498 550 et
2540 499 2810 566 captivam
2852 497 3069 554 duxisse
3093 498 3462 570 captivitatem
3492 497 3707 568 (Ephes.
3738 515 3810 568 tv,

537 593 874 666 allegoriam,
902 592 969 648 de
995 591 1212 648 Christo
1239 599 1294 646 et
1317 591 1553 645 Ecclesia
1582 590 1635 644 in
1663 590 1969 644 novissimis
1999 586 2127 658 quid

539 685 782 743 fumium
807 683 962 756 [Λίδη
993 682 1250 753 futuram]
1278 681 1628 750 temporibus.
1653 680 1758 736 Sed
1785 681 1936 752 prius
1959 681 2127 734 histo-

538 779 636 834 riae
677 777 1026 833 fundamenta
1060 775 1305 846 ponenda
1349 782 1494 840 sunt,
1539 782 1601 828 ut
1643 775 1820 844 aptius
1860 773 2127 845 allegoriae

537 871 750 926 culmen
773 871 941 942 priori
965 877 1246 924 structurae
1273 874 1687 938 superponatur.

612 962 796 1017 Ruben
829 962 1203 1033 primogenitus
1241 977 1403 1024 meus,
1436 970 1492 1014 tu
1532 959 1789 1030 fortitudo
1816 977 1952 1027 mea,
1981 961 2126 1030 prin-

535 1057 730 1128 cipium
769 1055 964 1109 doloris
1002 1056 1124 1120 mei,
1165 1055 1310 1125 prior
1352 1055 1407 1108 in
1445 1054 1597 1108 donis
1635 1051 1826 1126 [major
1861 1051 2122 1124 imperio],

532 1149 734 1219 effusus
761 1165 813 1202 es
840 1147 970 1200 sicut
996 1163 1156 1218 aqua,
1201 1163 1304 1200 non
1339 1163 1540 1200 crescas
1579 1161 1597 1199 :
1639 1144 1808 1217 [quia]
1848 1144 2126 1198 ascendisti

533 1239 703 1294 cubile
726 1239 890 1310 patris
911 1239 1012 1304 tui,
1032 1247 1081 1292 et
1119 1237 1397 1292 maculasti
1422 1247 1644 1292 stratum
1665 1238 1778 1308 ejus
1797 1236 1950 1310 (vers.
1966 1237 2021 1301 3,
2045 1235 2122 1307 4).

535 1345 561 1372 α
598 1331 693 1386 Est
719 1340 897 1386 autem
925 1331 1014 1386 hic
1039 1345 1232 1386 sensus
1275 1347 1288 1384 :
1330 1339 1387 1384 tu
1425 1346 1484 1385 es
1524 1330 1910 1402 primogenitus
1948 1344 2122 1395 meus,

532 1422 707 1493 major
736 1424 789 1477 in
810 1423 984 1488 libris,
1016 1431 1072 1478 et
1093 1423 1348 1487 debebas,
1371 1422 1524 1491 juxta
1552 1423 1798 1477 ordinem
1826 1422 2123 1476 nativitatis

535 1524 658 1582 tuae,
684 1517 1074 1582 hatreditatem,
1104 1532 1224 1586 quae
1258 1516 1768 1589 primogenitisjure
1802 1518 2120 1586 debebatur,

528 1606 752 1672 habere,
785 1623 978 1678 nempe
1005 1609 1368 1664 sacerdotium
1398 1611 1641 1680 accipere
1665 1617 1720 1664 et
1739 1626 1963 1682 regnum
1996 1610 2123 1682 [hoc

529 1699 727 1770 quippe
755 1700 809 1753 in
834 1701 1102 1770 portando
1127 1716 1294 1756 onere
1327 1700 1460 1772 [Al.,
1486 1702 1712 1776 honore]
1743 1712 1799 1758 et
1831 1705 2120 1774 praevalida

2229 583 2508 659 58);sive,
2557 589 2699 658 quod
2749 589 2941 645 melius
2985 598 3135 662 puto,
3181 591 3466 662 captivitas
3508 591 3812 661 passionem

2229 693 2487 736 ascensus
2535 684 2984 740 resurrectionem
3030 685 3314 755 signiﬁcat.
3366 684 3605 755 Alligans
3647 686 3716 739 ad
3745 687 3814 741 vi-

2229 787 2381 824 neam
2424 771 2626 842 pullum
2669 790 2822 828 suum
2864 784 2912 828 et
2963 774 3033 828 ad
3072 775 3222 828 vitem
3246 775 3453 830 asinam
3477 792 3632 829 suam
3663 773 3811 847 (Gen.

2228 879 2374 929 χιιι,
2408 864 2516 938 Η).
2546 863 2977 934 ρυοᾶνὶᾶθιίοει
2996 867 3198 939 pullum
3228 869 3414 935 asinae,
3446 869 3534 924 cui
3563 883 3813 940 superse-

2228 953 2308 1008 dit
2331 953 2509 1024 Iesus,
2534 958 2638 1013 hoc
2661 967 2766 1026 est,
2797 943 3076 1030 gentilium
3100 960 3374 1031 populum,
3404 961 3576 1014 vinea:
3604 969 3817 1030 aposto-

2228 1047 2423 1112 lorum,
2457 1050 2549 1118 qui
2571 1066 2638 1106 ex
2664 1050 2866 1107 Iudaeis
2889 1059 3036 1118 sunt,
3061 1051 3416 1123 eOpulaverit,
3444 1059 3500 1105 et
3529 1051 3597 1106 ad
3626 1051 3813 1118 vitem,
3908 1119 3916 1126 ,

2226 1141 2362 1207 sive,
2387 1149 2448 1196 ut
2480 1142 2532 1196 in
2571 1141 2798 1198 Hebraeo
2826 1144 3056 1199 habetur
3083 1141 3176 1217 [ad
3204 1143 3448 1217 Soreth],
3479 1146 3534 1199 id
3575 1154 3679 1210 est,
3709 1145 3816 1201 ele-

2227 1242 2372 1289 ctam
2391 1235 2554 1290 vitem
2585 1235 2886 1307 alligaverit
2923 1237 3157 1304 asinam,
3181 1237 3266 1291 cui
3293 1236 3603 1309 supersedit,
3634 1236 3817 1294 Eccle-

2226 1326 2306 1381 sia
2331 1341 2399 1380 ex
2426 1327 2732 1382 nationibus
2759 1338 3103 1400 congregata.
3132 1329 3286 1396 Quod
3307 1338 3485 1385 autem
3515 1331 3684 1385 dicit:
3708 1328 3818 1386 Fili

2226 1421 2330 1486 mi;
2359 1422 2638 1476 conversio
2669 1429 2756 1476 est
2791 1425 3086 1499 ἀποστροφὴ
3131 1424 3198 1478 ad
3243 1424 3419 1494 ipsum
3455 1422 3652 1479 Iudam
3681 1425 3813 1497 [Al.,

2225 1516 2630 1571 conversionem
2673 1516 2741 1572 ad
2766 1514 3040 1572 Christum
3068 1515 3136 1571 de
3164 1515 3281 1588 ipso
3299 1513 3438 1570 Juda
3471 1513 3646 1588 facit],
3676 1517 3814 1586 quod

2224 1608 2471 1665 Christus
2509 1611 2626 1664 hazc
2651 1611 2833 1665 omnia
2859 1609 2929 1666 sit
2962 1607 3222 1665 facturus.
3255 1617 3278 1647 ο
3307 1605 3460 1674 Quod
3489 1615 3672 1662 autem
3699 1609 3770 1662 ait
3795 1625 3811 1660 :

2226 1701 2352 1756 Non
2388 1702 2655 1773 auferetur
2689 1712 2948 1774 sceptrum
2986 1703 3050 1756 de
3089 1702 3234 1757 Iuda
3270 1696 3322 1757 et
3366 1700 3579 1757 ὀπτά
3623 1701 3814 1773 femore

527 1791 724 1846 robore
749 1791 1194 1864 demonstratur].
1228 1793 1425 1848 Verum
1449 1795 1578 1864 quia
1605 1796 1864 1866 peccasti,
1889 1805 1944 1851 et
1961 1795 2118 1866 quasi
2223 1791 2338 1862 ejus
2365 1792 2527 1847 donec
2558 1795 2727 1848 veniat
2774 1791 2882 1860 ille,
2912 1793 3002 1864 qui
3039 1793 3322 1848 mittendus
3365 1803 3473 1858 est;
3502 1803 3551 1847 et
3584 1793 3693 1864 ipse
3720 1795 3810 1846 erit

527 1897 692 1952 aqua,
731 1880 896 1955 [quae]
943 1883 1160 1938 vasculo
1202 1899 1310 1939 non
1352 1893 1584 1952 tenetur,
1628 1888 1917 1959 voluptatis
1965 1888 2122 1961 [Ms.,
2150 1866 2202 1929 Β
2227 1886 2540 1954 exspectatio
2589 1886 2840 1955 gentium.
2871 1883 3172 1956 Signiﬁcat,
3219 1885 3362 1954 quod
3390 1899 3500 1940 non
3525 1882 3814 1939 deﬁcerent

526 1973 842 2046 voluntatis]
873 1974 1074 2030 effusus
1101 1990 1162 2030 es
1189 1977 1414 2047 impetu,
1446 1978 1650 2034 idcirco
1667 1981 1924 2051 praecipio
1950 1981 2043 2035 tibi
2069 1989 2128 2035 ut

527 2064 672 2120 ultro
699 2081 807 2121 non
834 2081 1048 2136 pecces,
1073 2067 1258 2138 sisque
1303 2069 1358 2122 in
1401 2068 1632 2125 fratrum
1670 2086 1898 2126 numero
1932 2087 2124 2143 poenas

525 2158 734 2227 peccati
769 2158 956 2230 lugens
996 2157 1130 2231 [Al.,
1179 2159 1377 2233 luens],
1421 2163 1565 2232 quod
1601 2164 1946 2234 primogeniti
1979 2164 2125 2219 ordi-

527 2266 653 2307 nem
680 2251 962 2322 perdidisti
988 2271 1001 2306 :
1035 2253 1063 2292 δ
1092 2253 1416 2325 principium
1458 2265 1637 2310 autem
1667 2257 1868 2313 doloris
1896 2266 1978 2314 est
2008 2275 2125 2314 om-

523 2343 610 2398 nis
637 2344 1048 2415 primogenitus,
1080 2347 1205 2415 quia
1231 2361 1330 2416 pro
1357 2361 1424 2403 eo
1451 2348 1686 2418 primum
1717 2362 2124 2408 commoventur

521 2437 734 2494 viscera
758 2448 1066 2509 parentum.

596 2528 814 2584 Simeon
834 2540 883 2584 et
910 2530 1032 2585 Levi
1059 2531 1274 2601 fratres,
1304 2551 1426 2588 vasa
1451 2535 1744 2606 iniquitatis
1769 2536 2039 2603 bellantia,
2067 2539 2124 2593 in

522 2619 801 2675 consilium
830 2639 1011 2676 eorum
1039 2640 1103 2678 ne
1138 2625 1308 2679 veniat
1339 2627 1515 2681 anima
1538 2644 1657 2682 mea
1683 2637 1731 2683 et
1757 2629 1814 2683 in
1841 2639 1972 2684 cata
2003 2629 2124 2684 illo-

523 2731 772 2768 rum-non
799 2715 866 2769 sit
900 2715 1072 2786 gloria
1099 2733 1249 2781 mea;
1272 2720 1396 2789 quia
1421 2721 1477 2773 in
1501 2721 1682 2790 furore
1698 2739 1794 2776 suo
1819 2724 2122 2778 occiderunt

524 2805 740 2878 [virum]
769 2817 817 2862 et
841 2809 899 2861 in
922 2808 1183 2863 voluntate
1204 2826 1303 2864 sua
1329 2811 1656 2880 suffoderunt
1691 2831 1919 2868 murum.
1949 2814 2122 2870 Male-

519 2896 693 2951 dictus
720 2897 872 2966 fu'ror
894 2915 1096 2964 eorum,
1121 2902 1246 2970 quia
1277 2902 1538 2970 pertinax,
1583 2914 1631 2956 et
1667 2905 1961 2974 indignatio
2002 2906 2120 2960 illo-

524 3004 663 3055 rum,
694 2990 820 3060 quia
859 2991 1016 3044 dura.
1047 2990 1295 3045 Dividam
1322 3009 1408 3046 eos
1436 2994 1489 3046 in
1516 2994 1702 3059 Jacob,
1739 3005 1784 3049 et
1824 2996 2120 3068 dispergam

520 3077 640 3135 illos
681 3082 740 3135 in
779 3081 951 3136 Israel
980 3081 1134 3154 (vers.
1169 3082 1306 3154 5-7).
1350 3083 1630 3156 Signiﬁcat
1668 3095 1847 3142 autem
1888 3105 1994 3144 non
2035 3091 2118 3145 sui

511 3171 691 3230 fuisse
712 3175 945 3240 consilii,
973 3175 1117 3245 quod
1145 3175 1362 3230 Sichem
1378 3184 1435 3230 et
1449 3176 1612 3231 Emor
1632 3177 1792 3249 335
1822 3179 2116 3236 fmderatos

521 3263 668 3319 viros
691 3265 1062 3321 interﬁcerent
1087 3265 1218 3339 [Al.,
1247 3268 1683 3343 interfecerunt],
1711 3280 1767 3327 et
1787 3270 1960 3346 [quia]
1985 3289 2117 3330 con-

517 3367 603 3413 tra
637 3356 742 3423 fas,
771 3359 826 3413 in
851 3361 1000 3429 pacis
1025 3370 1080 3415 et
1113 3363 1476 3418 amicitiarum
1518 3373 1758 3435 tempore
1797 3367 2115 3437 sanguinem

514 3448 774 3507 fuderunt
812 3453 1180 3521 innocentum,
1224 3465 1277 3511 et
1316 3459 1470 3526 quasi
1519 3460 1752 3529 quodam
1802 3460 1986 3516 furore
2036 3463 2116 3518 sic

515 3543 838 3600 crudelitate
862 3545 1055 3616 repleti
1087 3546 1218 3618 [Al.,
1253 3550 1472 3622 raptati]
1504 3567 1688 3608 muros
1715 3555 1939 3624 hospitae
1963 3554 2116 3610 urbis

514 3645 829 3693 everterunt
859 3639 1012 3711 [Ms.,
1037 3641 1539 3714 everterent](Gen.
1581 3646 1788 3718 xxxrv).
1832 3646 1985 3702 Unde
2029 3648 2111 3702 di-

515 3729 592 3782 cit
625 3745 640 3782 :
672 3728 989 3786 Maledictus
1028 3732 1180 3802 furor
1226 3750 1426 3799 eorum,
1465 3737 1590 3806 quia
1624 3739 1864 3808 pertinax
1895 3748 1950 3793 et
1989 3738 2114 3793 reli-

517 3832 647 3887 qua.
680 3817 749 3872 Et
785 3819 1081 3892 dispergam
1109 3839 1196 3877 eos
1230 3824 1286 3877 in
1321 3821 1512 3879 Israel.
1538 3825 1666 3880 Levi
1704 3828 1848 3882 enim
1886 3829 2113 3883 hatredi-

513 3919 683 3966 tatem
715 3913 991 3984 propriam
1014 3929 1122 3969 non
1152 3917 1381 3986 accepit,
1402 3917 1497 3972 sed
1524 3917 1579 3972 in
1607 3919 1856 3973 omnibus
1882 3921 2112 3990 sceptris

510 4019 714 4076 paucas
759 4007 922 4062 urbes
971 4009 1038 4063 ad
1079 4008 1431 4064 habitandum
1471 4009 1662 4083 [Edit.,
1707 4011 2110 4086 inhabitandas]

511 4095 720 4150 habuit.
766 4095 844 4152 De
887 4097 1141 4155 Simeone
1185 4115 1314 4154 vero
1357 4100 1410 4154 in
1449 4100 1585 4156 libro
1619 4101 1918 4175 Jesu(x1x,
1964 4104 2016 4168 l,
2052 4103 2110 4175 2)

512 4185 777 4256 scriptum
823 4197 909 4243 est
927 4229 942 4253 ,
970 4190 1114 4258 quod
1147 4198 1204 4244 et
1236 4191 1350 4260 ipse
1370 4193 1648 4261 proprium
1677 4191 1971 4248 funiculum
2001 4208 2108 4248 non

511 4280 802 4351 acceperit,
834 4283 930 4336 sed
957 4284 1022 4337 de
1045 4283 1190 4338 tribu
1215 4282 1243 4337 Ι
1250 4284 1353 4338 uda
1375 4285 1629 4354 quiddam
1658 4286 1925 4340 habuerit.

581 4371 727 4426 Iuda
749 4381 798 4426 te
817 4371 1108 4427 laudabunt
1136 4374 1328 4442 fratres
1352 4377 1452 4441 tui,
1478 4393 1665 4430 manus
1688 4386 1793 4432 tua:
1816 4379 1874 4431 in
1896 4377 2110 4432 cervici-

513 4463 610 4518 bus
635 4465 968 4518 inimicorum
994 4474 1204 4518 tuorum
1235 4481 1254 4519 :
1279 4466 1574 4520 adorabunt
1599 4477 1649 4521 te
1676 4467 1778 4537 ﬁlii
1811 4470 1976 4539 patris
2005 4470 2104 4524 tui.

513 4554 734 4610 Catulus
764 4556 928 4611 leonis
957 4556 1125 4622 Iuda,
1175 4557 1244 4610 ad
1289 4557 1542 4628 prazdam,
1573 4557 1653 4627 ﬁli
1699 4560 1792 4624 mi,
1824 4562 2107 4616 ascendisti

513 4647 668 4721 (Gen.
698 4666 846 4714 χιιι,
872 4651 926 4715 8,
958 4650 1034 4721 9).
1077 4649 1223 4716 Sive,
1251 4659 1311 4706 ut
1349 4651 1404 4706 in
1431 4651 1656 4708 Hebrteo
1684 4655 1945 4724 scriptum
1970 4664 2054 4711 est
2087 4675 2100 4708 :

511 4743 577 4796 de
603 4743 920 4813 captivitate,
960 4743 1042 4812 ﬁli
1087 4743 1177 4808 mi,
1225 4743 1505 4798 ascendisti
1531 4761 1550 4799 :
1577 4746 1899 4816 requiescens
1942 4764 2101 4800 acca-

511 4837 673 4892 buisti
700 4845 757 4890 ut
785 4835 884 4900 leo,
915 4846 962 4890 et
987 4837 1139 4908 quasi
1161 4836 1327 4892 leaena
1347 4839 1463 4909 quis
1488 4839 1756 4892 suscitabit
1785 4840 1941 4892 eum?
1965 4838 2102 4906 Quia

509 4928 649 4985 Iuda
675 4927 943 4986 confessio
972 4929 1086 4984 sive
1119 4929 1237 4985 laus
1281 4929 1684 5000 interpretatur,
1716 4939 1863 4985 recte
1909 4931 2104 4986 scribi-

511 5031 602 5078 tur
625 5041 638 5076 :
663 5022 808 5077 Iuda
831 5022 1218 5091 conﬁtebuntur
1239 5022 1334 5074 tibi
1355 5021 1545 5090 fratres
1566 5022 1661 5083 tui,
1691 5021 1776 5074 vel
1809 5019 2100 5076 laudabunt

510 5124 580 5170 te.
609 5114 678 5168 Et
708 5113 835 5169 licet
853 5113 920 5169 de
948 5114 1167 5169 Christo
1193 5114 1396 5186 grande
1439 5114 1510 5169 sit
1545 5098 1888 5191 mysteﬁtm,
1921 5123 2100 5170 tamen

510 5206 808 5263 secundum
835 5206 1074 5261 litteram
1103 5206 1372 5277 signiﬁcat
1399 5207 1540 5276 quod
1566 5223 1662 5277 per
1687 5201 1910 5277 stirpem
1933 5208 2100 5263 David

507 5309 842 5374 generantur
867 5315 1045 5372 reges,
1073 5311 1129 5356 et
1155 5301 1298 5370 quod
1329 5301 1619 5355 adorarent
1646 5318 1769 5356 eum
1795 5317 1984 5357 omnes
2005 5303 2101 5356 tri-

507 5391 630 5448 bus.
659 5391 777 5447 Non
814 5392 958 5447 enim
988 5393 1084 5457 ait,
1113 5391 1206 5446 ﬁlii
1252 5391 1441 5445 matris
1485 5398 1608 5455 tum,
1658 5392 1772 5455 sed,
1807 5393 1907 5462 ﬁlii
1934 5394 2099 5462 patris

507 5484 608 5537 tui.
632 5482 701 5538 Et
714 5482 860 5554 quod
878 5481 1156 5554 sequitur:
1181 5481 1262 5536 Ad
1281 5481 1535 5551 praedam,
1564 5481 1642 5550 ﬁli
1671 5483 1763 5546 mi,
1795 5485 2096 5549 ascendisti,

507 5576 879 5629 ostenditeum
901 5575 1144 5645 captivos
1164 5571 1388 5644 populos
1408 5572 1694 5626 ducturum
1718 5589 1859 5639 esse,
1883 5584 1937 5630 et
1942 5575 2096 5643 juxta

509 5665 917 5736 intelligentiam
961 5665 1330 5726 sacratiorem,
1376 5663 1647 5718 Christum
1708 5666 2015 5722 ascendisse
2042 5668 2097 5722 in

579 5815 606 5842 ι
641 5801 719 5856 Ex
743 5800 1090 5870 Hieronymo,
1121 5798 1212 5852 lib.
1244 5796 1444 5870 Qttazst.
1470 5796 1520 5850 in
1549 5796 1678 5870 Cen.

578 5874 604 5913 ιδ
641 5867 1068 5939 ὃθψιθιηὶθήοη
1103 5877 1230 5922 sunt
1253 5867 1582 5937 Hieronymi.

2225 1977 2497 2048 principes
2523 1978 2590 2032 de
2613 1978 2754 2032 tribu
2781 1977 2938 2042 Iuda,
2970 1993 3138 2047 usque
3167 1977 3233 2032 ad
3263 1985 3500 2048 tempus,
3521 1992 3630 2048 quo
3660 1985 3814 2030 natus

2225 2078 2309 2124 est
2334 2069 2604 2136 Christus,
2637 2070 2730 2141 qui
2756 2071 2956 2126 missus
2987 2085 3020 2125 a
3043 2069 3206 2125 Patre
3227 2070 3561 2140 exspectatio
3583 2078 3668 2124 est
3691 2084 3813 2140 gen-

2227 2161 2380 2226 tium.

2299 2249 2559 2323 [Zabulon
2601 2254 2658 2308 in
2701 2253 2874 2308 littore
2907 2254 3070 2309 maris
3107 2253 3384 2319 habitabit,
3420 2262 3469 2308 et
3498 2254 3556 2308 in
3594 2253 3810 2309 statione

2225 2345 2465 2411 navium,
2495 2347 2790 2416 pertingens
2815 2363 2990 2418 usque
3019 2345 3088 2400 ad
3135 2343 3433 2418 Sidonem.]
3462 2343 3685 2399 Isachar
3712 2344 3808 2398 asi-

2224 2453 2322 2490 nus
2350 2435 2518 2506 fortis,
2569 2438 2830 2493 accubans
2875 2439 3012 2493 inter
3063 2439 3329 2503 terminos,
3386 2437 3511 2492 vidit
3566 2438 3802 2508 requiem,

2221 2528 2360 2599 quod
2395 2538 2525 2583 esset
2555 2529 2710 2595 bona,
2748 2539 2796 2584 et
2826 2541 3020 2584 terram
3042 2531 3182 2602 quod
3221 2532 3440 2602 optima,
3468 2541 3516 2586 et
3547 2533 3805 2602 supposuit

2222 2619 2498 2674 humerum
2537 2639 2692 2676 suum
2723 2621 2791 2675 ad
2837 2622 3174 2692 portandum,
3199 2622 3479 2700 factusque
3500 2633 3578 2675 est
3606 2621 3806 2675 tributis

2223 2713 2445 2767 serviens
2463 2711 2617 2784 (vers.
2643 2712 2754 2784 15).
2776 2712 2801 2752 ά
2827 2711 3010 2785 [Quia]
3034 2729 3199 2784 supra
3223 2714 3289 2768 de
3310 2713 3550 2768 Zabulon
3573 2713 3802 2775 dixerat;

2225 2802 2415 2876 [quod]
2446 2806 2613 2860 maris
2661 2806 2843 2876 magni
2867 2805 3049 2860 littora
3079 2814 3222 2860 esset
3241 2821 3629 2876 possessurus;
3663 2804 3808 2860 Sido-

2222 2911 2347 2952 nem
2377 2913 2590 2969 quoque
2613 2907 2669 2953 et
2705 2898 2941 2968 reliquas
2967 2898 3298 2972 [thnices]
3331 2899 3493 2954 urbes
3517 2898 3808 2973 [continge-

2224 2989 2359 3062 ret],
2393 3006 2534 3046 nunc
2571 2989 2638 3044 ad
2674 2989 3128 3045 mediterraneam
3177 2990 3513 3060 provinciam
3561 2990 3728 3054 redit;
3757 2997 3808 3045 et

2223 3083 2462 3148 lsachar,
2492 3098 2612 3153 quae
2641 3081 2774 3155 [Al.,
2805 3082 2918 3155 qui]
2942 3081 3098 3151 juxta
3119 3081 3423 3152 Nephtalim
3451 3090 3536 3136 est
3564 3082 3807 3153 pulcher.

2224 3178 2418 3232 rimam
2464 3176 2542 3249 [in
2569 3175 2809 3250 Galilaaa]
2844 3178 3115 3248 regionem
3142 3191 3494 3248 possessurus
3519 3187 3627 3240 est,
3655 3176 3806 3230 bene—

2223 3269 2455 3325 dictione
2475 3284 2573 3323 sua
2593 3269 2950 3324 habitatorem
2979 3268 3123 3323 fecit.
3148 3267 3374 3323 Asinum
3394 3275 3576 3322 autem
3594 3282 3804 3323 osseum

2219 3359 2302 3415 vel
2332 3359 2529 3415 fortem
2558 3368 2734 3423 vocat,
2777 3368 2831 3413 et
2858 3359 3143 3413 humerum
3174 3357 3328 3430 [dicit
3350 3357 3718 3429 supposuisse]
3744 3358 3803 3411 ad

2217 3451 2562 3521 portandum,
2585 3451 2711 3520 quia
2738 3451 2791 3505 in
2819 3450 3003 3504 labore
3032 3458 3191 3504 terra:
3210 3457 3266 3503 et
3291 3449 3549 3504 vehendis
3570 3449 3639 3504 ad
3662 3465 3805 3503 mare

2219 3543 2542 3617 [oneribus],
2587 3560 2706 3614 quae
2755 3545 2807 3598 in
2841 3543 3034 3598 ﬁnibus
3083 3545 3194 3598 suis
3223 3543 3609 3607 nascebantur,
3640 3542 3800 3614 pluri-

2217 3655 2364 3693 mum
2394 3639 2688 3702 laboraret,
2717 3637 2935 3708 regibus
2961 3652 3176 3706 quoque
3213 3637 3411 3692 tributa
3439 3647 3799 3708 comportans.

2216 3730 2382 3785 Aiunt
2430 3729 2676 3794 Hebraei,
2724 3745 2822 3800 per
2866 3731 3241 3800 metaphoram
3286 3730 3614 3801 signiﬁcari,
3668 3730 3802 3802 quod

2218 3822 2527 3892 Scripturas
2573 3830 2788 3877 sanctas
2841 3822 2928 3876 die
2976 3837 3040 3876 ac
3085 3830 3240 3876 nocte
3271 3821 3541 3877 meditans
3569 3823 3799 3878 studium

2216 3930 2371 3970 suum
2415 3913 2626 3968 dederit
2672 3915 2739 3969 ad
2784 3913 3164 3979 laborandum,
3201 3921 3257 3968 et
3302 3913 3504 3968 idcirco
3531 3914 3584 3968 ei
3617 3929 3798 3969 omnes

2215 4007 2481 4072 serviunt,
2512 4007 2665 4076 quasi
2696 4008 2954 4078 magistro
2981 4007 3121 4061 dona
3147 4015 3445 4078 portantes.

2284 4101 2408 4154 Dan
2447 4100 2711 4170 judicabit
2745 4100 2993 4172 populum
3013 4117 3196 4166 suum,
3225 4101 3357 4154 sicut
3400 4100 3507 4154 alia
3553 4103 3717 4155 tribus
3748 4102 3798 4154 in

2213 4193 2403 4249 Israel.
2438 4192 2562 4247 Fiat
2593 4193 2711 4248 Dan
2747 4191 2957 4247 coluber
2992 4195 3049 4247 in
3092 4196 3194 4259 via,
3239 4204 3460 4252 cerastes
3500 4195 3557 4248 in
3598 4195 3794 4257 semita,

2211 4287 2457 4342 mordens
2510 4286 2734 4358 ungulas
2773 4288 2912 4357 equi,
2964 4296 3020 4341 ut
3049 4287 3204 4340 cadat
3234 4303 3480 4340 ascensor
3506 4287 3621 4355 ejus
3669 4297 3794 4340 retro

2213 4379 2366 4454 (Gen.
2395 4397 2542 4446 χιιι,
2572 4380 2776 4453 16-18).
2804 4379 3056 4435 Salutare
3088 4389 3236 4434 tuum
3267 4379 3596 4449 exspectabo,
3622 4379 3795 4432 Domi-

2211 4488 2294 4526 ne.
2330 4471 2559 4528 Samson
2586 4471 2750 4540 judex
2780 4473 2832 4527 in
2871 4472 3037 4527 Israel
3084 4473 3151 4526 de
3196 4472 3336 4527 tribu
3377 4471 3491 4526 Dan
3541 4471 3661 4527 fuit.
3691 4471 3795 4526 Hoc

2209 4579 2340 4636 ergo
2387 4581 2529 4619 nunc
2572 4564 2702 4618 dicit
2746 4564 2934 4618 videns
2976 4564 3029 4618 in
3071 4563 3284 4634 spiritu,
3333 4579 3544 4618 comam
3596 4563 3792 4618 nutrire

2215 4654 2445 4711 Samson
2466 4654 2804 4718 Nazaraaum,
2826 4662 2882 4708 et
2899 4654 2966 4708 de
2986 4655 3141 4708 cassis
3164 4654 3403 4708 hostibus
3420 4655 3752 4726 triumphare
3775 4671 3786 4706 :

2209 4749 2354 4819 quod
2402 4749 2456 4802 in
2501 4747 2903 4801 similitudinem
2955 4746 3159 4800 colubri
3196 4746 3474 4817 regulique
3501 4746 3789 4801 obsidentis

2207 4841 2346 4906 vias,
2377 4838 2580 4894 nullum
2624 4855 2722 4909 per
2763 4848 2964 4892 terram
3001 4838 3167 4893 Israel
3213 4838 3448 4893 transire
3489 4840 3785 4909 permittat;

2206 4932 2301 4987 sed
2325 4931 2488 4985 etiam
2517 4931 2563 4984 si
2589 4931 2711 5000 quis
2739 4931 3063 4986 temerarius
3087 4933 3286 4987 virtute
3318 4946 3438 4997 sua,
3471 4934 3629 5001 quasi
3652 4932 3785 4986 velo-

2206 5024 2369 5078 citate
2407 5022 2532 5091 equi
2586 5023 2845 5087 conﬁsus,
2890 5038 3012 5079 eam
3056 5023 3287 5078 voluerit
3333 5023 3607 5094 praedonis
3650 5035 3787 5078 more

2203 5114 2469 5186 p0pulari,
2498 5129 2603 5168 non
2641 5113 2790 5168 illum
2827 5113 3061 5185 effugere
3102 5113 3321 5168 valebit.
3349 5095 3571 5168 'Totum
3618 5120 3786 5169 autem

2203 5222 2302 5276 per
2326 5208 2701 5277 metaphoram
2725 5207 2994 5277 serpentis
3021 5214 3076 5260 et
3104 5207 3302 5275 equitis
3330 5205 3573 5275 loquitur
3601 5204 3785 5281 [Edit.,

2203 5298 2345 5368 quod
2369 5298 2628 5369 loquitur,
2653 5299 2721 5352 ad
2747 5299 2977 5354 formam
3001 5299 3267 5368 serpentis
3288 5309 3344 5352 et
3364 5299 3490 5368 equi
3515 5295 3785 5369 pertinet].

2204 5389 2404 5444 Videns
2436 5405 2566 5461 ergo
2612 5389 2775 5463 [δίδη
2807 5390 3018 5462 autem]
3075 5398 3185 5444 tam
3235 5389 3430 5444 fortem
3474 5390 3787 5446 Nazarteum

2203 5489 2376 5547 tuum,
2428 5483 2572 5552 quod
2620 5484 2732 5552 ipse
2784 5491 3004 5553 propter
3031 5480 3249 5553 [Edit.,
3279 5481 3416 5553 per]
3451 5485 3787 5539 meretricem

2202 5583 2446 5631 mortuus
2489 5585 2612 5640 est,
2657 5585 2711 5631 et
2740 5579 2976 5632 moriens
3023 5586 3235 5632 nostros
3275 5577 3475 5632 occidit
3521 5576 3784 5636 inimicos,

2199 5669 2404 5738 putavi,
2435 5684 2467 5723 o
2499 5671 2668 5724 Deus!
2701 5671 2878 5740 ipsum
2925 5685 3044 5725 esse
3069 5669 3344 5724 Christum
3381 5668 3580 5725 Filium
3611 5678 3782 5731 tuum;

2273 5817 2293 5838 ι’
2336 5804 2632 5876 Sequenda
2662 5821 2765 5857 non
2789 5803 3270 5876 suntgllieronymi.

2334 5873 2554 5928 Hieron.
2591 5876 2788 5940 Quzesl.
2823 5876 2876 5930 iu
2905 5874 3039 5930 Gen.
