4064 6342
287 415 379 472 581

885 402 1296 474 exactum.
1339 448 1408 458 —
1444 416 1817 474 INTERROG.
1860 415 1878 470 ι

1991 417 2320 473 RESPONS.
2362 418 2430 472 IN
2470 417 2736 485 GENES.,
2783 419 2934 476 ETC.

3450 421 3558 477 562

285 543 470 584 verum
512 530 639 600 quia
679 538 922 585 mortuus
948 540 1051 596 est,
1081 540 1137 583 et
1177 546 1280 584 non
1310 530 1626 595 resurrexit,
1657 537 1712 583 et
1741 544 1864 582 rur-
1889 529 1940 588 Δ
1965 527 2103 582 lceta
2144 539 2288 594 sunt,
2315 529 2497 600 lupum
2524 532 2950 602 sanguinarium,
2983 531 3164 603 lupum
3187 549 3436 590 voracem
3466 551 3560 591 su-

283 637 400 678 sum
441 623 632 676 ductus
679 631 868 692 captus
914 633 996 678 est
1039 624 1224 688 Israel,
1261 624 1398 678 alius
1450 624 1578 678 mihi
1619 623 1868 678 Salvator

284 711 437 787 [Ed.,
465 729 674 779 verum,
707 716 798 785 qui
830 725 1074 770 mortuus
1117 724 1201 770 est
1229 723 1285 770 et
1314 716 1627 779 resurrexit,
1654 714 1740 768 ille
1771 715 1868 784 igi-

284 813 371 859 tur
395 805 524 859 mihi
553 805 808 870 salvator,
833 805 965 878 etc.]
987 806 1172 860 mundi
1201 814 1257 860 et
1283 806 1388 861 mei
1413 806 1624 875 generis
1646 812 1870 875 praesto-

282 895 473 951 landus
513 906 616 962 est,
652 907 705 952 ut
738 899 925 963 veniat,
967 899 1052 951 cui
1099 899 1379 968 repositum
1422 908 1515 962 est,
1558 907 1604 951 et
1636 897 1744 967 ipse
1771 897 1867 950 erit

280 992 592 1060 exspectatio
622 993 874 1060 gentium.

347 1082 512 1152 336
536 1081 652 1135 Gad
683 1083 944 1158 accinctus
989 1069 1319 1154 prwliabitur
1360 1093 1480 1137 ante
1507 1100 1658 1148 eum,
1689 1092 1735 1136 et
1761 1083 1871 1151 ipse

278 1175 570 1244 accingetm
609 1185 912 1242 retrorsum,
945 1174 1097 1246 (vers.
1133 1175 1220 1246 19)
1253 1175 1542 1246 signiﬁcat,
1574 1174 1718 1245 quod
1745 1181 1871 1228 ante

277 1265 491 1330 Ruben,
519 1273 574 1321 et
607 1265 884 1321 dimidiam
915 1267 1114 1321 tribum
1161 1266 1426 1333 Manasse,
1458 1276 1512 1322 et
1537 1267 1695 1332 ﬁlios,
1736 1280 1872 1336 quos

275 1362 430 1410 trans
457 1355 747 1411 Iordanem
794 1357 948 1429 [Ms.,
978 1358 1117 1414 ﬁlios
1139 1374 1264 1412 suos
1298 1367 1449 1414 trans
1476 1357 1791 1430 Iordanem]
1818 1358 1872 1413 in

1968 636 2066 690 per
2105 620 2294 675 altaris
2344 621 2787 692 interpretatione
2830 632 3112 693 ponentes,
3166 633 3222 679 et
3261 624 3559 696 spoliarunt

1969 713 2286 766 divisionem
2311 729 2474 784 super
2510 714 2897 779 sacerdotibus,
2945 716 3036 786 qui
3065 716 3363 770 servientes
3403 716 3562 773 altari

1968 804 2157 858 vivunt
2207 805 2273 858 de
2333 805 2488 859 altari
2529 805 2848 877 [Hucusque
2892 821 2959 860 ex
3006 806 3385 879 Hieronymo].
3436 807 3564 863 Haec

1970 897 2233 951 hactenus
2261 896 2411 969 [Ms.,
2441 897 2645 970 autem]
2670 898 2948 953 historice.

2043 986 2409 1056 Spiritualiter
2453 997 2631 1043 autem
2671 989 2771 1062 [in]
2801 990 2990 1045 Ruben
3018 991 3218 1061 prioris
3251 989 3432 1060 populi
3469 988 3564 1044 Ju—

1971 1079 2208 1134 daeorum
2247 1082 2486 1136 ostendit
2524 1097 2837 1152 personam,
2876 1082 2963 1136 cui
2993 1097 3023 1135 a
3060 1081 3290 1135 Domino
3318 1096 3414 1151 per
3438 1096 3566 1153 pro-

1970 1171 2193 1240 phetam
2219 1171 2418 1226 dicitur
2444 1191 2456 1226 :
2483 1172 2648 1227 Israel
2668 1174 3042 1243 primogenitus
3068 1189 3211 1226 meus
3235 1171 3389 1244 (Gen.
3413 1188 3564 1239 xm,

1971 1263 2048 1335 5).
2077 1265 2289 1320 Etenim
2305 1263 2458 1332 juxta
2480 1265 2622 1335 quod
2644 1265 3015 1336 primogenitis
3053 1265 3370 1330 debebatur,
3398 1265 3567 1334 ipsius

1971 1367 2091 1412 erat
2119 1359 2366 1428 accipere
2411 1358 2770 1412 sacerdotium
2800 1368 2856 1412 et
2882 1374 3127 1430 regnum.
3177 1358 3406 1412 Additur
3437 1375 3453 1412 :
3490 1356 3569 1411 Tu

278 1446 679 1515 possessionem
697 1447 994 1512 dimiserat,
1015 1456 1134 1518 post
1163 1449 1572 1518 quattuordecim
1595 1462 1766 1501 annos
1788 1464 1875 1502 re-
1971 1452 2134 1504 rirtus
2176 1468 2309 1504 mea.
2349 1451 2542 1521 Utique
2590 1452 2732 1521 quod
2759 1451 2884 1505 huic
2932 1451 3128 1522 populo
3159 1450 3570 1505 fundamentum

273 1541 514 1598 vertens,
552 1535 793 1604 praelium
822 1538 1109 1592 adversum
1148 1553 1243 1592 eos
1286 1539 1527 1609 gentium
1572 1538 1874 1594 vicinarum
1973 1543 2096 1598 ﬁdei
2127 1560 2192 1598 ex
2244 1545 2359 1614 ipsa
2416 1544 2614 1598 virtute
2667 1545 2762 1598 Dei
2808 1543 2964 1615 [Ms.,
3015 1544 3142 1614 quia
3197 1560 3263 1598 ex
3304 1543 3423 1614 ipso
3473 1555 3575 1612 po-

272 1625 480 1696 grande
529 1627 729 1696 reperit
767 1636 822 1682 et
848 1629 1004 1683 victis
1043 1629 1288 1684 hostibus
1331 1629 1542 1683 fortiter
1575 1629 1868 1683 dimicavit.
1972 1635 2098 1706 pulo
2131 1635 2540 1710 fundamentum
2570 1634 2726 1700 ﬁdei;
2757 1649 2822 1688 ex
2852 1636 2969 1705 ipso
2996 1635 3169 1689 virtus
3193 1632 3336 1706 Dei],
3366 1633 3459 1704 qui
3490 1637 3576 1688 est

271 1714 416 1788 Lege
453 1717 647 1772 librum
695 1717 820 1774 Iesu
868 1719 1016 1775 Nave
1059 1720 1215 1792 (ιιιι,
1241 1721 1384 1794 7)et
1425 1720 1873 1791 Paralipomenon
1943 1725 2240 1792 'Christus,
2285 1726 2518 1780 advenit.
2549 1725 2830 1792 Quomodo
2875 1733 3057 1780 autem
3088 1726 3202 1796 ipse
3250 1725 3321 1780 sit
3367 1721 3572 1794 princi-

273 1807 336 1878 (I,
357 1809 638 1882 ν,1,11).

1983 1823 2122 1893 pium
2150 1820 2416 1884 dolorum,
2449 1819 2551 1874 nisi
2606 1818 2733 1873 dum
2782 1817 2930 1872 Patri
2979 1817 3092 1872 Deo
3127 1831 3343 1886 semper
3368 1817 3576 1884 irrogat
3637 1877 3643 1886 1

345 1900 652 1972 Nephtalim
689 1921 867 1958 cervus
894 1907 1112 1960 emissus
1130 1947 1144 1971 ,
1177 1906 1309 1960 dans
1338 1907 1544 1978 eloquia
1573 1906 1870 1978 pulchritu-

1983 1911 2225 1982 injurias,
2252 1919 2574 1966 convertens
2605 1910 2672 1964 ad
2699 1925 2824 1963 eum
2849 1909 3068 1962 dorsum
3091 1907 3188 1979 [et]
3214 1923 3317 1961 non
3346 1904 3575 1959 faciem?

273 1992 414 2046 dinis
463 1995 574 2048 sive
609 1994 912 2066 Nephtalim
960 2015 1084 2070 ager
1126 1999 1356 2070 irrigans
1390 1999 1544 2072 (Gen.
1575 2017 1722 2067 xux,
1755 1999 1867 2072 21).
1973 2009 2078 2064 Iste
2127 2008 2277 2077 prior
2307 2006 2360 2060 in
2409 2005 2587 2069 donis,
2636 2003 2762 2073 quia
2809 2003 2909 2074 ipsi
2939 2002 3173 2071 primum
3215 1999 3422 2054 credita
3452 1987 3598 2051 sunt

275 2083 578 2155 Utrumque
624 2088 768 2142 enim
815 2089 1087 2160 signiﬁcat
1120 2090 1403 2147 Hebrzeum
1449 2093 1675 2148 verbum
1716 2093 1872 2147 Aiala
1976 2099 2189 2170 eloquia
2221 2099 2337 2163 Dei,
2381 2107 2436 2152 et
2460 2096 2747 2168 legislatio,
2793 2103 2848 2150 et
2876 2099 3257 2148 testamentum
3287 2089 3423 2162 [sive
3452 2102 3578 2158 ι)νο-

274 2175 474 2232 Selvha
511 2177 707 2251 [Edit.,
738 2179 988 2255 Silvam].
1019 2182 1301 2254 Signiﬁcat
1327 2193 1508 2238 autem
1546 2185 1692 2254 quod
1717 2199 1873 2254 aqua!
1975 2191 2206 2262 missio].
2240 2191 2344 2245 Iste
2373 2187 2549 2256 major
2589 2189 2840 2258 imperio,
2871 2187 3058 2257 utique
3081 2201 3182 2256 pro
3210 2182 3579 2255 magnitudine

273 2271 463 2325 calidae
488 2271 542 2326 in
562 2273 677 2342 ipsa
702 2283 1000 2328 nascuntur
1021 2276 1187 2341 tribu,
1213 2276 1328 2329 sive
1352 2276 1495 2346 quod
1517 2292 1677 2346 super
1697 2275 1872 2330 lacum

271 2361 522 2416 Genesar
550 2362 750 2417 ﬂuenta
771 2363 904 2435 (AL,
929 2365 1149 2437 ﬁuento]
1172 2364 1424 2420 Jordanis
1449 2375 1594 2420 esset
1616 2368 1871 2437 irriguos.

272 2453 491 2507 Hebraei
523 2463 702 2508 autem
731 2455 917 2510 volunt
953 2467 1175 2527 propter
1203 2453 1564 2524 Tibériadem,
1595 2475 1714 2528 qum
1742 2459 1876 2529 legis

273 2545 564 2600 videbatur
591 2547 794 2602 habere
835 2551 1103 2616 notitiam,
1135 2567 1325 2622 agrum
1355 2552 1619 2622 irriguum
1673 2552 1760 2607 hic
1793 2553 1876 2607 in-

279 2635 450 2706 telligi
475 2638 685 2706 eloquia
713 2640 1132 2708 pulchritudinis
1152 2644 1541 2714 prophetarum
1566 2642 1721 2714 [Ms.,
1753 2644 1878 2698 irri-

271 2743 441 2798 guum
472 2737 526 2782 et
557 2730 769 2798 eloquia
818 2732 1237 2801 pulchritudinis
1274 2733 1640 2806 prophetari].
1670 2733 1876 2789 Cervus

273 2821 739 2877 antememissus
785 2831 1164 2894 temporaneas
1210 2824 1392 2896 fruges
1433 2834 1488 2881 et
1535 2825 1876 2880 velocitatem

275 2919 439 2965 terra:
459 2909 725 2967 uberioris
751 2915 1006 2970 ostendit.
1041 2914 1148 2971 Sed
1170 2917 1384 2982 melius,
1408 2919 1453 2972 si
1481 2919 1548 2971 ad
1573 2919 1875 2973 doctrinam

275 3004 580 3061 Salvatoris
621 3019 813 3062 cuncta
841 3009 1165 3075 referamus,
1211 3012 1352 3087 quod
1400 3012 1472 3066 ibi
1507 3013 1590 3067 vel
1639 3013 1875 3071 maxime

273 3101 523 3155 docuerit
550 3099 820 3171 salvator,
862 3112 921 3155 ut
948 3103 1001 3157 in
1037 3103 1328 3175 Evangelio
1367 3119 1580 3173 quoque
1611 3103 1874 3173 scriptum

273 3203 358 3249 est
389 3193 609 3264 (Matth.
637 3212 710 3259 ιν,
752 3195 860 3267 is).

1978 2284 2198 2346 virium,
2227 2283 2354 2352 quia
2385 2281 2656 2350 copiosius
2700 2280 2912 2335 caeteris
2941 2280 2996 2333 in
3038 2279 3144 2333 hoc
3167 2276 3365 2332 sazculo
3387 2290 3580 2346 regna-

1979 2375 2056 2430 vit
2082 2372 2237 2444 [Ed.,
2268 2372 2437 2426 Deum
2467 2372 2702 2442 negavit,
2733 2368 3021 2439 mendose].
3048 2367 3265 2424 Effusus
3292 2374 3376 2422 est
3398 2374 3579 2420 autem

1978 2466 2119 2520 sicut
2148 2478 2311 2533 aqua,
2357 2463 2633 2533 peccando
2662 2463 2714 2516 in
2754 2462 2995 2526 Christo,
3042 2476 3162 2530 qua:
3208 2460 3428 2515 vasculo
3472 2473 3580 2513 non

1979 2551 2234 2621 tenetur",
2267 2555 2560 2609 voluntatis
2591 2552 2725 2626 [Al.,
2775 2552 3086 2624 voluptatis]
3136 2553 3339 2609 eﬂ'usus
3363 2562 3448 2608 est
3474 2553 3581 2607 im-

1978 2655 2108 2719 petu
2139 2667 2151 2701 :
2183 2656 2239 2701 et
2259 2647 2462 2702 idcirco
2489 2647 2696 2701 addidit
2723 2645 2863 2700 ultra
2884 2663 2990 2700 non
3017 2662 3241 2700 crescas.
3271 2644 3430 2717 [Quia
3455 2657 3584 2715 peo-

1981 2743 2146 2808 cavit,
2174 2749 2228 2796 et
2277 2741 2549 2796 Christum
2602 2739 2862 2813 negavit],
2908 2748 3237 2810 quapropter
3286 2741 3400 2808 ipse
3436 2747 3584 2808 post-

1980 2850 2144 2904 quam
2166 2836 2220 2888 in
2238 2835 2551 2889 universum
2581 2833 2768 2888 orbem
2800 2832 3078 2902 dispersus
3105 2842 3210 2897 est,
3231 2829 3386 2885 valde
3406 2830 3586 2884 immi-

1979 2935 2144 2981 nutus
2171 2938 2274 2980 est.
2309 2924 2417 2980 Sed
2439 2940 2610 2995 quare
2644 2923 2771 2977 talia
2800 2923 3020 2987 meruit,
3054 2922 3128 2976 ita
3159 2920 3388 2989 subjecit
3416 2938 3430 2974 :
3455 2920 3583 2990 quia

1981 3016 2268 3072 ascendisti
2317 3015 2492 3070 cubile
2545 3015 2719 3085 patris
2771 3013 2872 3079 tui,
2923 3021 2980 3067 et
3027 3012 3312 3068 maeulasti
3352 3021 3581 3068 stratus:

1981 3107 2133 3177 ejus;
2159 3108 2375 3177 quando
2405 3104 2598 3178 [Edit.,
2621 3105 2900 3177 quoniam]
2923 3119 3121 3174 corpus
3141 3104 3501 3169 Dominicum,
3529 3103 3582 3158 in

1981 3215 2090 3271 quo
2144 3200 2420 3270 plenitudo
2458 3197 2766 3252 Divinitatis
2814 3195 3226 3267 requiescebat,
3280 3203 3492 3265 raptum
3529 3193 3585 3248 in

347 3283 528 3338 Filius
573 3302 719 3339 meus
764 3304 1062 3341 accrescens
1103 3289 1319 3358 Joseph,
1352 3288 1496 3358 ﬁlius
1522 3305 1666 3343 meus
1695 3305 1876 3343 accre-
1903 3257 1952 3322 Ο
1982 3304 2144 3346 cruce
2173 3289 2538 3360 suspendit,et
2563 3286 2710 3343 ferro
2737 3286 3172 3342 oommaculavit.

271 3393 429 3430 scens
473 3385 520 3429 et
573 3375 790 3430 decorus
843 3388 1074 3448 aspectu.
1132 3377 1289 3431 Filiw
1336 3377 1678 3432 decurrerunt
1723 3395 1880 3448 super

270 3485 514 3535 murum,
542 3469 631 3523 sed
679 3483 1112 3540 exasperaverunt
1141 3487 1280 3535 eum,
1310 3480 1358 3524 et
1383 3471 1589 3540 jurgati
1615 3471 1876 3537 sunt,-in-

271 3563 536 3639 vidiceque
575 3562 673 3634 [Ita
723 3562 859 3628 Ms.;
907 3562 994 3617 Al.
1045 3563 1439 3634 invideruntque
1485 3561 1586 3634 illi]
1633 3563 1878 3618 habentes

265 3656 482 3727 iacula.
536 3658 683 3712 Sedit
722 3658 776 3711 in
819 3657 944 3726 forti
991 3674 1146 3711 arcus
1194 3658 1330 3728 ejus,
1376 3665 1423 3710 et
1469 3656 1723 3710 dissoluta
1757 3665 1878 3710 sunt

271 3746 492 3802 vincula
521 3747 853 3801 brachiorum
875 3755 923 3801 et
946 3764 1199 3801 manuum
1225 3747 1340 3818 ejus
1365 3764 1457 3818 per
1485 3764 1673 3800 manus
1695 3757 1878 3816 poten-

273 3839 338 3892 tis
365 3837 564 3892 Iacob.
597 3837 728 3890 Inde
755 3846 936 3908 pastor
961 3854 1196 3908 egressus
1234 3847 1332 3902 est,
1357 3836 1491 3908 lapis
1521 3835 1692 3890 Israel
1719 3835 1874 3907 (Gen.

273 3945 435 3994 ιωι,
465 3927 680 3998 22-24).
707 3927 749 3982 Ο
779 3927 849 3981 ﬁli
874 3926 1093 3998 Joseph,
1125 3927 1216 3997 qui
1247 3934 1354 3980 tam
1378 3927 1604 3998 pulcher
1627 3941 1708 3992 es,
1738 3910 1803 3980 ut
1827 3935 1880 3982 te

275 4031 388 4080 tota
424 4023 495 4078 de
542 4024 712 4078 muris
749 4031 803 4077 et
847 4022 1110 4088 turribus,
1160 4036 1224 4075 ac
1269 4019 1523 4076 fenestris
1572 4019 1878 4090 puellarum

277 4113 508 4187 Egypti
537 4113 691 4167 turba
735 4120 1108 4183 prospectaret
1136 4111 1291 4183 [Ms.,
1335 4107 1700 4182 prospectet];
1744 4111 1881 4165 invi-

277 4207 487 4262 derunt
513 4205 607 4259 tibi
640 4204 716 4276 [et
743 4213 794 4257 te
828 4205 897 4257 ad
928 4203 1262 4257 iracundiam
1289 4201 1740 4274 provocaverunt]
1766 4201 1879 4256 fra-

279 4304 388 4351 tres
422 4295 538 4360 tui,
568 4295 829 4350 habentes
859 4294 1044 4348 livoris
1073 4294 1299 4365 sagittas
1327 4302 1383 4349 et
1422 4293 1523 4349 zeli
1546 4293 1742 4362 jaculis
1767 4293 1884 4348 vul-

280 4388 504 4443 nerati:
541 4403 729 4442 verum
759 4385 861 4459 [tu]
901 4403 1088 4442 arcum
1120 4396 1269 4441 tuum
1315 4396 1372 4442 et
1408 4402 1561 4441 arma
1606 4387 1882 4458 pugnandi

279 4481 513 4551 posuisti
544 4480 598 4534 in
626 4479 759 4544 Deo,
782 4481 873 4549 qui
895 4478 1051 4534 fortis
1074 4487 1159 4534 est
1175 4489 1572 4551 propugnator;
1594 4490 1649 4533 et
1667 4478 1882 4533 vincula

282 4583 393 4639 tua,
431 4574 631 4642 quibus
660 4582 711 4628 te
743 4571 939 4627 fratres
969 4573 1287 4643 ligaverunt,
1320 4573 1388 4627 ab
1413 4573 1528 4643 ipso
1557 4572 1732 4626 soluta
1755 4580 1882 4627 sunt

281 4675 333 4721 et
351 4667 625 4736 disrupta.
652 4665 723 4721 Ut
745 4680 810 4720 ex
840 4673 931 4719 tuo
953 4665 1154 4719 semine
1175 4664 1349 4719 tribus
1376 4673 1632 4720 nascatur
1656 4662 1880 4718 Effraim

282 4756 462 4824 fortis,
493 4757 724 4823 stabilis,
754 4765 809 4812 et
847 4758 1019 4811 instar
1042 4756 1236 4827 lapidis
1262 4757 1496 4812 durioris
1522 4756 1742 4823 invicta,
1782 4755 1884 4810 im-

283 4868 488 4923 perans
513 4850 770 4924 [quoque]
796 4851 980 4906 decem
1011 4849 1258 4905 tribubus
1287 4849 1474 4906 Israel.

355 4944 643 5014 Benjamin
685 4942 838 5014 lupus
882 4959 1067 5012 rapax,
1117 4959 1272 4996 mane
1313 4942 1536 4996 comedit
1570 4942 1806 5012 praedam
1835 4950 1884 4996 et

287 5051 497 5106 vespere
538 5033 728 5088 dividet
763 5033 932 5104 spolia
950 5033 1106 5106 (vers.
1131 5033 1246 5105 27).
1276 5033 1448 5100 Quam
1475 5034 1538 5088 de
1565 5033 1734 5088 Paulo
1756 5048 1887 5103 apo-

289 5130 430 5186 stolo
460 5129 902 5185 manifestissima
934 5129 1004 5183 sit
1032 5127 1314 5199 prophetia
1339 5128 1590 5182 omnibus
1617 5137 1787 5199 patet.
1826 5126 1888 5183 In

291 5224 659 5280 adolescentia
680 5223 824 5278 enim
848 5231 1167 5293 persecutus
1184 5229 1267 5276 est
1281 5221 1578 5276 Ecclesiam
1601 5219 1738 5292 (Act.
1765 5236 1882 5287 vui,

289 5314 398 5387 3);
457 5317 513 5370 in
557 5322 835 5370 senectute
881 5313 1207 5384 praedicator
1252 5312 1529 5382 Evangelii
1584 5311 1760 5368 factus
1805 5320 1891 5368 est

292 5406 440 5480 (Gal.
465 5425 504 5472 ι,
541 5406 651 5478 15).
683 5405 897 5461 Hebraei
925 5411 1104 5459 autem
1143 5404 1217 5457 ita
1255 5404 1510 5458 dixerunt
1538 5401 1687 5474 [Ms.,
1717 5403 1888 5458 disse-

292 5498 445 5572 runt]
474 5518 486 5553 :
517 5498 688 5553 altare
721 5498 776 5552 in
809 5511 918 5567 quo
946 5495 1369 5550 immolabantur
1409 5494 1617 5559 hostiae,
1653 5501 1705 5548 et
1735 5495 1890 5549 victi-

294 5606 510 5646 marum
549 5589 769 5659 sanguis
794 5589 848 5643 in
872 5589 1047 5644 basim
1095 5587 1238 5642 illius
1264 5585 1609 5651 fundebatur,
1644 5587 1699 5640 in
1736 5596 1889 5656 parte

296 5685 474 5740 tribus
491 5684 773 5756 Beniamin
797 5683 898 5738 fuit
909 5683 1048 5758 (AL,
1071 5682 1256 5756 fuisse]
1287 5702 1298 5736 :
1323 5682 1438 5738 Hoc
1463 5682 1736 5751 inquiunt,
1759 5693 1890 5753 ergo

296 5777 565 5850 signiﬁcat
581 5778 726 5849 quod
751 5779 1061 5834 sacerdotes
1084 5777 1367 5832 immolant
1385 5791 1544 5831 mane
1569 5776 1794 5841 hostias,
1820 5774 1890 5830 ad

297 5886 585 5942 vesperam
613 5873 860 5929 dividunt
878 5888 966 5938 ea,
996 5882 1115 5944 qua:
1143 5871 1247 5929 sibi
1275 5888 1305 5926 a
1327 5870 1523 5943 populo
1551 5887 1618 5926 ex
1640 5871 1754 5941 lege
1778 5871 1890 5928 col-

2055 3399 2271 3457 Simeon
2319 3409 2366 3453 et
2414 3399 2535 3453 Levi
2581 3399 2772 3470 fratres
2824 3415 2947 3452 vasa
2991 3398 3285 3468 iniquitatis
3336 3395 3586 3453 bellantia

1984 3494 2138 3566 (vers.
2164 3491 2240 3563 5).
2271 3492 2376 3547 Per
2404 3491 2712 3546 Simeonem
2735 3499 2792 3545 et
2818 3488 2946 3545 Levi
2973 3490 3185 3555 scribae,
3216 3497 3273 3544 et
3298 3487 3583 3556 Pharisaei,

1983 3595 2039 3640 et
2057 3583 2368 3639 sacerdotes
2384 3581 2592 3637 Iudaici
2615 3580 2798 3653 populi
2815 3581 3206 3654 intelliguntur.
3231 3581 3307 3636 De
3330 3580 3586 3638 Simeone

1982 3675 2128 3730 enim
2180 3673 2372 3730 scribae
2419 3683 2576 3728 erant
2624 3670 2964 3737 Iudaeorum;
3015 3671 3084 3726 de
3112 3671 3254 3726 tribu
3279 3687 3410 3727 vero
3454 3670 3584 3727 Levi

1982 3766 2256 3836 principes
2297 3765 2667 3830 sacerdotum,
2697 3763 2857 3835 337
2900 3765 2990 3836 qui
3025 3763 3300 3818 consilium
3326 3763 3582 3833 fecerunt,

1982 3867 2042 3912 ut
2068 3857 2248 3912 Iesum
2279 3856 2400 3911 dolo
2423 3865 2656 3912 tenerent
2685 3866 2734 3910 et
2767 3857 3082 3910 occiderent.
3114 3855 3192 3909 De
3221 3870 3329 3924 quo
3357 3854 3588 3911 concilio

1985 3951 2116 4006 dicit
2144 3969 2157 4005 :
2185 3950 2252 4004 In
2282 3950 2562 4004 concilium
2591 3965 2772 4003 eorum
2805 3965 2868 4002 ne
2889 3949 3059 4003 veniat
3081 3949 3259 4002 anima
3278 3963 3417 4002 mea.
3448 3945 3587 4002 Hor-

1983 4047 2140 4101 rebat
2167 4047 2311 4100 enim
2342 4053 2423 4099 tot
2446 4043 2655 4099 scelera
2681 4058 2802 4112 qua:
2832 4044 2887 4097 in
2917 4041 3226 4096 novissimis
3249 4039 3586 4110 temporibus

1983 4138 2181 4193 facturi
2232 4145 2390 4191 erant
2433 4134 2632 4202 Judaei;
2660 4135 2788 4204 quia
2817 4133 2873 4188 in
2916 4133 3102 4187 furore
3131 4146 3228 4186 suo
3271 4130 3591 4186 occiderunt

1983 4232 2182 4296 virum,
2233 4229 2284 4284 id
2335 4236 2422 4282 est
2464 4226 2764 4292 Christum,
2810 4224 2877 4279 de
2928 4238 3034 4294 quo
3073 4223 3272 4278 dicitur
3299 4236 3314 4276 :
3346 4219 3483 4276 Ecce
3509 4222 3589 4275 vir

1985 4320 2159 4375 oriens
2206 4334 2395 4372 nomen
2441 4316 2556 4387 ejus
2589 4313 2776 4386 (Zach.
2804 4330 2884 4380 v1,
2924 4312 3034 4384 12).
3065 4312 3134 4367 Et
3159 4311 3286 4366 alibi
3316 4325 3331 4365 :
3360 4309 3587 4365 Femina

1985 4407 2330 4464 circumdabit
2372 4407 2540 4461 virum
2581 4403 2726 4476 (Jer.
2758 4421 2910 4471 ιιιι,
2939 4402 3064 4476 22).
3095 4401 3442 4472 Suﬁ'oderunt
3467 4416 3586 4453 mu-

1985 4517 2125 4567 rum,
2154 4499 2208 4554 id
2235 4507 2339 4564 est,
2386 4495 2722 4568 spiritualem
2764 4495 2911 4550 illum
2959 4493 3317 4550 fortissimum
3345 4507 3586 4558 murum,

1907 4625 1963 4686 Β
1986 4593 2078 4686 qui
2105 4591 2340 4648 custodit.
2356 4589 2632 4686 Israelem,
2654 4588 2845 4686 lancea
2865 4585 3246 4686 confoderunt.
3271 4581 3587 4686 M‘ale‘dictus

1987 4682 2140 4754 furor
2186 4678 2402 4746 eorum,‘
2423 4681 2549 4749 quia
2592 4679 2853 4749 pertinax.
2899 4676 3098 4746 Utique
3143 4674 3360 4746 quando
3403 4673 3589 4727 furore

1988 4773 2204 4828 accensi
2250 4772 2303 4826 in
2337 4771 2416 4824 ira
2441 4769 2751 4825 obtulerunt
2773 4768 3048 4824 Christum
3082 4768 3274 4823 Pontio
3300 4765 3474 4821 Pilato
3499 4765 3584 4819 di-

1986 4872 2171 4920 centes
2203 4882 2214 4917 :
2246 4862 2534 4932 Cruci/ige,
2581 4860 2828 4931 cruciﬁge
2851 4876 2969 4914 eum
3017 4857 3211 4930 (Joan.
3247 4873 3362 4923 ιιι,
3393 4855 3480 4928 6).
3514 4853 3587 4908 Et

1987 4954 2281 5026 indignatio
2315 4969 2519 5018 eorum,
2544 4951 2714 5024 [quia]
2745 4951 2903 5006 dura.
2933 4950 3072 5005 Dum
3091 4948 3394 5005 Barabbam
3417 4946 3586 5001 Iatro-

1988 5063 2114 5105 nem
2156 5055 2422 5118 peterent,
2453 5053 2509 5100 et
2543 5045 2842 5115 principem
2884 5043 3008 5098 vita:
3036 5040 3456 5112 cruciﬁgendum
3487 5051 3586 5108 po-

1988 5139 2254 5195 stularent
2301 5135 2525 5209 (Matth.
2557 5151 2728 5201 xxvn,
2759 5134 2884 5206 21).
2915 5133 3162 5188 Dividam
3201 5147 3286 5185 eos
3309 5131 3367 5184 in
3393 5127 3586 5195 Iacob,

1988 5241 2037 5286 et
2070 5229 2368 5301 disperdam
2400 5226 2554 5299 [Ms.,
2582 5225 2912 5299 dispergam]
2960 5223 3124 5297 [illos]
3154 5224 3209 5278 in
3240 5219 3429 5285 Israel,
3457 5219 3587 5290 quia

1989 5319 2231 5376 nonnulli
2258 5334 2323 5373 ex
2370 5317 2476 5373 illis
2506 5317 2873 5383 crediderunt,
2903 5315 3123 5386 quidam
3153 5320 3333 5367 autem
3363 5311 3418 5365 in
3461 5307 3585 5363 inll-

1990 5415 2209 5470 delitate
2242 5419 2679 5483 permanserunt.
2715 5411 2977 5465 Dicuntur
3001 5408 3146 5463 enim
3176 5403 3331 5460 divisi
3363 5401 3464 5476 (hi,
3491 5400 3586 5471 qui

1990 5507 2060 5562 ab
2087 5505 2188 5578 eis]
2218 5511 2558 5575 separantur,
2587 5512 2642 5557 et
2660 5501 2883 5556 veniunt
2911 5498 2979 5552 ad
3005 5497 3202 5561 ﬁdem;
3232 5491 3464 5564 dispersi
3488 5505 3587 5546 au-

1991 5609 2100 5654 tem
2133 5596 2240 5670 [Αι.
2269 5595 2420 5667 ergo]
2451 5605 2594 5660 sunt,
2621 5608 2852 5663 quorum
2879 5590 3056 5664 patria
3084 5597 3141 5645 et
3169 5585 3424 5658 templum
3453 5583 3584 5640 sub-

1988 5704 2206 5744 versum
2234 5694 2338 5752 est,
2364 5696 2421 5741 et
2446 5701 2542 5756 per
2567 5683 2752 5738 orbem
2783 5690 2942 5736 terra:
2969 5694 3100 5751 gens
3124 5675 3402 5733 incredula
3428 5673 3585 5747 (Mm,

1990 5779 2328 5836 incredulum
2353 5774 2547 5848 genus]
2578 5774 2870 5846 spargitur.

2061 5870 2206 5924 .luda
2235 5879 2283 5922 te
2304 5867 2595 5922 laudabunt
2637 5865 2828 5936 fratres
2858 5867 2935 5920 tui
2967 5862 3146 5935 (Gem,
3175 5876 3301 5916 ιιιι
3322 5899 3337 5923 ,
3369 5856 3447 5927 8).
3480 5854 3588 5910 Per
