4064 6342
1334 415 1396 468 3.
1420 410 1499 465 ιτ.
1536 404 1765 463 annm
1804 404 1934 460 seu
1970 401 2249 460 ALCHINI
2282 400 2575 459 censen
2613 402 2793 458 PARS
2824 403 2886 460 ιι
2942 388 2973 416 ⁸

3656 400 3758 461 564

483 537 630 591 hunc
674 531 871 587 Iudam
922 543 1086 593 verus
1138 524 1414 583 confessor
1447 521 1769 593 exprimitur
1790 517 2064 581 ChristuS,
2094 517 2149 577 Δ.
2172 530 2401 585 quorum
2424 520 2715 586 .pracepta
2765 514 2898 587 [Αι.,
2945 515 3169 590 scripta]
3222 515 3594 577 austeritamm
3649 521 3758 577 vini

483 625 576 696 qui
627 639 695 679 ex
746 620 862 690 eius
902 619 1044 675 tribu
1095 616 1388 681 secundum
1434 626 1655 677 carnem
1703 617 1788 665 est
1827 607 2062 681 genitus.

481 714 661 787 Ipsum
686 714 913 767 laudant
941 710 1141 771 fratres
1181 706 1288 774 sui,
1319 703 1548 776 apostoli
1572 702 1777 760 scilicet
1801 708 1858 757 et
1876 715 2066 756 omnes

483 807 794 864 cohaeredes
828 805 975 876 ejus,
1002 801 1094 871 qui
1122 814 1221 870 per
1249 799 1590 869 adoptionem
1617 795 1738 850 Filii
1766 793 1861 850 Dei
1888 792 2066 849 Patris

482 906 537 954 et
558 897 760 953 Christi
772 895 970 950 fratres
989 890 1165 947 effecti
1181 899 1305 945 sunt
1319 905 1413 960 per
1428 889 1679 960 gratiam,
1695 901 1926 957 quorum
1951 886 2067 955 ipse

481 997 568 1046 est
603 988 860 1047 Dominus
894 999 994 1055 per
1018 991 1309 1047 naturam.
1346 980 1540 1047 Manus
1568 988 1673 1034 tua:
1701 979 1758 1033 in
1783 975 2065 1031 cervicibus

483 1082 819 1137 inimicorum
860 1087 1093 1131 tuorum.
1121 1074 1317 1130 iisdem
1345 1074 1492 1128 enim
1514 1071 1769 1139 manibus
1794 1077 1849 1123 et
1874 1069 2066 1123 eodem

486 1174 667 1231 amcis
691 1172 930 1242 trophaeo
954 1177 1011 1223 et
1035 1183 1165 1223 suos
1180 1168 1365 1233 textit,
1408 1174 1466 1221 et
1502 1165 1761 1220 inimicas
1805 1163 2063 1217 adversa-

481 1268 703 1337 riasque
753 1271 1051 1336 potestates
1094 1262 1302 1319 devicit
1355 1259 1515 1333 [Hs.,
1568 1256 1855 1330 curvavit].
1903 1254 2065 1310 Juxta

482 1359 627 1431 quod
646 1365 701 1413 et
716 1355 884 1412 Pater
904 1356 1171 1427 promittit
1197 1356 1247 1408 ei
1268 1355 1453 1409 dicens
1486 1370 1499 1405 :
1531 1351 1671 1407 Sede
1694 1352 1761 1405 ad
1782 1351 2067 1407 dexteram

482 1463 681 1515 meam,
703 1450 876 1505 donec
897 1462 1097 1518 ponam
1136 1446 1383 1502 inimicos
1411 1452 1531 1507 tuos
1557 1443 1849 1505 scabellnm
1868 1443 2068 1512 pedum

478 1549 718 1599 tuorum.
750 1538 1059 1603 Adorabunt
1088 1547 1151 1592 te
1174 1535 1280 1607 ﬁlii
1320 1537 1486 1608 patris
1516 1536 1613 1599 tui,
1642 1534 1897 1606 quoniam
1915 1532 2068 1588 multi

476 1650 549 1692 ex
580 1635 705 1692 ﬁliis
718 1633 892 1692 Jacob
915 1633 1203 1693 adorantes
1228 1630 1398 1704 [eum]
1425 1645 1522 1701 per
1541 1630 1859 1686 electionem
1880 1628 2069 1701 gratiae

479 1727 618 1784 salvi
645 1724 778 1782 facti
824 1732 968 1781 sunt.
997 1722 1217 1779 Catulus
1258 1721 1423 1777 leonis
1461 1722 1606 1777 Juda
1636 1722 1791 1793 (vers.
1824 1721 1901 1792 9),
1935 1734 2069 1790 quo-
2095 1721 2116 1737 ‘

481 1820 633 1875 niam
674 1817 946 1875 nascendo
984 1815 1245 1887 parvulus
1286 1815 1463 1869 factus
1494 1821 1596 1880 est,
1627 1815 1767 1871 sicut
1806 1813 2069 1883 scriptum

2166 607 2356 679 prisca:
2402 607 2538 678 legis
2595 614 2874 678 superant,
2906 607 3035 678 quia
3084 609 3242 681 longe
3267 609 3473 664 leviora
3518 618 3664 665 sunt.
3691 610 3762 667 Et

2133 758 2135 760 ,
2167 700 2345 756 dantes
2388 698 2524 755 lacte
2562 699 2913 756 candidiores.
2972 700 3175 756 Dentes
3222 709 3586 773 praeceptores
3638 710 3763 761 sunt

2167 793 2360 857 sancti,
2388 793 2484 863 qui
2504 792 2808 863 praecidunt
2847 790 2918 847 ab
2940 794 3223 855 erroribus
3262 795 3534 863 homines,
3583 803 3642 851 et
3666 810 3761 852 eos

2167 886 2322 955 quasi
2367 885 2697 943 comedenda
2754 886 2810 940 in
2862 885 3068 945 Christi
3122 900 3316 958 corpus
3364 888 3758 945 transmittunt.

2130 974 2519 1035 'Candidiores
2569 989 2751 1036 autem
2807 980 2986 1037 effecti
3041 989 3168 1037 sunt
3215 983 3468 1039 doctores
3520 985 3763 1042 ecclesiae

2167 1070 2306 1125 lacte
2331 1072 2538 1131 veteris
2572 1071 2726 1143 legis.

2238 1162 2477 1221 Zabulon
2498 1165 2554 1218 in
2567 1164 2744 1221 littore
2766 1165 2950 1232 maris,
2972 1174 3021 1220 et
3038 1166 3098 1220 in
3123 1166 3348 1220 statione
3368 1167 3585 1220 navium
3614 1167 3765 1221 habi-

2168 1264 2242 1310 tat
2277 1254 2720 1328 [Ms.,ltabitabit]
2753 1256 2906 1328 (vers.
2938 1257 3050 1328 45).
3096 1250 3337 1312 Zahulon
3376 1258 3764 1329 interpretatur

2168 1346 2534 1403 habitaculum
2561 1347 2976 1417 pulchritudinis
2999 1345 3129 1420 (AL,
3156 1345 3531 1419 fortitudinis],
3568 1358 3625 1404 et
3666 1349 3765 1404 Ec-

2169 1439 2389 1494 elesiam
2409 1438 2695 1510 significat,
2726 1455 2845 1510 quae
2870 1440 2925 1494 in
2947 1440 3129 1496 littore
3157 1440 3322 1511 338
3341 1442 3511 1495 maris
3533 1442 3759 1509 habitat,

2171 1530 2267 1605 [et]
2317 1533 2372 1587 in
2411 1532 2645 1587 statione
2699 1533 2941 1599 navium,
2987 1540 3048 1587 ut
3095 1522 3445 1588 credentibus
3496 1534 3763 1607 refugium

2172 1623 2305 1697 [sit],
2352 1631 2409 1678 et
2453 1624 2887 1694 periclitantibus
2944 1625 3283 1681 demonstret
3342 1625 3468 1680 ﬁdei
3522 1634 3761 1696 portum.

2171 1714 2297 1770 Haec
2322 1723 2510 1773 contra
2536 1728 2725 1769 omnes
2761 1715 3002 1771 turbines
3029 1718 3211 1772 saeculi
3236 1718 3563 1773 inconcussa
3600 1718 3766 1773 ﬁrmi-

2174 1815 2284 1862 tate
2338 1808 2509 1862 solida
2572 1816 2853 1879 exspectat
2910 1809 3254 1881 naufragium
3305 1809 3617 1865 Iudaeorum
3644 1853 3657 1875 ,
3713 1818 3767 1867 et

486 1921 621 1970 est:
657 1911 922 1967 Parvulas
965 1922 1120 1965 natus
1173 1919 1249 1965 est
1275 1910 1441 1964 nobis.
1474 1909 1555 1963 Ad
1604 1908 1837 1979 prazdam
1883 1905 1962 1975 ﬁli
1996 1905 2069 1965 mi
2098 1891 2146 1955 Β
2173 1899 2552 1957 haereticorum
2619 1899 2917 1970 procellas,
2973 1901 3066 1971 qui
3118 1900 3581 1956 circumferuntur
3620 1903 3765 1957 omni

489 2006 805 2071 ascendisti,
845 2006 898 2061 id
945 2012 1048 2071 est,
1099 2004 1396 2061 ascendens
1437 2004 1492 2058 in
1546 2016 1797 2068 crucem,
1827 2002 2072 2073 captivos

478 2097 711 2170 populos
755 2097 1031 2153 redemisti
1060 2095 1157 2168 [et]
1186 2111 1323 2166 quos
1352 2095 1696 2156 adversarius
1746 2091 1875 2166 [Μδ.
1897 2134 1912 2161 ,
1943 2108 2073 2149 con-

476 2182 707 2262 trarius]
734 2189 827 2245 ille
856 2182 1130 2245 invaserat
1171 2188 1253 2261 [tu
1303 2188 1541 2246 moriens
1592 2188 1855 2258 eripuisti.
1907 2187 2070 2243 Deni-

480 2296 590 2354 que
618 2278 822 2336 rediens
848 2282 913 2335 ab
954 2278 1142 2351 inferis
1188 2279 1491 2353 ascendisti]
1521 2282 1576 2334 in
1606 2279 1789 2344 altum,
1816 2280 2071 2350 captivam

480 2373 685 2429 duxisti
712 2365 1082 2445 captivitatem.
1136 2371 1479 2444 Requieseens
1523 2372 1811 2428 decubuisti
1860 2382 1916 2426 ut
1966 2371 2069 2426 leo.

482 2466 918 2524 Manifestissime
930 2466 1185 2524 Christus
1209 2468 1459 2523 accubuit
1478 2468 1532 2522 in
1554 2468 1827 2538 passione,
1856 2466 2072 2537 quando

480 2557 739 2615 inclinato
791 2559 968 2630 capite
1005 2559 1229 2615 tradidit
1272 2560 1552 2630 spiritum,
1600 2560 1715 2614 sive
1751 2560 1968 2630 quando
2017 2560 2072 2614 in

481 2650 732 2721 sepulcro
781 2648 1052 2723 [securus]
1104 2650 1253 2706 velut
1297 2651 1533 2722 quodam
1585 2651 1830 2721 corporis
1881 2665 2073 2705 somno

482 2744 706 2814 quievit.
728 2742 836 2798 Sed
861 2757 1033 2813 quare
1050 2752 1108 2797 ut
1136 2742 1217 2797 leo
1244 2751 1300 2797 et
1340 2741 1523 2815 [velut]
1546 2741 1755 2797 catulus
1783 2742 1987 2797 leonis?
2015 2743 2072 2797 ln

481 2848 674 2891 smnne
707 2848 808 2888 suo
850 2834 937 2889 leo
965 2833 1086 2899 fuit,
1137 2834 1395 2904 quoniam
1440 2848 1549 2887 non
1596 2835 1947 2898 necessitate,
1977 2833 2074 2891 sed

480 2936 752 3000 potestate
805 2927 910 2981 hoc
960 2927 1139 2995 ipsum
1188 2925 1453 2997 implevit,
1509 2926 1651 2981 sicut
1702 2926 1819 2996 ipse
1872 2926 2004 2980 dicit
2058 2944 2069 2980 :

2175 1999 2337 2046 vento
2379 1990 2658 2058 doctrinm,
2691 2005 2922 2061 quorum
2953 1993 3055 2048 etsi
3101 1994 3345 2048 tunditur
3360 1993 3633 2061 fluctibus,
3662 2010 3767 2067 non

2176 2090 2354 2138 tamen
2378 2082 2663 2154 frangitur.
2692 2084 2963 2139 Pertendit
2996 2094 3171 2139 autem
3207 2102 3370 2158 usque
3390 2086 3459 2140 ad
3490 2085 3764 2153 Sidonem,

2173 2178 2277 2233 hoc
2297 2184 2400 2243 est,
2430 2191 2601 2248 usque
2634 2178 2701 2232 ad
2722 2187 2943 2249 gentes;
2966 2177 3168 2251 legitur
3191 2180 3357 2234 etiam
3378 2180 3433 2234 in
3444 2179 3767 2250 Evangelia,

2174 2269 2298 2324 inde
2323 2277 2629 2340 assumptos
2673 2283 2795 2325 esse
2823 2270 3032 2340 aliquos
3058 2270 3359 2341 apostolos;
3389 2271 3445 2325 in
3476 2271 3611 2340 ipsis
3640 2270 3767 2325 locis

2175 2360 2463 2419 Dominum
2505 2376 2650 2433 saepe
2688 2363 2962 2428 docuisse,
2997 2364 3138 2419 sicut
3160 2365 3425 2435 scriptum
3452 2373 3538 2419 est
3569 2382 3582 2417 :
3610 2362 3770 2418 Terra

2175 2454 2437 2522 Zabulon,
2465 2465 2516 2511 et
2540 2466 2683 2511 terra
2718 2456 3044 2526 Nephtalim,
3089 2455 3315 2529 populus
3341 2457 3430 2528 qui
3473 2455 3686 2511 sedebat
3714 2456 3771 2509 in

2176 2551 2417 2618 tenebris,
2459 2552 2590 2607 vidit
2608 2551 2787 2606 'lucem
2835 2566 3101 2623 magnam.
3156 2550 3371 2623 (Matth.
3402 2566 3475 2615 tv,
3507 2548 3606 2616 l6;
3636 2547 3766 2604 lsai.

2158 2658 2258 2707 ιι,
2292 2643 2354 2707 ιι,
2379 2642 2456 2714 2).
2478 2630 2651 2699 Sidon
2689 2644 3084 2714 interpretatur
3108 2650 3336 2698 venator
3375 2641 3463 2697 vel
3495 2642 3765 2699 venatrix.

2175 2735 2474 2792 Venatores
2501 2751 2633 2790 vero
2659 2736 2753 2806 qui
2792 2742 2938 2801 sunt,
2964 2735 3068 2789 nisi
3094 2735 3356 2805 apostoli?
3380 2735 3495 2805 qui,
3522 2743 3585 2789 ut
3610 2748 3770 2805 supra

2176 2826 2428 2890 diximus,
2462 2840 2531 2881 ex
2566 2825 2672 2880 illis
2701 2825 2834 2882 locis
2864 2827 3125 2897 assumpti
3176 2834 3331 2893 sunt;
3374 2825 3442 2881 de
3468 2826 3665 2896 quibus
3694 2823 3773 2879 di-

2178 2920 2318 2975 citur
2360 2939 2373 2973 :
2404 2918 2616 2973 Mittam
2665 2919 3199 2988 venatores‘multos,
3237 2930 3287 2975 et
3325 2921 3655 2976 venabantur
3682 2934 3768 2974 vos

486 3016 658 3073 Nemo
690 3015 837 3071 tollet
889 3033 923 3069 a
966 3032 1047 3071 me
1089 3017 1324 3070 animam
1378 3032 1571 3080 meam,
1601 3015 1691 3069 sed
1740 3032 1833 3086 ego
1880 3032 2074 3086 ponam

480 3127 619 3166 eam.
653 3110 807 3179 Quod
830 3125 962 3166 vero
989 3110 1197 3167 addidit
1223 3128 1236 3164 :
1270 3106 1341 3163 Et
1382 3118 1440 3165 ut
1485 3108 1692 3163 catulus
1721 3108 1919 3175 leonis;
1950 3109 2074 3164 inde

481 3208 630 3262 enim
679 3213 925 3262 mortuus
977 3212 1082 3270 est,
1129 3204 1273 3260 unde
1326 3202 1435 3277 [et]
1476 3210 1652 3258 natus.
1700 3202 1845 3258 Bene
1893 3202 2068 3275 [ergo]

483 3298 735 3357 Christus
781 3306 841 3352 ut
895 3297 979 3353 leo
1026 3298 1312 3368 requievit,
1359 3296 1450 3367 qui
1503 3310 1610 3350 non
1651 3295 1829 3350 solum
1880 3296 2074 3352 mortis

2173 3012 2231 3067 in
2251 3013 2392 3066 omni
2428 3023 2601 3067 monte
2624 3011 2760 3085 {Al.,
2787 3012 2922 3086 loco]
2955 3014 3087 3085 (der.
3111 3031 3221 3082 xvr,
3246 3014 3357 3087 16).

2251 3106 2477 3162 Isachar
2517 3110 2698 3163 asinus
2734 3108 2886 3180 fortis
2924 3108 3078 3181 (Gen.
3102 3095 3253 3175 xitx,
3291 3108 3378 3175 l4,
3411 3108 3521 3185 l5).
3553 3108 3773 3168 Isacbar

2177 3201 2320 3269 quod
2342 3200 2731 3270 interpretatur
2755 3216 2985 3266 merces,
3016 3200 3253 3256 refertur
3278 3202 3345 3256 ad
3370 3200 3625 3273 populum
3649 3218 3771 3275 gen-

2102 3260 2148 3326 g
2179 3296 2334 3362 tium,
2364 3311 2525 3367 quem
2556 3296 2818 3352 Dominus
2858 3296 3039 3373 pretio
3073 3296 3353 3367 sanguinis
3378 3296 3461 3351 Sui
3502 3304 3771 3352 mercatus

481 3392 837 3450 acerbitatem
885 3404 993 3445 non
1031 3391 1231 3449 timuit.
1277 3390 1373 3445 sed
1425 3389 1591 3449 etiam
1632 3390 1689 3443 in
1738 3390 1855 3459 ipsa
1895 3400 2074 3445 morte
2176 3398 2276 3445 est.
2306 3388 2406 3444 llic
2444 3389 2667 3454 lsachar
2712 3389 2898 3445 asinus
2939 3388 3093 3443 fortis
3137 3387 3413 3455 scribitur,
3448 3388 3579 3459 quia
3620 3388 3767 3458 prius

478 3484 675 3547 mortis
722 3483 1010 3553 imperium
1055 3481 1204 3537 vicit.
1256 3480 1409 3548 Quod
1462 3488 1648 3536 autem
1695 3482 1828 3538 dicit
1879 3501 1891 3537 :
1940 3482 2072 3549 Quis
2173 3478 2401 3551 populus
2437 3480 2673 3552 gentilis,
2723 3480 2880 3559 quasi
2910 3480 3131 3559 brutum
3168 3488 3223 3534 et
3271 3479 3611 3555 luxuriosmn
3653 3477 3771 3535 ani-

467 3570 752 3634 suscitabit
799 3578 960 3632 eum?
1003 3575 1143 3644 Quid
1167 3582 1253 3632 est
1279 3573 1426 3641 aliud
1462 3572 1568 3630 nisi
1595 3575 1739 3645 quod
1777 3576 1894 3646 ipse
1943 3576 2075 3630 dicit
2174 3575 2282 3630 mal
2306 3575 2537 3647 [egerat]
2562 3572 2813 3645 nullaque
2863 3575 3073 3629 ratione
3100 3574 3435 3640 subsistens;
3468 3589 3615 3629 nime
3640 3586 3769 3649 vero

480 3668 639 3742 (illa,
670 3671 798 3739 quia
842 3668 1041 3734 nullus,
1073 3668 1178 3725 nisi
1221 3669 1359 3739 ipse,
1382 3666 1539 3736 juxta
1565 3667 1713 3738 quod
1762 3667 1879 3738 ipse
1925 3667 2068 3738 ait]:
2175 3665 2331 3723 fortis
2379 3666 2758 3736 Redemptoris
2812 3666 3050 3721 dominio
3080 3665 3278 3721 collum
3327 3660 3656 3721 submittens
3703 3663 3769 3739 ad

482 3762 684 3823 Solvite
725 3761 975 3833 templum
1026 3761 1133 3815 hoc
1154 3802 1170 3827 ,
1220 3762 1273 3823 et
1300 3761 1356 3823 in
1385 3759 1562 3814 triduo
1606 3758 1867 3813 suscitabo
1916 3756 2069 3811 illud.
2174 3758 2359 3830 iugum
2390 3758 2685 3828 disciplina:
2708 3758 3044 3830 Evangelicze
3070 3759 3317 3827 pervenit
3337 3756 3471 3831 [Al.,
3504 3758 3598 3813 sed
3626 3764 3773 3829 post-

484 3853 611 3908 Non
640 3854 847 3923 deﬁciet
872 3853 987 3908 dua:
1003 3853 1068 3907 de
1095 3852 1241 3906 Iuda
1264 3851 1342 3925 [et
1365 3850 1595 3924 reliqua]
1626 3852 1782 3923 (vers.
1816 3850 1926 3920 10).
1948 3848 2075 3905 Hoc
2174 3849 2394 3903 modum
2436 3845 2644 3918 jugum.
2666 3888 2715 3901 ..
2748 3847 2977 3904 libenter
3026 3847 3306 3921 portavit].
3356 3846 3460 3902 Hic
3510 3848 3770 3903 accubans

488 3944 927 4001 manifestissime
954 3945 1024 3999 ad
1057 3942 1254 3999 Iudam
1281 3941 1534 3999 refertur.
1564 3943 1665 3997 Diu
1696 3942 1839 3997 enim
1864 3939 1968 3995 fuit
2004 3956 2074 3995 ex
2174 3941 2311 3995 inter
2345 3941 2590 3995 terminos
2617 3939 2743 3994 vidit
2780 3942 3029 4012 requiem,
3055 3940 3196 4013 quod
3232 3949 3361 3995 esset
3399 3940 3567 4006 bona;
3593 3950 3642 3994 et
3672 3948 3772 3994 ter-

480 4037 690 4095 semine
716 4036 861 4092 illius
901 4037 1227 4093 intemerata
1264 4036 1409 4106 apud
1428 4033 1646 4090 Iudaeos
1684 4033 1957 4089 successio
1986 4048 2075 4089 re-
2115 4053 2121 4059 ·
2177 4050 2310 4100 ram,
2337 4032 2478 4105 quod
2518 4034 2734 4104 optima.
2758 4032 2905 4115 inter
2926 4034 3188 4088 terminos
3220 4031 3450 4105 [autem]
3482 4032 3765 4101 accubare,

478 4132 593 4205 gni,
610 4131 781 4185 donec
798 4128 1046 4185 Christus
1072 4135 1492 4187 nasceretur:et
1512 4128 1617 4183 hoc
1630 4143 1794 4199 supra
1816 4127 2067 4183 diximus.
2174 4133 2258 4180 est
2302 4124 2612 4195 praestolato
2640 4126 2828 4180 mundi
2878 4124 2986 4179 ﬁne
3015 4118 3379 4195 requiescere,
3407 4125 3655 4196 nihilque
3680 4140 3773 4179 eo-

483 4221 719 4293 sllligans
750 4223 827 4277 ad
866 4224 1072 4277 vineam
1117 4221 1318 4293 pullum
1360 4237 1519 4275 suum
1556 4221 1708 4293 (vers.
1747 4220 1854 4291 ll).
1886 4220 2071 4277 Pullus
2173 4235 2316 4284 l'lllll,
2354 4235 2474 4291 quae
2500 4227 2789 4275 versantur
2831 4220 2887 4275 in
2917 4220 3115 4289 medio,
3145 4234 3411 4291 quaerere,
3457 4220 3555 4276 sed
3584 4220 3772 4275 uitiata

480 4330 635 4381 suus,
664 4316 895 4386 populus
933 4323 1019 4371 est
1066 4330 1132 4368 ex
1163 4314 1427 4384 gentibus,
1460 4314 1545 4367 cui
1588 4314 1767 4377 adhuc
1794 4331 2072 4385 nunquam
2175 4312 2506 4368 desiderare.
2541 4314 2607 4366 Et
2634 4312 2791 4368 fortis
2820 4294 3003 4367 asinus
3037 4299 3282 4382 requiem
3309 4320 3366 4366 et
3398 4320 3605 4367 terram
3633 4312 3770 4397 opti-

482 4404 664 4460 fuerat
688 4402 980 4475 onuslegis
1002 4406 1337 4473 impositum.
1383 4403 1538 4458 Hunc
1564 4404 1921 4475 alligaverunt
1946 4421 2076 4476 apo-
2176 4420 2321 4459 mam
2354 4406 2519 4470 videt,
2565 4420 2687 4459 cum
2716 4404 2943 4475 simplex
2998 4403 3274 4475 gentilitas
3322 4402 3571 4477 [idcirco]
3604 4417 3663 4459 se
3704 4401 3771 4458 ad

480 4495 629 4559 stoli,
656 4496 749 4563 qui
772 4509 840 4548 ex
863 4492 1068 4547 Judaeis
1089 4501 1230 4557 sunt,
1264 4493 1332 4547 ad
1358 4494 1573 4547 vineam
1602 4495 1672 4555 de
1699 4510 1807 4564 qua
1834 4495 2031 4551 dicitur
2056 4514 2069 4549 :
2176 4496 2340 4549 robur
2366 4496 2489 4551 boni
2533 4497 2712 4566 operis
2738 4490 2899 4567 erigit
2925 4494 3097 4567 [quia]
3144 4496 3211 4551 ad
3236 4504 3453 4551 aeternae
3482 4495 3610 4549 viae
3635 4508 3774 4566 prm-

492 4582 659 4640 Vinea
680 4585 894 4638 Domini
914 4583 1146 4639 Sabaoth
1175 4583 1308 4657 [Al.,
1339 4584 1610 4655 copulavit
1647 4584 1716 4639 ad
1740 4586 1978 4652 vineam,
2005 4589 2073 4649 ad
2099 4620 2150 4679 η
2175 4586 2344 4640 mium
2368 4587 2556 4640 tendit.
2586 4586 2740 4642 Unde
2783 4576 3191 4657 etiam'apponit
3219 4588 3495 4641 humerum
3519 4602 3673 4641 suum
3702 4583 3771 4639 ad

482 4676 758 4749 apostolos
786 4678 1014 4755 scilicet,
1060 4677 1150 4746 qui
1189 4692 1256 4732 ex
1301 4674 1502 4731 Iudaeis
1548 4684 1690 4733 sunt.
1724 4675 1863 4740 Nam
1914 4677 2073 4733 vinea
2099 4674 2139 4679 ⁷
2175 4675 2666 4753 portandum,quia
2695 4680 2819 4733 dum
2844 4679 3259 4755 adlpromissam
3302 4680 3548 4751 requiem
3579 4692 3774 4751 perve-

482 4769 697 4826 Domini
735 4754 975 4824 Sabaoth
1021 4765 1216 4824 domus
1246 4768 1421 4823 lsrael
1464 4766 1570 4842 est]
1615 4787 1628 4823 :
1666 4770 1734 4824 Et
1771 4768 1841 4824 ad
1881 4770 2031 4823 vitem
2056 4811 2071 4835 ,
2176 4773 2294 4826 nire
2323 4773 2619 4839 desiderat,
2659 4780 2849 4827 cuncta
2896 4754 3279 4827 mandatorum
3320 4764 3487 4827 onera
3530 4756 3533 4759 ’

484 4854 607 4933 quae
628 4861 759 4917 dicit
791 4880 803 4914 :
838 4861 951 4933 Ego
979 4877 1095 4916 sum
1124 4862 1242 4915 vitis
1268 4878 1406 4917 vera.
1435 4860 1517 4917 Ad
1560 4864 1701 4919 hanc
1736 4878 1865 4933 ergo
1910 4863 2075 4918 vitem

482 4951 669 5023 alligat
711 4950 921 5007 asinam
961 4967 1140 5017 suam,
1166 4954 1274 5008 hoc
1300 4960 1388 5007 est
1415 4968 1744 5025 synagogam
1795 4953 2075 5026 gravidam

480 5043 639 5116 {Hs.,
669 5045 1036 5117 tardigradam
1084 5044 1309 5116 scilicet]
1354 5054 1411 5099 et
1442 5049 1595 5117 gravi
1647 5048 1782 5118 legis
1836 5049 2076 5118 pondere

481 5135 819 5206 depressam.
868 5136 1017 5190 Lavit
1062 5137 1121 5190 in
1175 5136 1290 5191 vino
1317 5137 1506 5192 stolam
1540 5156 1709 5193 suam.
1744 5139 1916 5211 [Sive]
1948 5155 2074 5194 car-

481 5244 608 5286 nem
636 5244 790 5287 snam
838 5223 900 5286 in.
924 5230 1185 5302 sanguine
1211 5232 1508 5302 passionis;
1541 5233 1654 5285 sive
1702 5240 1942 5289 sanctam
1968 5233 2076 5287 Ec-

483 5312 704 5379 clesiam
732 5324 823 5380 illo
858 5326 1004 5391 vino,
1031 5326 1175 5395 quod
1204 5340 1302 5395 pro
1347 5325 1530 5379 multis
1579 5323 1875 5379 effunditur
1899 5327 1954 5380 in
1988 5340 2074 5379 re-

482 5404 795 5472 missionem
821 5408 1191 5488 peccatorum.
1226 5417 1293 5471 Et
1320 5418 1377 5471 in
1400 5419 1658 5489 sanguine
1696 5435 1809 5473 uvte
1852 5418 2071 5489 pallium

482 5524 655 5568 suum.
681 5513 930 5582 Pallium,
955 5524 1142 5586 gentes
1171 5523 1315 5581 sunt,
1346 5532 1483 5586 quas
1509 5518 1722 5586 corpori
1752 5532 1850 5572 suo
1870 5516 2069 5587 junxit,

478 5605 626 5661 sicut
652 5596 916 5679 scriptum
943 5616 1027 5662 est
1051 5625 1063 5660 :
1101 5605 1222 5660 Vivo
1250 5625 1365 5678 ego,
1387 5607 1515 5662 dicit
1541 5607 1820 5674 Dominus,
1850 5610 1951 5663 nisi
1977 5611 2071 5665 hos

485 5713 663 5752 omnes
686 5682 904 5753 induam
944 5700 1079 5754 sicut
1123 5701 1498 5754 vestimentum.
1552 5699 1891 5754 Pulchriores
1933 5700 2073 5755 oculi

483 5790 601 5871 ejus
626 5791 744 5844 vino
790 5791 941 5862 (vers.
978 5793 1086 5865 12).
1130 5793 1280 5849 Oculi
1320 5794 1519 5850 Christi
1572 5793 1799 5864 apostoli
1837 5802 1966 5871 sunt
2016 5801 2073 5850 et

481 5870 860 5955 Evangelistae,
888 5885 977 5955 qui
1019 5886 1198 5940 lumen
1239 5874 1483 5942 scientiae.
1501 5886 1757 5943 Ecclesiae
1782 5895 2043 5960 praestant

2176 4872 2375 4934 portat.
2416 4864 2568 4920 Unde
2599 4863 2770 4934 factus
2790 4872 2865 4918 cst
2888 4864 3097 4919 tributis
3122 4866 3366 4931 serviens,
3388 4865 3500 4919 «hoc
3517 4871 3625 4929 est,
3655 4864 3773 4934 regi

2175 4955 2392 5012 Christo
2422 4973 2518 5012 suo
2548 4955 2672 5011 fidei
2700 4956 2843 5011 dona
2866 4963 2927 5029 et
2966 4970 3194 5028 operum
3236 4956 3504 5024 honorum
3533 4952 3773 5010 oil‘erens

2177 5067 2424 5127 munera.

2248 5144 2368 5199 Dan
2418 5144 2685 5215 judicabit
2739 5142 2989 5221 populum
3032 5159 3207 5209 suum,
3239 5144 3375 5199 sicut
3428 5143 3549 5198 alite
3603 5142 3775 5203 tribus

2177 5235 2367 5291 Israel.
2423 5236 2549 5291 Fiat
2586 5238 2707 5291 Dan
2741 5238 2950 5295 coluber
2976 5239 3029 5291 in
3064 5239 3167 5303 via,
3218 5246 3444 5293 cerastes
3478 5237 3532 5291 in
3561 5238 3772 5313 semita,

2177 5326 2256 5400 [et
2284 5328 2514 5400 reliqua]
2540 5329 2692 5401 (vers.
2728 5331 2836 5401 16).
2871 5331 3066 5387 Dicunt
3105 5332 3325 5402 quidam
3373 5326 3776 5405 Ant'ichrismnr

2128 5446 2133 5453 ’
2173 5430 2273 5488 per
2297 5420 2410 5475 hzec
2433 5421 2597 5475 verba
2618 5423 2840 5491 praedici
2862 5424 2928 5478 de
2955 5423 3103 5477 tribu
3118 5412 3241 5476 Dan
3264 5420 3526 5503 futurum,
3552 5434 3653 5491 pro
3677 5432 3773 5484 eo,

2175 5598 2240 5662 de
2263 5608 2597 5664 inter'trihus
2616 5609 2779 5665 Israel
2793 5610 3001 5679 primus
3018 5609 3130 5664 Dan
3150 5609 3216 5664 ad
3240 5607 3560 5687 Aquilonem
3585 5611 3773 5679 castra

2172 5705 2405 5775 metatus
2419 5708 2519 5765 est,
2539 5700 2687 5755 illum
2704 5701 3037 5772 significans,
3054 5702 3145 5772 qui
3176 5716 3234 5756 se
3250 5690 3311 5754 in
3327 5696 3586 5754 lateribus
3602 5694 3773 5766 Aqui-

2170 5789 2309 5846 lonis
2340 5792 2527 5847 sedere
2551 5794 2709 5869 dicit,
2748 5786 2893 5847 etde
2914 5808 3021 5863 quo
3062 5791 3362 5864 ﬁguraliter
3385 5791 3650 5862 propheta
3677 5784 3767 5842 di-

2170 5884 2245 5941 cit
2261 5902 2274 5938 :
2288 5883 2333 5939 Α
2348 5884 2466 5940 Dan
2488 5885 2701 5941 auditus
2718 5895 2795 5942 est
2819 5886 3058 5957 fremitus
3075 5900 3325 5963 equorum
3346 5876 3461 5957 eius
3481 5880 3615 5955 (lcr.
3640 5894 3765 5949 ml,

2175 5514 2318 5580 quod
2332 5515 2436 5569 hoc
2456 5514 2573 5569 loco
2587 5514 2698 5585 Dan
2718 5524 2772 5570 et
2784 5516 3004 5571 coluber
3016 5516 3282 5584 asseritur
3296 5521 3352 5569 et
3365 5508 3638 5569 mordens.
3656 5508 3779 5566 Un-
3796 5542 3801 5551 ι

3844 4554 4011 4661 Graiﬂ

3849 4690 3929 4757 ιιι»
3943 4684 3987 4746 εἲ

2176 4773 2294 4826 nire
2323 4773 2619 4839 desiderat,
2659 4780 2849 4827 cuncta
2896 4772 3279 4827 mandatorum
3320 4764 3487 4827 onera
3541 4764 3821 4849 libenter]
3862 4784 3997 4845 (ιρι,

3810 5328 3951 5445 19“.

3842 5421 3989 5501 ad
