4064 6342
547 327 649 383 567

1399 337 1459 390 Β.
1500 337 1562 393 F.
1599 338 1827 396 ALBlNl
1866 339 2000 400 SEU
2038 344 2318 404 ALCUlNl
2355 347 2643 407 OPERUM
2681 352 2862 410 PARS
2901 356 2964 413 ll.

3710 370 3810 430 568

546 449 674 495 stat.
707 441 776 495 Et
796 443 938 499 sicut
957 445 1098 503 Deus
1123 447 1307 518 Pater,
1336 452 1476 507 Deus
1504 452 1693 521 Filius,
1717 455 1861 512 Deus
1890 456 2122 529 Spiritus
2149 467 2203 526 Α
2227 463 2411 532 habet,
2443 474 2590 522 tanto
2617 471 2856 539 propius"
2884 483 2968 528 est
3009 474 3140 544 Deo,
3171 487 3226 534 et
3254 482 3516 552 majorem
3561 488 3644 542 sui
3674 489 3814 545 Con-

546 544 769 590 sanctus
796 547 900 604 est,
930 557 1037 596 non
1067 550 1244 598 tamen
1267 553 1376 602 tres
1404 547 1477 602 dii
1511 557 1657 616 sunt,
1683 552 1778 606 sed
1804 569 1944 609 unus
1984 556 2127 613 Deus

547 636 660 684 tres
675 630 880 687 habens
900 648 1188 703 personas;
1221 637 1298 693 ita
1321 647 1376 694 et
1400 641 1581 697 anima
1608 643 1931 715 intellectus,
1945 651 2126 706 anima

544 719 817 792 voluntas,
843 725 1023 780 anima
1045 730 1338 797 memoria;
1370 748 1478 787 non
1517 741 1697 791 tamen
1725 739 1916 795 animae
1936 749 2048 798 tres
2072 745 2126 800 in

545 829 651 869 uno
676 830 925 887 corpore,
947 820 1041 873 sed
1067 837 1174 875 una
1205 823 1385 880 anima
1416 834 1525 882 tres
1564 829 1768 884 habens
1798 833 2121 905 dignitates;

541 905 707 978 350
753 915 917 980 atque
940 910 994 964 in
1023 912 1108 967 his
1134 913 1308 969 tribus
1339 914 1458 985 ejus
1485 918 1774 991 imaginem
1802 927 2127 985 mirabiliter

540 1000 681 1068 gerit
699 999 754 1054 in
780 1015 877 1055 sua
899 1010 1095 1057 natura
1132 1014 1318 1061 noster
1338 1007 1567 1065 interior
1595 1013 1758 1068 homo
1784 1033 1796 1068 :
1830 1031 1898 1071 ex
1928 1019 2124 1088 quibus

537 1092 692 1161 quasi
735 1093 1206 1152 excellentioribus
1238 1099 1431 1156 animae
1478 1102 1827 1174 dignitatibus
1869 1108 2125 1180 jubemur

533 1183 756 1255 diligere
773 1184 1140 1255 Conditorem,
1169 1199 1230 1246 ut
1261 1202 1522 1262 quantum
1548 1196 1902 1270 intelligatur,
1935 1203 2123 1276 diliga-

531 1274 765 1346 tur[Al.,
789 1277 1121 1349 intelligitur.
1145 1319 1190 1334 ..
1220 1321 1270 1336 ..
1305 1284 1599 1358 diligitur];
1631 1296 1686 1343 et
1715 1300 1975 1358 quantum
2005 1274 2123 1349 dili-

528 1374 707 1435 gatur,
737 1381 952 1439 semper
976 1371 1030 1424 in
1055 1373 1315 1428 memoria
1344 1374 1627 1432 habeatur.
1656 1378 1768 1435 Nec
1789 1382 1935 1438 solus
1975 1384 2122 1439 suill-

525 1456 602 1511 eit
629 1457 695 1512 de
725 1474 791 1514 eo
822 1459 1146 1530 intellectus,
1195 1467 1300 1522 nisi
1345 1467 1440 1522 fiat
1465 1469 1518 1524 in
1548 1486 1730 1528 amore
1768 1473 1886 1542 ejus
1931 1477 2120 1533 volun-

524 1554 610 1602 tas
640 1566 652 1600 :
683 1548 790 1603 imo
815 1565 916 1606 nec
949 1552 1065 1608 haec
1111 1555 1215 1610 duo
1245 1556 1540 1625 sufficiunt,
1588 1563 1690 1616 nisi
1722 1567 1982 1622 memoria
2026 1569 2120 1623 ad-

522 1636 703 1715 datur,
733 1653 838 1709 qua
869 1655 1083 1713 semper
1117 1645 1171 1699 in
1205 1656 1386 1702 mente
1424 1649 1772 1722 intelligentis
1796 1663 1851 1710 et
1897 1656 2119 1728 diligen-

524 1727 598 1782 tis
620 1739 838 1786 maneat
859 1731 1031 1800 Deus;
1079 1744 1138 1790 ut
1166 1738 1307 1793 sicut
1355 1740 1561 1795 nullum
1613 1751 1792 1814 potest
1837 1762 1958 1804 esse
2000 1727 2119 1806 mo-

2227 554 2418 610 ditoris
2445 558 2581 627 gerit
2626 560 3048 620 similitudinem.
3082 564 3142 624 Si
3167 585 3316 638 vero,
3347 575 3491 644 quod
3518 577 3680 646 absit,
3713 580 3812 636 ali-

2225 647 2346 715 quis
2364 664 2464 718 per
2485 652 2640 707 devia
2667 654 2924 711 vitiorum
2963 667 3021 716 et
3044 659 3276 717 divortia
3303 665 3595 723 criminum
3617 671 3686 726 ab
3711 672 3813 730 hac

2223 739 2556 798 nobilissima
2575 745 2658 801 sui
2686 746 2993 806 Conditoris
3019 753 3368 813 similitudine
3392 759 3628 832 degener
3656 762 3814 821 aber-

2225 839 2328 898 ret,
2378 841 2504 890 tunc
2531 836 2626 893 ﬁet
2650 839 2716 894 de
2747 856 2814 896 eo
2842 844 2987 913 quod
3033 847 3295 917 scriptum
3341 859 3425 907 est
3458 871 3471 906 :
3499 852 3571 908 Et
3614 856 3774 912 homo
3795 899 3810 925 ,

2223 939 2342 978 cum
2365 926 2421 980 in
2447 928 2640 985 honore
2680 943 2810 988 esset
2851 952 2957 991 non
3007 939 3295 1008 intellexit,
3343 958 3684 1018 comparatus
3738 963 3814 1007 est

2214 1015 2466 1084 jumentis
2486 1022 2847 1093 insipientibus
2875 1038 2922 1082 et
2955 1030 3142 1086 similis
3171 1034 3342 1104 [actus
3377 1015 3590 1095 est'illis
3632 1041 3807 1115 (Psal.

2223 1122 2427 1176 XLVIII,
2471 1112 2579 1186 15).
2611 1115 2712 1182 Qui
2761 1117 2936 1188 major
2977 1121 3152 1177 honor
3193 1128 3374 1197 potuit
3417 1131 3626 1190 homini
3642 1112 3807 1202 esse,

2220 1213 2385 1267 quam
2410 1209 2470 1256 ut
2491 1204 2558 1258 ad
2576 1205 2982 1266 similitudinem
3000 1214 3084 1269 sui
3103 1214 3353 1274 Factoris
3379 1223 3734 1293 conderetur,
3759 1236 3812 1283 et

2220 1290 2424 1346 eisdem
2469 1295 2727 1352 virtutum
2752 1303 3087 1360 vestimentis
3107 1319 3416 1378 ornaretur,
3445 1313 3643 1383 quibus
3673 1290 3813 1374 Gon-

2221 1383 2381 1450 ditor,
2423 1387 2489 1442 de
2517 1405 2625 1459 quo
2659 1391 2858 1464 legitur
2902 1413 2914 1448 :
2943 1396 3202 1454 Dominus
3232 1406 3489 1473 regnavit,
3515 1407 3708 1463 decore
3730 1411 3813 1465 in-

2219 1475 2377 1531 dutus
2436 1478 2607 1550 (Psal.
2661 1498 2792 1551 xcu,
2840 1486 2932 1559 1),
2975 1488 3030 1543 id
3082 1499 3213 1557 est,
3257 1495 3500 1550 omnium
3539 1498 3810 1557 virtutum

2220 1567 2500 1638 splendore
2536 1581 2592 1627 et
2638 1575 2806 1631 totius
2850 1576 3105 1636 bonitatis
3153 1583 3348 1639 decore
3401 1589 3661 1644 ornatus?
3714 1591 3809 1647 Vel

2218 1661 2362 1730 quod
2386 1664 2561 1734 majus
2588 1667 2790 1723 homini
2825 1681 3004 1740 potest
3042 1689 3164 1730 esse
3201 1676 3460 1747 dedecus,
3489 1688 3584 1736 aut
3632 1683 3808 1740 infeli-

2218 1753 2335 1844 (εἰρι-
2359 1757 2600 1823 miseria,
2630 1774 2795 1829 quam
2822 1771 2884 1817 ut
2927 1765 3029 1820 hac
3080 1767 3447 1827 similitudinis
3489 1772 3666 1844 gloria
3727 1778 3806 1832 sui

520 1835 780 1890 mentum,
815 1844 923 1899 quo
969 1831 1131 1887 homo
1175 1832 1326 1906 [non]
1368 1843 1576 1903 utatur,
1617 1839 1702 1893 vel
1752 1839 1965 1897 fruatur
2008 1844 2104 1900 Dei
2136 1835 2185 1896 Β
2210 1831 2516 1904 Co'nditoris
2535 1851 2757 1918 amissa,
2782 1854 2850 1908 ad
2880 1855 3165 1912 informem
3187 1866 3240 1913 et
3279 1861 3347 1916 ad
3375 1831 3803 1921 irrationabilem

517 1917 758 1977 bonitate
803 1933 859 1978 et
903 1925 1310 1995 misericordia;
1361 1929 1437 1984 ita
1494 1930 1699 1986 nullum
1747 1933 1940 1990 debeat
1989 1953 2107 1995 esse

516 2020 876 2080 momentum,
905 2030 1014 2085 quo
1040 2027 1361 2086 praesentem
1394 2036 1516 2075 eum
1547 2036 1654 2077 non
1682 2023 1882 2080 habeat
1911 2025 1964 2080 in
1994 2043 2108 2082 me-

515 2105 711 2158 moria.
735 2104 804 2159 Et
827 2105 944 2162 hate
971 2107 1035 2162 de
1054 2109 1284 2180 imagine
1306 2111 1523 2167 habeto.
2061 2105 2066 2111 ’

585 2193 700 2251 Hoc
729 2211 862 2252 vero
887 2213 1031 2254 nunc
1050 2199 1115 2253 de
1133 2198 1479 2257 similitudine
1500 2203 1680 2274 aliqua
1708 2206 1966 2279 intellige,
1981 2223 2104 2279 quae

508 2288 566 2342 in
602 2289 845 2344 moribus
872 2287 1006 2362 [Al.,
1049 2292 1370 2368 minoribus]
1401 2298 1673 2352 cernenda
1704 2307 1789 2355 est
1817 2319 1830 2354 :
1863 2308 1923 2356 ut
1963 2302 2104 2357 sicut

507 2377 652 2434 Deus
679 2378 928 2448 Creator,
952 2383 1046 2452 qui
1077 2384 1351 2440 hominem
1393 2388 1463 2443 ad
1510 2389 1916 2447 similitudinem
1943 2408 2099 2450 suam

508 2472 738 2540 creavit,
785 2481 870 2530 est
896 2475 1156 2543 charitas,
1208 2486 1294 2533 est
1323 2477 1498 2536 bonus
1543 2490 1598 2538 et
1639 2483 1840 2554 justus,
1885 2488 2099 2558 patiens

506 2571 672 2634 atque
698 2565 868 2632 mitis,
891 2567 1142 2633 mundus,
1169 2569 1500 2640 misericors,
1529 2582 1585 2628 et
1614 2583 1810 2632 caetera
1833 2578 2096 2634 virtutum

505 2663 823 2712 sanctarum
866 2658 1097 2730 insignia
1121 2675 1240 2730 quae
1269 2663 1336 2718 de
1375 2678 1442 2738 eo
1469 2663 1760 2737 leguntur:
1809 2668 1885 2722 ita
1934 2669 2097 2726 homo

503 2757 720 2806 creatus
752 2758 838 2807 est
865 2760 928 2806 ut
954 2753 1274 2810 charitatem
1301 2755 1552 2824 haberet,
1581 2767 1644 2813 ut
1664 2757 1840 2816 bonus
1877 2769 2023 2818 esset
2043 2769 2102 2818 et

502 2839 704 2912 justus,
734 2843 946 2913 patiens
989 2853 1151 2915 atque
1203 2846 1369 2912 mitis,
1411 2849 1644 2905 mundus
1684 2859 1740 2905 et
1787 2851 2100 2909 misericors

507 2927 668 2992 foret.
721 2931 868 3000 Quas
914 2935 1146 2992 virtutes
1189 2945 1394 3007 quanto
1419 2937 1546 3010 plus
1564 2940 1799 3012 quisque
1834 2942 1892 2998 in
1919 2944 2097 3016 seipse

2207 1935 2490 1992 brutorum
2528 1938 2899 2008 iumentorum
2967 1946 3298 2004 dilaberetur
3351 1951 3806 2013 similitudinem?

2207 2027 2505 2100 Eapropter
2550 2035 2782 2106 quisque
2810 2037 3119 2109 diligentius
3155 2043 3400 2099 attendat
3438 2047 3632 2118 prima:
3676 2065 3803 2106 con-

2204 2119 2423 2176 ditionis
2474 2137 2586 2178 suae
2634 2127 3011 2184 excellentiam
3031 2171 3046 2197 ,
3106 2140 3162 2188 et
3197 2137 3566 2194 venerandam
3603 2153 3802 2198 sanctae

2205 2210 2487 2270 Trinitatis
2534 2217 2591 2272 in
2633 2220 2812 2290 seipso
2845 2222 3136 2294 imaginem
3174 2238 3454 2300 agnoscat,
3504 2235 3795 2290 honorem-

2207 2318 2313 2373 que
2341 2305 2710 2364 similitudinis
2734 2310 2947 2379 divinae,
2967 2314 3033 2367 ad
3049 2330 3212 2385 quem
3239 2329 3456 2377 creatus
3479 2331 3584 2390 est,
3607 2324 3796 2381 nobili-

2205 2403 2316 2452 tate
2348 2413 2584 2464 morum,
2624 2405 2885 2460 exercitio
2932 2408 3214 2477 virtutum,
3265 2413 3524 2485 dignitate
3572 2421 3794 2477 merito-

2203 2500 2328 2542 rum
2372 2486 2575 2545 habere
2619 2495 2913 2550 contendat
2943 2516 2954 2551 :
2985 2505 3045 2552 ut
3081 2501 3296 2571 quando
3337 2517 3601 2580 appareat
3623 2511 3795 2581 qualis

2201 2576 2294 2642 sit,
2320 2585 2448 2634 tunc
2471 2580 2664 2638 similis
2690 2584 2741 2638 ei
2772 2595 3032 2657 appareat
3058 2591 3152 2660 qui
3183 2606 3243 2647 se
3273 2576 3600 2653 mirabiliter
3630 2576 3700 2654 ad
3729 2601 3798 2656 si-

2203 2667 2560 2726 militudinem
2587 2687 2743 2730 suam
2787 2677 2840 2732 in
2869 2681 3047 2749 primo
3071 2681 3244 2739 Adam
3287 2687 3548 2756 condidit,
3579 2692 3794 2749 mirabi-

2205 2759 2419 2832 liusque
2463 2763 2518 2820 in
2542 2762 2802 2837 [secundo
2844 2769 3018 2839 Edit.,
3045 2775 3313 2844 mendose,
3360 2780 3581 2854 sarculo]
3629 2782 3794 2838 refor-

2203 2855 2392 2912 mavit.

901 3145 1008 3206 DE
1049 3142 1325 3206 DECEM
1365 3146 1650 3211 VERBIS
1691 3146 1924 3210 LEGIS
1965 3148 2112 3214 SEU
2151 3152 2438 3217 B'REVIS
2479 3159 2915 3228 EXPOSITIO
2957 3166 3389 3268 DECALOGI.

932 3333 1249 3392 MONITUM
1297 3332 1656 3392 PREVIUM.

571 3449 720 3534 Hanc
741 3446 1121 3534 brevissimam
1145 3444 1818 3534 Deca‘logiexposi't‘ionem
1836 3449 1899 3504 D.
1914 3450 2091 3534 Lucas

502 3519 756 3576 d‘Acheri
803 3533 833 3573 e
861 3515 982 3572 cod.
1015 3532 1118 3571 ms.
1154 3515 1212 3572 S.
1258 3515 1514 3572 Germani
1543 3533 1574 3572 a
1602 3518 1782 3575 Pratis
1805 3535 1932 3575 cum
1970 3523 2092 3579 aliis

499 3587 974 3672 dua_bus_e'pistolis
1083 3586 1296 3672 Alcuilli
1326 3585 1435 3672 :De
1464 3589 2090 3672 comparatione_i_’eteris

496 3679 560 3716 ac
586 3660 725 3714 Novi
749 3657 1087 3723 Testamenti,
1116 3665 1174 3713 et
1200 3676 1212 3710 :
1238 3657 1316 3712 De
1337 3657 1501 3728 tribus
1534 3657 1807 3728 generibus
1829 3662 2088 3716 visionum

519 3730 640 3804 Yid.
657 3729 830 3804 _epi_st.
857 3729 969 3804 305
997 3728 1228 3804 (ξι-204),
1256 3727 1430 3804 edidit
1452 3727 1584 3804 tom.
1627 3729 1692 3784 IIl
1718 3729 1930 3800 Spicil.,
1960 3748 2084 3804 pag.

532 3802 620 3854 21.
657 3798 811 3872 Unde
855 3799 1002 3872 illam
1049 3801 1156 3854 huc
1184 3798 1680 3872 transcripsimus;
1733 3798 1849 3855 tum
1872 3842 1887 3869 ,
1944 3798 2090 3872 quod

491 3871 689 3954 forma.
727 3870 1030 3954 epistolarin
1039 3879 1253 3952 careat;
1304 3877 1441 3935 tum,
1496 3871 1642 3954 quod
1687 3873 1918 3929 materia
1960 3870 2087 3929 cum

489 3940 889 4009 Quaestionibus
915 3941 969 3995 in
991 3940 1226 3996 Genesin
1255 3955 1498 3995 connexa
1515 3941 1617 3996 sit.

559 4080 664 4135 Dat
698 4078 864 4151 igitur
904 4076 1164 4132 Dominus
1191 4074 1361 4148 Moysi
1390 4075 1564 4148 legem
1612 4077 1936 4133 innocentiae
1980 4092 2084 4133 no-

485 4183 615 4229 stra:
639 4180 695 4228 et
720 4170 1043 4241 cognitionis
1071 4185 1200 4234 suae,
1232 4168 1589 4240 eamdemque
1615 4169 1670 4224 in
1699 4168 1886 4226 decem
1918 4168 2085 4240 verba

487 4265 793 4330 constituit,
822 4271 878 4318 et
920 4261 1100 4318 saxeis
1147 4261 1347 4317 tabulis
1385 4262 1556 4332 digito
1594 4277 1693 4318 suo
1742 4263 1983 4334 scripsit.
2013 4263 2084 4318 Et

483 4358 602 4413 haec
650 4355 868 4426 quidem
903 4359 1176 4423 prtecepta
1225 4351 1299 4406 ita
1352 4360 1480 4406 sunt
1523 4351 1834 4419 distributa,
1869 4361 1929 4408 ut
1978 4353 2084 4410 tria

481 4449 790 4521 pertineant
835 4445 902 4500 ad
933 4445 1276 4500 dilectionem
1304 4443 1500 4498 divinae
1525 4444 1841 4513 Trinitatis;
1874 4455 2080 4518 septem

481 4556 614 4596 vero
631 4539 701 4594 ad
728 4553 969 4594 amorem
996 4536 1316 4602 fraternum,
1344 4537 1543 4606 quibus
1570 4538 1804 4596 societas
1843 4539 2082 4596 humana

480 4649 591 4692 non
613 4631 844 4687 laeditur.
873 4628 1120 4686 Primum
1162 4627 1418 4700 Decalogi
1457 4629 1775 4684 mandatum
1803 4630 1871 4685 ad
1907 4629 2078 4687 Deum

2117 3339 2168 3406 ο
2195 3342 2557 3398 sanctificavit
2574 3343 2718 3402 Deus
2750 3364 2763 3401 :
2794 3347 2852 3402 in
2873 3349 2995 3406 aliis
3021 3351 3170 3408 enim
3193 3353 3404 3424 diebus,
3429 3373 3655 3430 operum
3674 3379 3783 3421 non

2195 3440 2279 3488 est
2296 3437 2576 3491 nominata
2622 3437 3002 3507 sanctiﬁcatio,
3031 3443 3137 3499 nisi
3165 3443 3221 3499 in
3252 3446 3502 3516 sabbato,
3533 3453 3632 3508 ubi
3657 3454 3789 3510 dici-

2193 3535 2284 3582 tur
2314 3546 2326 3582 :
2372 3527 2641 3600 Requieoit
2665 3529 2830 3588 Deus.
2862 3532 3098 3591 Proinde
3137 3537 3302 3608 igitur
3328 3540 3435 3597 hoc
3473 3545 3789 3602 mandatum

2192 3620 2428 3691 pertinet
2441 3620 2507 3674 ad
2527 3619 2791 3691 Spiritum
2805 3632 3074 3693 sanctum,
3092 3636 3202 3682 tam
3225 3639 3448 3701 propter
3459 3648 3661 3691 nomen
3677 3642 3793 3694 san;

2190 3709 2558 3776 ctificationis,
2587 3726 2750 3782 quam
2777 3715 2943 3770 etiam
2966 3727 3187 3788 propter
3223 3731 3484 3780 aeternam
3522 3729 3788 3798 requiem,

2190 3801 2260 3856 ad
2299 3801 2501 3856 donum
2533 3804 2707 3859 sancti
2739 3802 2977 3874 Spiritus
2994 3810 3375 3878 pertinentem.
3408 3812 3622 3872 Dicitur
3645 3820 3790 3876 enlm

2189 3891 2296 3948 ibi:
2322 3892 2606 3962 Memento,
2655 3906 2714 3950 ut
2757 3899 2896 3953 diem
2924 3901 3132 3956 sabbati
3170 3907 3488 3977 sancti/ica.
3535 3908 3647 3966 Sea:
3679 3913 3791 3967 die-

2187 3985 2284 4040 bus
2311 3985 2631 4056 operaberis,
2660 3997 2710 4042 et
2751 3989 2915 4059 facies
2963 3993 3139 4048 omnia
3171 4011 3329 4066 opera
3359 4007 3474 4053 tua.
3521 3999 3787 4070 Septimus

2186 4089 2362 4136 autem
2386 4081 2498 4135 dies
2524 4081 2801 4136 sabbatum
2847 4093 2923 4139 est
2963 4084 3179 4142 Domini
3200 4087 3301 4143 Dei
3343 4092 3444 4158 tui,
3489 4110 3598 4148 non
3624 4095 3786 4164 facies

2185 4191 2338 4230 omne
2376 4192 2506 4247 opus
2534 4177 2592 4232 in
2629 4193 2690 4232 eo
2730 4177 2929 4249 (Exod.
2981 4197 3088 4248 xx,
3140 4181 3270 4255 10).
3315 4183 3374 4240 In
3423 4202 3520 4242 sex
3574 4187 3784 4245 dierum

2184 4280 2348 4336 Opere
2399 4282 2494 4322 sex
2539 4267 2767 4323 millium
2826 4287 3094 4328 annorum
3134 4276 3379 4345 operatio
3429 4279 3778 4335 continetur:

2184 4360 2239 4416 in
2277 4363 2490 4432 septimi
2538 4377 2670 4418 vero
2717 4367 2927 4436 requie,
2980 4366 3125 4423 beati
3173 4369 3316 4426 illius
3363 4373 3518 4443 regni
3571 4381 3778 4446 tempus

2182 4453 2504 4520 ostenditur,
2549 4455 2694 4525 quod
2733 4456 3028 4513 carnaliter
3071 4457 3237 4515 Judaei
3289 4462 3629 4520 celebrantes
3682 4481 3774 4521 ex-

2182 4551 2448 4612 spectant.
2480 4543 2549 4601 Et
2576 4546 2682 4603 hoc
2703 4563 2771 4604 ne
2802 4563 2901 4603 nos
2936 4549 3005 4603 ad
3033 4547 3196 4605 ﬁdem
3234 4553 3503 4609 mendacii
3525 4553 3772 4609 fallentes

2182 4643 2451 4706 aptemus,
2481 4637 2682 4694 clamat
2731 4655 2829 4710 per
2856 4643 3176 4711 prophetam
3226 4642 3370 4699 Deus
3406 4664 3420 4699 :
3456 4644 3771 4700 Neomenias

479 4723 702 4780 Patrem
742 4720 980 4789 pertinet
1000 4761 1015 4786 ,
1068 4719 1197 4776 dum
1245 4719 1376 4776 dicit
1408 4738 1421 4776 :
1472 4718 1732 4775 Dominus
1774 4719 1916 4776 Deus
1957 4731 2080 4778 tuus
2110 4711 2161 4772 ι)
2186 4737 2236 4782 et
2258 4728 2478 4784 sabbata
2506 4738 2678 4786 vestra
2705 4731 2866 4786 adivit
2892 4733 3072 4788 anima
3103 4750 3220 4789 mea
3238 4733 3395 4804 (Isai.
3423 4753 3462 4802 ι,
3489 4736 3602 4808 15).
3636 4737 3773 4806 Quo-

478 4814 624 4870 Deus
650 4828 784 4867 unus
825 4819 899 4865 est
936 4809 1132 4884 (Exod.
1163 4827 1256 4874 xx,
1302 4810 1458 4865 Deut.
1497 4811 1574 4880 v).
1629 4809 1824 4881 Utique
1853 4821 1914 4879 ut
1959 4813 2078 4869 hinc

479 4906 706 4962 audiens
732 4917 898 4959 unum
923 4903 1093 4958 Deum
1120 4903 1340 4959 Patrem
1363 4903 1531 4970 colas,
1558 4911 1614 4958 et
1635 4904 1690 4959 in
1709 4905 1908 4961 multos
1932 4906 2072 4962 Deos

479 4997 892 5055 fornicationem
921 5003 1073 5049 tuam
1118 5009 1225 5049 non
1276 4993 1536 5050 effundas.
1587 4993 1892 5052 Secundum
1931 5013 2073 5067 prae-

477 5099 695 5163 ceptum
719 5089 957 5161 pertinet
984 5088 1051 5143 ad
1069 5087 1287 5152 Filium,
1313 5088 1441 5142 dum
1467 5088 1600 5144 dicit
1631 5079 1661 5142 ε’
1676 5088 1800 5143 Non
1836 5105 2071 5144 assumes

480 5201 668 5240 nomen
696 5183 911 5238 Domini
940 5183 1016 5236 tui
1037 5182 1093 5235 in
1114 5197 1324 5246 vanum,
1355 5181 1408 5236 id
1433 5188 1538 5247 est,
1567 5195 1634 5235 ne
1659 5183 1894 5238 aestimes
1918 5197 2072 5237 crea-

481 5283 660 5330 turam
705 5290 828 5330 esse
859 5275 1029 5328 ﬁlium
1056 5272 1174 5338 Dei,
1202 5273 1459 5342 quoniam
1504 5274 1679 5329 omnis
1709 5273 1867 5345 351
1917 5288 2073 5329 crea-

481 5375 601 5422 tura
627 5368 854 5423 vanitati
883 5365 1127 5436 subjecta
1153 5373 1267 5431 est;
1311 5365 1406 5420 sed
1433 5365 1627 5420 credas
1654 5381 1777 5419 eum
1807 5366 2070 5435 aequalem

480 5473 601 5514 esse
629 5457 798 5525 Patri,
842 5457 1014 5512 Deum
1043 5458 1292 5524 deorum,
1322 5457 1558 5512 Verbum
1587 5456 1726 5525 apud
1749 5457 1940 5524 Deum,
1971 5471 2069 5528 per

476 5563 638 5618 quem
663 5549 845 5603 omnia
865 5547 1016 5604 facta
1055 5555 1198 5604 sunt.
1239 5547 1482 5602 Tertium
1508 5548 1822 5602 mandatum
1852 5549 1919 5604 de
1941 5551 2066 5604 sab-

476 5639 605 5699 batu
632 5643 700 5698 ad
721 5643 982 5713 Spiritum
1011 5651 1258 5700 sanctum
1298 5643 1552 5714 pertinet,
1579 5642 1734 5712 cujus
1757 5643 1956 5696 donum
1983 5657 2070 5696 re-

478 5733 634 5802 quies
661 5733 817 5788 nobis
855 5734 1182 5804 sempiterna
1209 5733 1564 5805 promittitur.
1619 5731 1755 5786 Nam
1785 5732 1910 5801 quia
1947 5731 2068 5802 Spi-

482 5826 622 5882 ritus
657 5835 878 5882 sanctus
905 5828 1122 5894 dicitur,
1171 5835 1456 5898 propterea
1489 5835 1544 5880 et
1589 5826 1879 5896 septimum
1919 5824 2064 5882 diem

2185 4819 2347 4874 modo
2374 4834 2504 4891 ergo
2533 4823 2875 4878 sanctificata
2930 4833 3058 4880 sunt
3085 4825 3169 4880 vel
3208 4834 3369 4880 erunt
3415 4827 3643 4884 sabbata
3685 4829 3770 4884 illa

2186 4925 2308 4981 quae
2343 4910 2510 4966 odivit
2542 4911 2720 4968 Deus?
2748 4913 2890 4984 Ergo
2919 4915 3207 4972 sabbatum
3234 4926 3319 4974 est
3347 4920 3764 4984 sanctiﬁcatum,

2184 5001 2277 5056 ubi
2302 5011 2425 5074 post
2443 5002 2584 5059 bona
2610 5005 2736 5061 vitae
2759 5006 2920 5076 hujus
2948 5023 3114 5080 opera
3138 5012 3355 5081 requies
3387 5012 3544 5068 nobis
3569 5022 3767 5070 aeterna

2179 5093 2531 5163 promittitur.
2561 5095 2792 5166 Ideoque
2821 5099 3082 5170 quidquid
3109 5102 3342 5172 agimus,
3369 5103 3415 5158 si
3439 5115 3664 5176 propter
3691 5105 3770 5161 fu-

2176 5183 2284 5237 turi
2311 5184 2489 5239 saeculi
2521 5187 2762 5256 requiem
2791 5189 3020 5260 agimus,
3046 5195 3316 5249 veraciter
3350 5197 3641 5253 sabbatum
3675 5199 3768 5254 ob-

2177 5288 2480 5331 servamus.

2246 5367 2374 5423 Post
2395 5371 2510 5425 haec
2538 5372 2642 5427 tria
2663 5385 2936 5445 pracepta
2952 5380 3291 5448 septenarius
3319 5383 3563 5438 succedit
3581 5399 3768 5442 nume-

2175 5476 2271 5516 rus
2283 5462 2682 5530 mandatorum,
2698 5466 2767 5520 ad
2779 5466 3118 5524 dilectionem
3138 5473 3370 5541 proximi
3385 5476 3685 5544 pertinens,
3715 5484 3767 5531 et

2173 5551 2364 5622 incipit
2381 5555 2448 5608 ab
2470 5554 2676 5612 honore
2701 5568 3010 5628 parentum,
3035 5564 3162 5617 dum
3182 5565 3380 5621 dicitur
3398 5582 3412 5619 :
3432 5567 3655 5624 Honora
3672 5587 3764 5641 pa-

2174 5653 2306 5698 trem
2333 5654 2480 5699 tuum
2506 5655 2552 5700 et
2581 5657 2800 5703 matrem
2828 5660 2974 5704 tuam
3001 5652 3199 5724 (Exod.
3226 5672 3322 5722 xx,
3362 5657 3448 5731 12)
3475 5675 3490 5725 ;
3519 5659 3664 5730 quod
3708 5660 3762 5715 in

2173 5737 2363 5791 ordine
2391 5747 2640 5806 quartum
2668 5749 2771 5795 est.
2801 5741 2847 5794 A
2887 5747 3202 5813 parentibus
3247 5749 3390 5804 enim
3437 5752 3552 5807 suis
3603 5753 3758 5808 homo

2170 5830 2346 5898 aperit
2390 5830 2596 5895 oculos,
2627 5839 2682 5885 et
2722 5834 2839 5889 haec
2875 5837 2983 5891 vita
3009 5840 3080 5893 ab
3109 5856 3296 5896 eorum
3319 5842 3616 5900 dilectione
3667 5859 3754 5900 stl-
