4062 6432
261 399 354 455 569

837 392 1245 450 EXEGETICA.
1284 425 1356 436 —
1391 394 1751 451 EXPOSI'I‘IO
1784 395 1852 450 IN
1888 395 2082 452 PSAL.
2125 397 2722 469 PtENITENTIALES,
2761 402 2914 460 ETC.

3402 415 3510 474 570

261 519 349 576 mit
395 513 689 570 exordium.
739 513 866 568 Inde
911 514 1016 569 hoc
1059 515 1370 570 mandatum
1444 517 1677 585 primum
1723 527 1826 585 est,
1855 532 1908 590 Α
1935 519 2095 589 facies
2119 520 2270 593 (vers.
2327 521 2432 594 15),
2462 525 2603 594 quod
2625 534 2708 581 est
2735 527 2923 581 vitium
2974 528 3304 597 rapacitatis.
3354 531 3515 591 Octa-

262 611 388 668 sicut
407 614 457 661 et
478 606 736 662 Dominus
763 607 817 661 in
841 607 1135 675 Evangelio
1165 609 1295 664 dicit
1323 623 1338 662 :
1371 607 1592 663 Honora
1621 620 1824 681 patrem

257 715 390 760 tuum
436 710 483 754 et
509 709 729 754 matrem
755 709 924 766 tuam,
959 701 1100 771 quod
1130 711 1204 755 est
1239 702 1544 757 mandatum
1575 705 1823 773 primum.

256 795 562 869 (Matt/LXV,
597 793 650 858 4;
692 792 886 864 Eplies.
921 809 996 859 vr,
1030 792 1106 865 2).
1142 792 1249 849 Sed
1277 796 1544 863 quomodo
1569 797 1820 865 primum,

253 893 343 949 nisi
363 891 498 945 sicut
528 889 848 959 praedictum
872 896 957 944 est
1006 888 1061 942 in
1099 888 1406 958 septenario
1427 905 1671 956 numero,
1695 890 1824 961 quia

251 980 546 1057 pertinetad
573 980 917 1036 dilectionem
943 981 1198 1051 proximi,
1222 981 1457 1051 primum
1479 988 1562 1037 est
1586 981 1639 1036 in
1655 982 1824 1038 altera

251 1076 434 1134 tabula.
464 1072 605 1128 Nam
667 1073 870 1128 idcirco
915 1072 1035 1127 duae
1083 1072 1279 1128 tabulae
1304 1071 1439 1142 legis
1483 1072 1621 1127 data:
1676 1081 1819 1127 sunt.

246 1168 454 1223 Jubetur
479 1179 614 1236 ergo
640 1163 694 1218 in
731 1165 835 1219 hoc
861 1170 1130 1234 praecepto
1153 1162 1278 1218 filiis
1328 1163 1598 1218 honorare
1623 1178 1824 1233 paren-

247 1270 334 1325 tes,
360 1273 534 1328 neque
555 1259 974 1315 contumeliosos
1003 1266 1098 1312 aut
1117 1266 1401 1328 protervos
1427 1257 1534 1312 illis
1563 1258 1816 1322 existere,

242 1351 327 1406 sed
356 1349 537 1404 oﬂicio
571 1350 789 1419 pietatis
815 1357 869 1404 et
905 1348 1261 1404 humanitatis
1290 1349 1527 1404 debitam
1572 1363 1824 1403 reveren-

243 1440 359 1493 tiam
387 1446 662 1508 prrestare.
691 1437 828 1492 Nam
857 1439 949 1508 qui
974 1439 1288 1508 parentibus
1323 1438 1586 1494 honorem
1623 1436 1821 1505 differt,

237 1529 422 1600 quibus
437 1543 664 1598 parcere
686 1529 906 1598 poterit,
925 1530 1018 1598 qui
1047 1544 1174 1584 suos
1199 1529 1346 1584 odit?
1371 1529 1630 1597 Quintum
1655 1543 1670 1581 :
1699 1528 1824 1584 Non

239 1619 562 1673 maechaberis
578 1619 776 1691 (Exod.
800 1636 892 1685 xx,
916 1619 1026 1692 14),
1057 1620 1112 1675 id
1134 1627 1218 1674 est
1232 1635 1300 1675 ne
1320 1620 1607 1690 quisquam
1628 1626 1824 1689 praeter

235 1711 560 1766 matrimonii
598 1712 773 1767 foedus
825 1712 946 1766 aliis
975 1711 1280 1767 feminabus
1319 1712 1612 1767 misceatur
1640 1711 1708 1765 ad
1730 1725 1824 1764 ex-

233 1802 473 1874 plendam
503 1804 804 1860 libidinem.
824 1803 961 1858 Nam
987 1804 1294 1874 specialiter
1317 1804 1641 1860 adulterium
1669 1803 1820 1883 ἰαθῇ,

231 1895 317 1964 qui
377 1905 577 1965 praeter
630 1911 784 1951 suam
823 1897 890 1952 ad
940 1897 1168 1952 alteram
1222 1899 1450 1954 accedit.
1479 1910 1506 1939 ι
1548 1896 1815 1952 Sextum:
1847 1900 1897 1962 Β

231 1984 349 2041 Νοη
373 1988 599 2042 occides.
630 1989 842 2043 Etenim
906 2005 1013 2045 non
1059 1990 1234 2046 solum
1284 2005 1449 2062 opere
1500 1998 1820 2061 perpetrans

226 2076 578 2133 homicidium
629 2080 780 2147 facit,
825 2082 921 2136 sed
945 2083 1110 2136 etiam
1162 2082 1255 2152 qui
1311 2081 1541 2137 incurrit
1581 2081 1635 2134 in
1691 2095 1815 2135 eum

218 2169 554 2226 esurientem
584 2172 669 2227 vel
696 2173 922 2240 nudum,
943 2174 1035 2243 qui
1066 2174 1208 2228 mori
1245 2173 1439 2243 possit,
1494 2172 1598 2227 nisi
1661 2172 1816 2226 indu-

210 2271 476 2329 mentum,
546 2266 833 2337 cibumque
877 2269 1202 2338 porrigendo
1247 2267 1553 2332 subveniat,
1595 2274 1651 2320 et
1697 2264 1817 2320 ideo

211 2351 493 2410 homicidii
548 2371 674 2410 reus
720 2358 1027 2413 habebitur.
1081 2357 1404 2429 Septimum,
1458 2373 1564 2411 non
1611 2355 1815 2424 furtum

286 2526 318 2556 ι
359 2512 628 2582 Quintum
659 2516 842 2573 debuit
880 2517 1084 2584 dicere,
1111 2518 1254 2574 sicut
1273 2517 1426 2588 prius
1452 2523 1687 2572 sextum.

1929 627 2107 670 vum:
2151 613 2346 684 falsum
2399 617 2752 672 testimonium
2813 635 2916 673 non
2973 619 3112 673 dices
3156 620 3320 691 (vers.
3389 624 3511 696 16),

1925 707 2069 777 quod
2113 717 2199 762 est
2244 708 2450 764 crimen
2495 711 2784 777 mendacii,
2823 720 2877 766 et
2927 710 3200 768 falsitatis.
3253 714 3512 774 Nonum:

1929 799 2054 855 Non
2080 804 2407 872 concupisces
2456 821 2671 858 uxorem
2718 806 2944 875 proximi
2987 808 3064 860 tui
3113 805 3266 880 (vers.
3301 808 3412 881 17).
3454 808 3515 867 In

1925 889 2028 946 hoc
2052 901 2323 964 praecepto
2359 902 2506 948 vetat
2541 895 2895 951 intentionem
2947 897 3259 954 adulterium
3310 899 3515 970 cogita-

1927 985 2106 1042 tionis.
2131 987 2266 1040 Nam
2302 986 2446 1042 aliud
2467 997 2552 1043 est
2572 988 2751 1044 facere
2776 988 2981 1059 aliquid
3020 989 3129 1044 tale
3152 1000 3349 1060 praeter
3377 1006 3514 1047 uxo-

1925 1093 2064 1145 rem,
2093 1079 2236 1134 aliud
2258 1095 2366 1134 non
2397 1090 2650 1150 appetere
2680 1081 2913 1136 alienam
2959 1097 3213 1148 uxorem;
3264 1083 3386 1138 ideo
3407 1084 3514 1140 duo

1923 1179 2191 1242 praecepta
2220 1179 2346 1226 sunt
2382 1187 2396 1225 :
2426 1170 2551 1225 Non
2574 1172 2933 1237 maechaberis,
2961 1181 3016 1226 et
3049 1189 3155 1227 non
3183 1175 3516 1244 concupisces

1924 1285 2141 1322 uxorem
2170 1267 2395 1338 proximi
2418 1267 2516 1320 tui.
2546 1267 2828 1323 Decimum
2862 1285 2874 1320 :
2903 1267 3028 1321 Non
3054 1267 3383 1338 concupisces
3407 1284 3515 1322 rem

1923 1363 2148 1435 proximi
2182 1364 2279 1416 tui.
2335 1362 2392 1416 In
2442 1378 2549 1432 quo
2599 1371 2870 1431 praecepto
2909 1363 3134 1417 damnat
3163 1363 3514 1418 ambitionem

1924 1456 2129 1521 saeculi,
2167 1463 2222 1510 et
2250 1453 2489 1509 refrenat
2533 1455 3027 1524 concupiscentiam
3072 1471 3275 1510 rerum.
3330 1455 3518 1525 Itaque

1923 1551 2117 1606 borum
2145 1550 2382 1620 primum
2419 1549 2671 1619 prohibet
2713 1548 3176 1618 superstitionem,
3218 1548 3516 1603 secundum

1923 1657 2188 1707 errorem,
2217 1643 2438 1697 tertium
2477 1640 2662 1696 δεξιουιὶ
2690 1654 2958 1704 amorem,
2982 1647 3233 1709 quartum
3265 1639 3515 1707 impieta-

1925 1747 2058 1804 tem,
2097 1737 2345 1808 quintum
2372 1731 2543 1790 allidit
2567 1733 3005 1799 fornicationem,
3031 1742 3245 1789 sextum
3275 1731 3513 1788 crudeli-

1927 1839 2114 1897 tatem,
2140 1830 2426 1900 septimum
2456 1828 2831 1898 rapacitatem,
2863 1835 3114 1882 octavum
3146 1826 3368 1896 perimit
3411 1824 3514 1879 fal-

1924 1927 2160 1990 sitatem,
2213 1941 2416 1980 nonum
2467 1924 2717 1979 adulterii
2783 1924 3187 1994 cogitationem,
3244 1922 3516 1977 decimum

1919 2019 2290 2088 cupiditatem.
2322 2017 2388 2070 Et
2423 2017 2718 2070 notandum
2743 2017 2871 2086 quia
2909 2016 3048 2070 sicut
3106 2015 3291 2068 decem
3343 2011 3518 2080 plagis

1917 2111 2297 2180 percutiuntur
2317 2108 2582 2179 IEgyptii,
2609 2109 2690 2163 sic
2743 2105 2929 2163 decem
2965 2112 3237 2179 praecepta
3277 2102 3517 2157 conscri—

1918 2204 2121 2259 buntur
2152 2202 2366 2266 tabulae,
2397 2201 2594 2272 quibus
2641 2201 2849 2273 regitur
2876 2199 3105 2272 populus
3138 2196 3253 2260 Dei,
3312 2203 3368 2249 et
3408 2194 3513 2249 dte-

1919 2312 2109 2354 mones
2129 2296 2466 2353 occiduntur.

212 2639 3504 2674 Μ

998 2766 1442 2882 OPUSC
1460 2764 1849 2880 ULUM
1941 2758 2755 2874 SECUNDUM.

1350 2961 1513 3036 ³42
1570 2969 2378 3058 ENCHIRIDION

1798 3131 1930 3189 SEU

258 3250 706 3316 EXPOSITIO
746 3250 881 3314 ΡΙΑ
927 3248 1028 3312 AC
1074 3248 1360 3310 BREVIS
1401 3248 1484 3309 IN
1524 3247 1890 3311 PSALMOS
1932 3245 2636 3324 POENITENTIALES,
2666 3248 2749 3310 IN
2790 3248 3171 3311 PSALMUM
3213 3247 3471 3312 CXVIII

1543 3351 1645 3411 ET
1691 3349 2189 3412 GRADUALES.

651 3538 974 3599 ΜΟΝῙΤΠΜ
1012 3539 1368 3599 PRAEVIUM.

284 3679 508 3751 Triplex
564 3679 676 3751 hoc
736 3677 1055 3751 opusculum
1129 3677 1399 3751 scribendi
1474 3678 1814 3751 occasionem

217 3748 437 3808 Alauiuo
463 3749 718 3821 praebuit,
729 3748 988 3821 frequens
1001 3764 1122 3821 cum
1150 3749 1366 3821 Arnone
1413 3749 1816 3821 archiepiscopo

218 3819 646 3904 §alisburgensi,
673 3819 868 3902 dilecto
898 3833 996 3904 suo
1024 3819 1216 3904 Aquila
1247 3819 1464 3904 collatio
1503 3820 1568 3875 de
1616 3819 1816 3904 divinis

217 3891 534 3962 Scripturis.
582 3891 721 3962 Cum
743 3892 888 3945 enim
916 3891 982 3944 de
1012 3898 1218 3960 septem
1273 3891 1498 3962 psalmis
1541 3891 1812 3962 poeniten-

218 3961 455 4029 tialibus,
484 3965 555 4018 de
588 3961 798 4033 psalmo
829 3977 995 4016 cxvm
1025 3970 1079 4016 et
1127 3962 1193 4016 de
1221 3962 1527 4033 quindecim
1591 3962 1814 4031 psalmis

215 4031 607 4098 Gradualibus,
628 4048 861 4103 quorum
904 4047 1116 4102 semper
1163 4031 1398 4103 celebris
1419 4034 1475 4087 in
1527 4033 1816 4088 ecclesias-

217 4108 320 4162 tico
349 4105 537 4161 ofﬁcio
559 4102 696 4159 usus
734 4102 857 4169 fuit,
880 4103 1337 4172 colloquerentur,
1377 4102 1524 4159 Arno
1553 4103 1814 4172 ﬂagitavit

215 4188 270 4231 ut
296 4178 564 4232 Alcuinus
605 4176 671 4229 de
702 4174 894 4228 iisdem
941 4175 1111 4228 breves
1145 4173 1615 4243 expositiunculas,
1660 4175 1814 4243 quasi

244 4248 474 4302 uoddam
516 4245 896 4310 Enchiridion,
923 4243 978 4298 id
1018 4253 1114 4310 est,
1140 4243 1441 4298 manualem
1465 4244 1656 4298 librum
1683 4260 1814 4299 con-

248 4328 412 4385 eeret,
459 4326 635 4389 prout
663 4331 737 4389 ex
768 4315 994 4389 epistola
1023 4315 1372 4389 dedicatoria,
1406 4316 1590 4369 statim
1649 4312 1816 4389 subji-

213 4388 417 4460 cienda,
461 4385 854 4460 'cognoscitur.
891 4386 1176 4460 consensit
1213 4385 1502 4460 Alcuinus,
1544 4394 1599 4460 et
1653 4385 1816 4460 hasce

209 4454 602 4529 Expositiones
656 4466 844 4529 postea
874 4457 941 4511 ad
981 4457 1258 4529 Arnonem
1311 4471 1414 4529 per
1463 4455 1814 4529 Fredegisum

211 4527 427 4597 direxit,
444 4548 557 4586 una
584 4527 709 4584 cum
731 4528 852 4584 aliis
867 4527 1397 4598 quibusdamlibellis
1409 4528 1502 4598 qui
1528 4541 1814 4598 recensen-

101 4665 111 4674 ,
211 4606 304 4674 tur
321 4602 375 4658 in
405 4595 960 4674 epistola41_1_'gl(nunc
985 4599 1131 4674 155,)
1155 4599 1222 4653 ad
1234 4595 1483 4674 eumdem
1514 4595 1810 4674 Arnonem}

276 4669 457 4728 Porro
480 4669 841 4727 Enchiridion
871 4671 1014 4725 istud
1036 4671 1211 4739 prima
1252 4669 1390 4733 vice,
1413 4679 1677 4740 quantum
1701 4669 1815 4738 qui-

209 4739 326 4797 dem
385 4742 810 4814 deprehendere
868 4741 1166 4814 potuimus,
1236 4739 1516 4814 typoru’m“
1551 4739 1815 4814 bianeficio

207 4815 403 4936 grediit
431 4811 840 4894 Parisiisanno
868 4811 1002 4865 1547
1052 4812 1223 4876 ιιι-8ο,
1264 4811 1416 4881 apud
1456 4811 1735 4867 Nicolaum
1766 4811 1815 4865 le

256 4886 395 4936 iche.
428 4901 532 4936 seu
563 4885 822 4936 Dmtem.
851 4882 980 4936 Post
1015 4899 1186 4936 annos
1213 4897 1342 4936 vero
1380 4891 1527 4936 octo.
1579 4885 1680 4936 hoc
1728 4891 1812 4936 est

256 4885 395 4949 iche,
428 4901 532 4940 seu
563 4884 822 4938 Divitem.
851 4882 980 4938 Post
1015 4899 1186 4937 annos
1213 4897 1342 4937 vero
1380 4891 1527 4948 octo,
1579 4885 1680 4938 hoc
1728 4891 1812 4936 est

207 4963 345 5010 anno
396 4955 544 5010 1555
597 4955 740 5009 inter
780 4954 1329 5025 Orthodoxographos
1365 4954 1664 5025 Theologos
1718 4969 1812 5025 seu

207 5033 594 5082 Sacrosanctos
638 5041 701 5080 ac
743 5025 1053 5080 sincerioris
1100 5024 1222 5079 fidei
1272 5027 1542 5088 doctores,
1583 5024 1814 5080 'Basilea:

206 5095 400 5163 editos,
454 5114 588 5168 pag.
648 5096 976 5168 1985-1122,
1031 5096 1208 5150 locum
1259 5097 1480 5168 meruit.
1514 5097 1725 5168 Rursus
1757 5095 1810 5148 in

205 5166 470 5235 prmdicta
501 5166 647 5224 urbe
674 5166 965 5221 Parisiensi
1010 5167 1433 5221 commentarius
1478 5168 1532 5220 in
1576 5167 1813 5234 psalmos

203 5240 641 5306 pmnitentiales,
668 5239 713 5292 si
733 5237 876 5292 Guil.
904 5237 1151 5300 Croweo,
1195 5237 1251 5289 in
1302 5236 1536 5291 Elencho
1584 5236 1810 5306 Script.,

272 5324 323 5378 g.
352 5308 445 5376 41,
481 5310 623 5364 ﬁdes
645 5318 751 5372 est,
782 5308 1072 5378 separatim
1102 5316 1157 5360 et
1196 5308 1398 5378 absque
1423 5307 1644 5376 reliquis
1679 5309 1812 5360 duo-

240 5376 304 5434 us
345 5381 780 5436 Commentariis
838 5376 1039 5448 prodiit
1084 5393 1226 5431 anno
1272 5376 1408 5433 1568
1473 5378 1640 5448 in—87°.
1668 5378 1796 5430 Ant.

202 5445 537 5530 Ppssevinus
559 5451 820 5530 tamenin
840 5445 1129 5530 :fapparatu
1158 5463 1336 5511 sacro,
1397 5456 1528 5530 tom.
1577 5447 1631 5530 I,
1673 5462 1798 5530 pag.

201 5517 509 5604 35,_eidem
538 5521 765 5576 editioni
791 5517 1030 5604 adiungit
1053 5519 1217 5574 etiam
1233 5520 1694 5604 cglnme‘ntariuﬁm
1748 5517 1804 5572 in

197 5592 336 5661 psal.
380 5609 560 5649 cxvm
591 5601 754 5662 atque
793 5587 1184 5661 expositionem
1232 5589 1376 5643 illius
1423 5588 1578 5645 Cant.
1637 5587 1806 5644 Sexa-

271 5741 296 5769 ι
337 5729 399 5784 In
427 5728 627 5799 Spicil.
671 5729 940 5786 d’Acherii
984 5729 1087 5786 loc.
1117 5729 1209 5793 cit,
1241 5729 1358 5782 haec
1386 5736 1513 5783 nota
1562 5728 1801 5799 legitur:

205 5817 225 5851 ο
253 5799 650 5857 Praefationem
700 5801 839 5856 hanc
881 5815 1012 5856 sane
1053 5800 1380 5855 luculentam
1413 5815 1443 5854 e
1475 5816 1574 5853 ms.
1618 5801 1805 5856 codice

199 5864 260 5925 Β.
289 5870 510 5928 Claudii
565 5872 927 5944 descripserat
959 5871 1152 5928 Petrus
1177 5871 1371 5926 Franc.
1402 5870 1615 5926 Chililet
1643 5870 1701 5925 S.
1727 5870 1799 5935 1..

1829 3546 1880 3611 C
1909 3545 2057 3617 ginta
2089 3543 2307 3614 regina,
2329 3549 2492 3617 _e_tc.,

2535 3549 2696 3612 prout
2751 3549 2938 3612 narrat
2984 3549 3174 3596 auctor
3219 3539 3356 3596 Hist.
3399 3539 3509 3599 Lit.

1918 3610 2131 3680 'Galliaa,
2147 3610 2299 3669 'tom.
2327 3613 2421 3679 IV,
2451 3610 2574 3684 pag.
2599 3611 2723 3684 56.1.
2743 3610 2826 3684 Cl.
2845 3613 3214 3684 Quercetanus
3241 3613 3512 3684 integrum

1917 3686 2234 3756 opusculum
2257 3700 2324 3740 ex
2347 3683 2822 3756 editioneiNicolai
2852 3683 3043 3756 Divitis
3076 3683 3439 3756 transcripsit.

1988 3757 2049 3812 In
2069 3757 2320 3811 omnibus
2362 3756 2448 3810 his
2483 3755 2809 3810 editionibus
2855 3754 3191 3810 desideratur
3243 3753 3513 3822 priefatio,

1917 3843 2014 3884 seu
2030 3827 2266 3910 cpistola
2277 3868 2290 3892 ,
2314 3843 2424 3910 .qua
2474 3826 2735 3908 Alcuinus
2760 3841 3009 3910 praesens
3022 3825 3357 3910 Δοιιιιεειιιιιιιι
3373 3825 3516 3910 ΛΑιι-

1916 3899 2045 3954 noni
2076 3894 2375 3968 inscripsit,
2408 3912 2527 3968 quae
2551 3901 2726 3965 primo
2756 3894 3054 3968 editaAfuit
3075 3894 3112 3968 ag
3131 3895 3249 3968 viro
3277 3894 3516 3968 celeber-

1917 3970 2058 4025 rimo
2096 3969 2157 4022 D.
2189 3964 2334 4023 Luca
2369 3964 2621 4022 d’Acheri
2651 3981 2792 4021 anno
2834 3965 2992 4030 1669,
3023 3965 3210 4034 Spicil.
3253 3973 3385 4019 tom.
3419 3964 3513 4031 IX,

1915 4056 2039 4111 pag.
2059 4038 2558 4111 11_l_,116,veteris,
2585 4052 2680 4091 seu
2703 4035 3072 4111 tom.I_II,pag.
3091 4035 3220 4100 525,
3236 4049 3388 4111 novae
3401 4034 3516 4090 edi-

1917 4106 2099 4165 tionis.
2127 4109 2236 4163 Nos
2264 4109 2510 4163 eamdem
2540 4107 2841 4175 reperimus
2865 4107 2919 4160 in
2946 4106 3156 4160 duobus
3176 4106 3330 4159 codd.
3354 4121 3508 4170 mss.,

1916 4197 2024 4235 uno
2045 4179 2182 4234 bibl.
2212 4175 2563 4233 illustrissimi
2585 4175 2806 4246 capituli
2836 4175 3080 4230 ecclesia:
3107 4175 3513 4246 metropoliticaa

1919 4250 2366 4319 Salisburgensis,
2392 4249 2563 4302 altero
2587 4244 2716 4301 bibl.
2752 4247 2818 4319 ‘S.
2853 4246 3206 4319 Emmerami.
3230 4244 3298 4319 In:
3319 4246 3514 4315 quibus

1918 4321 2079 4376 simul
2095 4317 2288 4390 triplex
2304 4321 2393 4375 hic
2409 4317 2837 4390 commentarius
2846 4317 3170 4390 continetur,
3191 4317 3514 4385 quibuscum

1916 4391 2063 4464 edita
2085 4387 2434 4464 contulimus
2439 4389 2677 4458 locisque
2702 4387 3404 4464 plurimis‘emendavimus.

1987 4458 2044 4517 In
2102 4463 2223 4518 cod.
2276 4462 2334 4517 S.
2395 4459 2724 4515 Emmerami
2784 4458 3106 4528 expositioni
3173 4458 3512 4527 gradualium

1915 4534 2249 4604 psalmorum
2269 4532 2465 4588 annexi
2493 4539 2621 4604 sunt
2640 4545 2847 4595 versus,
2875 4545 2970 4604 seu
2996 4529 3237 4600 rhythmi
3264 4530 3509 4604 latinich

1917 4600 1990 4659 ini
1995 4602 2839 4685 1ἰὶεέἰιιςιιιοι-ιιιιι-ρι-ξεᾶὶειοινιιιη
2853 4601 3182 4685 psalmorum
3204 4600 3510 4685 compositi,

1918 4677 2010 4746 qui
2033 4671 2282 4730 etianfin
2312 4675 2672 4746 quodamAms.
2701 4673 2822 4728 cod.
2851 4671 2989 4746 bibl.
3020 4671 3341 4727 monasterii
3371 4672 3513 4727 cele-

1917 4743 2138 4801 berrimi
2192 4743 2376 4801 divitis
2432 4743 2619 4813 Augize
2689 4743 3034 4812 reperiuntur
3089 4758 3228 4813 quos
3293 4757 3508 4798 mecum

1919 4817 1988 4871 cl.
2049 4818 2111 4870 D.
2147 4816 2205 4869 P.
2239 4816 2562 4870 Bernartius.
2605 4813 2886 4876 Liebhcrr,
2926 4822 3055 4869 tunc
3080 4813 3275 4882 insigni
3321 4813 3509 4868 biblio~

1921 4889 2090 4943 theca:
2133 4885 2420 4957 przefectus
2477 4885 2925 4957 communicavit,
2956 4885 3105 4957 brevi
3143 4893 3268 4957 ante
3297 4884 3510 4957 tristem

1844 4932 1891 4992 θ
1917 4932 2297 5030 ἷεῖτῖιιὶἱιῖἱιῖ
2312 4932 2555 5012 veterum
2573 4932 2901 5030 inquilihﬁoru

1911 5023 2032 5084 rum
2059 5031 2159 5084 sub
2186 5029 2404 5083 nomine
2454 5023 2665 5095 hymni,
2709 5028 2954 5082 meminit
2993 5026 3254 5082 Alcuinus
3298 5023 3355 5078 in
3397 5023 3505 5095 cit.

1909 5101 2070 5180 epist.
2104 5100 2205 5154 117
2233 5099 2398 5180 (nunc
2429 5094 2578 5180 155),
2618 5099 2685 5152 ad
2717 5097 3268 5180 eumde'mArnonem
3296 5094 3508 5180 archie:

1945 5164 2188 5240 iscopum
2231 5164 2431 5240 scripta
2500 5164 2584 5222 his
2633 5171 2853 5225 verbis:
2888 5169 2984 5222 Est
3028 5169 3083 5221 in
3128 5183 3186 5220 eo
3247 5164 3507 5236 (manuali

1909 5186 2089 5293 Fibello
2115 5241 2182 5293 ad
2211 5242 2483 5293 Arnonem
2513 5241 2699 5293 missoi
2731 5243 2953 5293 lmmnus
2983 5249 3123 5292 vetus
3155 5237 3220 5291 de
3257 5252 3325 5289 xv
3359 5234 3506 5293 psal-

1931 5234 2089 5296 ibello
2115 5241 2182 5294 ad
2211 5234 2483 5295 Arnonem
2513 5241 2699 5312 misso)
2731 5243 2955 5312 hymnus
2967 5249 3125 5312 _vetus_
3155 5234 3325 5312 de_xv
3359 5234 3506 5305 psal-

1906 5312 2007 5365 mis
2031 5312 2316 5382 graduum.
2358 5313 2493 5365 Dum
2536 5307 2784 5366 veterem
2805 5309 3060 5382 appellat,
3085 5307 3244 5362 simul
3268 5322 3373 5360 non
3423 5321 3503 5382 se,

1908 5382 2004 5436 sed
2031 5375 2217 5437 'alium
2256 5383 2489 5447 aliquem
2539 5382 2680 5436 illius
2729 5375 2912 5452 hymni
2957 5386 3233 5434 auctorem
3272 5391 3392 5433 esse
3424 5375 3507 5430 in-

1910 5464 2112 5507 smuat.

2478 5539 2503 5565 «ι
2545 5520 2934 5577 ΡΒᾸΞῈΑΤΙΟ.

1987 5591 2343 5650 Sauctissimo
2373 5595 2523 5650 Patri
2543 5605 2597 5649 et
2623 5608 2834 5648 summo
2872 5590 3116 5660 pontifici
3157 5588 3506 5661 Arnoniepi-

1911 5731 2008 5788 sed
2031 5732 2210 5785 minus
2245 5740 2522 5794 accurate,
2556 5736 2615 5782 ut
2637 5725 2990 5798 deprehendit
3009 5723 3263 5798 Baluzius
3287 5739 3354 5777 ex
3373 5735 3505 5793 apo-

1909 5803 2118 5874 grapho
2147 5801 2349 5874 Jacobi,
2368 5799 2641 5856 Sirmondi
2670 5794 2737 5853 ex
2758 5798 2946 5874 eodem
2969 5796 3154 5851 codice
3194 5794 3506 5874 desummo,

1909 5864 2063 5939 Euids
2085 5889 2187 5942 ope
2211 5873 2354 5927 haud
2402 5887 2570 5940 pauca
2611 5868 3048 5936 emendavimus,
3099 5883 3219 5938 qua:
3260 5864 3510 5936 profecto
