4062 6436
551 412 661 473 575

553 533 632 590 Te
658 533 908 596 ducente,
940 530 1116 594 Pater,
1145 540 1343 600 pastor,
1374 529 1702 597 patriarcha,
1739 526 1991 581 sacerdos
2018 537 2065 578 ιι.

1032 644 1194 716 346
1219 642 1538 698 PSALMUS
1573 643 1661 698 vn.

622 738 787 794 Vens.
830 737 882 790 i.
921 767 992 776 —
1015 725 1225 789 Titulus
1248 733 1440 805 psalmi
1464 741 1546 788 est
1570 748 1584 786 :
1617 732 1685 786 In
1712 733 1869 802 ﬁnem
1891 731 2062 786 David
2087 733 2146 785 in

552 829 874 884 caminibus
899 843 992 898 pro
1021 836 1239 880 octava:
1269 841 1378 895 quo
1406 827 1462 878 in
1515 826 1674 894 ﬁnem
1695 865 1710 890 ,
1769 825 1822 879 id
1857 831 1959 890 est,
1990 823 2147 879 Chri-

554 910 720 988 stum,
752 918 921 974 David
948 917 1242 986 respiciens
1300 917 1531 988 hymnos
1578 924 1634 970 et
1664 915 1907 971 carmina
1953 924 2144 970 canta-

551 1014 646 1069 bat
675 1030 689 1066 :
729 1027 824 1081 pro
848 1020 1061 1074 octava;
1096 1008 1150 1063 id
1188 1015 1292 1074 est,
1313 1023 1414 1077 pro
1437 1007 1703 1063 desiderio
1743 1005 1939 1060 futurae
1969 1021 2147 1061 resur-

549 1103 825 1160 rectionis.
884 1101 1252 1156 Peccatricem
1304 1115 1436 1155 vero
1483 1099 1721 1153 animam
1759 1099 2008 1153 hortatur
2055 1098 2147 1154 hic

549 1211 650 1252 suo
683 1193 929 1264 exemplo
961 1193 1151 1258 David,
1184 1201 1245 1246 ut
1266 1208 1374 1247 non
1413 1193 1598 1247 statim
1618 1191 1895 1260 desperet,
1934 1189 2146 1244 etiamsi

550 1289 790 1361 graviter
828 1287 1101 1358 peccarit:
1136 1287 1231 1341 sed
1279 1286 1462 1341 abluto
1518 1285 1771 1354 lacrymis
1817 1283 2148 1352 paenitentia;

550 1380 901 1438 conscientiae
922 1396 1031 1435 sua:
1056 1379 1220 1444 lecto,
1249 1379 1318 1432 ad
1360 1378 1627 1432 medicum
1668 1377 1837 1431 Deum
1863 1383 2143 1441 recurrat,

553 1474 648 1543 qui
679 1473 856 1526 ulcera
881 1479 1231 1540 peccatorum
1262 1485 1484 1525 suorum
1509 1477 1659 1523 sanet
1689 1469 1740 1520 ι).

627 1565 786 1620 Vens.
818 1565 874 1618 2.
901 1594 972 1604 -—
1002 1564 1244 1628 Domine,
1277 1580 1340 1617 ne
1374 1563 1430 1616 in
1477 1563 1656 1632 furore
1683 1570 1772 1614 tuo
1813 1575 2006 1630 arguas
2043 1575 2144 1626 me,

549 1673 714 1728 neque
742 1657 800 1710 in
836 1657 919 1710 ira
960 1665 1051 1712 tua
1077 1657 1332 1725 corripias
1361 1671 1461 1708 me.
1502 1653 1585 1707 Ira
1607 1662 1690 1707 est
1710 1652 1865 1722 longa
1898 1652 2147 1722 indigna-

549 1749 663 1803 tio:
699 1748 850 1803 furor
876 1763 1004 1802 vero
1036 1748 1315 1817 repentina
1367 1746 1566 1801 mentis
1611 1746 1890 1811 accensio;
1942 1746 2036 1800 sed
2068 1746 2146 1800 ira

550 1848 814 1895 zeternam
839 1840 1128 1910 impiorum
1171 1838 1440 1908 signiﬁcat
1493 1853 1731 1908 poenam,
1761 1837 1912 1893 furor
1970 1839 2148 1908 ignem

551 1934 929 2005 purgatorium
959 1952 972 1987 :
1005 1941 1060 1987 et
1102 1933 1167 1987 de
1193 1940 1422 2002 utraque
1451 1930 1619 2003 [Ms.,
1647 1932 1713 1986 de
1743 1946 1847 2002 qua
1885 1929 2146 2003 utraque]

553 2025 640 2080 vir
664 2025 935 2093 paenitens
961 2024 1180 2078 liberari
1211 2039 1268 2078 se
1290 2039 1320 2077 a
1345 2023 1455 2077 Deo
1483 2023 1742 2094 postulat.

554 2109 585 2158 ι’
625 2114 789 2170 Vens.
822 2115 874 2168 5.
906 2144 978 2154 -
1012 2113 1265 2168 Miserere
1306 2115 1430 2180 mei,
1459 2113 1703 2180 Domine,
1725 2116 1972 2186 quoniam
2003 2116 2153 2185 inﬁr-

548 2222 666 2260 mus
719 2219 870 2259 sum:
903 2222 1034 2258 sana
1089 2222 1200 2271 me,
1257 2204 1509 2270 Domine,
1541 2206 1790 2275 quoniam
1841 2205 2153 2260 conturbata

547 2306 672 2353 sunt
727 2313 846 2350 ossa
875 2311 1013 2348 mea.
1041 2294 1231 2349 Valida
1287 2303 1371 2349 est
1432 2294 1818 2349 misericordiae
1872 2296 2150 2364 precatio,

549 2387 761 2458 peccati
788 2385 1079 2441 confessio.
1108 2385 1201 2440 Ille
1247 2385 1681 2441 misericordiam
1718 2387 1814 2441 Dei
1869 2386 2110 2442 inveniet

550 2479 646 2550 qui
671 2495 729 2534 se
774 2479 1035 2534 miserum
1066 2477 1374 2533 conﬁtetur.
1417 2478 1682 2544 Quoniam
1711 2479 1954 2549 inﬁrmus
2005 2496 2152 2548 sum,

552 2590 686 2630 sana
714 2589 814 2641 me,
847 2572 1043 2643 inquit,
1074 2570 1296 2625 Domine
1321 2589 1338 2626 :
1363 2587 1427 2626 ac
1465 2573 1510 2626 si
1551 2573 1717 2639 dicat,
1749 2572 1997 2628 inﬁrmus
2035 2589 2154 2628 sum

553 2681 654 2738 per
677 2672 979 2735 peccatum,
1006 2679 1139 2719 sana
1163 2677 1368 2733 meper
1393 2664 1825 2719 misericordiam
1849 2680 1864 2718 :
1893 2665 2155 2731 Quoniam

557 2756 871 2811 conturbata
891 2765 1014 2809 sunt
1051 2771 1171 2809 ossa
1214 2771 1350 2819 mea,
1380 2771 1590 2823 omnes,
1623 2757 1864 2826 inquam,
1889 2759 2115 2814 virtutes
2139 2798 2155 2824 ,

559 2863 680 2917 quae
701 2856 924 2917 propter
947 2847 1031 2902 sui
1055 2845 1385 2921 soliditatem
1414 2863 1538 2902 ossa
1560 2847 1918 2918 appellantur.

629 2961 795 3016 Vens.
823 2960 877 3014 4.
919 2991 991 3001 ——
1023 2959 1094 3014 Et
1119 2962 1299 3013 anima
1333 2977 1451 3014 mea
1494 2962 1705 3015 turbata
1749 2973 1824 3016 est
1850 2961 2000 3018 valde
2023 2977 2041 3016 :
2068 2964 2160 3018 sed

559 3061 651 3119 tu,
702 3051 926 3108 Domine
955 3094 970 3120 ,
1015 3053 1320 3125 usquequo?
1361 3052 1420 3106 ln
1459 3052 1637 3122 primo
1680 3054 1895 3124 quidem
1941 3056 2161 3112 homine

559 3153 900 3216 transgressa
926 3145 1104 3199 anima
1158 3159 1281 3200 mea
1303 3143 1535 3199 virtutes
1575 3159 1764 3200 omnes
1798 3146 2068 3215 perdidit,
2107 3155 2162 3203 et

559 3239 686 3294 inde
722 3240 938 3296 turbata
960 3247 1043 3294 est
1063 3254 1161 3309 per
1213 3239 1610 3308 paenitentiam,
1640 3247 1700 3292 ut
1729 3241 2068 3296 emundetur.
2096 3241 2164 3296 Et
2188 3253 2236 3315 ς

559 3340 640 3395 tu,
665 3329 888 3384 Domine
911 3371 926 3396 ,
984 3331 1291 3401 usquequo?
1348 3328 1589 3386 Subaudi
1619 3350 1631 3384 :
1666 3331 2015 3406 [usquequo]
2047 3335 2163 3389 ani-

557 3433 703 3474 mam
731 3433 923 3484 meam,
958 3435 1080 3489 quae
1126 3421 1478 3477 vehementer
1529 3424 1851 3479 conturbata
1880 3433 1966 3480 est
1991 3465 2005 3491 ,
2056 3442 2163 3483 non

559 3513 748 3583 eripis,
777 3527 886 3566 non
913 3514 1163 3585 corrigis,
1190 3530 1299 3569 non
1331 3516 1594 3570 emendas

633 3604 796 3658 Vens.
827 3603 881 3658 5.
912 3634 982 3643 —
1007 3603 1335 3671 Convertere,
1361 3606 1586 3661 Domine
1605 3647 1620 3673 ,
1669 3617 1718 3661 et
1748 3611 1889 3679 eripe
1930 3611 2163 3666 animam

558 3709 752 3760 meam,
787 3694 988 3749 salvum
1024 3713 1120 3782 .me
1158 3697 1244 3766 fac
1273 3707 1481 3769 propter
1536 3699 1958 3756 misericordiam
1995 3713 2160 3757 tuam.

449 3855 472 3862 _
562 3782 677 3839 Nisi
701 3786 844 3840 enim
885 3787 1120 3842 animam
1163 3797 1402 3844 nostram
1431 3799 1559 3846 ante
1603 3795 1964 3860 converterit,
2007 3811 2164 3852 nemo

561 3890 683 3933 eam
706 3885 858 3932 eruet
886 3877 1049 3951 [Ms.,
1087 3889 1497 3937 converteret...
1529 3884 1778 3957 erueret]
1809 3887 1874 3941 de
1897 3888 2161 3956 periculo.

571 3966 708 4022 Vel:
738 3977 1077 4037 convertere,
1117 3970 1366 4039 Domine,
1407 3981 1464 4029 et
1519 3974 1692 4046 dirige
1725 3992 1824 4030 nos
1865 3992 1964 4048 per
2010 3979 2167 4035 mise-

565 4057 857 4114 ricordiam
906 4070 1075 4129 tuam,
1103 4074 1266 4135 atque
1303 4067 1485 4136 aspice
1513 4066 1679 4140 [Λίδη
1707 4069 1994 4142 dignare...
2024 4073 2168 4142 aspi-

564 4151 746 4224 cere],
774 4155 867 4224 qui
896 4164 1119 4226 propter
1147 4167 1370 4228 peccata
1393 4168 1580 4215 nostra
1606 4160 1802 4217 faciem
1829 4171 1979 4219 tuam
2009 4181 2164 4220 aver-

565 4241 680 4297 tisti
715 4259 746 4298 a
768 4235 926 4300 nobis
954 4265 967 4300 :
1009 4255 1064 4302 et
1087 4249 1235 4318 eripe
1262 4249 1501 4305 animam
1539 4267 1738 4320 meam,
1769 4255 1836 4309 ab
1862 4255 2166 4311 imminenti

566 4334 774 4390 scilicet
803 4338 1084 4406 supplicio,
1115 4349 1169 4394 et
1195 4341 1404 4396 salvum
1433 4357 1520 4399 me
1561 4342 1649 4399 fac
1694 4359 1800 4401 non
1827 4348 1964 4404 meis
1995 4349 2167 4404 meri-

566 4422 656 4489 tis,
694 4426 789 4480 sed
817 4433 907 4480 tua
950 4427 1343 4484 misericordia.

644 4543 816 4599 Vens.
848 4543 900 4596 6.
930 4573 1003 4583 —
1032 4543 1294 4610 Quoniam
1319 4563 1424 4601 non
1458 4557 1534 4602 est
1563 4549 1619 4603 in
1648 4560 1814 4606 morte
1847 4555 1939 4624 qui
1967 4571 2168 4609 memor

1413 409 1470 462 Β.
1511 408 1573 462 F.
1614 406 1842 463 ALBlNl
1883 405 2012 462 SEU
2051 405 2328 461 ALCUINI
2367 403 2654 460 OPERUM
2689 403 2868 458 PARS
2907 404 2969 460 ll.

3738 411 3840 468 578

2166 533 2219 587 Α
2245 523 2588 594 impossibili,
2620 524 2714 578 sed
2752 539 2851 594 pro
2880 539 3004 578 raro
3056 525 3266 598 posuit]
3297 534 3352 580 et
3410 527 3841 586 subaudiendum

2244 625 2329 672 est
2349 617 2414 671 ad
2446 616 2656 670 veniam
2682 633 2694 668 :
2728 616 2853 684 quia
2906 616 2960 669 in
3020 617 3123 670 hoc
3151 617 3353 672 mundo
3380 618 3601 689 proprie
3630 619 3840 675 confes-

2247 709 2328 764 sio
2351 709 2566 772 dicitur,
2597 708 2686 761 ubi
2713 717 2766 762 et
2794 708 2948 761 venia
2987 709 3276 777 reperitur.

2316 800 2476 853 Vens.
2495 799 2546 850 7.
2573 827 2643 837 —
2658 796 2914 852 Laboravi
2936 801 2990 852 in
3018 800 3212 868 gemitu
3233 817 3367 854 meo.
3384 800 3486 856 Hic
3509 803 3842 871 poenitentiae

2248 906 2358 946 suae
2382 890 2599 946 modum
2625 891 2866 959 exponit.
2901 889 3109 944 Lavabo
3151 907 3244 961 per
3285 893 3523 962 singulas
3562 906 3742 949 noctes
3769 896 3840 950 le-

2248 992 2387 1036 ctum
2408 998 2599 1035 meum.
2625 981 2869 1046 Lectum,
2903 981 3311 1037 delectationem
3360 985 3608 1054 corporis
3647 987 3839 1042 intelli-

2248 1076 2456 1142 gamus.
2481 1071 2750 1142 Lacrymis
2781 1081 3002 1126 stratum
3028 1090 3200 1126 meum
3248 1075 3452 1145 rigabo.
3484 1075 3690 1147 Bigare
3719 1079 3842 1133 ube-

2249 1165 2362 1219 rius
2384 1164 2586 1234 aliquid
2612 1164 2882 1235 signiﬁcat
2929 1180 3092 1234 quam
3132 1166 3336 1221 lavare.
3381 1165 3628 1223 Stratum
3667 1179 3840 1224 autem

2250 1258 2518 1327 signiﬁcat
2537 1257 2812 1312 cumulum
2841 1265 3210 1327 peccatorum.

2321 1350 2482 1403 Vens.
2532 1350 2586 1405 8.
2627 1347 2996 1401 —Turbatus
3041 1357 3115 1403 est
3160 1365 3270 1419 pra:
3309 1351 3394 1404 ira
3440 1351 3626 1406 oculus
3681 1370 3840 1409 meus.

2251 1439 2482 1511 Propter
2503 1440 2641 1494 iram
2661 1439 2875 1493 Domini
2905 1440 3119 1495 oculum
3150 1439 3368 1512 [cordis
3395 1442 3478 1496 sui
3524 1444 3842 1519 proﬁtetur]

2252 1549 2370 1590 esse
2400 1533 2696 1587 turbatum.
2723 1530 2766 1587 Ο
2789 1531 2932 1585 Deus
2960 1547 3059 1601 per
3096 1548 3258 1602 quem
3286 1533 3421 1587 mihi
3442 1535 3705 1603 supplicia
3749 1535 3844 1606 [ti-

2252 1623 2406 1697 meo]
2447 1632 2770 1694 praaparata,
2802 1625 3015 1678 turbata
3046 1633 3128 1678 est
3186 1640 3339 1679 mens
3378 1641 3498 1679 mea
3527 1668 3542 1690 ,
3597 1638 3653 1679 et
3683 1637 3842 1682 totum

2249 1719 2547 1789 principale
2594 1718 2774 1773 cordis
2817 1719 2924 1787 mei
2981 1719 3327 1774 contremuit.
3379 1719 3672 1774 Inveteravi
3722 1723 3847 1776 inter

2253 1825 2430 1863 omnes
2477 1792 2718 1863 inimicos
2748 1825 2909 1862 meos.
2959 1809 3258 1864 Inveteravi
3294 1809 3380 1882 [id
3413 1809 3529 1882 est]
3572 1811 3626 1864 in
3657 1813 3849 1867 veteris

2181 1887 2227 1948 Β
2253 1902 2491 1958 hominis
2526 1902 2656 1956 Adae
2694 1901 2981 1971 iniquitate
3022 1904 3318 1972 permansi,
3359 1905 3500 1958 inter
3537 1921 3732 1959 omnes
3757 1905 3850 1958 ini-

2253 1993 2426 2047 micos
2452 2007 2621 2057 meos,
2658 1991 2774 2047 sive
2796 1992 2940 2047 inter
2971 1993 3194 2063 spiritus
3219 1995 3534 2061 diabolicos,
3562 1998 3679 2051 sive
3718 1998 3850 2052 inter

2252 2093 2438 2140 nostra
2474 2093 2717 2154 peccata.

2326 2179 2489 2233 Vens.
2523 2178 2576 2232 9.
2604 2208 2675 2218 —
2713 2177 2979 2232 Discedite
3031 2197 3064 2232 a
3092 2195 3174 2233 me
3215 2195 3393 2232 omnes
3444 2181 3536 2249 qui
3566 2182 3850 2250 operamini

2252 2269 2602 2340 iniquitatem.
2656 2269 2952 2339 Postquam
2985 2268 3171 2343 [ipse]
3201 2270 3635 2326 misericordiam
3675 2288 3854 2328 conse-

2256 2369 2414 2416 cutus
2442 2369 2547 2428 est,
2588 2370 2644 2417 et
2667 2369 2896 2417 caeteros
2915 2363 3074 2418 docet
3096 2363 3180 2417 vel
3219 2365 3560 2432 cohortatur,
3591 2366 3674 2418 uti
3717 2364 3776 2437 [a
3802 2381 3854 2420 se

2256 2453 2492 2506 abeant:
2524 2468 2630 2509 non
2661 2451 2828 2525 enim]
2854 2453 2968 2507 vult
3003 2452 3200 2524 [Edit.,
3232 2457 3309 2508 uti
3356 2471 3414 2509 se
3439 2456 3703 2522 habeant,
3728 2472 3855 2528 quos

2257 2559 2365 2598 non
2395 2542 2543 2616 vult]
2575 2543 2886 2614 iniquorum
2915 2544 3494 2599 habere'consortium.
3533 2545 3748 2616 [Simul
3771 2563 3856 2601 au-

2259 2643 2365 2690 tem
2383 2643 2438 2690 et
2477 2633 2606 2689 illud
2633 2635 2930 2689 notandum
2956 2644 3061 2700 est,
3087 2637 3232 2704 quod
3282 2635 3397 2704 jam
3423 2639 3681 2706 superius
3728 2638 3856 2692 dixi-

2259 2743 2402 2793 mus,
2431 2727 2575 2797 quod
2602 2743 2710 2783 non
2735 2743 2828 2783 eos
2857 2729 2946 2796 qui
2985 2731 3193 2798 operati
3218 2739 3344 2784 sunt
3369 2731 3738 2801 iniquitatem,
3771 2733 3859 2788 sed

2259 2818 2350 2887 qui
2377 2827 2691 2888 operantur,
2728 2834 2758 2872 a
2785 2834 2842 2873 se
2857 2818 3046 2887 jubeat
3075 2820 3388 2894 recedere.]

2331 2912 2492 2985 347
2524 2914 2686 2968 Vens.
2722 2913 2808 2968 10.
2837 2945 2906 2954 -—
2947 2915 3219 2970 Discedite
3269 2931 3398 2987 ergo
3420 2958 3435 2981 ,
3487 2917 3690 2986 inquit,
3718 2935 3747 2972 a
3779 2934 3860 2973 me

2259 3008 2522 3078 maligni,
2576 3009 2829 3078 quoniam
2869 3008 3135 3063 exaudivit
3198 3008 3457 3062 Dominus
3494 3025 3672 3062 vocem
3713 3011 3860 3079 ﬂetus

2262 3103 2383 3154 mei.
2416 3101 2702 3155 Exaudivit
2726 3101 2985 3155 Dominus
3020 3101 3437 3172 deprecationem
3460 3117 3654 3166 meam,
3682 3101 3863 3156 Domi-

2266 3210 2363 3247 nus
2392 3194 2682 3247 erationem
2702 3210 2871 3246 meam
2893 3193 3138 3263 suscepit.
3170 3192 3343 3248 Unam
3373 3194 3735 3262 eamdemque
3750 3208 3863 3248 rem

2264 3283 2634 3353 multipliciter
2679 3284 2894 3353 repetit,
2927 3284 3070 3352 quod
3119 3283 3294 3338 solent
3339 3282 3518 3340 facere
3567 3285 3867 3355 gaudentes

2268 3387 2321 3432 et
2348 3378 2612 3433 lastantes.

2336 3471 2500 3526 Vens.
2530 3471 2617 3524 11.
2646 3500 2718 3510 -
2765 3469 3148 3525 Convertantur
3203 3479 3251 3524 et
3307 3471 3616 3525 erubescant
3661 3469 3866 3525 inimici

2264 3562 2387 3625 mei,
2423 3570 2790 3615 convertantur
2818 3569 2867 3614 et
2893 3560 3201 3615 erubescant
3241 3560 3391 3616 valde
3435 3560 3703 3615 uelociter.
3745 3560 3865 3615 Non

2266 3657 2454 3706 contra
2479 3650 2746 3715 inimicos,
2773 3649 2868 3706 sed
2890 3666 2987 3720 pro
3017 3650 3253 3706 inimicis
3287 3660 3431 3718 orat,
3455 3660 3518 3706 ut
3544 3662 3866 3706 convertan-

2267 3751 2356 3797 tur
2375 3759 2405 3796 a
2428 3745 2666 3813 peccatis
2689 3746 2821 3811 suis,
2844 3755 2899 3799 et.
2923 3747 3253 3824 erubescant
3275 3762 3384 3800 non
3413 3745 3624 3808 leviter,
3653 3745 3747 3800 sed
3773 3761 3867 3797 ve-

2264 3836 2581 3903 hementer;
2637 3853 2737 3894 nec
2763 3839 3020 3904 crastino,
3048 3839 3143 3894 sed
3188 3839 3296 3894 cito
3325 3854 3390 3894 ac
3442 3839 3699 3910 praesenti
3729 3846 3868 3893 tem-

2265 3941 2416 3998 pore.
2441 3927 2631 3982 Amen.

2793 3999 3117 4056 PSALMUS
3156 4000 3352 4056 XXXI.

2339 4090 2551 4146 Titulus
2577 4090 2771 4160 psalmi
2796 4100 2901 4158 est,
2929 4091 3219 4146 intellectus
3244 4092 3416 4146 David
3439 4109 3457 4146 :
3498 4094 3624 4163 quia
3660 4092 3871 4147 scilicet

2267 4181 2531 4237 intellexit
2557 4183 2748 4248 David,
2780 4192 2834 4238 et
2875 4199 2974 4239 nos
3001 4198 3100 4238 suo
3139 4183 3293 4252 jubet
3337 4183 3638 4255 intelligere
3684 4199 3869 4239 exem-

2267 4271 2375 4343 plo,
2408 4273 2614 4327 nullum
2659 4289 2779 4328 esse
2833 4283 2944 4328 tam
3002 4290 3168 4345 grave
3225 4284 3535 4344 peccatum,
3571 4277 3714 4344 quod
3759 4290 3870 4330 non

2267 4367 2504 4436 gratuito
2530 4367 2686 4422 nobis
2712 4367 2854 4421 Deus
2881 4368 3122 4422 remittat
3145 4409 3160 4434 ,
3207 4369 3252 4423 si
3299 4370 3478 4438 parati
3515 4371 3687 4424 simus
3737 4368 3872 4424 illud

2269 4459 2513 4514 confiteri
2540 4468 2595 4515 et
2631 4475 2662 4514 a
2705 4461 2888 4530 pravis
2915 4461 3020 4516 viis
3047 4463 3323 4518 abstinere
3355 4474 3404 4516 ε.

2343 4551 2505 4606 Vens.
2551 4551 2599 4604 l.
2626 4581 2698 4591 —
2733 4551 2884 4605 Beati
2913 4570 3138 4624 quorum
3187 4555 3418 4608 remissae
3455 4564 3578 4608 sunt
3620 4555 3877 4625 iniquita-

568 4636 636 4691 sit
660 4636 756 4688 tui.
787 4635 903 4689 Non
926 4636 1074 4691 enim
1123 4639 1321 4692 mortui
1363 4639 1659 4695 laudabunt
1689 4651 1760 4708 te,
1795 4643 2038 4711 Domine,
2074 4646 2168 4702 sed
2193 4625 2246 4688 Β
2270 4653 2364 4710 tes,
2396 4652 2443 4696 et
2471 4659 2693 4713 quorum
2716 4652 2851 4698 tecta
2881 4653 3002 4698 sunt
3037 4655 3270 4716 peccata.
3303 4645 3523 4701 Illorum
3557 4647 3767 4701 scilicet
3788 4660 3878 4699 re-

567 4743 688 4794 nos,
719 4729 811 4798 qui
859 4729 1090 4785 vivimus
1130 4729 1291 4802 [Λίδη
1322 4734 1564 4788 viventes
1597 4735 1819 4808 sumus]
1852 4755 1864 4790 :
1896 4737 2022 4806 quia
2062 4755 2168 4793 non

570 4835 655 4882 est
676 4835 1014 4881 mortuorum
1037 4827 1200 4894 Deus,
1237 4830 1332 4884 sed
1366 4831 1630 4886 vivorum.

643 4917 712 4972 In
737 4917 947 4988 inferno
978 4927 1152 4972 autem
1178 4922 1296 4990 quis
1347 4922 1683 4990 conﬁtebitur
1707 4921 1821 4976 tibi.
1875 4920 2030 4994 [Non
2069 4937 2170 4992 pro

645 5059 670 5086 α
711 5047 790 5123 E35
838 5048 943 5123 hoc
971 5049 1214 5123 carmine
1236 5049 1481 5123 Cointius
1509 5060 1888 5123 argumentum
1942 5054 2172 5122 sumpsit

573 5118 642 5173 ad
667 5117 1002 5204 probandum
1030 5119 1306 5204 Almonem
1335 5131 1388 5176 et
1417 5117 1839 5204 Alcuinumhon
1863 5121 2029 5204 fuisse
2049 5117 2170 5204 ger-

573 5203 764 5244 manos
804 5187 1040 5256 fratres,
1091 5191 1217 5246 licet
1253 5192 1305 5246 in
1351 5194 1583 5260 quadam
1641 5193 1864 5260 cpistola
1912 5187 2171 5250 Alcuinus

573 5260 886 5332 scripserit:
917 5261 1237 5316 Dulcissimo
1277 5263 1433 5332 fratri
1471 5273 1518 5315 et
1567 5264 1873 5316 charissima
1919 5280 2169 5332 germano

572 5329 811 5403 Aquiiw,
829 5341 932 5385 etc.
961 5333 1066 5387 Sed
1095 5335 1193 5396 has
1221 5329 1570 5402 epistolarum
1595 5329 1998 5403 inscriptiones,
2017 5351 2167 5390 asse-

577 5401 667 5464 rit,
697 5401 880 5456 titulos
908 5419 1028 5457 esse
1051 5401 1323 5468 amicitiae,
1356 5419 1460 5456 non
1488 5401 1812 5472 agnationis.
1869 5404 1944 5457 Ea
1993 5406 2059 5460 de
2112 5422 2172 5461 re

573 5487 676 5544 nos
695 5473 750 5526 in
769 5473 1087 5542 praefatione
1113 5474 1198 5528 his
1217 5472 1472 5544 operibus
1496 5472 1713 5542 prmﬁxa
1738 5475 1966 5544 egimus.
1985 5475 2171 5532 Sixtus

576 5542 708 5600 Sen.
738 5554 898 5599 vocat
925 5544 1138 5600 Alcuini
1178 5545 1230 5597 in
1272 5543 1508 5613 psalmos
1558 5542 1957 5612 pmnitentiales
2006 5565 2163 5601 anno-

577 5615 822 5687 tationes,
852 5615 1011 5687 juxta
1029 5631 1239 5670 sensum
1267 5612 1518 5669 moralem
1539 5616 1852 5681 succinctas,
1887 5627 2101 5687 argutas
2121 5629 2170 5672 et

579 5686 708 5739 mire
734 5685 1108 5755 signiﬁcantes.

651 5755 679 5794 δ
718 5754 887 5810 COdd.
938 5772 1068 5811 mss.
1124 5756 1266 5810 hanc
1322 5754 1788 5824 prtefatiunculam
1820 5758 1892 5811 ita
1924 5767 2166 5824 ponunt:

582 5824 650 5879 In
687 5825 843 5894 ﬁnem
875 5827 930 5899 in
956 5825 1746 5899 hymnisprvoctavaipsalmus
1768 5824 1958 5883 David.
1993 5828 2059 5884 In
2099 5830 2168 5899 fi-

582 5911 702 5950 nem
728 5895 1088 5953 aeternitatem
1137 5895 1434 5967 signiﬁcat:
1464 5895 1706 5968 Hymnus
1743 5907 1827 5955 est
1865 5900 1982 5956 laus
2028 5895 2169 5957 Divi-

2273 4738 2561 4792 mittuntur
2583 4736 2917 4806 iniquitates,
2944 4754 3178 4808 quorum
3206 4749 3426 4809 peccata
3450 4754 3549 4810 per
3573 4727 3879 4795 confessio-

2273 4842 2394 4881 nem
2426 4844 2456 4880 a
2490 4827 2716 4882 Domino
2738 4829 2847 4882 Deo
2876 4829 3188 4895 diluuntur;
3219 4840 3273 4884 ct
3305 4847 3538 4901 quorum
3573 4838 3718 4886 tecta
3749 4839 3880 4885 sunt

2270 4934 2369 4989 per
2399 4920 2721 4975 charitatem
2748 4931 2987 4992 peccata,
3013 4920 3170 4990 juxta
3214 4923 3343 4978 illud
3370 4943 3381 4978 :
3415 4923 3662 4978 Charitas
3709 4923 3880 4993 operit

2271 5055 2642 5130 uitatismetri
2672 5056 3028 5130 alicujusilegc
3054 5059 3355 5128 composita
3381 5077 3394 5112 :
3422 5076 3517 5130 pro
3536 5068 3722 5114 octava
3745 5075 3883 5116 vero

2273 5126 2487 5199 Domini
2545 5126 2823 5199 signiﬁcat
2850 5126 3197 5194 adventum,_
3227 5126 3442 5199 quando
3493 5130 3649 5185 ﬁnita
3690 5132 3883 5188 saeculi

2272 5197 2611 5253 hebdomada
2640 5199 2705 5252 ad
2727 5198 3081 5266 judicandum
3101 5197 3314 5255 venerit
3341 5200 3626 5255 mundum.
3645 5202 3800 5257 Unde
3823 5213 3888 5258 et

2311 5269 2513 5323 salmus
2544 5270 2644 5323 iste
2676 5285 2797 5323 cum
2827 5279 3064 5325 tremore
3111 5272 3346 5326 maximo
3371 5271 3502 5327 fecit
3531 5272 3767 5327 initium.
3818 5273 3886 5328 in

2311 5355 2376 5413 oc
2397 5339 2605 5413 psalmo
2627 5341 2924 5413 humanum
2958 5341 3198 5413 postulat
3228 5357 3396 5412 genus
3427 5344 3630 5413 corrigi
3657 5345 3886 5412 quidem

2273 5417 2328 5464 et
2352 5411 2586 5479 judicari
2617 5426 2646 5463 a
2672 5411 2799 5476 Deo,
2825 5411 2920 5466 sed
2950 5428 3057 5465 nou
3095 5411 3147 5465 in
3175 5411 3253 5466 ira
3289 5424 3342 5467 et
3371 5413 3576 5467 furore.

2347 5492 2368 5518 ο
2412 5481 2580 5536 Codd.
2646 5480 2772 5535 Mss.
2807 5497 2821 5535 :
2861 5482 3108 5537 Psalmus
3149 5482 3320 5536 David
3386 5484 3506 5536 huic
3560 5484 3884 5542 intellectus.

2271 5550 2521 5623 Psalmus
2549 5551 2717 5604 David
2743 5567 2927 5607 vocem
2954 5554 3194 5614 continet
3231 5555 3509 5623 prophetae
3535 5557 3891 5612 ostendentis

2273 5622 2561 5696 hominem
2578 5637 2682 5676 non
2707 5623 2876 5696 ipsius
2924 5624 3166 5696 meritis,
3223 5622 3447 5679 sed'Dei
3483 5626 3661 5693 gratia
3715 5642 3892 5696 posse

2273 5693 2494 5765 salvari,
2521 5693 2566 5748 Si
2597 5693 2939 5749 conﬁteatur.
3003 5694 3116 5750 lloc
3157 5703 3242 5749 est
3263 5705 3443 5750 autem
3471 5698 3618 5765 quod
3641 5693 3777 5752 dicit
3799 5700 3893 5754 in-

2272 5762 2528 5829 tellectus,
2559 5771 2617 5818 ut
2651 5780 2750 5818 nos
2776 5765 3367 5840 intelligere_l_)ivinitas
3405 5762 3726 5840 praestiterit
3750 5785 3891 5840 pec-

2274 5843 2396 5959 cilita
2422 5843 2630 5901 nostra,
2661 5842 2723 5889 ut
2756 5849 2856 5903 pro
2895 5833 2975 5891 eis
3023 5833 3291 5893 dihieudis
3321 5833 3724 5895 studiosissime
3751 5833 3895 5912 sup-

2274 5921 2309 5959 n
2332 5921 2555 5959 iccmus.

2273 5921 2555 5973 puccmus.
