4062 6432
206 382 290 440 577

747 374 1157 434 EXEGETICA.
1195 403 1268 416 —
1303 374 1664 433 EXPOSITIO
1701 374 1769 432 IN
1807 373 1998 432 PSA]...
2040 373 2638 442 PGSNITENTIALES,
2677 375 2812 432 ETC

3341 383 3448 442 578

206 485 560 548 multitudinem
578 496 909 557 peccatorum
933 487 986 561 (ι
1014 487 1159 542 Petr.
1188 503 1262 553 tv,
1295 487 1371 559 8).
1403 487 1500 543 Vel
1525 502 1756 558 quorum
1782 491 1836 553 Α
1862 487 1929 542 ad
1957 487 2218 542 orandum
2246 503 2345 558 pro
2364 487 2599 558 peccatis
2629 487 2745 542 hac
2799 486 2914 552 vita,
2956 497 3060 556 est,
3092 489 3147 544 in
3173 506 3282 562 qua
3328 493 3453 552 ideo

204 591 323 641 tecta
350 586 470 636 sunt
497 589 738 651 peccata,
771 588 831 635 ut
856 581 945 636 hic
971 596 1066 650 per
1086 580 1462 652 paenitentiam
1493 579 1756 645 velentur,

203 690 259 732 ne
278 675 324 729 in
337 671 536 742 judicio
575 671 896 728 revelentur.
950 672 1268 743 lniquitates
1322 671 1540 742 quidam
1580 670 1764 742 appel-

199 767 312 829 lant,
333 778 446 834 quae
467 770 592 818 ante
613 763 942 832 baptismum
964 763 1100 818 fiunt
1121 781 1135 825 ;
1177 772 1419 833 peccata,
1433 779 1553 832 qua:
1574 770 1762 825 postea

199 864 575 932 perpetrantur.

258 954 405 1009 Vens.
435 951 492 1004 ἓ.
535 981 600 992 -
626 951 820 1005 Beatus
851 951 929 1006 vir
947 953 1032 1006 cui
1061 969 1165 1006 non
1205 951 1478 1023 imputavit
1502 949 1762 1005 Dominus

198 1056 460 1130 peccatum,
489 1062 581 1100 nec
607 1053 682 1099 est
715 1045 770 1099 in
793 1062 881 1099 ore
917 1044 1073 1117 [Ms.,
1105 1045 1160 1099 in
1181 1043 1403 1116 spiritu]
1436 1043 1551 1114 ejus
1587 1043 1760 1097 dolus.

196 1142 330 1211 Quod
357 1140 555 1210 tegitur
582 1155 690 1194 non
720 1139 1010 1203 videbitur,
1033 1139 1178 1208 quod
1200 1154 1308 1192 non
1331 1138 1648 1207 imputatur,
1665 1150 1766 1190 nec

194 1233 441 1305 punietur.
479 1229 591 1284 Nec
619 1239 695 1284 est
722 1231 776 1283 in
799 1247 888 1284 ore
912 1229 1027 1299 ejus
1073 1227 1250 1294 dolus,
1279 1229 1383 1282 hoc
1407 1234 1512 1292 est,
1545 1227 1599 1281 in
1623 1226 1766 1280 illius

195 1340 292 1388 ore,
319 1322 404 1394 qui
429 1337 488 1376 se
525 1321 810 1376 confitetur
843 1336 965 1376 esse
1013 1330 1390 1392 peccatorem:
1419 1319 1559 1375 sicut
1582 1317 1764 1373 Publi-

195 1435 361 1482 canus,
382 1417 472 1486 qui
499 1417 650 1480 dixit,
675 1416 920 1481 Domine,
953 1418 1205 1487 propitius
1234 1425 1340 1470 esto
1360 1416 1488 1470 mihi
1504 1414 1766 1486 peccatori

195 1508 331 1577 (Luc.
367 1523 523 1572 xvm,
555 1505 663 1575 l3).
696 1505 832 1573 Quia
861 1506 954 1576 qui
1003 1507 1106 1561 sibi
1157 1506 1438 1576 displicet,
1491 1507 1603 1576 ipse
1657 1507 1767 1562 Deo

193 1596 376 1666 placet;
405 1609 508 1650 nec
536 1604 618 1650 est
659 1596 712 1650 in
735 1611 829 1651 ore
853 1594 968 1664 ejus
991 1595 1169 1662 dolus,
1197 1596 1290 1652 sed
1318 1597 1374 1651 in
1398 1596 1625 1651 veritate
1651 1612 1769 1652 cre-

195 1687 312 1742 dens
338 1687 468 1752 Deo,
498 1688 641 1758 quod
678 1689 733 1742 in
761 1688 923 1742 corde
967 1687 1218 1754 habebat,
1243 1704 1338 1744 ore
1388 1688 1764 1743 confitebatur.

256 1779 411 1835 Vens.
435 1779 489 1833 5.
517 1811 589 1823 -
604 1779 866 1846 Quoniam
889 1781 1032 1834 tacui
1052 1781 1466 1835 inveteraverunt
1488 1797 1605 1835 ossa
1628 1797 1765 1845 mea,

1863 579 2037 634 sancti
2061 587 2241 644 orant,
2261 579 2384 649 quia
2402 592 2507 634 non
2527 586 2612 634 est
2629 596 2660 633 a
2679 580 2915 649 peccatis
2941 581 3200 637 immunis
3227 583 3448 654 aliquis.

1871 668 2239 725 Verumtamen
2283 671 2337 724 in
2368 669 2564 726 diluvio
2592 688 2850 742 aquarum
2903 671 3189 728 multarum
3224 675 3294 728 ad
3332 693 3452 730 eum

1865 779 1970 816 non
2001 762 2458 833 approximabunt.
2489 763 2640 818 Multi
2691 765 2883 820 fluctus
2913 766 3238 822 diluviorum
3271 769 3326 824 in
3364 767 3456 840 ju~

1863 854 2006 911 dicio
2023 855 2217 926 impios
2244 855 2482 922 volvent,
2505 857 2597 927 qui
2629 859 2832 913 sanctis
2864 859 3097 914 nocituri
3126 876 3234 916 non
3256 870 3448 928 erunt;

1864 961 2038 1016 neque
2065 947 2133 1001 ad
2155 963 2278 1001 eum
2304 948 2756 1017 approximabunt
2785 957 3078 1016 tormenta,
3107 953 3200 1022 qui
3219 969 3319 1024 pro
3344 954 3460 1010 suis

1864 1037 1954 1092 hic
1989 1038 2226 1106 peccatis
2255 1053 2413 1092 orare
2443 1054 2551 1094 non
2575 1049 2770 1096 cessat.
3087 1042 3090 1044 ⁷

1935 1131 2098 1187 Vens.
2141 1132 2193 1184 7.
2221 1163 2292 1171 —
2330 1131 2408 1185 Tu
2463 1149 2516 1187 es
2573 1134 2834 1205 refugium
2881 1153 2913 1189 a
2961 1135 3299 1192 tribulatione
3344 1155 3464 1211 qua

1865 1221 2204 1276 circumdedit
2227 1238 2329 1286 me,
2355 1221 2635 1276 exsultatio
2662 1239 2778 1278 mea
2807 1241 2930 1279 erue
2949 1241 3031 1280 me
3072 1244 3105 1280 a
3131 1227 3464 1285 circumdan-

1865 1313 2002 1368 tibus
2033 1330 2132 1368 me.
2167 1312 2295 1367 Mihi
2338 1312 2392 1366 in
2419 1313 2523 1369 isto
2549 1313 2751 1369 diluvio
2777 1331 2883 1369 non
2921 1324 3006 1371 est
3045 1316 3328 1390 refugium,
3355 1319 3460 1376 nisi

1869 1412 1946 1458 tu.
1979 1403 2279 1458 Exsultatio
2310 1418 2450 1469 mea,
2479 1403 2675 1474 inquit,
2710 1404 2915 1461 redime
2940 1423 3047 1462 me.
3099 1407 3206 1466 Sed
3227 1411 3340 1479 jam
3375 1429 3467 1467 ex-

1869 1496 2060 1561 sultas,
2084 1497 2212 1566 quid
2241 1496 2324 1550 vis
2363 1495 2591 1550 redimi?
2627 1497 2932 1554 Exsultatio
2960 1517 3079 1556 mea
3129 1505 3333 1560 redime
3356 1523 3463 1562 me.

1869 1584 2102 1653 Gaudes,
2126 1595 2181 1641 et
2214 1586 2423 1657 gemis?
2451 1585 2559 1652 Ita,
2595 1586 2790 1657 inquit,
2816 1591 3022 1660 gaudeo
3048 1599 3101 1646 et
3125 1608 3302 1664 gemo.
3320 1595 3466 1652 Gau-

1870 1677 1970 1734 deo
1997 1678 2049 1732 in
2072 1694 2188 1748 spe,
2215 1693 2371 1749 gemo
2417 1677 2594 1734 adhuc
2618 1679 2673 1733 in
2705 1694 2784 1734 re.
2815 1679 2941 1736 Ideo
3004 1682 3222 1751 subdit,
3261 1688 3466 1744 redime

1871 1784 1960 1824 me
1985 1786 2016 1825 a
2040 1771 2500 1826 circumdantibus
2520 1785 2626 1837 me,
2661 1772 2774 1826 sive
2823 1773 2970 1828 vitiis
2992 1777 3321 1846 carnalibus,
3350 1781 3466 1837 sive

193 1871 306 1924 dum
329 1871 611 1926 clamarem
633 1880 743 1926 tota
767 1873 871 1926 die.
896 1871 1010 1927 Non
1038 1870 1255 1944 [protuli
1285 1872 1477 1945 (Edit.,
1507 1870 1766 1944 prmtuli)]
1799 1865 1848 1927 Β
1872 1862 2152 1932 spiritibus
2178 1863 2493 1930 immundis.
2517 1865 2609 1935 qui
2633 1880 2732 1920 nos
2763 1865 2994 1936 perdere
3014 1871 3280 1941 praecipiti
3314 1873 3466 1928 velo-

191 1963 573 2020 confessionem
602 1965 669 2019 ad
717 1965 968 2030 salutem,
1000 1965 1120 2020 ideo
1149 1964 1326 2019 omnis
1363 1962 1624 2020 fortitudo
1649 1978 1769 2020 mea

191 2053 241 2109 in
279 2055 465 2110 carnis
509 2054 824 2110 infirmitate
870 2054 1171 2110 consenuit.
1203 2054 1344 2108 Dum
1373 2053 1656 2108 clamarem
1683 2051 1773 2126 [id

187 2143 294 2216 est]
327 2146 566 2200 clamant
605 2146 782 2211 multi,
813 2147 859 2200 si
889 2145 1019 2216 quid
1045 2146 1170 2202 boni
1197 2146 1416 2211 habent,
1445 2161 1508 2200 ac
1557 2161 1657 2215 per
1678 2161 1771 2199 va-

185 2236 399 2290 nitatem
423 2227 818 2292 demonstrant.
849 2236 1053 2291 Tacent
1101 2236 1366 2306 siquidem
1392 2236 1543 2306 impii
1571 2243 1627 2289 et
1659 2235 1771 2291 cla-

181 2337 340 2382 mant.
367 2327 577 2383 Tacent
606 2328 748 2397 quod
774 2327 922 2398 loqui
944 2326 1026 2382 fas
1049 2335 1162 2392 est;
1193 2319 1486 2397 loquuntur
1520 2325 1664 2396 quod
1687 2334 1769 2380 ta-

179 2434 296 2474 cere
326 2421 550 2475 debent.
588 2419 812 2484 Tacent,
841 2419 968 2472 dum
1007 2433 1104 2473 sua
1143 2417 1479 2472 abscondunt
1507 2425 1768 2486 peccata;

175 2511 432 2577 clamant,
459 2513 586 2567 dum
615 2527 712 2566 sua
763 2511 1060 2582 praedicant
1084 2511 1296 2564 merita.
1347 2510 1553 2564 Tacent
1583 2525 1772 2579 pecca-

176 2613 351 2659 torum
371 2605 737 2671 confessione,
751 2605 1316 2661 clamantmeritorum
1333 2603 1766 2675 praesumptione.

177 2695 524 2764 Quid'autem
551 2707 655 2763 est,
684 2697 812 2752 dum
839 2697 1128 2752 clamarem
1157 2705 1269 2753 tota
1301 2695 1408 2762 die,
1433 2695 1538 2751 nisi
1560 2695 1687 2750 dum
1716 2693 1771 2748 in

180 2788 461 2844 clamando
498 2804 905 2858 perseverarem
941 2789 1006 2842 αἲ

244 2901 410 2956 Vens.
441 2901 499 2956 4.
524 2933 594 2941 -
617 2900 878 2968 Quoniam
901 2901 986 2955 die
1014 2918 1075 2955 ac
1104 2911 1249 2955 nocte
1271 2910 1487 2971 gravata
1516 2907 1593 2954 est
1617 2913 1773 2968 super

185 3006 258 3043 me
280 3007 470 3044 manus
503 3001 594 3045 tua
617 3007 636 3044 :
663 2989 954 3045 Conversus
983 3007 1097 3044 sum
1131 2991 1186 3044 in
1214 3007 1451 3045 (erumna
1478 3006 1614 3055 mea,
1644 2987 1771 3040 dum

187 3081 460 3152 conﬁgitur
481 3083 608 3136 mihi
629 3083 802 3153 spina.
831 3083 1110 3138 Peccatori
1134 3084 1314 3153 gravis
1327 3091 1412 3138 est
1449 3097 1638 3136 manus
1649 3095 1771 3149 quae

188 3169 428 3242 ﬂagellat,
452 3180 508 3227 et
553 3175 850 3242 ponderose
875 3174 1114 3229 vindicat
1141 3173 1301 3246 [Ms.,
1329 3181 1383 3229 et
1431 3171 1732 3242 ponderosa
1751 3211 1767 3236 ,

1871 1956 2035 2012 citate
2061 1956 2340 2014 festinant.

1944 2049 2105 2104 Vens.
2142 2049 2195 2104 8.
2226 2080 2297 2090 —
2336 2049 2665 2104 Intellectum
2690 2051 2786 2105 tibi
2809 2051 2944 2106 dabo
2979 2061 3027 2106 et
3050 2054 3310 2108 instruam
3338 2064 3387 2109 te
3412 2057 3470 2110 in

1869 2141 1953 2196 via
1975 2143 2074 2196 hac
2099 2160 2204 2214 qua
2244 2145 2524 2215 gradieris,
2554 2145 2776 2214 ﬁrmabo
2820 2163 2976 2217 super
3021 2157 3070 2202 te
3106 2149 3283 2205 oculos
3306 2167 3466 2206 meos.

1874 2234 1989 2291 Vox
2042 2235 2278 2302 Domini,
2306 2252 2410 2291 vox
2462 2237 2794 2292 intellectum
2827 2239 3024 2294 dantis.
3058 2241 3174 2310 Ipse
3213 2251 3296 2296 est
3323 2244 3468 2297 enim

1872 2327 2196 2394 intellectus,
2219 2347 2378 2401 quem
2409 2333 2601 2402 psalmi
2627 2335 2816 2390 titulus
2836 2351 2964 2390 vere
2990 2335 3141 2407 [Ms.,
3171 2338 3310 2392 tituli
3332 2340 3472 2393 veri-

1873 2420 1976 2492 tas]
2014 2421 2291 2487 indicavit,
2333 2439 2494 2492 quem
2541 2427 2930 2495 ptenitentibus
2987 2437 3228 2496 potestas
3254 2429 3470 2484 Domini
3509 2419 3514 2425 ’

1871 2509 2168 2566 clementer
2205 2512 2402 2567 infudit
2443 2513 2596 2586 [Δίκη
2629 2514 2904 2590 infundit].
2929 2518 3150 2574 Addidit
3193 2530 3394 2587 autem,
3423 2531 3473 2575 et

1871 2610 2131 2656 mstruam
2174 2611 2242 2668 te,
2274 2603 2326 2658 id
2382 2613 2504 2671 est,
2541 2607 2872 2662 nescientem
2925 2611 3128 2666 docebo
3180 2611 3473 2667 salutarem

1872 2691 2018 2746 viam
2046 2693 2094 2746 δ.
2127 2694 2224 2748 Via
2259 2705 2344 2749 est
2371 2696 2518 2750 enim
2547 2711 2710 2766 quam
2734 2698 3011 2768 ingressus
3038 2699 3234 2766 fuerat,
3265 2703 3474 2757 servire

1873 2783 1984 2839 Deo
2010 2785 2208 2855 prioris
2255 2786 2482 2842 actionis
2521 2789 2786 2858 pravitate
2829 2791 3102 2845 damnata.
3163 2791 3459 2862 Sequitur:

1875 2873 2129 2928 Firmabo
2158 2893 2321 2946 super
2340 2887 2389 2931 te
2429 2877 2604 2932 oculos
2651 2895 2812 2933 meos.
2847 2879 2904 2934 Id
2925 2890 3029 2948 est,
3053 2881 3286 2951 dirigam
3313 2882 3369 2936 in
3421 2891 3474 2937 te

1873 2961 2055 3023 lumen
2076 2969 2444 3040 intelligentia:
2479 2985 2634 3026 meae.

1944 3064 2108 3119 Vens.
2134 3064 2187 3119 9.
2208 3093 2280 3106 —
2309 3064 2487 3120 Nolite
2531 3067 2648 3137 fieri
2695 3068 2829 3122 sicut
2865 3086 3028 3141 equus
3061 3078 3111 3124 et
3155 3071 3362 3137 mulus,
3415 3073 3471 3125 in

1872 3155 2059 3227 quibus
2093 3173 2196 3211 non
2217 3166 2290 3211 est
2312 3157 2628 3214 intellectus.
2671 3162 2774 3228 Qui
2797 3178 2903 3218 non
2925 3163 3022 3218 Dei
3051 3164 3352 3229 voluntate,
3379 3164 3475 3218 sed

188 3241 296 3332 qm},
317 3241 613 3336 vindicati].
644 3265 742 3320 me
786 3283 848 3320 αε
888 3277 1056 3332 nocte,
1087 3241 1403 3321 agminum
1433 3241 1673 3333 [tempus
1699 3265 1772 3318 si-
1797 3241 1843 3304 C
1874 3251 2092 3320 proprio
2123 3267 2181 3306 se
2219 3259 2370 3307 motu
2397 3268 2586 3324 regere
2616 3256 2824 3322 volunt,
2861 3256 3092 3313 effrenes
3121 3258 3177 3312 in
3203 3257 3471 3312 luxuriam

188 3354 414 3422 gniﬁcat.
444 3355 622 3410 Aliter
643 3365 825 3412 autem
854 3356 1085 3412 feliciter
1105 3357 1422 3412 humiliatus
1451 3372 1560 3411 non
1594 3363 1765 3418 esset,

189 3445 280 3499 nisi
303 3461 427 3502 eum
448 3463 647 3503 manus
675 3449 975 3505 divinitatis
1007 3450 1412 3520 comprimeret.
1464 3450 1772 3505 Conversus

187 3553 296 3592 sum
333 3541 384 3595 in
434 3556 682 3596 aerumna
734 3557 886 3608 mea,
943 3543 998 3598 id
1031 3550 1150 3607 est,
1198 3542 1436 3598 intellexi
1487 3550 1771 3612 peccatum

189 3643 374 3696 meum,
397 3642 696 3702 postquam
733 3649 1095 3689 aerumnosum
1122 3651 1208 3690 me
1232 3634 1404 3690 fecisti
1429 3635 1530 3690 sub
1556 3643 1659 3690 tua:
1684 3649 1774 3706 p0-

187 3721 354 3776 tcntia:
387 3725 800 3795 aggravatione.
841 3725 898 3778 In
928 3741 1190 3789 mrumna,
1228 3726 1281 3780 id
1321 3726 1482 3781 estin
1530 3726 1768 3780 miseria.

189 3808 312 3874 ρυίά
338 3824 420 3868 est
458 3823 650 3869 autem
690 3815 842 3885 spina
868 3832 988 3885 quae
1037 3817 1346 3888 configitur,
1393 3818 1496 3872 nisi
1525 3817 1774 3872 stimulus

188 3907 528 3963 enascientize
550 3909 907 3977 peccatricis?

251 4014 408 4074 Vens.
438 4018 493 4073 5.
534 4050 605 4059 -—
628 4020 887 4074 Delictum
917 4038 1088 4076 meum
1129 4023 1394 4092 cognitum
1431 4022 1524 4076 tibi
1569 4022 1689 4091 feci,
1726 4031 1774 4076 et

187 4106 460 4176 injustitias
509 4129 659 4166 meas
685 4113 826 4185 [Ms.,
858 4114 1172 4183 injustitiam
1201 4112 1393 4186 meam]
1419 4131 1524 4168 non
1573 4115 1772 4183 operui.

187 4195 316 4254 Idem
337 4210 420 4257 est
443 4205 731 4274 cognitum
776 4203 954 4260 facere
979 4213 1033 4258 et
1080 4221 1188 4260 non
1236 4205 1480 4274 operire,
1512 4205 1614 4258 hoc
1648 4212 1729 4258 est
1759 4245 1774 4268 ,

186 4291 440 4350 conﬁteri.
466 4296 614 4364 Quia
639 4297 683 4350 si
714 4297 875 4351 homo
895 4305 1176 4366 peccatum
1200 4313 1306 4352 non
1334 4296 1599 4367 agnoscit,
1634 4295 1777 4350 Deus

186 4396 280 4438 non
312 4386 556 4458 ignoscit
594 4387 744 4461 [Ms.,
769 4389 814 4444 si
843 4391 1006 4446 homo
1033 4389 1296 4460 agnoscit,
1325 4389 1467 4444 Deus
1498 4386 1772 4458 ignoscit].

185 4472 437 4535 Delictum
484 4496 625 4535 vero
661 4483 878 4551 quidam
920 4490 1244 4551 putaverunt
1294 4482 1410 4536 leve
1455 4489 1772 4550 peccatum:

187 4564 498 4636 iniustitiam
531 4570 722 4626 autem
744 4574 976 4628 immane
1006 4573 1222 4642 aliquod
1252 4571 1606 4645 [szevumque]
1631 4587 1778 4626 com-
1805 4595 1856 4655 υ

185 4661 419 4719 missum.
476 4667 614 4720 Dixi
651 4667 999 4736 pronuntiabo
1051 4667 1300 4720 adversus
1345 4682 1426 4719 me
1484 4664 1772 4734 injustitias

186 4768 314 4810 meas
336 4759 595 4825 Domino,
625 4769 673 4813 et
703 4770 759 4814 tu
801 4761 1042 4814 remisisti
1087 4761 1404 4832 impietatem
1427 4760 1624 4830 peccati
1649 4759 1773 4812 mei.

185 4842 552 4906 Pronuntiabo
589 4851 759 4915 dixit,
810 4852 913 4905 hoc
961 4861 1065 4916 est,
1108 4851 1319 4921 publice
1364 4851 1684 4914 conﬁtebor,
1718 4857 1776 4902 ut

187 4939 308 4996 alios
356 4945 576 5000 scilicet
601 4946 668 4999 ad
693 4945 1048 5001 imitationem
1077 4947 1276 5000 trahat.
1309 4945 1563 5015 Impietas
1592 4953 1775 4999 autem

186 5032 352 5088 cordis
383 5034 602 5100 fuerat,
653 5051 757 5105 qua
791 5034 941 5107 [Ms.,
972 5019 1120 5108 quia]
1155 5044 1336 5092 tacere
1365 5037 1700 5091 decreverat.

248 5123 412 5196 348
430 5127 724 5182 Adversum
752 5145 854 5194 me,
879 5128 1070 5197 inquit,
1091 5129 1456 5198 pronuntiabo,
1485 5129 1538 5183 id
1559 5136 1663 5193 est,
1689 5141 1776 5182 me

186 5209 350 5280 ipsum
377 5219 671 5274 accusabo.
727 5219 796 5272 Et
849 5229 906 5273 tu
937 5220 1181 5274 remisisti
1211 5221 1524 5290 impietatem
1578 5219 1775 5290 peccati

186 5308 299 5372 mei,
322 5313 547 5380 quando
580 5328 703 5383 quae
729 5313 880 5383 prius
927 5327 1196 5383 gesseram
1233 5313 1657 5368 misericorditer
1695 5311 1776 5364 in-

188 5399 414 5458 dulsisti.

253 5489 414 5547 Vens.
442 5493 496 5548 6.
531 5525 603 5536 —
632 5494 740 5550 Pro
760 5497 859 5551 hac
887 5494 1210 5568 [impietate]
1237 5494 1403 5548 orabit
1431 5495 1500 5548 ad
1529 5504 1579 5549 te
1607 5495 1775 5548 omnis

185 5591 391 5640 sanctus
431 5586 491 5640 in
525 5597 754 5658 tempore
782 5597 1092 5658 opportuno.
1135 5586 1368 5656 Tempus
1415 5592 1777 5655 opportunum

256 5728 278 5755 ι
319 5717 492 5774 Codd.
520 5736 652 5776 mss.
677 5741 689 5775 :
725 5721 929 5777 Tacent
957 5721 1373 5786 confessionem,
1391 5721 1626 5776 clamant
1647 5737 1778 5786 [πω-

183 5789 573 5863 sumptionem.
603 5792 740 5859 Quid
765 5803 849 5848 est
894 5809 1022 5863 ergo
1045 5793 1328 5848 clamando
1355 5800 1466 5847 tota
1497 5792 1622 5846 die?
1647 5789 1777 5846 Per-

188 5859 486 5917 severando
517 5862 572 5915 in
594 5863 902 5920 defensione
928 5859 1272 5934 peccatorum
1311 5878 1553 5919 suorum.

1875 3344 2148 3399 decidunt.
2183 3343 2292 3401 Hos
2333 3349 2603 3417 PrOpheta
2653 3360 2869 3406 coercet
2901 3347 3081 3407 verbis
3136 3351 3472 3407 terribilibus

1873 3432 2058 3490 dicens
2084 3454 2096 3490 :
2129 3435 2198 3490 In
2217 3438 2402 3492 chamo
2425 3448 2473 3493 et
2501 3440 2650 3509 freno
2677 3440 2922 3496 maxillas
2944 3459 3124 3496 eorum
3149 3444 3468 3513 constringe,

1873 3529 1962 3599 qui
1993 3547 2096 3584 non
2135 3534 2501 3602 approximant
2556 3535 2625 3587 ad
2654 3542 2722 3588 te.
2755 3535 2933 3591 Freno
2971 3545 3026 3590 et
3069 3538 3263 3591 chamo
3289 3537 3474 3592 mode-

1875 3620 2100 3676 rationis
2131 3637 2240 3677 suae
2273 3624 2413 3680 Deus
2437 3635 2651 3680 coercet
2679 3627 2968 3696 impiorum
3019 3628 3352 3699 superbiam,
3376 3625 3468 3698 qui

1869 3713 2078 3785 jactant
2101 3716 2291 3770 merita
2325 3733 2441 3783 sua,
2483 3726 2538 3772 et
2568 3727 2750 3775 tacent
2791 3729 3014 3790 peccata
3062 3737 3180 3776 sua.
3242 3721 3368 3787 Qui,
3393 3721 3474 3774 in-

1875 3809 2011 3878 quit,
2037 3826 2140 3863 non
2180 3813 2545 3881 approximant
2577 3814 2646 3866 ad
2695 3823 2764 3879 te,
2806 3830 2836 3867 a
2887 3831 2994 3884 quo
3021 3830 3118 3884 per
3162 3814 3471 3884 superbiam

1874 3901 2191 3971 elongantur
2218 3902 2373 3974 [Ms.,
2399 3906 2491 3959 sed
2531 3906 2779 3974 superbia
2810 3905 3174 3978 elongantur].

1947 3994 2109 4048 Vens.
2135 3995 2222 4048 10.
2245 4025 2317 4034 -
2338 3994 2506 4048 Multa
2531 3995 2742 4066 ﬂagella
2775 4005 3104 4066 peccatorum
3131 3994 3278 4067 [quia
3305 3994 3472 4065 pumi-

1877 4086 2099 4139 tentiam
2140 4101 2300 4156 agere
2357 4085 2701 4156 noluerunt],
2757 4097 3023 4158 sperantes
3069 4097 3242 4140 autem
3281 4089 3337 4142 in
3367 4087 3474 4143 Do-

1876 4177 2018 4230 mino
2040 4176 2400 4230 misericordia
2444 4178 2807 4232 circumdabit.
2855 4190 2877 4218 ο
2923 4178 3036 4251 [Illa
3074 4179 3468 4246 misericondia,

1878 4276 1937 4321 ut
1958 4268 2124 4320 vitam
2170 4278 2480 4322 mereantur
2506 4268 2910 4338 sempiternam.
2947 4269 3048 4336 Qui
3073 4279 3278 4325 rectam
3323 4286 3472 4340 spem

1879 4367 1932 4414 et
1965 4358 2126 4414 fidem
2163 4361 2217 4414 in
2245 4359 2355 4414 Deo
2387 4361 2604 4424 habent,
2636 4361 2778 4430 ipsos
2828 4361 3196 4416 misericordia
3227 4362 3321 4416 Dei
3369 4361 3473 4415 cir-

1880 4449 2143 4522 cumdat],
2168 4459 2228 4505 ut
2265 4466 2369 4506 non
2415 4452 2484 4506 sit
2525 4451 2744 4508 relictus
2770 4453 2958 4520 locus,
3001 4453 3144 4508 unde
3188 4453 3360 4524 possit
3407 4453 3471 4507 ad

1878 4562 1973 4603 eos
2002 4547 2199 4604 diaboli
2235 4548 2503 4603 hostilitas
2545 4547 2788 4604 introire.

1952 4642 2116 4708 Vens,
2145 4640 2232 4694 It.
2260 4672 2330 4680 —
2355 4640 2632 4695 Lwtamini
2665 4643 2719 4696 in
2752 4640 2979 4696 Domino
3032 4651 3080 4696 et
3109 4640 3363 4696 exsultate
3379 4642 3472 4711 ju-

1877 4735 1966 4799 sti,
1999 4743 2046 4788 et
2071 4733 2370 4804 gloriamini
2391 4752 2568 4789 omnes
2613 4736 2737 4789 recti
2773 4729 2948 4789 corde.
2982 4734 3252 4806 Propheta
3281 4737 3468 4791 horta-

1878 4833 1967 4880 tur
1993 4826 2289 4880 Ecclesiam
2306 4825 2472 4880 laetari
2500 4826 2566 4880 de
2597 4841 2691 4895 spe
2715 4827 2840 4881 vitae
2865 4836 3080 4882 aeterna}
3101 4835 3156 4882 et
3183 4841 3467 4898 regenera-

1877 4920 2058 4975 tionis.
2093 4919 2294 4974 Tamen
2335 4919 2548 4974 ltetatur
2586 4929 2640 4973 et
2668 4919 2756 4974 hic
2785 4920 2838 4974 in
2867 4920 3229 4975 tribulatione.
3261 4918 3470 4973 Gloria—

1878 5013 2006 5067 mini
2038 5029 2225 5068 omnes
2254 5014 2383 5068 recti
2422 5013 2605 5078 corde,
2640 5021 2700 5066 ut
2743 5014 2819 5067 ait
2856 5013 3094 5068 Paulus:
3125 5011 3228 5077 Qui
3273 5008 3468 5081 gloria-

1877 5113 1985 5170 tur,
2006 5105 2061 5157 in
2102 5104 2330 5158 Domino
2369 5103 2626 5174 glorietur
2653 5103 2709 5174 (1
2740 5103 2864 5160 Cor.
2900 5123 2935 5170 l,
2970 5103 3080 5175 51).
3124 5100 3277 5156 Recti
3303 5097 3468 5155 corde

1877 5196 2148 5260 dicuntur,
2182 5197 2378 5265 quibus
2401 5195 2582 5250 omnia
2610 5196 2702 5250 Dei
2723 5195 2928 5266 judicia
2949 5196 3182 5266 placent,
3204 5199 3258 5246 et
3284 5207 3343 5247 se
3377 5205 3467 5244 ac-

1877 5299 2070 5346 cusant
2099 5291 2164 5345 de
2203 5290 2317 5344 suis
2366 5290 2625 5360 peccatis,
2661 5298 2714 5344 et
2746 5291 2912 5346 Deum
2956 5288 3068 5344 sive
3119 5287 3173 5342 in
3224 5283 3468 5340 adversis

1876 5383 1990 5438 sive
2027 5382 2083 5436 in
2111 5381 2383 5453 prosperis
2406 5396 2617 5452 semper
2642 5382 2879 5437 laudant.

2361 5473 2683 5531 PSALMUS
2721 5472 2979 5529 XXXVII.
3039 5465 3050 5475 ’

1948 5570 2112 5627 Vens.
2143 5571 2195 5624 1.
2221 5602 2292 5612 —
2317 5570 2528 5626 Titulus
2558 5567 2758 5626 Psalmi
2785 5587 2796 5622 :
2831 5567 2898 5622 In
2916 5566 3073 5636 ﬁnem
3101 5563 3332 5634 psalmus
3354 5561 3466 5618 Da-

1949 5724 1976 5765 b
2013 5725 2180 5781 Codd.
2212 5740 2342 5780 mss.
2371 5741 2384 5778 ε
2417 5723 2580 5791 Quasi
2619 5723 2948 5778 nescientem
2989 5722 3252 5785 doceam,
3308 5717 3464 5791 quasi

1879 5795 2140 5852 inermem
2166 5796 2343 5866 gladio
2372 5796 2497 5866 vita:
2519 5793 2784 5866 salutaris
2797 5793 3092 5866 accingam.

1954 5877 1974 5904 t-
2021 5868 2112 5921 Sic
2141 5864 2285 5922 edita
2311 5865 2667 5921 emendantur
2688 5864 2846 5920 codd.
2876 5881 2986 5920 mss
