4064 6342
554 358 661 440 tu

1412 370 1472 433 Β.
1510 356 1574 432 F.
1611 368 1837 432 ALBINI
1877 352 2017 431 εει]
2048 350 2325 491 ilicium
2360 348 2650 435 opsum
2685 348 2865 433 rans
2899 354 2963 433 1i.

3715 368 3817 429 580

552 490 647 554 uid
664 497 721 551 in
746 462 1227 551 remunerationem
1242 476 1346 549 ({iei
1367 480 1589 548 sabbati.
1606 490 1899 548 Sahbatum
1925 492 2139 573 requies
2242 474 2581 573 confessione
2614 494 2677 550 et
2709 470 2969 550 maestitia
3022 505 3131 567 non
3182 490 3529 547 dimittuntur
3572 495 3820 560 peccata.

553 580 961 658 interpretatur,
990 580 1481 656 quia‘requicscunt
1519 583 1671 661 [Ms.,
1690 585 1795 639 hoc
1819 591 1902 639 est
1922 583 2138 654 quando

554 678 923 754 requiescunt]
964 681 1141 761 sancti
1163 720 1179 747 ,
1206 668 1260 734 id
1287 684 1370 735 est
1407 688 1593 734 sancta
1617 677 1859 761 Ecclesia
1908 674 1999 749 [de
2049 674 2141 737 illa

554 766 742 847 reQuie
792 754 1035 845 paradisi
1058 786 1220 842 quam
1247 771 1482 841 perdidit
1514 771 1571 826 in
1616 754 1833 842 Adam].
1874 766 2142 850 Admonet

554 860 741 925 autem
767 860 865 924 nos
884 860 1144 940 psalmus,
1169 876 1227 923 ut
1250 867 1296 924 si
1322 867 1575 939 cuiquam
1610 866 1821 939 accidat
1858 864 2143 919 inﬁrmitas

556 942 904 1030 carparisqu‘e
923 940 1203 1028 fragilitas,
1232 974 1341 1014 non
1392 958 1627 1035 desistat.
1645 956 1919 1014 emlestem
1964 956 2143 1026 requi-

555 1067 678 1107 rere
704 1050 1044 1117 medicinam,
1062 1049 1239 1133 inqua
1256 1050 1584 1133 requiescat.
1606 1050 1663 1105 In
1676 1050 1778 1105 hoc
1796 1064 1926 1105 vero
1939 1047 2144 1129 psalmo

556 1130 798 1212 corporis
821 1136 904 1199 sui
949 1158 1176 1199 causam
1210 1126 1459 1199 Christus
1515 1141 1629 1215 agit
1647 1182 1664 1211 ,
1712 1157 1820 1197 non
1854 1140 1999 1211 quod
2030 1126 2145 1211 ipse

552 1226 832 1307 peccatum
866 1236 1114 1315 haberet,
1139 1237 1233 1292 sed
1266 1237 1411 1313 quod
1436 1252 1537 1311 pro
1565 1235 1724 1291 nobis
1743 1244 2025 1307 peceatum
2060 1232 2142 1288 fa-

553 1316 675 1381 ctus
697 1318 802 1391 est,
822 1314 882 1380 ut
924 1314 1024 1383 nos
1052 1343 1083 1383 a
1111 1334 1337 1398 peccato
1382 1327 1639 1383 liberaret
1665 1344 1678 1380 :
1710 1326 1804 1398 qui
1858 1324 2147 1399 aliquando

554 1412 618 1473 ex
643 1432 873 1489 persona
895 1402 1063 1504 solius
1085 1419 1282 1491 capitis
1307 1419 1569 1490 loquitur,
1599 1419 1745 1490 quod
1769 1425 1854 1473 est
1879 1419 1993 1489 ipse
2022 1414 2145 1472 Sal-

552 1504 707 1567 vator
724 1521 883 1569 natus
904 1529 973 1569 ex
998 1513 1166 1591 Maria
1189 1514 1430 1588 virgine;
1484 1512 1775 1584 aliquando
1801 1528 1869 1567 ex
1914 1525 2148 1583 persona

551 1609 798 1681 corporis
822 1602 923 1674 sui,
956 1609 1101 1680 quod
1135 1618 1219 1666 est
1246 1616 1433 1665 sancta
1464 1608 1706 1664 Ecclesia
1728 1649 1746 1675 ,
1792 1605 1985 1662 diﬂ‘usa
2033 1612 2149 1661 toto

554 1699 689 1758 orbe
741 1710 1008 1757 terrarum
1038 1720 1055 1775 ελ
1082 1702 1285 1758 idcirco
1334 1702 1478 1773 quod
1528 1716 1725 1773 corpus
1761 1700 2001 1771 loquitur
2046 1700 2149 1756 hoc

554 1784 703 1848 idem.
728 1800 783 1877 et
815 1802 994 1864 caput.
1031 1793 1205 1870 Erunt
1235 1793 1401 1865 igitur
1436 1793 1543 1849 duo
1585 1793 1644 1848 in
1687 1807 1852 1848 carne
1887 1806 1992 1846 una
2021 1790 2147 1865 [hoc

555 1882 663 1957 est]
686 1884 933 1940 Christus
954 1893 1009 1940 et
1030 1882 1296 1942 Ecclesia.

626 1975 860 2061 V§R§.2.
879 2006 951 2015 —
974 1974 1140 2049 349
1168 1976 1387 2051 Domine
1422 1994 1485 2033 ne
1512 1979 1571 2033 in
1591 1979 1675 2047 ira
1699 1986 1792 2033 tua
1818 1994 2014 2049 arguas
2047 1994 2151 2044 me,

557 2080 720 2137 neque
746 2064 803 2118 in
830 2063 1012 2134 furore
1039 2074 1128 2143 tuo
1161 2068 1418 2138 corripias
1444 2084 1545 2123 me.
1583 2065 1784 2142 [Totus
1817 2068 2060 2140 psalmus
2084 2082 2153 2122 ex

555 2148 789 2226 persona
837 2157 1153 2226 paenitentis
1203 2164 1287 2237 est
1309 2199 1326 2224 ,
1378 2156 1493 2235 sed
1519 2160 1585 2215 ad
1633 2151 1909 2216 Christum
1960 2158 2154 2215 referri

553 2252 753 2317 potest,
784 2238 931 2301 sicut:
949 2255 1005 2302 et
1027 2249 1398 2324 sexagesimus
1426 2250 1701 2324 octavus.]
1731 2250 1977 2318 Domine,
2007 2266 2070 2321 ne
2097 2250 2154 2305 in

555 2330 772 2390 ira’lua.
804 2334 893 2392 lra‘
914 2379 929 2404 ,
958 2332 1027 2421 ut
1036 2339 1153 2409 jam
1180 2320 1456 2421 diximus,
1489 2342 1780 2397 commotio
1814 2348 1901 2396 est
1941 2340 2108 2396 animi
2137 2356 2153 2407 ;

2179 1830 2227 1924 ﬁ

2244 570 2375 643 Tota
2410 586 2494 641 die
2523 570 2859 642 contristatus
2888 580 3240 660 ingrediebar,
3267 583 3546 657 indignum
3582 598 3674 637 me
3709 595 3831 639 esse

2233 660 2484 755 judicans
2531 677 2624 748 qui
2665 676 2751 732 vel
2791 670 2978 734 oculos
3001 676 3069 731 ad
3098 676 3299 732 coelum
3322 675 3504 732 levare
3530 675 3790 731 auderem
3810 689 3836 741 ;

2241 771 2335 826 sed
2379 771 2691 841 percutiens
2720 778 2911 841 pectus
2939 785 3120 825 meum
3169 769 3383 825 aiebam
3413 788 3425 822 :
3458 768 3629 837 Deus,
3657 767 3833 839 propi—

2242 862 2346 941 tius
2385 871 2494 917 esto
2525 863 2655 941 mihi
2681 863 2961 933 peccaturi.
2995 861 3127 935 Tota
3151 861 3235 916 die
3273 871 3454 919 autem
3475 902 3492 930 ,
3549 862 3832 918 continua-

2244 938 2447 1011 tionem
2474 938 2675 1012 doloris
2704 950 2974 1027 signiﬁcat
3005 953 3133 1028 [Ms.
3156 953 3435 1030 ostendit].
3768 1024 3775 1030 '

2316 1046 2480 1103 Vens.
2507 1044 2559 1101 8’.
2580 1077 2650 1086 —
2677 1046 2955 1125 Quoniam,
2980 1045 3146 1101 lumbi
3188 1047 3289 1100 mei
3326 1046 3526 1123 impleti
3562 1055 3686 1103 sunt
3714 1045 3836 1101 illu-

2246 1139 2480 1220 sionibus
2512 1149 2558 1194 et
2588 1156 2693 1196 non
2719 1148 2794 1194 est
2820 1139 3023 1194 sanitas
3054 1139 3110 1194 in
3142 1155 3300 1194 carne
3327 1155 3466 1213 mea.
3494 1138 3605 1194 Illis
3628 1139 3834 1198 illusio-

2244 1234 2404 1289 nibus
2432 1249 2489 1289 se
2518 1232 2805 1311 proﬁtetur
2826 1247 2947 1289 esse
2975 1228 3241 1303 repletum
3282 1241 3446 1303 atque
3480 1233 3836 1298 inﬁrmatum,

2246 1326 2442 1407 quibus
2482 1325 2727 1381 diabolus
2752 1326 3049 1381 humanum
3077 1340 3249 1396 genus
3274 1324 3431 1379 illicit
3454 1332 3516 1379 ut
3541 1324 3834 1395 delinquat.

2319 1419 2482 1475 Vsus.
2515 1420 2568 1475 9.
2601 1450 2674 1458 —
2698 1419 2943 1491 Afﬂictus
2972 1436 3090 1474 sum
3125 1427 3173 1473 et
3206 1418 3516 1475 humiliatus
3537 1436 3656 1475 sum
3684 1419 3838 1474 nimi!

2248 1529 2613 1585 usquequaque
2648 1531 2667 1567 .'
2699 1512 2967 1581 rugiebant
3006 1529 3038 1565 a
3067 1513 3262 1584 gemitu
3288 1513 3463 1567 cordis
3488 1514 3610 1567 mei.
3643 1512 3840 1568 Possu-

2249 1622 2370 1679 mus
2394 1604 2621 1680 [autem]
2645 1621 2874 1677 corpore
2902 1607 3156 1674 curvari,
3201 1614 3257 1662 et
3293 1607 3476 1664 animo
3517 1622 3626 1664 non
3664 1607 3842 1664 humi-

2251 1702 2393 1758 liari.
2427 1702 2550 1757 Ideo
2579 1696 2670 1756 hic
2698 1709 2990 1771 utrumque
3018 1700 3371 1772 coniunctum
3399 1709 3504 1757 est.
3538 1701 3681 1766 Quia
3706 1700 3843 1755 mul—

2252 1792 2419 1865 tiplex
2470 1791 2756 1847 calamitas
2806 1791 3037 1848 liberum
3084 1791 3162 1846 nil
3220 1790 3501 1861 relinquit,
3546 1791 3640 1849 hic
3675 1791 3841 1847 etiam

2254 1882 2457 1953 aliquid
2482 1882 2658 1953 majus
2692 1881 2891 1953 adjecit
2912 1880 3122 1942 dicens.
3152 1880 3622 1951 usquequaque,id
3648 1888 3757 1946 est,
3777 1895 3842 1934 ex

2253 1977 2401 2035 omni
2427 1963 2608 2049 parte,
2637 1984 2700 2030 ut
2725 1990 2851 2031 eum
2885 1976 3107 2047 copiosa
3141 1974 3428 2030 calamitas
3454 1972 3694 2043 undique
3722 1988 3845 2043 pro-

2254 2069 2479 2124 baretur
2507 2068 2761 2127 ambisse.
2792 2067 3084 2139 Rugicbam
3111 2086 3145 2122 a
3172 2068 3371 2138 gemitu
3405 2065 3582 2121 cordis
3603 2066 3707 2119 mei
3734 2081 3755 2120 :
3786 2075 3845 2120 ut

2256 2164 2511 2220 virtutem
2561 2164 2836 2235 patientia;
2865 2176 3076 2235 magna:
3115 2170 3472 2229 monstraret,
3507 2160 3563 2217 in'
3589 2161 3847 2234 gemitum

2255 2273 2317 2313 se
2346 2258 2562 2325 asserit,
2611 2273 2719 2313 non
2750 2257 2805 2313 in
2831 2256 3353 2328 verbaprowplsse.

2328 2348 2620 2423 VsnsalO.
2657 2348 2997 2414 ——Dominc,
3050 2358 3172 2405 ante
3212 2356 3262 2403 te
3315 2356 3468 2402 antae
3530 2347 3847 2403 desidch

557 2424 711 2519 furor
735 2430 864 2519 vero
892 2416 1131 2519 vindicta
1162 2416 1549 2519 irrationabilis
1572 2428 1699 2493 cum
1726 2435 1869 2494 fellis
1897 2432 2157 2494 amaritu—
2254 2455 2447 2495 meum.
2483 2416 2614 2495 Tale
2639 2437 2743 2493 fuit
2763 2439 3092 2495 desiderium
3129 2437 3268 2508 eius,
3292 2448 3354 2494 ut
3381 2447 3510 2494 ante
3533 2438 3708 2495 Deum
3730 2452 3848 2493 esse

557 2515 715 2608 dine.
732 2506 858 2577 ideo
887 2504 990 2578 iste
1017 2565 1032 2591 ,
1074 2514 1167 2597 qui
1198 2540 1257 2581 se
1281 2514 1629 2608 peccatore'm
1654 2529 1780 2595 scit,
1811 2544 1919 2584 non
1947 2530 2003 2585 in
2030 2529 2113 2584 ira
2136 2567 2153 2596 ,

2256 2538 2580 2595 mereretur.
2631 2531 2767 2587 Nam
2811 2531 2906 2602 qui
2950 2532 3191 2603 peccatis
3231 2530 3449 2588 veniam
3498 2530 3640 2602 petit
3664 2571 3682 2596 ,
3728 2540 3848 2585 ante

556 2596 660 2710 sed
678 2602 1259 2710 misericordiam,
1284 2596 1411 2677 inec
1464 2622 1521 2678 in
1571 2605 1778 2688 furore,
1809 2622 1905 2680 sed
1931 2637 2032 2694 per
2059 2637 2158 2694 pa-
2256 2623 2441 2681 Deum‘
2455 2624 2610 2695 ponit
2634 2596 2969 2682 desiderium
2993 2639 3172 2683 suum.
3200 2622 3322 2685 lam
3345 2596 3651 2695 quod-ante
3678 2623 3850 2695 ipsum

556 2700 804 2762 tientiam
852 2709 1004 2780 argui
1059 2725 1119 2765 se
1170 2706 1428 2783 postulat.
1473 2712 1613 2769 Sunt
1653 2722 1834 2770 tamen
1871 2715 1967 2786 qui
2015 2715 2153 2770 iram

559 2794 820 2883 aeternam
852 2790 1155 2883 intelligant
1174 2790 1475 2883 gehennam
1500 2844 1516 2871 ,
1545 2812 1600 2861 et
1629 2804 1871 2862 furorem
1896 2814 2155 2877 purgato-

559 2878 705 2941 rium
727 2888 927 2959 ignem,
955 2906 987 2943 a
1018 2878 1216 2961 quibus
1240 2880 1396 2965 [Ms.,
1428 2895 1495 2950 de
1520 2910 1628 2968 quo
1648 2894 1905 2971 utroque]
1932 2896 2155 2955 liberari

559 2979 644 3035 vir
672 2990 893 3059 sanctus
919 2983 1115 3059 poscit.

632 3069 796 3131 Vries.
819 3054 872 3131 '3.
896 3106 968 3156 -—‘
996 3054 1260 3143 Quoniam
1284 3074 1494 3153 sagittte
1521 3091 1627 3138 tum
1653 3084 1835 3154 inﬁxa:
1854 3097 1975 3141 sunt
2000 3088 2153 3156 mihi,

557 3173 606 3220 et
635 3148 965 3236 cenﬁhnasti
987 3163 1143 3240 super
1166 3187 1249 3225 me
1279 3148 1494 3227 manum
1524 3183 1693 3229 tuam.
1710 3148 1723 3154 '
1744 3174 1966 3247 Sagittae
1990 3148 2154 3232 verba

558 3254 819 3314 doctrinae
848 3260 953 3316 tua:
982 3254 1130 3330 sunt,
1154 3256 1276 3334 quae
1303 3272 1363 3319 ut
1386 3263 1632 3334 jaeulum
1676 3268 2152 3343 transverberave-

557 3356 689 3403 runt
720 3354 817 3405 car
843 3346 1045 3419 meum,
1088 3350 1150 3407 ut
1178 3356 1396 3425 agerem
1426 3358 1823 3428 pmnitentiam.
1860 3359 1929 3414 Et
1957 3360 2153 3431 conﬁr-

558 3436 724 3495 πασέίῖ
760 3436 917 3511 super
960 3457 1042 3496 me
1091 3436 1307 3497 manum
1351 3453 1518 3511 tuam,
1564 3455 1624 3501 ut
1669 3456 1930 3519 tanquam
1978 3450 2153 3507 bonus

558 3528 838 3604 magister,
884 3532 1256 3605 castigationis
1286 3537 1606 3595 verberibus
1651 3539 1933 3609 alllictum,
1962 3543 2153 3601 redde-

558 3630 649 3680 res
677 3616 1041 3679 emendatum.

630 3710 797 3773 Vilis.
819 3718 874 3772 4.
902 3748 975 3758 -
1001 3715 1131 3774 Non
1153 3708 1235 3775 es?
1263 3723 1464 3777 sanitas
1505 3724 1563 3778 in
1599 3740 1757 3780 carne
1800 3742 1917 3781 mea
1954 3744 1989 3782 a
2016 3727 2152 3799 facie

557 3808 656 3866 ira:
679 3808 803 3878 tuaé,
836 3810 939 3867 non
972 3821 1047 3867 est
1074 3828 1181 3884 patr
1203 3808 1405 3870 ossibus
1443 3817 1571 3872 meis
1598 3836 1630 3872 a
1660 3818 1796 3888 facie
1816 3831 2151 3892 peccatorum

556 3894 965 3985 meorum._Vidi
1014 3904 1210 3963 faciem
1258 3909 1353 3965 irae
1392 3919 1499 3966 tuae
1525 3920 1578 3967 et
1618 3928 1727 3967 non
1771 3915 1944 3985 ipsam
1973 3910 2149 3984 iram,

558 3996 661 4051 hoc
690 3988 796 4062 esi,
821 3980 1059 4052 intellexi
1088 4014 1185 4069 per
1209 3996 1521 4071 S'cripturas
1547 3980 2019 4076 sanctam-quanta
2049 3980 2153 4061 mi;

556 4084 778 4143 nabaris
802 4088 1177 4173 peccantibus,
1209 4099 1265 4146 et
1292 4080 1508 4147 extabui
1539 4103 1730 4165 petens
1751 4111 1819 4151 ne
1840 4096 1958 4168 ipsa
1988 4113 2152 4173 super

556 4188 643 4234 me
670 4180 753 4234 ira
777 4168 1150 4236 descenderet.
1182 4182 1321 4249 Quia
1361 4180 1465 4239 non
1491 4195 1564 4239 est
1603 4205 1709 4258 pax
1738 4189 1940 4244 ossibus
1963 4168 2091 4245 meis
2118 4209 2152 4247 a

558 4269 694 4341 facie
729 4268 1061 4351 peccatorum
1108 4270 1365 4330 meorum.
1408 4276 1618 4332 Nullam
1663 4282 1904 4351 quietem
1953 4283 2152 4341 indulsi

553 4361 641 4417 vel
667 4350 880 4449 ossibus
910 4364 1046 4419 meis
1082 4362 1461 4449 vel’membris
1488 4371 1623 4432 meis
1644 4412 1658 4436 ,
1682 4350 1864 4428 donec
1903 4390 1967 4431 ea
2008 4375 2149 4449 [poe—

554 4444 805 4522 nitendo]
840 4448 1152 4524 purgarem.

630 4541 796 4597 Vsus.
825 4541 878 4595 5.
902 4572 976 4583 ——
1005 4542 1267 4631 Quoniam
1310 4548 1611 4621 iniquitates
1643 4570 1771 4610 mete
1803 4574 2150 4631 supergressa:
2177 4584 2225 4631 ες

2176 4608 2229 4670 D

557 4640 679 4687 sunt
716 4636 875 4703 caput
912 4642 1106 4691 meum.
1138 4618 1487 4696 invaluerunt
1513 4644 1657 4699 enim
1687 4648 1838 4723 mihi,
1866 4618 1931 4706 lli
1958 4618 2150 4723 sequi—

556 4736 681 4811 tur.;
711 4726 845 4811 sicut
874 4730 1005 4787 alius
1037 4730 1266 4805 gravatae
1293 4726 1421 4794 sunt
1442 4757 1598 4813 super
1618 4760 1718 4798 me.
1750 4718 1867 4802 Non
1894 4755 1979 4803 est
2005 4750 2150 4805 enim

476 4896 482 4903 ἢ
557 4818 692 4911 mihi
718 4814 835 4875 lete
858 4818 1141 4911 peccatum
1166 4841 1369 4897 meum,
1395 4826 1491 4887 sed
1521 4847 1852 4905 recognosco
1878 4839 2006 4908 quia
2024 4856 2150 4911 gra-

556 4904 622 5000 ve
660 4908 872 5000 pondus
894 4906 1083 4984 iudicii
1112 4915 1404 4987 imposuit,
1435 4930 1491 4976 et
1519 4904 1679 4995 super
1704 4904 1965 4983 verticem
2002 4904 2150 5000 capi-

557 4996 634 5092 tis
804 4998 1066 5058 eici'evit.
1107 5002 1261 5062 Sicut
1286 5012 1496 5079 pondus
1519 5006 1741 5085 grande,
1791 5017 1872 5074 sic
1920 4996 2147 5092 peccata

556 5084 678 5148 mea
704 5092 869 5165 super
896 5092 1003 5151 me.

628 5166 795 5241 “iis.
820 5178 873 5242 6.
898 5180 1433 5273 {Campanorum
1463 5206 1510 5249 et
1540 5209 1798 5271 corrupta:
1822 5212 1959 5271 sunt
2002 5204 2144 5259 cica—

554 5270 707 5333 trices‘
735 5276 865 5335 mea:
899 5286 931 5335 ὰ
960 5270 1098 5352 facie
1131 5280 1448 5355 insipientiw
1470 5305 1615 5344 mete.
1647 5270 1785 5348 Nam
1814 5270 1945 5349 mihi
1978 5297 2149 5352 fetent

555 5373 612 5422 et
657 5377 1106 5441 computrescunt
1150 5371 1378 5429 vulnera
1408 5387 1779 5449 peccatorum,
1830 5382 2144 5439 desideran-

554 5464 745 5547 terque
785 5471 1046 5533 exspecto
1091 5463 1380 5521 medicum.
1412 5448 1480 5522 Et
1509 5486 1630 5536 cur,
1663 5466 1841 5542 inquis
1868 5473 1994 5547 [Μδ.
2020 5518 2033 5543 ,
2064 5478 2147 5532 in-

554 5544 717 5624 quit],
763 5560 1090 5624 pluruerunt
1143 5570 1175 5613 a
1234 5557 1374 5615 facie
1429 5561 1750 5634 insipientia:
1791 5544 1964 5622 meae?
2008 5562 2145 5635 Quia

553 5639 806 5699 nolebam
837 5659 1000 5727 agere
1022 5650 1427 5727 paenitentiam.

625 5733 788 5790 Vens.
821 5736 872 5790 7.
903 5739 1161 5796 ——Missr
1186 5742 1359 5812 factus
1380 5756 1496 5800 sum
1537 5755 1585 5801 ct
1622 5748 1861 5805 turbatus
1893 5760 2054 5825 usque
2086 5752 2144 5808 in

553 5824 749 5895 ﬁnem,
794 5846 964 5902 usque
1010 5834 1136 5891 dum
1167 5837 1472 5895 conﬁtendo
1510 5852 1778 5914 purgarer
1812 5863 1823 5900 :
1858 5824 1986 5917 quia
2026 5847 2144 5906 sine

2182 3202 2229 3289 ὀ

2258 2724 2368 2782 est,
2415 2716 2698 2771 consuevit
2739 2716 2935 2771 audiri.
2987 2715 3059 2771 Et
3088 2718 3311 2788 gemitus
3331 2732 3481 2772 meus
3508 2734 3540 2771 α
3566 2725 3617 2773 te
3643 2732 3750 2771 non
3776 2721 3850 2771 at

2260 2807 2618 2885 absconditus,
2646 2807 2698 2862 id
2725 2815 2830 2873 est,
2857 2806 3118 2879 quidquid
3147 2808 3315 2864 habet
3340 2810 3526 2876 homo,
3561 2808 3709 2864 Deus
3726 2808 3846 2865 scit.

2258 2897 2530 2968 Quidquid
2557 2898 2797 2970 deliqui,
2840 2890 3104 2971 quidquid
3129 2901 3279 2969 male
3298 2894 3443 2975 gessi
3468 2942 3483 2969 ,
3528 2902 3719 2957 omnia
3758 2900 3849 2958 tibi

2258 2974 2383 3042 eum
2436 2988 2636 3059 gemitu
2689 2989 2927 3045 reseravi
2960 3007 2972 3043 :
3006 2989 3187 3047 sciens
3212 2976 3344 3063 quia
3372 2991 3471 3048 tibi
3516 3007 3631 3048 non
3673 2990 3851 3048 occul-

2258 3066 2444 3163 tantur
2466 3068 2701 3163 occulta.

2290 3242 2293 3247 ν
2333 3150 2495 3227 Vinus.
2529 3150 2615 3227 ii.
2643 3204 2715 3213 —
2741 3158 2847 3229 Cor
2874 3191 3048 3230 meum
3078 3177 3445 3233 conturbatum
3472 3187 3574 3246 est,
3609 3187 3659 3234 ct
3703 3180 3849 3233 dere-

2260 3264 2412 3337 liquit
2444 3282 2524 3320 me
2554 3266 2717 3322 virtus
2743 3284 2879 3336 mea,
2913 3276 2962 3322 et
2995 3267 3172 3345 lumen
3206 3268 3481 3325 oculorum
3528 3286 3768 3327 meorum
3804 3279 3851 3324 et

2254 3358 2426 3430 ipsum
2456 3375 2562 3414 non
2602 3346 2687 3439 est,
2722 3377 2946 3415 mecum.
2975 3348 3207 3435 Propter
3234 3362 3375 3419 iram
3400 3363 3854 3435 quamsuperius

2255 3453 2552 3508 memoravi
2581 3493 2596 3519 ,
2638 3461 2694 3508 et
2724 3452 2933 3527 [quam]
2964 3454 3248 3510 incurrere
3284 3471 3610 3529 expavesco.
3642 3456 3851 3513 Lumen

2255 3534 2539 3597 oculorum'
2583 3558 2829 3599 meorum
2858 3561 2967 3600 non
2993 3552 3078 3601 est
3102 3528 3498 3619 mecum,quia
3543 3548 3852 3621 postposito

2254 3634 2502 3691 veritatis
2532 3635 2736 3691 lumine
2766 3638 2819 3691 in
2849 3638 3099 3693 tenebras
3123 3639 3435 3696 decideram
3472 3650 3850 3712 peccatorum.

2256 3727 2301 3783 A
2327 3731 2596 3802 principio
2638 3731 2833 3803 psalmi
2874 3731 3127 3789 Christus
3162 3743 3350 3807 egerat
3372 3749 3598 3789 causam
3622 3734 3707 3792 sui
3732 3749 3852 3790 cor-

2254 3823 2426 3894 poris,
2475 3840 2619 3879 nunc
2666 3840 2797 3881 vero
2850 3840 3004 3881 suam
3052 3828 3328 3897 propriam
3364 3828 3556 3899 incipit
3590 3844 3852 3899 perorare

2253 3914 2588 3986 passionem.

2330 4007 2494 4063 Vnus.
2532 4000 2617 4061 ii.
2650 4039 2721 4048 —
2749 3988 2917 4063 :imici
2955 4002 3061 4064 mei
3091 4018 3139 4064 et
3170 4011 3397 4082 proximi
3437 4012 3537 4065 mei
3570 4012 3851 4066 adversum

2253 4102 2336 4153 me
2359 4092 2907 4171 apprdpinquaverunt
2934 4098 2996 4154 ac
3026 4106 3296 4155 steterunt.
3326 4098 3504 4156 Amici
3527 4102 3658 4156 dicti
3679 4100 3853 4156 Judmi

2253 4198 2475 4267 propter
2499 4190 2792 4248 Abraham.
2824 4184 3085 4260 Proximi,
3115 4210 3180 4249 eo
3201 4192 3344 4263 quod
3375 4193 3445 4247 ab
3470 4208 3660 4249 eorum
3690 4210 3856 4266 gene-
3882 4232 3885 4237 -

2254 4286 2465 4341 ratione
2509 4299 2730 4340 carnem
2759 4274 3008 4340 Christus
3037 4280 3329 4356 sumpserit
3356 4280 3512 4357 [Ms.,
3543 4301 3855 4357 assumpse-

2254 4374 2373 4452 rit],
2392 4377 2483 4450 qui
2506 4374 3077 4449 appropinquaverunt
3095 4378 3168 4445 ei,
3190 4386 3251 4433 ut
3274 4379 3850 4449 comprehenderetur.

2252 4464 2416 4538 350
2434 4467 2587 4534 Quod
2610 4462 2738 4522 vero
2769 4467 2863 4534 ait,
2890 4468 3050 4523 amici
3074 4467 3178 4523 mei
3196 4475 3251 4522 et
3276 4468 3388 4523 noti
3408 4469 3514 4523 mei
3540 4479 3742 4524 contra
3768 4484 3854 4525 me

2256 4568 2546 4627 steterunt,
2574 4570 2752 4632 potest
2772 4569 2827 4617 et
2854 4562 2921 4616 de
2950 4552 3225 4633 discipulis
3250 4558 3422 4634 accipi
3448 4603 3463 4627 ,
3496 4563 3589 4634 qui
3631 4565 3689 4618 in
3730 4559 3854 4637 pas-

2255 4648 2406 4708 s'ione
2437 4661 2583 4707 metu
2615 4651 2791 4708 territi
2822 4652 2976 4723 longe
3013 4662 3379 4718 recesserunt,
3419 4653 3474 4707 in
3507 4661 3723 4709 tantum
3749 4697 3766 4723 ,
3799 4664 3855 4709 ut

2252 4744 2415 4800 etiam
2476 4744 2669 4801 Petrus
2706 4745 3039 4817 denegaret;
3090 4738 3177 4800 vel
3228 4751 3498 4800 steterunt
3557 4756 3852 4801 causantes

2253 4845 2441 4893 contra
2471 4853 2615 4892 cum.
2654 4836 2721 4891 Et
2745 4832 2835 4908 qui
2877 4824 3041 4908 juxta
3084 4854 3166 4892 me
3196 4848 3379 4902 erant,
3409 4836 3473 4891 de
3509 4835 3662 4910 longe
3694 4847 3850 4893 stete-

2251 4940 2394 4986 runt.
2425 4926 2666 5002 Apostoli
2692 4922 2902 4986 scilicet
2929 4938 2983 4985 et
3009 4928 3203 4999 reliqui
3248 4928 3517 5001 discipuli,
3541 4929 3609 4984 de
3654 4929 3853 5000 quibus

2252 5026 2330 5080 ait
2356 5020 2703 5096 Evangelisla
2736 5041 2747 5076 :
2780 5021 2911 5077 Cum
2963 5022 3419 5095 apprehendissent
3463 5038 3605 5088 eum,
3637 5022 3849 5077 stabant

2251 5114 2429 5191 omnes
2461 5117 2567 5169 noli
2591 5114 2704 5185 ejus
2729 5132 2759 5168 a
2791 5111 2945 5186 longé‘
2965 5104 3116 5187 (Luc.
3146 5132 3307 5182 nm,
3338 5110 3448 5188 49).

2322 5188 2487 5261 Vens.
2521 5196 2605 5260 l3.
2633 5236 2705 5244 -—
2732 5200 2794 5258 Et
2827 5204 2926 5258 vim
2952 5200 3237 5275 faciebant,
3267 5206 3355 5278 qui
3386 5188 3691 5278 qurerpbant
3728 5204 3849 5257 ani-

2250 5313 2391 5350 mam
2418 5292 2605 5349 meam.
2640 5280 2763 5351 Vini
2791 5264 3063 5351 faciebant
3086 5286 3192 5351 non
3350 5337 3363 5362 ,
3393 5264 3488 5351 sed
3515 5264 3693 5349 ludaéi
3717 5312 3735 5362 ;
3766 5292 3850 5348 vel

2249 5386 2413 5465 Petro
2434 5428 2447 5452 ,
2482 5404 2603 5442 cum
2632 5387 2912 5441 dicerent:
2954 5388 3143 5443 Nonne
3171 5396 3218 5441 et
3247 5398 3303 5442 tu
3348 5386 3603 5443 Galiltcus
3632 5404 3686 5441 es
3714 5384 3741 5440 ?
3769 5384 3852 5442 vel

2249 5468 2440 5534 Ioaimi
2474 5474 2602 5552 [Με.
2622 5521 2637 5545 ,
2677 5474 2937 5553 Iacobo],
2970 5480 3063 5550 qui
3102 5474 3226 5534 cuni
3264 5472 3622 5552 [traheretur]
3655 5474 3852 5534 relicta

2248 5571 2475 5627 sindone
2504 5571 2680 5627 nudus
2711 5573 2950 5644 profugit
2984 5560 3052 5628 ab
3081 5571 3191 5639 eis;
3240 5568 3325 5628 vel
3355 5570 3455 5644 ipsi
3486 5568 3656 5627 etiam
3690 5556 3852 5627 Chri-

2248 5673 2355 5721 sto.
2379 5664 2470 5739 [Et
2486 5666 2598 5722 vim
2610 5665 2904 5731 faciebant,
2934 5668 3029 5737 qui
3050 5666 3370 5738 quaerebant
3389 5667 3626 5722 annnam
3642 5673 3849 5730 meam,

2248 5755 2357 5812 hoc
2383 5763 2487 5823 est,
2523 5754 2713 5823 Judati,
2745 5756 2899 5826 quasi
2954 5756 3167 5812 illarum
3220 5754 3485 5814 fortitudo
3510 5764 3675 5824 esset,
3711 5766 3767 5813 et
3816 5770 3853 5812 a

2249 5848 2362 5911 Deo
2388 5850 2562 5922 ipsam
2607 5856 2931 5922 potestatem
2957 5867 3067 5907 non
3114 5850 3496 5925 accepissent].
3533 5850 3602 5906 Et
3647 5851 3735 5923 qui
3764 5850 3852 5905 in-
