4064 6342
537 377 645 436 585

1388 376 1448 430 Β.
1486 375 1552 430 F.
1592 369 1818 429 ALBINI
1857 367 1988 424 SEU
2028 363 2307 422 ALCUINI
2344 362 2632 419 OPERUM
2662 360 2843 416 PARS
2878 359 2941 415 ll.

3694 353 3796 412 584

535 493 777 557 abluere,
804 497 860 546 et
881 490 1008 561 quia
1028 504 1215 546 omnes
1234 498 1549 559 peccatores
1576 502 1762 543 sumus
1784 527 1799 552 ,
1833 484 2122 555 unusquis—
2145 483 2200 541 Α
2223 480 2382 534 care?
2420 479 2478 533 In
2511 493 2616 548 quo
2646 476 2976 532 dementiam
3018 490 3173 530 suam
3210 473 3409 544 arguit,
3453 472 3544 543 qui
3573 485 3683 527 non
3709 487 3799 526 ex-

536 597 645 655 que
681 588 930 637 nostrum
964 581 1112 636 dicat
1137 596 1258 635 cum
1284 579 1555 648 Propheta
1582 596 1594 631 :

614 673 776 728 Vens.
799 671 853 726 5.
871 701 942 711 —-
961 670 1207 725 Miserere
1229 671 1353 734 mei,
1373 669 1536 735 Deus,
1563 667 1851 722 secundum
1878 681 2123 735 magnam

537 765 954 821 misericordiam
979 773 1144 818 tuam.
1177 763 1448 826 Miserere,
1475 763 1602 832 quia
1630 764 1796 816 miser
1835 775 1988 824 sum;
2019 758 2123 812 mi-

540 873 747 925 serere,
799 859 925 932 quia
967 871 1162 926 magna
1207 865 1294 910 est
1344 854 1719 910 misericordia
1776 861 1885 906 tua.
1939 849 2126 903 Nullus

541 959 787 1008 nostrum
813 965 938 1006 cum
974 949 1146 1004 Adam
1177 949 1244 1003 ad
1287 947 1478 1003 noxias
1521 945 1796 1017 confugiat
1822 941 2128 997 excusatio—

542 1060 664 1108 nes,
693 1043 789 1098 sed
838 1048 1023 1111 aperte
1069 1037 1314 1110 proferat
1360 1037 1504 1109 quod
1556 1036 1738 1105 inique
1792 1049 1850 1088 se
1898 1031 2127 1103 gessisse

543 1133 807 1206 agnoscit.
839 1129 1125 1202 Refugium
1171 1129 1337 1184 faciat
1377 1126 1445 1182 ad
1473 1124 1950 1182 clementissimum
1979 1119 2130 1175 Judi-

542 1241 684 1290 cem,
716 1224 1013 1296 praeveniat
1040 1222 1238 1278 faciem
1265 1223 1382 1292 ejus
1409 1222 1462 1275 in
1493 1218 1854 1283 confessione,
1879 1231 1945 1270 ne
1968 1227 2130 1283 expe-

542 1315 716 1369 riatur
743 1315 797 1368 in
836 1312 1020 1369 futuro
1058 1312 1263 1385 judicio
1292 1313 1512 1376 iratum,
1542 1311 1588 1365 si
1617 1309 1777 1364 modo
1793 1315 2130 1374 contempse-

543 1406 616 1460 rit
665 1421 788 1460 eum
835 1403 1267 1461 misericordem.
1332 1400 1720 1457 Misericordiae
1776 1407 1988 1468 tempus
2049 1401 2134 1449 est

541 1497 689 1551 omni
729 1496 932 1551 homini
960 1497 1121 1551 modo
1149 1495 1430 1566 pmnitenti
1460 1512 1474 1547 :
1501 1494 1555 1548 in
1579 1492 1761 1546 futuro
1782 1505 1913 1544 vero
1929 1486 2132 1559 judicio

543 1593 758 1657 tempus
783 1588 891 1642 erit
917 1587 1162 1659 justitiaa,
1206 1586 1299 1642 ubi
1329 1585 1622 1652 unicuique
1651 1581 1908 1637 reddetur
1942 1591 2135 1632 secun-

544 1679 673 1735 dum
704 1694 872 1749 opera
914 1694 1031 1734 sua.
1063 1677 1196 1745 Quis
1223 1675 1377 1732 eﬁ‘ari
1419 1675 1618 1747 poterit
1643 1680 1847 1744 quanta
1873 1670 1945 1724 sit
1972 1667 2135 1723 mise-

544 1771 780 1826 ricordia
807 1769 947 1843 [Dei]
997 1771 1053 1825 in
1092 1769 1339 1824 homines
1362 1809 1376 1835 ,
1419 1783 1542 1838 qua:
1588 1764 1772 1820 mundi
1818 1761 2134 1818 Creatorem

2223 571 2372 642 pavit
2399 579 2545 624 tanto
2587 567 2775 624 iudice
2811 575 3075 638 praesente
3118 581 3364 638 peccare.
3402 564 3703 636 Sequitur:
3733 563 3798 618 Ut

2213 664 2526 735 justiﬁceris
2552 664 2609 717 in
2637 662 2961 717 sermonibus
2991 661 3095 716 tuis
3120 671 3168 715 et
3193 661 3366 716 vincas
3385 677 3502 714 cum
3515 658 3798 730 judicaris.

2226 755 2516 812 Sermones
2544 754 2757 810 Domini
2786 753 2980 808 merito
3021 751 3305 824 justiﬁcari
3353 752 3634 813 dicuntur,
3668 763 3802 819 quo-

2224 847 2370 902 niam
2419 846 2535 901 sine
2581 845 2745 900 dubio
2769 858 2982 914 semper
3017 842 3135 912 ejus
3160 841 3302 896 dicta
3330 838 3670 909 complentur
3699 850 3714 890 :
3752 837 3804 891 in

2226 938 2378 1009 cujus
2404 945 2696 1008 conspectu
2729 952 2839 992 non
2871 934 3257 1007 justiﬁcabitur
3279 933 3455 987 omnis
3478 931 3686 985 vivens.
3727 928 3810 984 ld-

2227 1031 2374 1084 circo
2417 1029 2567 1084 omni
2594 1028 2798 1084 homini
2825 1027 3113 1083 dicendum
3138 1031 3223 1079 est
3249 1039 3264 1076 :
3291 1023 3414 1076 Non
3439 1023 3599 1076 intres
3633 1021 3692 1074 in
3718 1019 3810 1090 ju-

2227 1124 2424 1177 dicium
2473 1139 2590 1195 cum
2632 1137 2776 1176 servo
2830 1129 2920 1174 tuo
2957 1116 3130 1191 (Psal.
3185 1132 3362 1181 cmi,
3408 1114 3497 1186 2).
3551 1111 3815 1168 Dominus

2227 1215 2457 1270 bellator
2480 1221 2665 1269 noster
2688 1210 3087 1267 atrocissimum
3116 1209 3328 1263 hostem
3353 1205 3574 1261 humani
3600 1203 3815 1274 generis

2224 1309 2496 1380 judicatus
2522 1307 2672 1372 vicit,
2703 1314 2758 1361 et
2784 1305 3043 1360 mundum
3067 1305 3356 1358 damnatus
3382 1300 3634 1357 absolvit.
3667 1298 3812 1353 Prae-

2232 1405 2421 1460 videns
2445 1417 2575 1473 ergo
2599 1400 2678 1472 [in
2709 1399 2904 1472 spiritu
2928 1399 3191 1470 propheta
3231 1395 3426 1469 (Edit.,
3475 1395 3531 1448 in
3593 1392 3817 1464 Spiritus

2233 1493 2562 1568 pr0phetia)]
2587 1509 2693 1548 non
2717 1493 2820 1548 nisi
2845 1492 2899 1546 in
2921 1491 3178 1560 sanguine
3197 1487 3399 1544 Christi
3420 1495 3642 1559 peccata
3679 1484 3818 1539 redi-

2234 1591 2308 1646 mi
2325 1605 2500 1662 posse,
2517 1589 2702 1644 laudat
2719 1588 2984 1660 justitiam
3013 1586 3150 1657 ejus,
3169 1600 3274 1656 qua
3297 1581 3571 1638 diabolum
3595 1581 3818 1636 damna-

2234 1682 2340 1749 vit;
2362 1690 2419 1737 et
2437 1680 2886 1746 misericordiam,
2902 1694 3007 1748 qua
3025 1675 3286 1732 mundum
3310 1661 3558 1729 redemit.
3586 1671 3821 1727 Proinde

2240 1789 2346 1827 non
2373 1773 2545 1828 solum
2567 1785 2806 1842 praesens
2833 1769 2916 1824 sui
2954 1767 3126 1839 ipsius
3163 1771 3468 1836 peccatum,
3496 1763 3591 1817 sed
3622 1776 3819 1832 paren-

544 1863 763 1919 mortali
789 1863 962 1919 induit
985 1878 1171 1928 carne,
1199 1870 1261 1916 ut
1293 1875 1504 1931 semper
1540 1859 1728 1913 vivens
1774 1856 1831 1911 in
1875 1868 1992 1920 suo,
2035 1865 2135 1923 pro
2165 1852 2168 1912 ξ

2248 1871 2351 1918 tum
2393 1877 2635 1926 suorum,
2666 1861 2721 1914 in
2760 1861 2954 1930 quibus
2978 1859 3094 1930 ipse
3121 1863 3416 1926 conceptus
3443 1861 3529 1909 est
3557 1861 3616 1908 et
3643 1861 3819 1918 natus,

545 1957 748 2013 nostris
778 1956 1018 2028 peccatis
1043 1955 1185 2011 mori
1210 1961 1396 2026 posset
1421 1968 1490 2008 ex
1517 1958 1726 2006 nostro.

621 2049 923 2106 Secundum
947 2048 1338 2103 multitudinem
1360 2044 1760 2112 miserationum
1789 2049 2002 2093 tuarum
2024 2033 2137 2088 dele

546 2139 874 2211 iniquitatem
923 2154 1113 2194 meam.
1143 2138 1189 2194 Ο
1220 2137 1480 2192 Domine!
1529 2132 1777 2204 quamvis
1831 2142 2026 2200 magna
2070 2125 2140 2180 sit

549 2231 807 2303 iniquitas
831 2247 972 2297 mea,
1005 2221 1186 2286 tamen
1214 2227 1389 2298 major
1417 2235 1501 2283 est
1526 2221 1811 2280 multitudo
1839 2217 2140 2275 miseratio—

547 2327 636 2384 nis
682 2335 823 2391 tuae,
866 2327 922 2381 in
964 2341 1073 2396 qua
1116 2333 1180 2379 ut
1224 2323 1406 2380 deleas
1431 2362 1446 2387 ,
1489 2319 1789 2390 deprecor,
1826 2312 2140 2383 iniquitates

550 2437 724 2488 meas,
755 2436 893 2492 quas
934 2427 1125 2476 contra
1167 2433 1256 2474 me
1285 2417 1516 2487 scriptas
1546 2410 1715 2485 [esse]
1745 2411 2007 2465 horresco
2040 2422 2052 2456 :
2083 2408 2142 2456 ut

552 2523 607 2572 te
647 2515 939 2570 miserante
972 2526 1187 2568 merear
1230 2507 1394 2565 scribi
1424 2507 1477 2561 in
1505 2506 1644 2559 libro
1673 2502 1800 2556 vita:
1823 2508 1928 2554 tua:
1971 2512 1984 2548 :
2013 2493 2141 2563 quia

554 2597 713 2665 nemo
746 2608 820 2664 ibi
857 2607 1137 2673 scribitur,
1168 2605 1273 2660 nisi
1301 2602 1457 2674 cujus
1490 2601 1583 2660 hic
1609 2611 1798 2655 omnes
1825 2591 2141 2662 iniquitates

555 2701 824 2757 delentur.

626 2797 789 2851 Vens.
822 2794 876 2848 4.
904 2824 974 2835 -—
1001 2791 1239 2862 Amplius
1263 2789 1381 2844 lava
1404 2804 1485 2841 me
1508 2785 1572 2840 ab
1599 2779 1863 2854 injustitia
1888 2793 2004 2830 mea
2029 2781 2076 2828 et
2109 2788 2143 2825 α

554 2887 744 2942 delicto
770 2902 883 2940 meo
903 2885 1102 2938 munda
1123 2900 1224 2936 me.
1247 2881 1469 2936 Munere
1491 2871 1877 2932 misericordiae
1899 2877 2005 2922 tua:
2025 2865 2145 2919 lava

556 2991 666 3043 me,
699 2976 944 3042 Domine,
977 2976 1045 3030 ab
1074 2973 1352 3045 injustitiae
1373 2985 1510 3025 meae
1546 2966 1774 3022 maculis
1804 2983 1816 3017 :
1843 2977 1944 3017 nec
1973 2959 2146 3015 solum

557 3069 696 3134 lava,
735 3069 832 3125 sed
855 3069 1020 3125 etiam
1047 3067 1246 3122 munda
1274 3063 1425 3137 [Ms.,
1459 3057 1713 3130 emunda]
1736 3098 1750 3122 ,
1773 3071 1841 3111 ne
1861 3051 1989 3124 quid
2031 3065 2149 3104 sor-

558 3166 740 3222 didum
775 3170 1053 3218 remaneat
1091 3161 1147 3216 in
1184 3159 1297 3213 vita
1340 3171 1482 3211 mea.
1517 3150 1808 3209 Sordidare
1834 3162 1922 3202 me
1946 3141 2095 3215 potui
2130 3182 2146 3207 ,

557 3257 654 3312 sed
679 3255 972 3310 emundare
999 3265 1209 3321 nequeo
1234 3290 1248 3315 ,
1292 3247 1398 3301 nisi
1447 3253 1505 3300 tu
1548 3241 1773 3298 Domine
1813 3237 1939 3292 Jesu
1969 3228 2150 3289 sancti

561 3347 842 3420 sanguinis
872 3347 948 3400 tui
980 3343 1292 3413 aspersione
1326 3335 1588 3394 mundum
1623 3348 1710 3387 me
1737 3330 1926 3384 facias.

631 3441 795 3496 Vnus.
839 3440 892 3493 5.
938 3468 1008 3478 ο-
1039 3435 1300 3501 Quoniam
1345 3429 1676 3500 iniquitatem
1711 3438 1883 3476 meam
1923 3434 2015 3489 ego
2064 3433 2152 3470 co-

561 3551 776 3605 gnosco,
827 3541 874 3585 et
910 3528 1156 3583 delictum
1211 3539 1384 3578 meum
1438 3529 1619 3574 contra
1667 3532 1748 3569 me
1805 3523 1880 3567 est
1929 3523 2147 3578 semper.

562 3602 819 3681 Nostrum
862 3630 945 3676 est
973 3627 1198 3689 peccata
1228 3621 1412 3669 nostra
1454 3621 1783 3681 cognoscere
1798 3602 1960 3676 ‘[Ms.,
1990 3614 2154 3669 agno-

566 3717 744 3789 scere]
774 3759 788 3783 ,
817 3724 873 3772 et
909 3714 1190 3770 humiliter
1215 3707 1482 3766 conﬁteri.
1516 3705 1613 3760 Dei
1638 3711 1722 3759 est
1750 3717 1855 3756 non
1885 3701 2154 3768 imputare

565 3811 740 3874 nobis,
769 3809 861 3864 sed
884 3804 1313 3862 misericorditer
1333 3802 1632 3871 ignoscere.
1649 3793 1874 3848 Plurimi
1899 3791 2040 3847 scire
2058 3803 2156 3842 sua

564 3909 792 3974 peccata
813 3905 1079 3972 possunto,
1104 3896 1200 3951 sed
1223 3894 1322 3951 soli
1348 3892 1424 3948 illi
1449 3891 1587 3946 bene
1607 3903 1674 3944 ea
1706 3898 1998 3956 agnoscere
2025 3895 2154 3950 pro-

566 3972 796 4058 bantur,
824 3990 916 4060 qui
949 3989 1035 4042 illa
1066 3987 1318 4041 videntur
1348 3982 1566 4055 propria
1602 3976 1979 4036 exsecratione
2007 3972 2159 4028 dam-

569 4099 722 4140 nare.
772 4079 1020 4136 Perfecta
1053 4078 1196 4133 enim
1225 4073 1548 4146 paenitentia
1599 4080 1684 4125 est
1734 4067 1916 4122 futura
1965 4076 2161 4118 cavere

568 4183 795 4246 peccata
851 4181 905 4228 et
948 4172 1133 4242 lugere
1185 4167 1482 4240 praeterita.
1552 4162 1713 4234 352
1761 4158 1927 4213 Addit
1977 4163 2161 4209 autem

570 4265 740 4320 David
769 4283 780 4317 :
808 4263 876 4317 Et
903 4263 1150 4317 delictum
1178 4277 1352 4313 meum
1381 4266 1562 4311 contra
1589 4271 1669 4307 me
1695 4261 1770 4306 est
1797 4265 2017 4319 semper.
2059 4247 2164 4300 De-

570 4356 758 4410 lictum
788 4363 1031 4408 nostrum
1051 4359 1241 4407 contra
1263 4365 1363 4404 nos
1387 4346 1658 4418 ponimus,
1674 4342 1760 4396 vel
1791 4355 1977 4396 coram
2002 4337 2164 4392 nobis

574 4464 790 4517 semper
836 4447 1120 4507 habemus,
1153 4441 1368 4511 quando
1399 4439 1452 4492 in
1481 4435 1745 4492 memoria
1787 4433 1920 4487 illud
1960 4429 2166 4500 jugiter

2239 1954 2528 2011 conﬁtetur
2562 1953 2748 2008 dicens
2775 1967 2790 2005 :

2309 2047 2470 2101 Vens.
2502 2045 2553 2098 Ἰ.
2578 2075 2648 2084 -
2675 2043 2812 2097 Ecce
2849 2042 2904 2095 in
2932 2039 3295 2110 iniquitatibus
3333 2045 3611 2108 conceptus
3636 2052 3754 2089 sum
3777 2043 3822 2088 et

2237 2139 2294 2192 in
2337 2136 2538 2192 delictis
2575 2135 2808 2205 concepit
2853 2132 2999 2204 [Ms.,
3045 2131 3273 2202 peccatis
3301 2127 3518 2200 peperit]
3547 2144 3630 2180 me
3661 2137 3824 2179 mater

2239 2245 2374 2282 mea.
2403 2227 2536 2294 Quis
2562 2243 2650 2282 me
2676 2232 2856 2297 potest
2877 2240 2944 2280 ex
2971 2223 3248 2278 immundo
3279 2221 3484 2276 semine
3506 2226 3823 2288 conceptum

2239 2319 2500 2374 mundum
2554 2316 2733 2372 facere
2757 2357 2772 2382 ,
2798 2315 2902 2370 nisi
2937 2323 2994 2369 tu
3024 2314 3166 2368 Deus
3207 2312 3392 2377 solus,
3418 2309 3511 2380 qui
3543 2308 3663 2364 sine
3705 2323 3828 2378 pec-

2241 2419 2364 2466 cato
2389 2411 2481 2465 es?
2503 2409 2643 2476 Quid
2672 2409 2870 2462 mirum
2909 2414 2994 2462 est
3031 2413 3212 2460 autem
3230 2444 3246 2470 ,
3271 2404 3319 2459 si
3357 2402 3605 2468 fecerim,
3634 2401 3693 2455 in
3719 2400 3827 2469 qui-

2240 2504 2342 2559 bus
2368 2519 2454 2557 me
2497 2511 2836 2574 peccatorem
2883 2498 3141 2554 conﬁteor
3168 2537 3183 2563 ,
3211 2496 3304 2566 qui
3329 2495 3442 2566 jam
3469 2510 3535 2550 ex
3578 2492 3823 2564 originali

2241 2595 2545 2668 peccatovin
2588 2593 2962 2665 iniquitatibus
2999 2592 3113 2648 scio
3157 2605 3246 2645 me
3287 2603 3405 2644 esse
3456 2584 3827 2658 conceptum?

2243 2689 2335 2758 qui
2361 2695 2488 2742 ante
2511 2694 2731 2756 peccata
2758 2683 3003 2740 contraxi
3027 2723 3044 2749 ,
3093 2696 3256 2752 quam
3285 2679 3411 2736 vita:
3434 2677 3707 2748 principia
3735 2675 3828 2729 ba-

2243 2781 2461 2836 berem?
2490 2778 2534 2833 0
2563 2777 2789 2833 Domine
2813 2775 2962 2841 Jesu,
2989 2774 3188 2844 quibus
3220 2769 3650 2826 misericordiam
3689 2776 3828 2822 tuam

2245 2875 2494 2930 laudibus
2539 2871 2814 2927 eﬁ‘erimus
2841 2911 2857 2936 ,
2907 2876 3042 2946 quas
3090 2865 3190 2922 tibi
3235 2865 3533 2937 gratiarum
3591 2861 3834 2916 actiones

2247 2968 2438 3038 dignas
2468 2965 2748 3022 exsolvere
2787 2978 3104 3035 possumus,
3134 2960 3226 3032 qui
3248 2975 3350 3016 nos
3374 2960 3442 3014 de
3467 2957 3629 3028 hujus
3662 2955 3857 3012 chiro-'

2247 3064 2437 3136 graphi
2475 3063 2654 3118 debito
2680 3063 2735 3116 in
2765 3061 3028 3132 sanguine
3073 3066 3166 3112 tuo
3209 3055 3490 3119 liberasti,
3544 3051 3738 3108 delens
3787 3051 3837 3103 in

2253 3173 2414 3214 cruce
2464 3164 2679 3211 nostras
2721 3161 3070 3226 peccatorum
3128 3150 3406 3206 cautiones
3425 3189 3456 3222 ,q
3485 3161 3604 3216 ([02
3654 3153 3836 3199 COllll‘a

2255 3267 2358 3307 nos
2385 3266 2414 3303 a
2447 3248 2636 3318 primis
2660 3246 2976 3317 parentibus
3015 3241 3339 3311 conscriptae
3363 3246 3490 3294 sunt
3513 3237 3724 3292 nostris
3759 3236 3777 3287 Ξ

2325 3346 2488 3401 Vens.
2521 3344 2573 3399 8.
2598 3371 2670 3384 ——
2705 3340 2843 3394 Ecce
2873 3339 3009 3393 enim
3039 3336 3305 3392 veritatem
3334 3331 3566 3386 dilexisti
3591 3371 3604 3392 ,
3639 3331 3840 3382 incerta

2254 3447 2302 3493 et
2333 3437 2537 3490 occulta
2573 3433 2844 3505 sapientiae
2871 3440 2975 3484 tua:
3004 3425 3354 3496 manifestasti
3388 3423 3538 3477 mihi.
3577 3418 3736 3476 Sicut
3759 3433 3845 3474 su-

2255 3528 2454 3601 periori
2483 3543 2645 3582 versu
2669 3540 2767 3597 per
2794 3538 3080 3580 commune
3125 3519 3380 3574 delictum
3420 3514 3674 3587 probavit
3705 3511 3843 3584 quod

2257 3636 2418 3676 nemo
2443 3618 2680 3688 peccatis
2709 3615 3027 3672 redderetur
3047 3619 3329 3680 exemptus
3356 3607 3512 3682 υἷι,
3534 3602 3840 3677 exceptus];

2259 3711 2338 3765 sic
2371 3711 2567 3764 iterum
2596 3708 2652 3762 in
2695 3705 3000 3762 conﬁtendo
3052 3711 3274 3773 peccata
3325 3701 3614 3755 veritatem
3669 3696 3842 3759 dixit,

2227 3867 2234 3876 ,
2259 3817 2420 3870 quam
2450 3800 2572 3870 plus
2601 3797 2860 3853 Dominus
2890 3796 3048 3858 Deus,
3077 3809 3142 3848 ac
3168 3807 3329 3863 super
3353 3791 3534 3846 omnia
3581 3785 3845 3843 sacriﬁcia

2259 3893 2507 3963 requirit.
2539 3891 2658 3946 Non
2693 3890 2836 3945 enim
2872 3889 3014 3943 Deus
3051 3885 3353 3941 delectatur
3379 3881 3556 3953 poenis
3607 3879 3842 3938 nostris,

2261 3988 2354 4043 sed
2385 3984 2777 4042 confessionem
2803 3981 2995 4051 qumrit
3014 3980 3236 4035 erroris.
3268 3975 3478 4031 Incerta
3507 3989 3642 4045 ergo
3675 3982 3723 4026 et
3761 3987 3846 4024 oc-

2262 4078 2403 4133 culta
2440 4076 2708 4147 sapientiae
2759 4083 2862 4160 t‘ue
2910 4069 3262 4141 manifestasti
3290 4067 3453 4132 mihi;
3479 4065 3743 4121 nimirum
3788 4076 3849 4117 ea

2263 4187 2383 4242 qua:
2411 4171 2553 4224 Deus
2592 4167 2715 4240 [illi]
2747 4155 2800 4221 in
2828 4165 2949 4220 Filii
2973 4165 3056 4220 sui
3096 4159 3532 4218 manifestatione
3571 4155 3848 4213 revelavit.

2265 4263 2506 4318 Primum
2534 4269 2594 4316 ut
2619 4273 2971 4331 agnoscerem
2996 4257 3197 4312 habere
3217 4270 3340 4310 eum
3365 4253 3536 4307 ﬁlium
3560 4269 3576 4318 ;
3613 4249 3810 4306 deinde
3833 4287 3849 4311 ,

2265 4364 2324 4409 ut
2353 4355 2525 4424 ipsum
2557 4367 2771 4408 nossem
2799 4366 2867 4406 ex
2911 4365 3033 4405 meo
3079 4347 3286 4403 semine
3320 4346 3376 4400 in
3413 4343 3598 4400 carnis
3649 4355 3852 4397 assum-

2267 4447 2448 4516 ptione
2473 4454 2782 4508 venturum,
2811 4457 3043 4511 eumque
3066 4439 3418 4510 praedicarem
3441 4477 3455 4502 ,
3510 4444 3564 4490 et
3614 4446 3856 4488 resurre-

575 4549 823 4593 tenemus
853 4536 920 4590 ad
949 4531 1358 4604 supplicandum
1388 4545 1487 4599 pro
1513 4543 1579 4582 eo
1602 4568 1616 4594 ,
1648 4527 1821 4581 donec
1844 4524 2093 4576 vincatur
2134 4535 2162 4572 a
2191 4573 2246 4636 Β
2269 4539 2464 4595 omnis
2489 4538 2714 4609 gloriam
2736 4535 3039 4591 numiarem
3061 4547 3108 4586 α,
3139 4531 3397 4601 Sequitur
3423 4544 3438 4583 ε

575 4629 734 4684 nobis
763 4628 1032 4696 mortique
1087 4625 1243 4679 detur
1289 4621 1673 4691 sempiternae;
1707 4632 1777 4671 ne
1822 4616 2020 4670 iterum
2066 4627 2168 4667 nos

575 4720 848 4776 debellare
877 4718 1069 4782 valeat,
1105 4717 1245 4771 sicut
1268 4714 1479 4786 pridem
1510 4712 1654 4767 fecit.
1689 4709 1823 4764 Nam
1852 4708 2014 4763 toties
2041 4720 2168 4777 pec-

579 4822 700 4868 cata
727 4811 1063 4882 respicimus,
1091 4809 1302 4879 quoties
1323 4807 1608 4862 commissa
1639 4804 1999 4875 deploramus.

651 4903 815 4958 Vsus.
842 4901 964 4956 6.-
993 4900 1105 4953 Tibi
1126 4898 1224 4953 soli
1249 4899 1455 4970 peccavi
1477 4907 1525 4952 et
1543 4897 1742 4951 malum
1775 4911 1953 4950 coram
1976 4904 2023 4948 te
2045 4895 2165 4964 feci.

582 4993 718 5068 [Soli
767 4995 878 5049 Deo
923 4992 1004 5066 se]
1042 5007 1296 5063 peccasse
1325 4990 1629 5055 conﬁtetur,
1665 4989 1792 5059 quia
1820 4988 1937 5042 Rex
1980 4994 2171 5068 potens

580 5065 744 5140 alium
773 5100 882 5140 non
911 5065 1104 5139 metuit
1149 5084 1381 5138 ultorem
1428 5082 1635 5154 peccati
1683 5081 1788 5136 sui.
1817 5079 1886 5134 Et
1912 5086 1972 5132 ut
1999 5065 2173 5146 majus

579 5177 884 5248 iniquitatis
905 5175 1081 5232 scelus
1105 5175 1433 5239 ostenderet,
1458 5172 1702 5244 adjunxit
1728 5188 1740 5223 ε
1772 5169 1971 5224 malum
1993 5184 2172 5221 coram

583 5279 634 5324 te
674 5269 796 5339 feci.
857 5269 995 5323 Dum
1032 5269 1178 5323 enim
1216 5267 1415 5336 ubique
1443 5273 1495 5319 te
1523 5271 1843 5334 praesentem
1890 5261 2126 5317 sciebam
2155 5299 2171 5325 ,

589 5359 731 5436 [cur]
761 5362 817 5417 in
844 5360 1132 5433 prmsentia
1162 5358 1299 5414 tanti
1329 5355 1536 5412 Judicis
1563 5371 1668 5410 non
1699 5355 2005 5409 metuebam
2048 5366 2177 5422 pec-

657 5552 683 5582 α
708 5538 769 5596 In
793 5539 949 5596 codd.
977 5555 1106 5595 mss.
1135 5537 1320 5610 priora
1351 5532 1742 5610 italeguntur;
1773 5549 1804 5610 ί.
1819 5527 2084 5610 Primum,
2120 5537 2181 5583 ut

583 5619 907 5684 agnosceret
949 5602 1318 5684 habereeum
1384 5602 1591 5684 ﬁlium;
1645 5602 1843 5684 deinde
1885 5609 1947 5654 ut
2003 5602 2179 5684 ipsum

586 5673 793 5749 nosset,
821 5699 889 5736 ex
918 5697 1025 5750 quo
1049 5682 1257 5736 semine
1284 5679 1339 5732 in
1372 5673 2182 5750 carnis_assumptione__ventu—

586 5769 682 5809 rus
704 5742 890 5817 esset,
919 5742 980 5806 ut
1007 5751 1276 5823 passionis
1300 5761 1514 5819 quoque
1549 5745 1776 5823 ﬁguram
1801 5742 2141 5823 praediceret
2162 5781 2177 5805 ,

589 5832 646 5879 et
683 5813 1100 5881 resurrectionis
1132 5813 1360 5892 gloriam
1410 5813 1724 5873 nuntiaret:
1759 5813 2035 5870 et'deinde
2073 5828 2183 5870 non

2077 6042 2126 6074 ο

2342 4633 2506 4688 Vens.
2536 4630 2590 4686 9.
2621 4659 2692 4671 —
2725 4629 2978 4699 Asperges
3026 4644 3106 4681 me
3148 4627 3369 4696 hyssopo
3417 4630 3466 4677 et
3519 4619 3858 4683 mundabor;

2233 4722 2468 4777 .lavabis
2497 4737 2578 4775 me
2604 4762 2619 4787 ,
2666 4727 2716 4775 et
2763 4734 2918 4788 super
2961 4717 3128 4770 nivem
3171 4713 3473 4769 dealbabor.
3517 4711 3678 4766 Sicut
3719 4707 3858 4764 enim

2271 4813 2536 4882 hyssopus
2580 4809 2733 4882 [Αἴθη
2759 4810 3050 4879 hyssopum
3099 4807 3485 4858 terrenum.....
3517 4797 3733 4871 aptum]
3760 4808 3863 4852 ter-

2272 4919 2401 4958 rena
2433 4901 2685 4980 curandis
2713 4898 3058 4970 pulmonibus
3085 4904 3208 4964 apta
3232 4902 3335 4957 est,
3361 4902 3422 4948 ut
3461 4897 3673 4946 avertat
3719 4886 3862 4942 inﬂa-

2275 4974 2522 5048 tionem':
2553 4974 2639 5046 ita
2673 4990 2881 5046 cmlesti
2926 4988 3048 5058 quis
3095 5000 3375 5055 respersus
3421 4985 3684 5054 bySSOpo,
3708 4980 3763 5034 id
3783 4982 3864 5032 est

2275 5085 2578 5140 humilitate
2620 5083 2834 5150 cordis,
2881 5083 2949 5137 ab
2994 5080 3143 5135 omni
3201 5077 3467 5148 superbiae
3530 5073 3866 5145 malignitate

2276 5184 2558 5247 purgatur.
2582 5173 2812 5230 Lavabis
2830 5187 2959 5243 ergo
2979 5187 3066 5226 me
3087 5179 3142 5226 et
3163 5185 3325 5240 super
3347 5169 3528 5223 nivem
3549 5165 3866 5226 dealbabor,

2277 5282 2508 5337 cumque
2543 5272 2766 5336 peccata
2807 5278 2928 5320 mea
2978 5261 3252 5332 pbcenicio
3282 5259 3390 5315 sint
3435 5257 3664 5319 similia.
3715 5251 3868 5326 quasi

2279 5359 2372 5414 nix
2401 5358 2796 5414 dealbabuntur
2829 5356 2879 5408 b.
2909 5353 3086 5425 Super
3120 5353 3299 5407 nivem
3343 5358 3524 5405 autem
3569 5347 3757 5402 album
3803 5343 3872 5398 de

2283 5557 2364 5607 se,
2388 5540 2538 5605 dicit,
2559 5538 2808 5594 debuisse
2830 5549 3075 5607 peccare,
3092 5548 3214 5589 cum
3238 5529 3366 5586 talia
3390 5525 3681 5583 meruisset
3703 5534 3872 5593 agne-

2284 5627 2472 5736 scebﬂin
2495 5630 2654 5736 ,codd.
2689 5695 2818 5734 mss.
2850 5696 2868 5728 ι
2903 5677 2973 5732 Ut
3005 5675 3131 5745 quia
3169 5677 3392 5744 peccata
3433 5684 3554 5725 mea
3595 5663 3877 5739 pbuanicio

2287 5759 2414 5810 sunt
2434 5752 2652 5817 similia,
2681 5749 2834 5822 quasi
2861 5750 2954 5803 nix
2976 5745 3314 5802 dealbentur.
3345 5759 3364 5794 ι
