4064 6342
271 425 369 484 585

845 422 1254 480 EXEGETICA.
1290 449 1362 464 -—
1395 414 1755 478 EXPOSITIO
1791 420 1858 476 IN
1895 419 2090 476 PSAL.
2132 419 2730 488 PCENITENTIALES,
2769 421 2922 478 ETC.

3407 420 3512 479 586

271 540 574 612 corporibus
617 523 750 593 nihil
789 547 966 609 potest
997 540 1243 594 inveniri.
1271 538 1376 593 Sed
1403 537 1523 592 ideo
1552 553 1712 609 super
1753 537 1831 591 ni-
1856 547 1903 602 Α
2003 535 2165 591 Vens.
2195 535 2565 592 ili—Libera
2587 554 2668 592 me
2691 537 2756 592 de
2786 535 3148 608 sanguinibus,
3179 537 3343 602 Deus,
3371 538 3514 596 Deus

268 653 382 692 vem
408 635 566 701 dixit,
598 634 722 703 quia
745 633 1000 703 spiritalis
1025 634 1201 687 anima
1226 633 1381 702 longe
1406 646 1567 701 supra
1606 646 1833 701 corpora

269 727 518 784 mundata
568 724 892 794 resplendet.
943 721 1226 777 Humilitas
1254 721 1455 777 Christi
1485 719 1646 776 solvit
1679 719 1833 791 [Ms.,

267 814 503 888 salvavit]
546 823 766 886 peccata
795 823 1002 877 nostra,
1031 813 1346 868 humillima:
1372 812 1554 868 herbae
1601 813 1836 881 hyssopo

262 909 392 963 bene
421 914 731 976 comparata
772 923 786 958 :
832 920 951 975 quae
973 945 987 969 ,
1016 905 1172 960 sicut
1196 911 1251 959 et
1274 904 1389 958 haec
1416 918 1448 956 a
1474 903 1789 973 corporibus
1815 940 1831 968 ,

261 983 325 1053 ab
354 995 550 1050 animis
577 994 779 1050 nostris
814 994 1142 1049 inﬂationem
1174 993 1310 1048 tollit
1336 992 1624 1064 superbiae.

331 1089 492 1144 Vl-zlts.
523 1086 610 1141 10.
639 1118 709 1128 -
731 1086 948 1141 Auditui
990 1103 1102 1141 meo
1129 1085 1278 1140 dabis
1303 1085 1554 1155 gaudium
1599 1094 1645 1137 et
1697 1082 1832 1137 laeti-

259 1181 383 1235 tiam
407 1219 424 1246 ,
460 1189 506 1232 et
532 1176 863 1232 exsultabant
903 1194 1020 1231 ossa
1050 1175 1346 1230 humiliata.
1387 1173 1608 1229 Auditui
1651 1173 1835 1228 datum

258 1279 336 1326 est
361 1270 617 1339 gaudium
644 1310 658 1334 ,
689 1269 902 1338 quando
927 1269 1061 1323 dixit
1083 1268 1132 1323 ei
1163 1267 1392 1335 Nathan,
1434 1267 1722 1322 dimissum
1750 1273 1836 1322 est

253 1369 536 1433 peccatum
571 1369 720 1414 tuum
754 1359 842 1432 (II
874 1358 1000 1430 Reg.
1025 1376 1126 1423 xu,
1171 1360 1280 1432 15).
1311 1359 1576 1415 Gaudium
1602 1359 1838 1429 pertinet

255 1453 319 1508 ad
349 1451 740 1507 absolutionem
767 1489 782 1516 ,
829 1449 1014 1504 ltetitia
1041 1451 1106 1504 ad
1131 1458 1386 1519 perpetua
1415 1449 1637 1520 praemia
1664 1448 1838 1519 possi-

253 1544 448 1600 denda.
481 1542 640 1614 353
671 1541 738 1600 Et
765 1541 1116 1602 exsultabunt,
1151 1542 1346 1611 inquit,
1391 1558 1509 1596 ossa
1535 1540 1833 1606 humiliata,

251 1637 506 1700 virtutes,
537 1649 655 1703 qua:
683 1634 836 1704 prius
864 1632 1077 1686 fuerant
1100 1641 1320 1703 peccato
1347 1632 1662 1687 humiliatar.
1690 1631 1787 1687 Vel
1819 1649 1831 1684 :

249 1724 572 1780 aeternitatis
593 1739 717 1793 spes
748 1722 900 1795 [Ms.,
928 1723 1199 1777 aeternitas
1225 1723 1338 1793 spei
1371 1721 1525 1796 meae]
1547 1764 1562 1787 ,
1595 1738 1715 1792 quae
1751 1711 1838 1778 me

247 1823 509 1886 peccante
544 1815 822 1869 humiliata
863 1813 1060 1879 fuerat,
1095 1823 1146 1869 te
1171 1813 1478 1884 indulgente
1508 1814 1760 1868 exsultat.

1932 623 2117 679 salutis
2140 641 2285 689 meae,
2318 635 2366 679 et
2407 624 2654 680 exaltabit
2684 626 2862 698 lingua
2905 644 3016 681 mea
3045 627 3308 698 justitiam
3347 639 3510 685 tuam.

1933 713 2176 770 Liberari
2224 731 2281 770 se
2324 717 2460 787 petit
2497 717 2766 787 PrOpheta
2810 717 2877 772 de
2904 717 3283 788 sanguinibus,
3322 721 3378 776 id
3409 731 3510 786 est,

1933 806 2242 862 carnalibus
2277 806 2504 872 delictis,
2545 815 2606 861 ut
2633 806 2745 876 jam
2783 808 3050 864 desineret
3090 810 3141 864 in
3181 811 3285 866 ista
3312 811 3517 884 fragili-

1935 907 2045 952 tate
2067 914 2313 968 peccare.
2359 898 2590 970 Sanguis
2617 901 2758 954 enim
2780 916 2879 971 pro
2906 916 3134 972 corpore
3161 902 3395 958 humano
3420 921 3516 975 po-

1933 989 2101 1054 nitur,
2142 990 2267 1059 quia
2303 991 2446 1045 inter
2482 1000 2707 1046 cancros
2744 993 2996 1048 humores
3033 992 3154 1063 ejus
3189 996 3303 1065 ipse
3339 1000 3516 1068 potior

1932 1078 2146 1136 videtur
2187 1080 2439 1136 existere.
2480 1079 2634 1148 Quod
2678 1097 2808 1138 vero
2847 1085 2940 1149 ait,
2980 1085 3121 1140 Deus
3153 1089 3339 1143 salutis
3364 1107 3514 1158 mere,

1935 1167 2201 1238 signiﬁcat
2231 1169 2516 1224 Dominum
2547 1169 2905 1239 Salvatorem,
2940 1189 3038 1244 per
3070 1190 3230 1244 quem
3258 1177 3404 1232 salus
3428 1181 3516 1250 pie

1935 1259 2278 1314 credentibus
2325 1260 2501 1314 datur.
2543 1259 2762 1315 Addidit
2803 1263 2983 1326 etiam,
3037 1265 3285 1320 exaltabit
3336 1267 3518 1339 lingua

1935 1365 2050 1402 mea
2067 1349 2329 1419 justitiam
2355 1358 2528 1413 tuam,
2560 1349 2616 1404 id
2637 1359 2740 1416 est,
2771 1352 2815 1407 si
2844 1368 2928 1407 me
2957 1353 3272 1412 liberaveris
3299 1358 3365 1413 de
3394 1373 3519 1413 san-

1935 1440 2208 1510 guinibus,
2239 1441 2380 1510 quod
2409 1440 2726 1511 intelligitur
2751 1442 2816 1497 de
2843 1447 3098 1514 peccatis,
3127 1447 3338 1504 laudem
3369 1459 3518 1504 tuam

1937 1530 2118 1602 lingua
2147 1548 2264 1587 mea
2289 1532 2434 1602 juste
2454 1533 2723 1602 loquetur,
2752 1533 2839 1590 vel
2864 1537 3177 1604 praedicabit
3198 1539 3377 1611 lingua
3399 1557 3516 1597 mea

1937 1625 2190 1679 mandata
2219 1633 2330 1680 tua.

2008 1715 2168 1771 Vsus.
2198 1717 2614 1785 l7.—Domine,
2645 1717 2786 1775 labia
2807 1737 2924 1776 mea
2945 1722 3166 1793 aperies,
3188 1732 3236 1777 et
3262 1741 3318 1779 os
3348 1742 3518 1780 meum

1938 1806 2267 1860 annuntiabit
2290 1805 2497 1861 laudem
2517 1817 2681 1862 tuam.
2710 1809 2876 1864 Labia
2898 1809 3198 1881 Prophetas,
3230 1829 3349 1882 qua:
3374 1814 3520 1868 clau-

317 1908 484 1962 Vsns.
517 1906 884 1960 H.'——-Averte
910 1905 1097 1975 faciem
1125 1915 1270 1958 tuam
1297 1923 1329 1958 a
1356 1905 1578 1975 peccatis
1615 1905 1765 1970 meis,
1791 1915 1840 1960 et
1871 1904 1917 1965 Β
1947 1912 2003 1952 sa
2037 1897 2250 1952 fuerant
2274 1899 2578 1954 conditione
2611 1901 2840 1971 peccati,
2873 1903 3134 1958 beneficio
3171 1905 3521 1959 absolutionis

247 2013 427 2052 omnes
458 1999 757 2068 iniquitates
789 2013 929 2050 meas
956 1996 1086 2050 dele.
1128 1995 1206 2050 Ne
1232 2013 1351 2051 mea
1384 2006 1604 2066 peccata
1637 1999 1714 2053 sic
1745 2014 1836 2052 ac-

247 2089 423 2158 cipias
459 2088 613 2161 [Ms.,
653 2087 938 2161 aspicias],
971 2096 1030 2142 ut
1056 2096 1396 2143 revertantur
1426 2088 1493 2143 ad
1519 2090 1834 2145 memoriam

243 2189 421 2236 tuam.
461 2181 657 2236 Averte
691 2179 880 2236 faciem
919 2189 1094 2247 tuam;
1136 2196 1201 2235 ac
1237 2182 1283 2235 si
1320 2181 1484 2247 dicat,
1525 2198 1592 2236 ne
1629 2183 1833 2249 videas,

241 2288 314 2328 ne
356 2274 662 2329 recorderis
698 2273 808 2326 illa.
861 2271 931 2326 Et
969 2290 1144 2328 omnes
1181 2273 1481 2344 iniquitates
1518 2289 1660 2327 meas
1696 2273 1833 2340 dele,

239 2365 575 2435 praeteritas,
614 2372 904 2433 praesentes
941 2371 995 2419 et
1029 2363 1257 2419 futuras.

320 2454 490 2508 Vens.
526 2452 814 2507 l2.—Cor
840 2454 1088 2508 mundum
1119 2471 1236 2509 crea
1264 2456 1319 2508 in
1342 2472 1441 2520 me,
1469 2455 1630 2522 Deus,
1661 2464 1710 2510 et
1729 2455 1834 2529 spi-

241 2544 416 2596 ritum
462 2554 656 2598 rectum
692 2545 878 2598 innova
916 2546 972 2598 in
1013 2546 1288 2600 visceribus
1328 2548 1473 2601 meis.
1521 2546 1660 2602 Petit
1697 2548 1832 2604 Pro-

235 2635 416 2704 pheta
447 2637 705 2691 mundum
734 2653 828 2692 cor
851 2637 953 2692 sibi
982 2637 1177 2702 creari,
1207 2638 1259 2692 id
1287 2647 1370 2693 est
1401 2641 1712 2706 restaurari,
1754 2639 1837 2712 [ut

239 2725 424 2780 Deum
448 2727 646 2799 videat]
677 2746 688 2780 :
714 2729 786 2782 ita
808 2736 860 2783 et
881 2729 1249 2798 unusquisque
1277 2730 1435 2784 debet
1464 2729 1660 2786 facere.
1709 2730 1836 2802 [Cor

238 2817 509 2870 mundum
537 2835 655 2872 crea
676 2819 731 2872 in
754 2836 833 2874 me
857 2820 1014 2886 Deus,
1033 2830 1320 2891 propterea
1342 2823 1585 2892 rogabat,
1609 2830 1837 2876 utmun—

237 2908 344 2964 dus
371 2909 532 2964 fieret
550 2928 578 2964 a
599 2913 864 2985 peccato.]
892 2913 958 2967 Et
981 2915 1220 2985 spiritum
1242 2924 1434 2968 rectum
1454 2915 1641 2969 innova
1663 2917 1718 2970 in
1739 2917 1838 2970 ris-

240 3001 460 3055 ceribus
502 3003 628 3056 meis
647 3044 661 3068 ,
704 3020 811 3074 quo
842 3003 938 3078 [te]
978 3014 1124 3062 recte
1150 3006 1443 3072 conﬁtear;
1474 3005 1558 3059 vel
1590 3008 1837 3076 spiritum

239 3102 463 3146 rectum
504 3095 572 3148 ad
610 3095 895 3151 videndum
933 3107 987 3152 et
1025 3098 1465 3165 discernendum,
1507 3099 1645 3154 sicut
1679 3107 1838 3153 antea

239 3193 430 3239 rectus
462 3184 564 3240 fuit
595 3187 650 3241 in
676 3204 778 3254 me,
813 3190 1024 3254 innova,
1066 3193 1189 3262 quia
1225 3199 1378 3246 vetus
1414 3190 1587 3247 factus
1618 3200 1702 3247 est
1737 3207 1836 3262 pro

235 3287 498 3347 peccato.
542 3279 787 3337 lnnovari
813 3283 1043 3353 postulat
1067 3300 1163 3354 per
1193 3286 1442 3356 gratiam,
1475 3293 1528 3341 et
1566 3285 1733 3352 addit,
1779 3285 1835 3340 in

233 3372 533 3426 visceribus
571 3376 733 3440 meis,
776 3375 916 3431 unde
963 3384 1186 3432 noverat
1232 3377 1479 3432 adulterii
1519 3376 1837 3433 detestabile

233 3467 453 3521 crimen
508 3468 720 3522 exiisse.
773 3467 1024 3538 Utrisque
1071 3471 1215 3525 enim
1253 3471 1497 3541 partibus
1541 3470 1835 3525 remedium

233 3561 482 3627 petebat,
528 3560 780 3630 quoniam
820 3561 884 3617 de
926 3570 1154 3632 utroque
1192 3569 1530 3633 peccaverat.
1715 3573 1718 3576 ί

308 3648 484 3703 Vens.
521 3647 782 3702 lii—Ne
805 3653 1050 3720 projicias
1073 3669 1152 3706 me
1171 3670 1203 3706 a
1224 3653 1356 3722 facie
1377 3661 1489 3718 tua,
1509 3661 1557 3706 et
1579 3651 1833 3722 Spiritum

231 3749 486 3792 sanctum
527 3748 673 3792 tuum
705 3755 766 3792 ne
793 3739 1003 3808 auferas
1034 3758 1066 3794 a
1096 3757 1196 3795 me.
1240 3741 1315 3796 Ne
1342 3742 1594 3811 projicias
1622 3759 1739 3809 me,
1766 3758 1833 3798 ne

229 3829 374 3883 sicut
398 3828 546 3884 Cain
574 3829 725 3884 exsul
750 3845 780 3884 a
808 3839 858 3883 te
879 3829 1096 3885 elliciar.
1136 3830 1423 3900 Projicitur
1450 3848 1480 3886 a
1509 3832 1660 3897 facie,
1687 3834 1777 3904 qui
1801 3850 1832 3889 a

227 3921 387 3990 patre
420 3921 814 3976 contemnitur.
861 3921 1076 3978 Sciebat
1101 3923 1244 3977 enim
1275 3925 1342 3978 ab
1365 3924 1505 3979 illius
1532 3924 1666 3981 facie
1691 3926 1834 3980 sani-

229 4021 399 4070 tatem
432 4013 664 4079 mentis,
703 4020 758 4068 et
791 4013 971 4068 lumen
1009 4014 1192 4069 venire
1228 4015 1523 4084 sapientiae,
1563 4023 1617 4070 et
1653 4017 1834 4074 crede-

225 4107 320 4162 bat
349 4124 412 4164 se
449 4107 682 4162 inimico
711 4107 873 4172 tradi,
913 4106 959 4162 si
993 4122 1023 4160 a
1056 4106 1206 4160 vultu
1249 4107 1460 4170 Domini
1498 4106 1833 4176 judicaretur

223 4201 450 4271 expelli.
485 4200 696 4256 Deinde
720 4215 847 4255 vero
865 4199 1111 4269 spiritum
1131 4201 1425 4271 prophetia
1444 4202 1580 4272 petit
1604 4203 1705 4258 sibi
1725 4218 1831 4258 non

223 4291 457 4356 auferri,
489 4305 657 4360 quem
681 4291 973 4360 pretiosum
996 4307 1157 4361 supra
1183 4302 1375 4347 cuncta
1399 4309 1490 4348 rex
1516 4294 1723 4348 habuit.

293 4382 474 4438 Vens.
511 4380 686 4434 14.--
703 4380 876 4436 Redde
896 4383 1021 4436 mihi
1040 4382 1278 4438 laetitiam
1298 4383 1543 4439 salutaris
1564 4387 1662 4451 tui,
1688 4385 1833 4441 illam

221 4473 444 4529 scilicet
475 4473 685 4529 Christi
717 4473 792 4527 tui
821 4474 1254 4540 exsultationem,
1287 4491 1447 4546 quam
1483 4477 1534 4530 in
1575 4492 1640 4532 eo
1669 4478 1830 4532 habui

129 4544 150 4558 ’
216 4564 562 4634 priusquam
602 4563 950 4632 peccaverim.
996 4563 1242 4619 Salutare
1272 4544 1366 4620 Dei
1393 4566 1568 4621 Patris
1587 4567 1833 4622 Christus

1935 1989 2224 2060 aperienda
2252 1991 2684 2061 pronuntiantur.
2729 1989 2803 2046 Os
2829 2001 3009 2048 autem
3041 1993 3243 2048 dicitur
3263 2002 3317 2048 et
3342 1995 3521 2050 cordis

1935 2095 2189 2134 arcanum
2215 2121 2230 2146 ,
2283 2081 2422 2136 unde
2473 2081 2700 2137 eﬂicitur
2741 2083 2859 2138 laus
2885 2083 3085 2138 divina.
3133 2084 3322 2141 Merito
3368 2101 3516 2157 ergo,

1931 2182 2054 2244 post
2090 2173 2476 2229 absolutionem
2525 2177 2752 2245 peccati,
2803 2185 2859 2232 et
2908 2177 3044 2232 labia
3085 2194 3183 2233 sua
3233 2180 3521 2251 aperienda

1932 2277 2052 2318 esse
2089 2264 2422 2334 pronuntiat,
2461 2273 2516 2319 et
2549 2281 2612 2320 os
2648 2282 2806 2322 suum
2844 2269 2974 2323 dicit
3010 2271 3332 2326 annuntiare
3360 2287 3518 2343 posse

1931 2357 2202 2427 praeconia
2229 2367 2284 2412 et
2313 2357 2524 2414 laudem
2550 2359 2666 2428 ejus
2696 2377 2799 2429 qua
2824 2372 3099 2418 recreatus
3119 2373 3218 2418 est.

2005 2450 2166 2504 Vens.
2210 2449 2654 2518 18.-—Quoniam
2685 2455 2730 2507 si
2769 2453 3014 2510 voluisses
3051 2458 3390 2525 sacriﬁcium,
3429 2459 3520 2515 de-

1933 2537 2124 2593 dissem
2166 2541 2372 2610 utique;
2409 2540 2726 2596 holocaustis
2767 2559 2870 2596 non
2904 2543 3256 2600 delectaberis.
3303 2547 3519 2619 Signiﬁ-

1936 2639 2024 2686 cat
2060 2632 2148 2686 hic
2192 2633 2460 2702 Propheta
2502 2634 2638 2688 ritus
2672 2649 2948 2689 sacrorum
2989 2651 3084 2705 per
3123 2637 3520 2696 immolationes

1934 2724 2221 2793 pecudum,
2265 2725 2357 2793 qui
2403 2734 2559 2779 erant
2596 2725 2649 2779 in
2694 2726 2924 2782 adventu
2959 2727 3171 2784 Domini
3210 2733 3516 2802 respuendi.

1937 2817 2090 2873 Unde
2127 2825 2339 2872 constat
2372 2817 2696 2887 Prophetam
2739 2820 2819 2874 sic
2857 2821 2925 2874 ad
2971 2821 3140 2876 Deum
3185 2833 3294 2879 tota
3340 2835 3521 2882 mente

1937 2908 2281 2973 translatum,
2323 2917 2382 2962 ut
2426 2925 2531 2963 non
2579 2925 2638 2963 se
2687 2911 2970 2967 sacrificiis
3004 2930 3122 2984 quae
3160 2915 3252 2969 illo
3283 2925 3523 2988 tempore

1938 3001 2283 3070 gerebantur,
2307 3000 2552 3055 crederet
2577 3001 2923 3084 expiandum,
2957 3007 3049 3060 sed
3078 3005 3166 3060 illa
3192 3008 3521 3078 magisobla—

1938 3093 2104 3156 tione,
2136 3108 2238 3160 qua
2269 3091 2399 3146 dicit
2422 3103 2813 3162 consequenter
2839 3093 2993 3166 [Ms.,
3024 3096 3299 3171 inferius]:

2009 3185 2167 3239 Vens.
2201 3187 2286 3242 19.
2301 3186 2718 3257 —-Sacriﬁcium
2738 3190 2846 3245 Deo
2868 3193 3079 3262 spiritus
3101 3195 3478 3252 contribulatus
3501 3213 3520 3252 :

1861 3267 1907 3330 C
1937 3291 2028 3329 cor
2049 3277 2326 3330 contritum
2349 3287 2396 3331 ct
2419 3279 2744 3334 humiliatum
2769 3280 2908 3336 Deus
2931 3300 3033 3337 non
3053 3283 3320 3354 despicies.
3353 3285 3519 3354 Quasi

1941 3367 2108 3433 dicat,
2137 3384 2171 3422 ο
2194 3368 2386 3435 homo,
2415 3371 2460 3424 si
2486 3372 2826 3440 peccaveris,
2861 3373 2966 3428 noli
2996 3376 3330 3432 extrinsecus
3350 3393 3517 3450 pecus

1939 3462 2082 3530 quod
2125 3470 2328 3517 mactes
2376 3463 2871 3533 inquirere:habes
2916 3467 3060 3522 intus
3094 3470 3235 3539 quod
3276 3471 3511 3527 occidas.

1937 3550 2228 3622 Postquam
2247 3555 2392 3609 enim
2409 3555 2544 3610 dixit
2560 3574 2677 3627 qua:
2690 3559 2954 3614 sacriﬁcia
2974 3561 3112 3616 Deus
3126 3564 3348 3633 respuit,
3372 3581 3515 3620 nunc

1938 3641 2068 3697 dicit
2092 3641 2180 3696 illa
2222 3659 2340 3713 quae
2367 3648 2558 3715 poscit.
2603 3646 2748 3703 Istud
2788 3649 2933 3703 enim
2969 3650 3157 3706 damus
3191 3653 3516 3708 sacrificium

1937 3733 2068 3800 Deo,
2100 3736 2349 3806 spiritum
2381 3737 2586 3793 scilicet
2612 3739 2896 3810 superbire,
2926 3741 3274 3799 confessionis
3304 3745 3520 3801 humili-

1936 3838 2046 3887 tate
2085 3840 2402 3899 mactatum,
2442 3832 2605 3905 355.
2641 3835 2782 3889 unde
2817 3851 2921 3890 non
2962 3837 3180 3907 sanguis
3217 3837 3513 3907 egreditur,

1936 3925 2028 3981 sed
2066 3925 2428 3997 lacrymarum
2466 3926 2664 3981 ﬂuenta
2700 3928 3013 3982 decurrunt.
3070 3927 3383 4000 [Sequiturz
3413 3929 3518 3984 Cor

1917 4010 2213 4068 contritum
2242 4024 2289 4069 et
2318 4014 2652 4068 humiliatum
2679 4015 2817 4069 Deus
2849 4034 2949 4070 non
2979 4017 3217 4090 spernit].
3257 4017 3360 4072 Cor
3393 4036 3516 4072 con-

1933 4108 2113 4160 tritum
2153 4115 2311 4160 vocat
2334 4106 2662 4176 paenitentiae
2700 4106 2970 4163 laboribus
3008 4110 3352 4164 vehementer
3385 4108 3517 4163 allii-

1934 4210 2100 4256 ctum.
2153 4198 2504 4253 Humiliatum
2527 4240 2541 4264 ,
2572 4199 2682 4254 Deo
2711 4200 2936 4266 scilicet,
2975 4209 3034 4255 ut
3071 4203 3214 4271 quod
3248 4214 3372 4256 ante
3401 4202 3511 4257 fue-

1933 4291 2263 4344 ratelatione
2285 4290 2594 4359 superbum,
2620 4287 2759 4344 foret
2777 4290 2862 4360 pia
2885 4289 3219 4346 confessione
3239 4293 3508 4346 devotum.

1936 4379 2085 4452 [Non
2120 4379 2337 4452 spernit]
2363 4398 2376 4433 :
2401 4387 2614 4434 constat
2648 4381 2790 4435 enim
2832 4381 2966 4436 tales
3005 4381 3299 4437 oblationes
3342 4383 3511 4440 Deum

1933 4487 2039 4527 non
2070 4487 2344 4542 spernere,
2381 4472 2518 4528 sicut
2549 4471 2636 4526 illa
2675 4473 3018 4544 cognoscitur
3043 4474 3226 4545 priora
3244 4476 3510 4532 sacriﬁcia

1933 4565 2220 4635 respuisse.

218 4663 326 4719 est,
358 4631 430 4708 ac
463 4657 518 4708 si
554 4631 717 4720 dicat,
745 4657 883 4711 sicut
911 4664 1036 4711 ante
1062 4645 1414 4726 praevidebam
1447 4673 1542 4727 per
1570 4657 1830 4728 Spiritum
1862 4631 1912 4692 θ
2006 4631 2166 4734 Vens.
2197 4655 2613 4726 20.—Benigne
2647 4657 2751 4727 fac,
2791 4657 3033 4722 Domine,
3067 4660 3122 4712 in
3161 4661 3292 4716 bona
3331 4662 3512 4719 volun-
3535 4680 3549 4691 ο

219 4755 486 4801 sanctum
518 4759 647 4799 eum
677 4746 729 4798 in
758 4761 917 4801 carne
944 4752 1174 4814 venisse,
1205 4759 1259 4804 et
1295 4751 1455 4806 modo
1494 4751 1573 4806 sic
1609 4750 1824 4807 faciam.

218 4835 289 4889 Et
322 4839 538 4908 spiritu
565 4836 838 4906 principali
861 4839 1113 4907 conﬁrma
1153 4857 1250 4906 me,
1274 4849 1334 4896 ut
1358 4841 1472 4910 ipsa
1505 4842 1558 4895 in
1587 4859 1671 4898 me
1699 4844 1828 4898 vitia

218 4940 329 4982 non
359 4926 755 4998 principentur
781 4925 934 4998 [Ms.,
961 4928 1029 4984 Ut
1052 4931 1164 4999 ipse
1193 4931 1246 4985 in
1276 4947 1378 4995 me,
1403 4948 1506 4987 non
1532 4933 1660 4987 vitia
1679 4935 1826 5003 prin—

217 5016 540 5090 cipentur].
572 5016 839 5071 Conﬁrma
871 5035 955 5073 me
979 5017 1156 5092 [dixit]
1182 5037 1247 5076 ne
1272 5022 1466 5077 iterum
1493 5038 1732 5094 peccem,
1759 5040 1826 5080 ne

220 5125 251 5163 a
282 5121 336 5166 te
361 5112 578 5166 anima:
605 5110 958 5165 mutabilitate
980 5111 1270 5167 discedam.
1313 5113 1410 5169 Hic
1436 5126 1618 5170 sancta
1651 5115 1829 5169 Trini—

217 5209 306 5256 tas
338 5201 708 5271 intelligenda
737 5209 818 5255 est
845 5219 856 5254 :
889 5202 940 5254 in
970 5202 1158 5272 spiritu
1197 5204 1474 5274 principali
1513 5207 1706 5274 Pater;
1751 5206 1829 5279 [in

218 5292 450 5365 Spiritu]
487 5291 729 5360 Spiritus
749 5301 995 5356 sanctus;
1027 5293 1080 5347 in
1108 5295 1296 5362 spiritu
1322 5307 1469 5351 recto
1498 5298 1682 5354 Filius.

289 5386 474 5442 Vens.
504 5384 682 5437 15.-
699 5383 896 5438 Docebo
912 5385 1115 5456 iniquos
1143 5386 1251 5440 vias
1279 5397 1415 5451 tuas,
1443 5397 1492 5441 et
1517 5390 1659 5460 impii
1685 5391 1754 5444 ad
1780 5399 1830 5445 te

215 5485 629 5532 convertentur.
668 5475 898 5539 Docebo,
924 5476 1162 5545 inquam,
1192 5478 1328 5542 illos,
1356 5487 1416 5532 ut
1439 5479 1767 5536 declinantes
1797 5497 1827 5535 a

212 5571 322 5624 viis
368 5567 582 5641 pravis
624 5577 680 5622 et
725 5568 1093 5638 paenitentiam
1139 5577 1355 5640 agentes
1402 5571 1829 5628 misericordiam

213 5667 676 5724 consequantur,
699 5657 837 5713 sicut
857 5672 956 5729 ego
985 5673 1017 5711 a
1045 5667 1096 5712 te
1124 5659 1548 5714 misericordiam
1571 5675 1830 5717 consecu-

211 5757 309 5804 tus
350 5761 487 5802 sum
521 5757 540 5796 :
571 5749 671 5799 hoc
708 5757 812 5814 est,
859 5765 1150 5820 proponam
1186 5753 1273 5808 the
1313 5752 1510 5824 ipsum,
1553 5762 1614 5810 ut
1649 5771 1828 5812 meum

212 5839 565 5911 exemplum
591 5837 681 5894 alii
709 5838 1002 5894 imitentur.
1723 5857 1728 5860 ·

651 5952 923 6014 Ρλτιιοι.
965 5952 1188 6023 XCIX.

1933 4755 2036 4800 tate
2077 4757 2168 4799 tua
2214 4746 2364 4812 Sion,
2408 4755 2463 4799 ut
2505 4747 2828 4815 wdiﬁcentur
2865 4750 2999 4802 muri
3028 4749 3339 4807 Jerusalem.
3381 4753 3510 4810 Sion

1934 4837 2146 4907 specula
2176 4837 2580 4907 interpretatur,
2613 4838 2982 4908 signiﬁcatque
3004 4840 3316 4908 Ecclesiam,
3345 4860 3504 4913 quam

1934 4937 2151 4984 sanctus
2175 4929 2439 4998 Propheta
2467 4939 2578 4985 toto
2601 4931 2732 4984 orbe
2762 4939 2901 4986 terra
2911 4948 3026 4986 rum
3048 4933 3300 4990 :edilicari
3323 4946 3506 5006 postu—

1933 5020 2026 5075 lat.
2065 5020 2358 5076 Jerusalem
2407 5022 2543 5076 visio
2580 5025 2726 5091 pacis
2764 5023 3165 5094 interpretatur.
3218 5026 3509 5096 zEdi/icen-

1929 5125 2012 5168 tur
2035 5129 2162 5185 ergo
2183 5115 2320 5167 muri
2345 5113 2661 5179 Jerusalem,
2691 5114 2742 5168 id
2765 5124 2866 5180 est,
2900 5125 3239 5171 monumenta
3262 5125 3505 5173 constru-

1883 5269 1895 5273 η
1931 5215 2090 5260 antur
2112 5206 2528 5261 immortalitatis
2553 5215 2750 5261 nostra:
2784 5208 2839 5262 in
2875 5206 2979 5263 ﬁde
3012 5207 3087 5280 [et
3121 5207 3236 5278 spe]
3281 5216 3336 5262 et
3374 5209 3505 5264 cha-

1929 5298 2108 5351 ritate.

2003 5389 2163 5443 Vsas.
2193 5388 2526 5444 2L—Tunc
2573 5391 2862 5461 acreptabis
2905 5389 3219 5460 sacriﬁcium
3253 5394 3498 5464 justiticc,

1928 5479 2214 5536 oblationes
2247 5491 2293 5536 et
2330 5481 2653 5546 holocausta,
2691 5491 2813 5536 tunc
2851 5485 3112 5554 imponent
3143 5503 3296 5558 super
3337 5487 3504 5545 altare

1929 5582 2078 5626 tuum
2104 5573 2308 5628 vitulos.
2354 5573 2501 5628 Patri
2539 5573 2772 5627 dicitur:
2801 5572 2944 5628 Tunc
2978 5577 3265 5646 acceptabis
3300 5581 3506 5650 sacriﬁ-

1931 5671 2069 5723 cium
2092 5667 2340 5737 justitiaz,
2370 5667 2423 5722 id
2445 5675 2547 5732 est,
2573 5667 2696 5722 Filii
2718 5667 3158 5738 gloriosissimam
3175 5672 3502 5741 passionem,

1927 5760 2022 5832 qui
2053 5777 2113 5817 se
2146 5761 2468 5817 sacrificium
2505 5777 2603 5831 pro
2645 5744 2894 5817 omnibus
2935 5763 3147 5829 obtulit,
3180 5775 3243 5820 ut
3278 5767 3503 5823 salutem

1929 5853 2182 5920 mundus,
2207 5870 2364 5924 quam
2393 5855 2504 5910 suis
2531 5854 2781 5924 operibus
2806 5870 2910 5910 non
2943 5857 3270 5927 merebatur,
3297 5861 3503 5931 accipe-

2991 5971 3065 6033 19
