4066 6484
537 449 639 504 587

1380 449 1436 500 Β.
1478 447 1538 500 F.
1577 447 1804 502 ALBlNl
1843 447 1978 501 SEU
2017 445 2295 503 ALCUINI
2329 443 2619 502 OPERUM
2657 434 2838 502 PARS
2874 447 2939 502 ll.

3686 445 3788 504 588

536 576 639 622 ret.
679 564 833 633 Quod
858 577 988 620 vero
1005 565 1100 629 ait,
1123 562 1817 628 oblationesetholocausta,
1841 563 1906 618 ad
1925 561 2110 616 ﬁdeles
2138 565 2188 626 Α
2216 562 2326 626 dat,
2367 561 2602 632 postulat
2642 561 2900 618 auxilium
2952 561 3008 616 in
3048 562 3195 618 omni
3241 563 3483 634 angustia
3525 563 3785 622 divinum.

533 660 700 716 etiam
725 657 958 729 pertinet
983 655 1318 712 Christianos
1335 694 1351 718 ,
1377 654 1653 723 quierant
1674 663 1796 725 post
1823 656 2129 716 adventum.

535 749 750 812 Domini
775 747 1051 811 credituri,
1078 745 1449 817 signiﬁcatque
1473 745 1796 802 immolanda
1821 745 1989 803 corda
2013 747 2110 802 ho-

534 845 742 900 minum
791 842 1104 903 viventium,
1147 854 1254 896 non
1291 841 1529 894 membra
1569 840 1834 909 pecudum
1872 848 2110 896 mortua-

535 952 676 992 rum.
716 933 858 991 Tunc
874 934 1136 1003 imponent
1162 947 1316 1001 super
1342 929 1509 988 altare
1530 939 1679 985 tuum
1698 929 1906 995 vitulos,
1931 945 2110 986 sacer-

534 1025 687 1087 dotes
705 1023 930 1088 scilicet,
944 1022 1160 1091 quando
1181 1020 1420 1076 Ecclesia
1432 1021 1696 1077 catholica
1713 1020 1877 1080 fuerit
1895 1023 2108 1078 Domini

533 1115 784 1186 passione
799 1120 1126 1170 constructa.
1176 1111 1381 1168 Vitulos
1401 1113 1596 1182 quippe
1627 1112 1806 1182 posuit
1831 1127 1932 1183 pro
1955 1113 2109 1187 inno—

532 1207 776 1264 centibus
809 1203 1028 1271 adultis,
1067 1218 1300 1274 quorum
1330 1213 1464 1260 aetas
1498 1205 1670 1273 prima
1703 1213 1809 1270 est,
1846 1212 1902 1260 et
1923 1221 1955 1258 a
1977 1204 2108 1278 jugo

529 1298 736 1368 peccati
758 1297 941 1354 cervix
961 1297 1221 1366 probatur
1238 1297 1428 1354 aliena.
1462 1296 1570 1353 Aut
1591 1296 1713 1353 illos
1731 1298 2109 1367 praedicatores

530 1386 804 1459 Evangelii
836 1387 1124 1458 promittit,
1165 1402 1396 1457 quorum
1433 1389 1723 1460 imaginem
1758 1388 1813 1443 in
1853 1389 2007 1444 vituli
2045 1388 2110 1443 ii-

530 1494 662 1551 gura
694 1481 867 1536 Lucas
903 1478 1278 1553 [evangelista]
1317 1482 1590 1552 suscepit:
1617 1481 1722 1538 nisi
1756 1479 1899 1537 forte
1935 1481 2108 1551 magis

529 1569 651 1626 illos
681 1567 835 1644 [Hs.,
866 1571 980 1626 sive
1004 1569 1122 1626 illos
1159 1571 1351 1644 magis]
1391 1572 1588 1634 vitulos
1620 1573 1876 1629 debemus
1911 1572 2109 1628 intelli-

529 1678 679 1736 gere,
716 1662 810 1733 qui
847 1662 1055 1718 animas
1092 1678 1217 1718 suas
1256 1663 1311 1718 in
1343 1663 1570 1719 hostiam
1617 1665 1896 1720 suavitati
1936 1663 2112 1720 sacris

529 1751 791 1810 altaribus
813 1752 1141 1810 obtulerunt.

600 1843 710 1901 Nos
730 1859 944 1915 quoque
967 1843 1154 1900 famuli
1180 1845 1276 1911 tui,
1301 1845 1526 1901 Domine
1546 1846 1694 1912 lesu,
1716 1846 1983 1916 supplices
2007 1845 2104 1900 de-

2209 654 2333 711 Ideo
2375 653 2767 728 subsequenter
2793 655 2870 710 ait
2899 648 3146 710 :Inclina
3177 655 3337 728 355
3377 657 3444 710 ad
3485 673 3565 710 me
3609 674 3790 714 aurem

2208 757 2374 813 tuam,
2406 748 2459 802 id
2494 755 2596 813 est,
2634 749 2925 820 benignum
2951 749 3131 818 praebe
3165 749 3424 804 auditum.
3464 748 3521 804 1n
3554 765 3790 820 quacun-

2209 854 2314 910 que
2353 841 2440 896 dic
2476 840 2796 896 invocarem
2840 847 2913 907 te,
2962 839 3018 894 id
3055 847 3160 904 est,
3206 839 3262 892 in
3307 839 3391 894 die
3428 839 3791 896 tribulationis

2209 945 2363 994 meae.
2407 927 2538 986 Dies
2558 930 2919 990 tribulationis
2950 937 3006 986 et
3043 929 3352 988 tentationis
3387 929 3500 985 haec
3535 930 3646 985 vita
3689 936 3789 997 est,

2210 1022 2266 1076 in
2285 1037 2391 1092 qua
2411 1019 2668 1078 velociter
2686 1038 2744 1078 se
2768 1023 2874 1079 iste
2893 1023 3161 1093 ptenitens
3183 1021 3424 1078 exaudiri
3444 1023 3790 1093 deprecatur,

2210 1129 2278 1171 ne
2299 1123 2471 1172 morte
2499 1116 2860 1187 pravenicnte
2887 1115 3136 1187 indignus
3163 1115 3236 1170 sit
3261 1115 3526 1170 exaudiri.
3573 1114 3714 1181 Quia
3739 1115 3790 1168 in

2209 1207 2315 1264 hac
2351 1208 2464 1264 vita
2495 1216 2704 1277 tempus
2734 1215 2816 1262 est
2843 1207 3248 1271 misericordiae,
3271 1206 3326 1260 in
3351 1204 3534 1262 futura
3558 1221 3691 1260 vero
3706 1204 3792 1277 ju-

2210 1297 2356 1363 dicii,
2397 1297 2525 1356 dum
2568 1299 2755 1354 reddet
2801 1299 2943 1354 Deus
2989 1298 3278 1370 unicuique
3321 1298 3621 1360 scumdum
3665 1311 3791 1370 ope-

2211 1403 2271 1442 ra
2297 1403 2418 1444 sua.

2282 1483 2442 1539 Vsus.
2471 1481 2765 1549 L—Quia
2798 1483 3097 1554 defecerunt
3130 1484 3265 1538 sicut
3297 1483 3473 1553 fumus
3510 1484 3624 1538 dies
3669 1484 3790 1538 mei.

2213 1573 2365 1634 Sicut
2389 1574 2569 1634 fumus
2589 1576 2834 1630 veniente
2862 1584 3022 1632 vento
3050 1576 3104 1629 in
3133 1591 3294 1631 auras
3320 1576 3649 1648 dispergitur
3670 1615 3686 1644 ,
3719 1576 3793 1630 ita

2213 1664 2432 1738 [omnis]
2459 1666 2707 1736 superbia
2732 1666 2891 1735 hujus
2912 1667 3036 1723 vitae
3065 1677 3236 1724 morte
3259 1668 3792 1741 pratvenientcllfs"

2210 1754 2479 1830 veniente]
2515 1759 2808 1813 evanescit.
2861 1758 2961 1826 Qui
3004 1759 3163 1815 hodie
3193 1749 3487 1826 extollitur,
3531 1777 3656 1816 cras
3688 1776 3793 1816 non

2212 1849 2315 1903 erit
2340 1867 2352 1901 :
2380 1850 2523 1917 quod
2544 1848 2646 1904 iste
2665 1850 2936 1919 pmnitens
2957 1866 3280 1922 agnoscens,
3308 1852 3654 1910 miseriarum
3671 1869 3794 1908 sua-

529 1953 838 2010 precamur,
887 1945 947 1992 ut
993 1937 1210 2008 pietatis
1253 1939 1480 1996 consilio
1526 1941 1736 2011 magnis
1779 1938 2109 1995 facinoribus
2138 1941 2188 2008 Β
2215 1957 2336 2000 rum
2359 1941 2472 1997 dies
2491 1942 2716 2013 plangit,
2738 1943 2888 1998 fumo
2910 1957 3031 1998 esse
3054 1943 3279 2006 similes.

530 2029 731 2086 nostris
769 2030 1090 2084 immensam
1137 2029 1560 2085 misericordiam
1599 2031 1866 2102 largiaris,
1905 2045 2114 2099 nosque

527 2136 627 2193 per
646 2121 825 2177 cordis
842 2122 1222 2178 contritionem
1243 2122 1554 2179 humiliatos
1577 2124 1631 2178 in
1650 2124 1935 2178 mactanda
1957 2123 2108 2188 vitia,

521 2210 817 2286 iaculando
862 2213 1080 2280 delicta.
1119 2213 1342 2285 dignum
1373 2223 1430 2272 et
1475 2215 1805 2287 acceptabile
1838 2230 2112 2286 prepares

477 2301 480 2306 ’
528 2303 920 2363 holocaustum.
961 2304 1158 2362 Amen.

1087 2397 1409 2458 PSALMUS
1459 2398 1544 2456 Cl.

599 2491 764 2549 Vens.
803 2477 1150 2547 l.-—Psalmi
1171 2491 1378 2565 [hujus]
1403 2493 1628 2548 titulus:
1655 2492 1841 2548 Oratio
1865 2494 2110 2565 pauperis

525 2601 646 2642 sum
690 2585 966 2657 afﬂixerit,
1019 2596 1066 2640 et
1116 2602 1292 2640 coram
1349 2585 1573 2641 Domino
1616 2587 1858 2656 effuderit
1907 2602 2112 2657 precem

525 2693 697 2735 mm.
743 2677 860 2732 Vox
879 2685 961 2733 est
981 2675 1265 2747 aﬂiigentis
1291 2686 1344 2731 et
1370 2678 1634 2748 gementis
1654 2678 1907 2748 pauperis
1928 2677 1983 2731 in
2007 2678 2115 2734 hoc

524 2768 753 2841 psalmo,
781 2773 836 2823 et
860 2767 1106 2823 miserias
1132 2783 1256 2823 suas
1281 2769 1526 2838 piissimo
1546 2769 1714 2839 judici
1753 2785 1873 2824 cum
1916 2783 2111 2838 magna

525 2861 830 2918 humilitate
854 2859 1143 2927 oﬂ'erentis,
1178 2861 1319 2916 sicut
1345 2861 1398 2916 in
1435 2861 1588 2916 titulo
1625 2861 1825 2916 Psalmi
1864 2861 2111 2930 praescri-

525 2954 696 3021 bitur,
716 2969 823 3025 quo
840 2954 909 3010 ab
929 2955 1197 3022 oratione,
1218 2970 1339 3025 qua:
1355 2956 1423 3010 ad
1445 2956 1611 3009 Deum
1631 2954 1887 3027 [clamore
1909 2935 2108 3026 valido]

525 3044 798 3118 dirigitur,
829 3045 1016 3116 incipit
1042 3061 1246 3118 pauper
1270 3046 1396 3112 istc,
1417 3046 1492 3100 ita
1519 3046 1738 3101 dicens:

600 3137 760 3194 Vens.
789 3137 846 3193 2.
863 3138 1190 3206 -—Domiae,
1221 3139 1415 3193 exaudi
1435 3139 1723 3193 orationem
1744 3155 1914 3194 meam
1932 3149 1980 3193 et
2001 3140 2110 3194 cla-

526 3245 642 3286 mor
668 3245 813 3286 meus
843 3230 913 3286 ad
955 3238 1005 3286 te
1044 3232 1215 3286 veniat
1255 3229 1402 3303 [Ms.,
1438 3230 1745 3304 perveniat].
1796 3229 1924 3286 Haec
1964 3231 2110 3286 enim

528 3339 632 3380 vos
665 3333 750 3380 est
783 3325 1115 3396 paenitentis,
1147 3324 1350 3395 Deique
1373 3325 1714 3381 clementiam
1746 3339 1845 3394 pro
1872 3326 2111 3394 peccatis

527 3413 638 3470 suis
677 3414 1038 3486 deprecantis,
1084 3429 1149 3470 ac
1192 3416 1368 3484 primo
1411 3416 1650 3470 omnium
1693 3425 1752 3470 ut
1791 3417 2112 3471 exaudiatur

527 3504 844 3576 postulantis
866 3522 880 3558 :
903 3505 1047 3576 quod
1077 3520 1284 3577 magnae
1310 3507 1423 3576 spei
1461 3507 1618 3562 estin
1640 3508 1975 3563 orationibus
1991 3523 2110 3564 cre-

529 3599 677 3664 dere,
707 3611 767 3655 se
803 3612 963 3669 posse
1003 3612 1034 3652 a
1075 3599 1184 3655 Deo
1219 3601 1480 3656 exaudiri.
1526 3600 1650 3656 ideo
1683 3602 1860 3656 omnis
1895 3602 2111 3671 penitus

529 3688 775 3744 humiliet
795 3689 1053 3759 seipsum,
1075 3700 1130 3746 et
1151 3691 1431 3747 humiliato
1452 3693 1793 3762 contritoque
1815 3693 1976 3749 corde
1993 3695 2110 3749 cla-

528 3785 642 3834 met
663 3779 732 3835 ad
757 3779 1042 3837 Dominum
1070 3800 1083 3836 :
1114 3784 1260 3853 quia,
1291 3786 1429 3840 sicut
1447 3786 1504 3839 in
1524 3785 1631 3839 alio
1649 3786 1847 3840 dicitur
1877 3786 2107 3856 psalmo,

528 3888 621 3928 cor
664 3874 944 3928 contritum
990 3875 1133 3930 Deus
1182 3893 1284 3930 non
1324 3879 1538 3948 spernit.
1579 3877 1764 3934 Oratio
1808 3887 1893 3933 est
1928 3879 2109 3935 suavis

528 3966 719 4034 animi,
740 3982 862 4023 cum
881 3970 1293 4040 compunctione
1312 3969 1492 4026 cordis
1514 3954 1844 4041 [deprecatio
1865 3987 1878 4036 ;
1905 3970 2110 4024 clamor

528 4068 614 4116 est
646 4059 792 4118 vocis
827 4061 1056 4131 prolata,
1091 4077 1214 4117 cum
1249 4062 1544 4117 intentione
1580 4062 1780 4134 cordis]
1817 4062 2106 4117 confessio.

527 4149 714 4207 Primo
741 4161 922 4208 autem
949 4152 1128 4223 posuit
1148 4151 1467 4219 orationem,
1501 4167 1644 4207 nunc
1678 4152 1876 4221 adjecit
1909 4152 2110 4206 clamo-

530 4257 669 4310 rem,
715 4252 778 4298 ut
813 4244 989 4299 studia
1023 4243 1427 4314 supplicationis
1457 4244 1696 4300 crevisse
1733 4258 2107 4315 cognosceres,

531 4333 684 4406 citius
708 4335 1010 4392 orationem
1037 4334 1093 4389 in
1133 4335 1425 4391 clamorem
1466 4335 1761 4390 maximum
1800 4336 2111 4405 prorupisse

532 4429 875 4502 intelligeres.
919 4426 1074 4484 Hunc
1093 4441 1225 4484 vero
1245 4427 1466 4484 modum
1491 4435 1692 4484 sancta:
1714 4426 1972 4483 Orationis
1991 4442 2108 4482 ser-

530 4519 764 4575 vandum
802 4518 1178 4574 devotissimus
1215 4515 1554 4573 Christianus
1593 4517 1871 4590 intelligat,
1915 4525 1971 4572 ut
2007 4518 2109 4591 [id-

532 4609 731 4684 ipsum]
763 4611 1088 4683 cogitatione
1122 4617 1480 4681 prosequatur
1513 4608 1680 4683 [quod
1714 4612 1892 4667 verbis
1925 4611 2112 4667 eﬂudit

533 4703 730 4778 (Edit.,
777 4711 838 4759 ut
887 4704 1063 4774 ipsum
1100 4703 1430 4775 cogitatione
1474 4712 1864 4774 prosequatur;
1898 4714 1954 4758 et
1984 4720 2107 4759 cum

531 4793 700 4857 verba
718 4792 986 4869 cffundit)]
1013 4812 1026 4848 :
1051 4794 1229 4864 ipsum
1254 4794 1509 4866 respiciat
1539 4804 1737 4862 mente,
1781 4795 1866 4850 cui
1910 4797 2110 4866 suppli—

533 4897 652 4958 cat;
683 4903 872 4946 omnes
897 4887 1196 4958 superfluas
1221 4887 1575 4959 cogitationes
1600 4888 1867 4954 excludat,
1899 4905 2019 4958 quae
2043 4887 2110 4943 ab

533 4985 752 5042 inimico
767 4984 1107 5057 ingeruntur,
1134 4988 1195 5035 ut
1217 4978 1403 5037 efficax
1431 4981 1608 5036 oratio
1641 4995 1711 5036 ex
1741 4981 1919 5036 cordis
1951 4979 2109 5035 clari-

533 5087 647 5136 tate
676 5078 954 5149 perveniat
985 5075 1051 5130 ad
1081 5075 1267 5140 Deum,
1309 5075 1448 5130 sicut
1474 5075 1761 5147 Apostolus
1797 5074 1906 5127 ait:
1934 5069 2108 5125 Orabo

534 5171 740 5240 spiritu,
784 5169 945 5225 orabo
985 5177 1033 5223 et
1075 5178 1276 5236 mente;
1307 5167 1532 5239 psallam
1567 5168 1776 5239 spiritu,
1809 5162 2029 5236 psallam
2065 5170 2112 5217 et

535 5271 702 5316 mente
723 5261 775 5334 (1
799 5261 920 5316 Cor.
953 5277 1064 5326 xiv,
1096 5260 1206 5333 l5).
1258 5259 1411 5316 Tunc
1433 5259 1577 5317 enim
1603 5273 1634 5313 a
1661 5259 1771 5313 Deo
1791 5265 2008 5326 accepta
2029 5264 2114 5310 est

535 5354 710 5410 oratio
733 5355 999 5420 canentis,
1030 5355 1076 5410 si
1097 5369 1233 5424 pura
1256 5368 1409 5408 mens
1432 5353 1574 5408 idem
1595 5351 1753 5424 gerit,
1781 5351 1923 5419 quod
1943 5349 2113 5420 expli-

536 5455 624 5504 cat
649 5462 764 5505 ore.

607 5541 770 5598 Vens.
795 5537 1036 5596 5.-Νε
1053 5548 1254 5594 arenas
1283 5538 1471 5608 faciem
1506 5545 1648 5589 tuam
1693 5553 1725 5588 a
1761 5551 1862 5599 me,
1895 5535 1950 5587 in
1987 5549 2114 5603 qua-

537 5647 739 5706 cunque
759 5631 845 5686 die
870 5629 1108 5686 tribulor.
1147 5629 1337 5684 Facies
1377 5626 1584 5683 Domini
1619 5641 1717 5697 pro
1745 5625 2112 5680 misericordia

539 5725 636 5782 Dei
661 5725 878 5791 dicitur,
907 5739 1069 5794 quam
1097 5722 1199 5778 iste
1221 5737 1446 5792 pauper,
1498 5735 1716 5791 gemens
1759 5728 1812 5773 et
1846 5721 2113 5788 paenitens

541 5834 572 5873 a
595 5833 655 5874 se
678 5833 786 5873 non
821 5817 989 5872 averti
1015 5817 1351 5884 deprecatur.
1397 5813 1463 5866 In
1493 5829 1797 5882 quacunque
1830 5812 1913 5866 die
1949 5813 2113 5868 tribu-

528 5911 642 5964 ‘lor.
695 5911 956 5976 Quaelibet
977 5925 1034 5965 sc
1055 5909 1280 5963 tentatio
1306 5907 1461 5980 [Ms.,
1495 5909 1788 5977 tribulatio]
1822 5910 2112 5978 apprehen—

2283 2031 2444 2087 Vnss.
2479 2031 2920 2088 5.—Percussus
2951 2050 3067 2088 sum
3108 2043 3163 2088 ut
3204 2034 3403 2104 fenum,
3446 2040 3497 2088 et
3529 2035 3672 2088 aruit
3709 2051 3796 2088 car

2211 2142 2404 2182 meum.
2444 2127 2603 2183 Venit
2630 2128 2734 2183 iste
2773 2129 3042 2197 ptenitens
3071 2127 3138 2184 ad
3163 2127 3394 2182 ﬂebilem
3423 2127 3798 2185 narrationem

2211 2219 2552 2282 miseriarum
2589 2219 2838 2276 humanas
2877 2217 3185 2290 fragilitatis
3223 2216 3364 2290 (quae
3388 2226 3450 2272 ut
3475 2216 3666 2273 fenum
3689 2218 3797 2273 cito

2211 2313 2430 2378 decidit,
2460 2312 2548 2368 ubi
2583 2312 2765 2381 aliquo
2791 2327 2920 2368 casu
2948 2311 3184 2370 arefacta
3209 2311 3393 2383 fuerit)
3432 2320 3496 2366 ut
3538 2311 3796 2368 festimn-

2213 2416 2296 2463 ter
2329 2407 2524 2461 divinaz
2564 2406 2864 2461 remedium
2903 2405 3286 2461 misericordia:
3329 2403 3621 2473 acciperet,
3672 2405 3796 2460 dum

2212 2498 2485 2554 miseriam
2507 2511 2660 2552 suam
2686 2497 2776 2567 pio
2803 2496 3012 2554 medico
3038 2510 3144 2554 non
3175 2503 3400 2552 taceret.
3436 2493 3540 2562 Qui
3566 2495 3623 2550 in
3648 2510 3796 2549 man-

2211 2589 2352 2644 datis
2379 2588 2593 2644 Domini
2615 2587 2848 2657 proficit,
2881 2587 3004 2646 feno
3028 2585 3208 2659 [viridi
3235 2594 3289 2642 et
3314 2585 3529 2643 florenti
3555 2586 3795 2654 aequabi-

2212 2691 2321 2748 tur,
2369 2691 2622 2752 peccator
2668 2696 2798 2737 vero
2846 2680 3111 2738 arescenti
3161 2678 3308 2752 feno]
3367 2678 3794 2748 comparabitur.

2213 2775 2351 2842 Quia
2391 2774 2584 2830 oblitus
2625 2791 2739 2830 sum
2776 2774 3044 2830 comedere
3070 2773 3214 2845 [Ms.,
3240 2771 3586 2843 manducare]
3615 2787 3798 2842 partem

2210 2885 2402 2924 meum.
2453 2868 2613 2924 Panis
2645 2868 2790 2923 enim
2823 2867 2977 2923 nobis
3017 2867 3140 2922 vitae
3168 2874 3250 2921 est
3272 2873 3669 2935 praceptorum
3698 2864 3798 2918 Do—

2212 2958 2346 3014 mini
2379 2958 2708 3023 observatio,
2751 2973 2913 3028 quem
2951 2965 3202 3027 peccator
3239 2954 3578 3010 obliviscitur
3616 2954 3798 3020 edere,

2212 3049 2342 3106 dum
2387 3049 2764 3120 iniquitatibus
2804 3049 2890 3103 vel
2925 3048 3160 3120 peccatis
3202 3063 3260 3104 se
3302 3047 3416 3108 suis
3457 3046 3797 3117 obligaverit.

2211 3138 2312 3196 Hic
2343 3141 2488 3198 enim
2525 3141 2846 3211 exprimitur
2867 3147 3058 3196 natura
3087 3139 3444 3210 peccantium,
3477 3139 3606 3208 quia
3647 3138 3797 3211 [Hs.,

2212 3229 2342 3304 qua]
2390 3234 2518 3288 dum
2556 3232 2810 3291 delictum
2841 3232 3126 3303 appetitur,
3165 3229 3548 3300 contemplatio
3587 3229 3799 3286 Domini

2138 3301 2184 3366 ο
2215 3301 2594 3382 non‘habetur.

2284 3416 2448 3474 Vsus.
2499 3415 2692 3472 6.-—A
2739 3433 2857 3471 voce
2899 3416 3120 3486 gemitus
3161 3416 3266 3470 mei
3307 3414 3641 3478 adhwserunt
3684 3430 3822 3471 ossa.

2213 3524 2328 3564 mea
2355 3509 2504 3564 carni
2527 3525 2673 3564 mere.
2729 3507 2960 3578 Dignum
2997 3515 3081 3562 est
3109 3523 3322 3578 gemere
3350 3523 3473 3563 eum
3500 3507 3596 3576 qui
3623 3505 3803 3576 perdit

2204 3600 2491 3671 justitiam,
2520 3609 2580 3655 ut
2606 3601 2816 3656 lucrum
2838 3599 3113 3670 acquirat,
3133 3601 3218 3654 vel
3239 3606 3459 3669 peccato
3487 3599 3710 3653 cuilibet
3737 3610 3802 3651 se

2212 3689 2482 3759 subjiciat.
2529 3690 2894 3755 Adhwserunt,
2926 3690 3120 3759 inquit,
3155 3706 3274 3744 ossa
3309 3706 3424 3741 mea
3459 3686 3609 3739 carni
3649 3702 3796 3748 meis,

2211 3783 2264 3838 id
2288 3791 2388 3847 est,
2419 3782 2678 3837 fortitudo
2702 3796 2820 3836 mea
2847 3778 3154 3835 carnalibus
3185 3777 3484 3843 desideriis,
3511 3792 3636 3846 quae
3662 3775 3799 3830 mili-

2210 3883 2328 3930 tant
2352 3874 2612 3930 adversus
2639 3873 2876 3928 animam
2905 3870 3149 3945 [meam],
3186 3872 3240 3925 in
3274 3886 3382 3941 qua
3410 3869 3672 3926 fortitudo
3707 3869 3800 3924 de—

2210 3968 2304 4022 bet
2349 3980 2469 4023 esse
2518 3964 2740 4037 regendi
2789 3972 2845 4021 et
2899 3963 3286 4034 comprimendi
3339 3962 3554 4018 illicitos
3622 3961 3800 4018 carnis

2211 4067 2408 4116 motus.

2282 4153 2441 4210 Vsus.
2473 4151 2526 4220 Ἰ,
2555 4150 2910 4223 8.—$milis
2937 4150 3107 4221 factus
3130 4166 3247 4204 sum
3266 4148 3503 4220 pelicano
3530 4149 3588 4204 in
3616 4148 3802 4205 solitu-

2210 4247 2352 4313 dine,
2379 4247 2514 4302 sicut
2545 4246 2847 4319 nycticoraa;
2873 4243 2930 4298 in
2960 4242 3246 4297 domicilio.
3303 4239 3523 4312 Vigilavi
3553 4251 3601 4294 et
3630 4241 3800 4310 [actus

2211 4353 2327 4390 sum
2373 4337 2506 4392 sicut
2558 4352 2738 4406 passer
2787 4334 3054 4389 solitarius
3104 4333 3159 4386 in
3217 4341 3370 4386 tecto.
3425 4331 3467 4385 T
3474 4331 3549 4385 ria
3600 4345 3800 4402 genera

2212 4433 2391 4487 avium
2424 4432 2626 4502 posuit,
2667 4438 2722 4486 et
2753 4430 2854 4484 tria
2887 4428 3003 4484 loca
3047 4425 3395 4483 habitationis
3435 4424 3668 4486 illarum,
3704 4439 3802 4494 per

2211 4539 2330 4593 quae
2356 4521 2567 4578 diversa
2596 4521 2750 4576 nobis
2781 4518 3158 4590 paenitentiam
3195 4531 3394 4588 genera
3421 4513 3804 4572 demonstran-

2212 4623 2318 4670 tur.
2366 4615 2648 4671 Pelicanus
2685 4621 2769 4670 est
2811 4613 2927 4668 avis
2963 4610 3312 4684 Egyptiaca,
3354 4607 3588 4664 naturali
3627 4607 3803 4664 macie
3869 4606 3892 4620 ⁸

2211 4723 2424 4778 semper
2456 4705 2665 4772 affecta,
2701 4703 3080 4761 solitudinibus
3117 4717 3176 4758 se
3209 4701 3522 4766 delectans;
3569 4699 3712 4752 sicut
3746 4699 3802 4750 in

2209 4803 2414 4857 crebris
2449 4799 2668 4871 jejuniis
2708 4801 3033 4870 poenitentes
3071 4812 3190 4852 esse
3229 4793 3499 4850 convenit.
3543 4791 3652 4848 Per
3699 4794 3802 4847 hoc

2209 4909 2337 4964 ergo
2363 4893 2542 4948 avium
2566 4906 2734 4962 genus
2755 4889 3116 4958 pulcherrime
3137 4885 3512 4955 signiﬁcantur
3527 4885 3699 4940 eremi
3708 4893 3799 4946 ue,

2209 4986 2300 5055 qui
2355 4984 2632 5039 hominum
2679 4982 2952 5037 consortio
2993 4980 3269 5042 derelicto,
3315 4975 3534 5048 [timore
3579 4975 3801 5030 Domini

2209 5074 2486 5148 commoti]
2511 5091 2570 5131 se
2589 5073 2758 5129 multa
2778 5072 3062 5129 afﬂictione
3082 5069 3427 5126 discruciant.
3467 5067 3804 5140 Nycticorax

2213 5168 2404 5222 Latino
2428 5166 2690 5222 vocabulo
2715 5166 2888 5222 noctis
2915 5179 3111 5220 corvus
3134 5162 3238 5218 dici
3261 5169 3458 5232 potest,
3497 5175 3689 5215 amans
3718 5169 3806 5213 to-

2213 5261 2425 5324 nebras,
2456 5273 2560 5315 non
2593 5259 2796 5327 lucem;
2827 5274 2986 5328 quem
3013 5258 3116 5313 sibi
3143 5271 3298 5311 escas
3320 5253 3568 5310 noctibus
3590 5266 3807 5323 qurere-

2214 5368 2273 5408 re
2327 5357 2536 5406 constat
2569 5369 2582 5404 :
2621 5351 2694 5404 ita
2737 5351 3004 5419 paenitens
3046 5349 3202 5403 debet
3243 5355 3508 5402 nocturno
3549 5354 3807 5415 tenuiore

2211 5458 2366 5499 escas
2403 5443 2596 5498 animas
2636 5442 2862 5497 sollicita
2903 5439 3213 5495 curiositate
3260 5438 3574 5508 perquirere
3597 5478 3612 5502 ,
3667 5435 3807 5490 licet

2211 5536 2482 5592 communi
2513 5535 2919 5591 conversatione
2948 5533 3001 5587 in
3032 5530 3300 5587 domicilio
3325 5529 3620 5584 multorum
3647 5525 3807 5581 habi-

2211 5637 2329 5683 tare
2369 5629 2630 5683 videatur.
2677 5625 2900 5697 Vigilam'
2926 5635 2974 5679 et
3003 5625 3174 5693 factus
3198 5640 3314 5678 sum
3341 5622 3473 5676 sicut
3501 5636 3683 5692 passer
3712 5633 3809 5673 so-

2212 5721 2421 5776 litarius
2445 5722 2502 5775 in
2529 5730 2681 5776 tecto.
2721 5718 2916 5774 Passer
2943 5717 3058 5772 avis
3093 5725 3176 5772 est
3209 5714 3543 5778 acutissima,
3580 5728 3702 5777 qua:
3746 5709 3808 5762 ist

2213 5815 2370 5871 tectis
2411 5814 2659 5870 habitare
2703 5800 2874 5875 solet,
2920 5811 3151 5866 humana
3199 5810 3436 5880 gaudens
3473 5801 3763 5856 vicinitate
3787 5817 3805 5853 :

2215 5910 2340 5962 huic
2384 5909 2575 5961 merito
2621 5913 2980 5972 comparatur,
3026 5905 3119 5969 qui
3162 5897 3436 5952 diabolica:
3478 5897 3812 5953 calliditatis
