4066 6492
290 467 396 531 £589~

886 467 1294 528 exsomnes.
1331 501 1404 512 -
1438 459 1799 527 nitrosum
1831 455 1902 524 ut
1941 465 2132 524 PSAL.
2173 461 2770 539 PlENlTENTlALES,
2815 473 2962 530 ETC.

3431 477 3535 537 590

287 586 490 644 naudes
517 582 748 656 fugiens,
777 585 973 656 vigiliis
993 595 1049 642 et
1069 586 1423 656 orationibus,
1449 594 1503 641 et
1527 583 1858 656 pmnitentite
1883 581 1934 646 Α
1959 584 2094 639 siam
2131 585 2429 656 Optantium
2469 587 2756 642 adventum
2787 587 3022 644 Domini.
3065 586 3374 666 Subiunxit]
3414 597 3540 665 quia

286 678 527 751 lacrymls
563 678 705 732 intra
743 685 931 734 sancta
967 674 1221 736 Ecclesia:
1256 685 1406 749 septa
1443 693 1501 735 se
1531 678 1746 734 munire
1781 675 1858 733 fe-

284 771 458 827 stinat.
1862 779 1863 782 ‘

347 860 508 916 γω.
538 857 823 915 9.—Tota
849 860 934 914 die
951 861 1345 934 ‘exprobrabant
1371 861 1497 917 mihi
1735 861 1854 926 mei,

280 963 323 1008 et
342 951 428 1024 qui
456 949 743 1006 laudabant
767 967 870 1017 me,
900 951 1176 1034 advfrsum
1204 968 1285 1006 me
1300 951 1572 1022 furebant.
1611 949 1718 1006 Ore
1743 950 1858 1005 lau-

281 1043 497 1109 dabant,
529 1051 585 1098 et
624 1041 790 1098 corde
822 1041 1046 1098 insidias
1080 1043 1473 1114 przeparabant.
1522 1038 1850 1106 Laudabant,

278 1144 332 1192 ut
360 1135 700 1207 deciperent;
725 1136 1110 1206 praedicabant,
1135 1145 1196 1190 ut
1225 1135 1599 1190 subverterent
1630 1149 1644 1186 :
1676 1142 1728 1189 et
1753 1133 1857 1189 hoc

275 1245 303 1284 a
346 1227 583 1294 diabolo,
633 1227 726 1296 qui
765 1227 812 1282 si
850 1225 1081 1296 publicis
1121 1226 1356 1297 peccatis
1398 1237 1612 1280 servum
1653 1222 1854 1279 Christi

274 1321 588 1376 subvertere
615 1331 724 1374 non
749 1318 974 1388 poterit,
1008 1316 1312 1388 opprobriis
1341 1324 1394 1371 et
1424 1314 1856 1384 reprehensioni-

271 1415 368 1470 bus
395 1409 960 1467 circumhabitantium
990 1424 1021 1462 a
1045 1409 1131 1463 via
1160 1406 1403 1461 veritatis
1426 1419 1551 1461 eum
1583 1405 1856 1459 deterrere

271 1505 478 1560 nititur.
525 1501 661 1558 Sunt
699 1500 916 1570 plurimi
954 1499 1094 1554 bona
1129 1498 1308 1554 facere
1342 1499 1752 1561 erubescentes,
1787 1511 1856 1552 ne

268 1593 559 1649 dissimiles
586 1594 695 1648 sint
723 1590 1048 1646 multitudini
1078 1591 1219 1644 mala
1259 1589 1412 1662 [Ms.,
1451 1588 1613 1664 male]
1653 1587 1856 1643 facien-

270 1685 421 1738 tium.
444 1682 564 1739 Hoc
583 1694 797 1754 quoque
811 1689 1092 1752 peccatum
1103 1680 1376 1750 paenitens
1397 1679 1500 1735 iste
1520 1679 1858 1735 commisisse

265 1775 465 1831 fatetur
496 1773 655 1848 [Ms.,
681 1772 1010 1847 proﬁtetur].
1773 1773 1798 1798 ⁸

332 1867 503 1923 Vens.
535 1865 855 1933 lit—Quia
895 1865 1118 1921 cinerem
1144 1877 1394 1938 tanquam
1418 1879 1604 1936 panem
1631 1865 1857 1920 mandu-

259 1956 470 2024 cobam,
507 1968 554 2012 et
593 1951 772 2028 potum
810 1971 983 2011 meum
1023 1974 1140 2011 cum
1177 1958 1303 2027 ﬂetu
1341 1956 1636 2011 miscebam.
1677 1955 1856 2012 Pceni-
1882 1941 1932 2008 Β

261 2050 448 2117 tentis,
467 2047 744 2120 'hujusque
779 2047 960 2104 smculi
999 2047 1346 2119 despicientis
1385 2047 1628 2103 convivia
1668 2047 1857 2119 lugens

255 2143 362 2198 iste
385 2143 686 2213 exprimit:
711 2141 836 2212 quia
861 2155 960 2211 per
983 2139 1292 2211 huiusmodi
1331 2139 1636 2195 convivium
1669 2152 1858 2208 perve-

249 2236 372 2290 nire
419 2249 484 2289 se
533 2242 754 2304 sperant
807 2233 876 2286 ad
929 2244 1171 2286 mensam
1216 2230 1446 2285 Domini.
1497 2228 1854 2300 QuaprOpter,

244 2342 280 2383 ο
318 2335 589 2398 peccator
615 2367 629 2390 ,
671 2324 778 2380 noli
819 2326 1106 2393 desperare
1141 2323 1206 2377 de
1237 2322 1566 2390 indulgentia
1609 2328 1859 2390 peccato-

238 2433 390 2484 rum,
431 2418 506 2472 1η
536 2431 842 2490 quacunque
867 2417 951 2470 die
982 2416 1138 2485 fuerit
1167 2431 1442 2469 conversus
1470 2423 1727 2484 peccator,
1751 2414 1858 2466 vita

234 2511 398 2576 vivet,
426 2519 477 2562 et
503 2525 611 2561 non
630 2506 901 2560 morietur.
928 2504 1036 2560 Sed
1055 2504 1163 2558 noli
1185 2503 1394 2558 tardare
1414 2503 1640 2557 converti
1661 2502 1729 2555 ad
1752 2501 1860 2555 Do-

230 2603 474 2658 minum.
525 2597 856 2669 Indulgentia
883 2599 976 2654 tibi
1003 2596 1339 2653 convertenti
1371 2611 1401 2650 a
1433 2595 1671 2666 peccatis
1709 2603 1858 2648 certa

230 2702 342 2766 est,
379 2688 486 2748 sed
525 2692 796 2746 crastinus
832 2691 946 2746 dies
981 2690 1077 2745 tibi
1110 2691 1347 2746 incertus
1383 2697 1483 2744 est.
1529 2687 1696 2743 Hodie
1733 2701 1858 2742 con-

229 2794 492 2850 vertere,
529 2798 597 2838 ne
623 2781 762 2838 forte
787 2797 907 2838 cras
934 2783 1204 2838 moriaris.
1250 2780 1308 2838 Si
1333 2782 1472 2836 male
1501 2779 1683 2834 vixisti
1717 2780 1854 2842 heri,

235 2876 386 2931 bene
416 2873 549 2928 vive
581 2871 693 2943 jam
739 2873 921 2940 hodie,
967 2888 1174 2928 memor
1211 2872 1357 2927 illius
1396 2873 1461 2927 de
1499 2885 1608 2942 quo
1643 2870 1858 2926 Veritas

235 2969 316 3024 ait
343 2980 361 3023 ξ
388 2965 574 3024 Stulte
600 2965 697 3020 hac
725 2976 873 3020 nocte
903 2966 1154 3021 morieris
1183 2966 1337 3037 (Luc.
1366 2981 1462 3031 xu,
1489 2964 1603 3035 20).
1638 2963 1858 3034 Corrige

237 3070 317 3126 te,
351 3067 422 3115 ut
453 3059 513 3114 in
548 3073 774 3130 corpore
799 3058 1001 3114 Christi
1032 3059 1170 3114 hanc
1192 3073 1379 3114 vocem
1405 3057 1604 3112 habere
1633 3056 1813 3110 valeas
1840 3073 1852 3108 :

238 3152 526 3219 Quoniam
564 3151 786 3206 cinerem
825 3161 1075 3223 tanquam
1093 3163 1280 3224 panem
1304 3149 1708 3216 manducabam,
1745 3157 1852 3205 etc.

307 3242 492 3315 356
533 3241 702 3298 Vens.
732 3242 957 3297 ll.—A
997 3243 1131 3314 {acie
1169 3243 1264 3298 ine
1311 3241 1688 3314 indignationis
1729 3253 1849 3304 tua,

231 3339 359 3410 quia
404 3337 630 3394 elevans
673 3337 882 3393 allisisti
929 3353 1029 3393 me.
1076 3337 1310 3408 Exponit
1353 3337 1514 3394 isthic
1557 3337 1852 3409 gemendo,

232 3449 332 3488 cur
377 3449 442 3488 se
485 3441 646 3487 tanta
688 3430 974 3487 afﬂictione
1021 3431 1074 3486 in
1115 3433 1434 3502 poenitentia
1479 3429 1853 3504 fatiget:quia

230 3527 451 3583 scilicet
471 3530 616 3582 'cum
649 3526 728 3581 ira
767 3533 821 3581 et
862 3526 1231 3599 indignatione
1273 3525 1368 3581 Dei
1404 3525 1696 3591 nascimur,
1734 3541 1854 3595 quae

226 3621 482 3690 peccatis
518 3619 1037 3689 supervenientibus
1075 3619 1292 3693 gravior
1321 3617 1579 3684 eilicitur,
1615 3613 1734 3675 ideo
1761 3617 1854 3674 ad-

223 3711 341 3768 dit:
370 3711 528 3778 Quia
567 3714 774 3764 elevans
803 3710 1019 3766 allisisti
1036 3728 1135 3764 me.
1176 3709 1430 3766 Elevatus
1459 3718 1541 3766 est
1567 3707 1729 3766 homo
1759 3711 1855 3767 ho-

224 3817 358 3858 nore
400 3799 682 3873 imaginis
715 3799 808 3854 Dei
842 3807 896 3855 et
934 3801 1105 3856 libero
1134 3800 1358 3854 arbitrio
1387 3797 1700 3856 nobilitatus
1724 3813 1737 3853 :
1761 3799 1855 3855 sed

221 3893 327 3949 hec
355 3893 513 3949 male
540 3903 683 3947 usus
710 3892 897 3947 aiiisus
920 3900 1002 3948 est
1030 3899 1085 3947 et
1113 3891 1353 3965 deje'ctus
1383 3893 1436 3946 in
1459 3892 1600 3948 hanc
1631 3891 1852 3948 conval-

219 3986 327 4042 lem
361 3986 780 4058 laerymarum.

289 4078 469 4133 Vens.
504 4071 833 4131 12.——Dies
874 4073 975 4129 mei
1012 4076 1149 4130 sicut
1186 4073 1372 4128 umbra
1419 4071 1854 4128 declinaverunt:

217 4180 264 4224 et
289 4187 388 4242 ego
412 4173 577 4227 sicut
608 4169 786 4240 fenum
807 4169 945 4222 arui.
989 4167 1123 4235 Quia
1153 4167 1313 4222 homo
1344 4183 1375 4221 a
1406 4168 1515 4222 Deo
1546 4166 1852 4232 declinavit,

217 4265 534 4321 declinavit
584 4263 655 4318 ab
684 4277 749 4316 eo
773 4262 888 4318 dies
919 4262 1191 4318 felicitatis
1225 4261 1341 4329 ejus
1367 4276 1381 4314 :
1407 4261 1496 4331 qui
1535 4260 1635 4314 fuit
1671 4260 1758 4313 lux
1800 4259 1855 4312 in

215 4357 485 4424 Domino,
513 4355 720 4411 umbra
745 4354 921 4410 factus
949 4362 1032 4408 est
1061 4353 1113 4407 in
1143 4359 1396 4424 peccato;
1421 4359 1474 4409 et
1501 4351 1598 4407 llos
1635 4351 1758 4406 vita:
1788 4349 1853 4404 il-

213 4448 322 4505 lius
349 4450 512 4506 sicut
536 4447 735 4502 fenum
757 4443 903 4501 aruit
930 4463 942 4498 :
967 4461 1067 4500 nec
1087 4460 1324 4515 unquam
1349 4445 1722 4509 reviresceret,
1751 4440 1854 4496 nisi

211 4545 500 4616 sanguine
549 4539 769 4599 Christi
814 4540 1155 4611 irrigaretur.
1787 4607 1802 4615 _

284 4638 469 4693 Vnus.
509 4635 618 4692 15.
633 4665 704 4674 -
719 4633 799 4688 Tu
825 4644 1017 4697 autem,
1042 4631 1282 4693 Domine,
1306 4630 1361 4684 in
1380 4638 1632 4685 veternum
1654 4644 1856 4699 perma-

210 4746 328 4794 nes,
375 4741 430 4783 et
482 4723 813 4783 memoriale
847 4735 994 4778 tuum
1027 4724 1081 4777 in
1113 4721 1445 4792 generatione
1485 4729 1533 4774 et
1566 4719 1857 4792 generatio-

210 4835 358 4873 nem.
387 4816 510 4886 Qui
541 4831 617 4872 se
641 4829 813 4884 usque
840 4815 907 4868 ad
933 4814 1170 4868 cinerem
1200 4811 1512 4882 paenitendo
1539 4809 1733 4878 deiecit
1757 4826 1855 4881 pro

205 4914 476 4986 peccatis
529 4910 685 4976 suis,
722 4908 890 4965 Deum
925 4909 1192 4963 laudando
1235 4909 1289 4963 in
1330 4907 1606 4964 beneficiis
1647 4908 1759 4962 suis
1800 4922 1856 4962 se

209 5008 402 5063 erexit
436 5003 653 5062 dicens
688 5019 700 5054 :
735 5017 822 5056 me
864 5009 1144 5055 arescente
1181 5007 1236 5054 tu
1275 5015 1560 5071 permanes
1603 4999 1658 5054 in
1697 5007 1855 5054 teter-

207 5111 384 5163 num;
419 5100 786 5167 quapropter
822 5089 1022 5161 optime
1049 5087 1117 5145 al)
1151 5089 1382 5146 adventu
1422 5089 1634 5144 Domini
1670 5089 1859 5144 salutis

208 5203 350 5254 suae,
379 5197 444 5243 et
488 5180 686 5240 laudis
720 5179 916 5238 divinae
949 5181 1078 5236 fecit
1111 5179 1340 5246 initium,
1376 5198 1470 5251 per
1505 5173 1675 5252 quem.
1703 5197 1860 5235 mun—

207 5280 347 5336 dum
387 5283 656 5335 noverat
690 5289 810 5329 esse
843 5273 1178 5328 salvandum.
1217 5269 1526 5327 Memoriale
1565 5281 1745 5328 autem
1769 5273 1860 5328 hic

208 5375 437 5430 dictum
471 5380 574 5429 est
620 5367 854 5423 salutare
885 5365 1215 5436 promissum
1253 5363 1320 5417 de
1357 5361 1569 5419 Domini
1609 5365 1860 5418 incarna-

205 5463 367 5522 tione
406 5458 659 5517 venturi
687 5453 840 5532 [Ms.,
872 5450 1207 5528 venturum],
1236 5455 1378 5527 quod
1406 5454 1551 5509 nulla
1589 5454 1860 5511 oblivione

204 5553 536 5613 delebitur.

287 5647 473 5705 Vens.
496 5642 608 5700 14.
632 5673 699 5683 -
717 5641 795 5697 Tu
811 5652 1007 5706 autem,
1024 5640 1266 5706 Domine,
1282 5657 1563 5713 exsurgens
1581 5641 1856 5697 miserebe-

205 5741 283 5798 ris
301 5741 474 5807 Sion,
499 5739 651 5816 quia
677 5748 876 5811 tempus
903 5737 1181 5792 miserendi
1203 5736 1478 5809 ejus,quia
1491 5738 1622 5792 venit
1637 5748 1856 5810 tempus.

203 5831 388 5901 Quasi
419 5825 702 5885 diceret:
726 5830 866 5892 Quid
897 5830 1079 5884 tardas
1104 5829 1170 5884 de
1197 5830 1368 5884 salute
1391 5828 1554 5884 Sion?
1579 5829 1708 5884 Sion
1729 5847 1859 5886 vero

201 5941 378 5984 mons
402 5930 527 5985 est,
561 5915 670 5972 ubi
695 5917 949 5988 templum
973 5921 1182 5974 Domini
1211 5929 1293 5975 est
1320 5920 1653 5992 [signiﬁcans
1682 5923 1853 5977 Eccle-

1880 3293 1932 3364 ϐ

1955 677 2090 732 venit
2116 686 2314 749 tempus
2335 677 2616 733 adserendi
2649 679 2762 750 ejus
2786 680 2928 735 :boc
2963 687 3064 746 est,
3107 688 3316 751 tempus
3345 683 3410 738 de
3435 697 3541 753 quo

1954 768 2241 838 Apostolus
2267 770 2343 824 ait
2367 787 2380 824 :
2403 777 2676 843 postquam
2705 770 2838 825 venit
2867 769 3131 843 plenitudo
3153 772 3417 845 temporis,
3441 765 3541 828 mi;

1955 859 2023 912 sit
2049 858 2192 914 Deus
2221 857 2418 914 Πίθωνι
2451 869 2603 914 suum
2632 858 2774 930 (Gul.
2804 871 2879 928 tv,
2903 859 2982 932 4).
3014 859 3314 918 Sciendum
3338 869 3422 918 est
3449 880 3542 920 ve-

1956 965 2039 1016 ro,
2069 951 2211 1020 quod
2238 952 2505 1022 ptenitens
2532 951 2637 1008 iste
2661 967 2768 1007 non
2790 951 2873 1008 sui
2893 952 3060 1009 solius
3081 960 3289 1008 tantum
3317 969 3536 1010 causam

1956 1040 2094 1110 agit,
2115 1053 2302 1094 verum
2333 1041 2500 1095 etiam
2523 1042 2691 1097 totius
2719 1042 2940 1097 humani
2973 1042 3188 1114 generis
3215 1043 3541 1114 optat‘salu-

1957 1139 2086 1196 tem,
2118 1143 2237 1200 quae
2257 1132 2362 1187 nisi
2388 1131 2705 1192 adveniente
2722 1133 2863 1216 Filio
2884 1134 2982 1190 Dei
3012 1134 3130 1190 ﬁeri
3152 1147 3259 1191 non
3284 1136 3479 1206 potuit.
3504 1139 3510 1144 '

2026 1223 2188 1278 Vens.
2217 1223 2304 1278 15.
2321 1223 2665 1289 —Quoniam
2689 1225 2999 1298 placuerunt
3027 1229 3185 1284 servis
3211 1228 3314 1283 tuis
3345 1228 3543 1300 lapides

1955 1317 2090 1387 ejus,
2123 1325 2171 1370 et
2196 1325 2348 1372 terra
2367 1316 2482 1388 ejus
2503 1318 2901 1373 miserebantur.
2932 1320 3230 1376 Videndum
3250 1329 3356 1387 est,
3379 1333 3543 1392 quam

1955 1409 2171 1480 proprie
2192 1410 2354 1465 verba
2386 1408 2548 1465 rebus
2571 1417 2837 1480 aptentur.
2878 1411 3109 1482 Lapides
3129 1412 3266 1468 dixit
3289 1413 3544 1484 benepla-

1957 1502 2114 1569 citos,
2143 1504 2237 1574 qui
2262 1507 2386 1558 sunt
2410 1503 2636 1575 apostoli
2659 1512 2714 1559 et
2742 1512 3027 1576 martyres,
3057 1506 3422 1577 praecipuique
3448 1520 3541 1563 ve-

1958 1593 2134 1649 ritatis
2154 1595 2534 1666 praedicatores
2559 1597 2614 1651 in
2645 1597 2798 1663 Sion,
2826 1597 2879 1652 id
2910 1607 3009 1664 est,
3039 1600 3096 1654 in
3122 1600 3379 1656 Ecclesia.
3412 1600 3544 1656 Ter-

1957 1701 2019 1740 ra
2059 1695 2236 1742 autem
2273 1696 2586 1758 peccatores
2627 1689 2916 1760 significat,
2964 1691 3158 1762 quibus
3196 1694 3252 1748 in
3287 1692 3546 1766 sanguine

1957 1777 2210 1835 salutaris
2241 1777 2392 1851 μὴ,
2431 1779 2751 1854 Salvatoris]
2782 1783 2952 1839 nostri
2986 1785 3240 1840 misertus
3267 1794 3348 1841 est
3378 1786 3539 1840 Deus.

1957 1867 2188 1940 Lapides
2244 1870 2470 1926 Domino
2518 1871 2810 1928 miserante
2859 1872 3170 1946 [dicuntur,
3220 1875 3336 1949 qui]
3386 1875 3543 1931 solidi

1958 1962 2164 2017 suntin
2193 1962 2545 2019 aediﬁcatione
2569 1963 2780 2018 Domini
2819 1971 2872 2018 et
2910 1965 3168 2021 ﬁrmitate
3207 1981 3303 2022 sua
3342 1968 3544 2022 securi.

1958 2056 2126 2113 Terra
2152 2063 2331 2111 autem
2358 2068 2455 2126 per
2485 2056 2913 2112 misericordiam
2935 2057 3136 2112 munda
3157 2057 3283 2126 erit,
3305 2065 3365 2113 ut
3386 2058 3548 2128 digna

1958 2146 2029 2203 sit
2050 2148 2107 2202 in
2135 2146 2491 2204 aediﬁcatione
2515 2147 2727 2203 Domini
2756 2147 2902 2218 poni.

2028 2239 2190 2295 Vens.
2223 2237 2478 2294 i6.-—Et
2519 2239 2767 2294 timebunt
2805 2249 2976 2311 gentes
3017 2257 3206 2296 nomen
3240 2249 3408 2308 tuum,
3445 2241 3554 2296 Do-

1957 2329 2117 2394 mine,
2139 2338 2188 2384 et
2217 2346 2392 2385 omnes
2421 2345 2561 2400 reges
2583 2338 2737 2384 teme
2758 2329 2982 2401 gloriam
3006 2338 3174 2384 tuam.
3227 2329 3374 2398 Quos
3393 2345 3554 2402 supe-

1958 2418 2103 2471 riore
2143 2433 2301 2473 versu
2351 2427 2552 2474 terram
2601 2419 2918 2484 nominavit,
2965 2419 3182 2475 eosdem
3223 2419 3316 2475 hic
3360 2427 3548 2492 gentes

1959 2508 2190 2578 appellat
2233 2510 2462 2564 terrenis
2503 2509 2715 2564 actibus
2752 2509 3110 2582 invigilantes.
3164 2509 3341 2582 Reges
3380 2517 3509 2566 sunt
3535 2552 3550 2578 ,

1961 2601 2265 2670 quicunque
2293 2601 2501 2672 seipsos
2526 2601 2665 2657 bene
2688 2611 2915 2674 regunt,
2947 2601 3174 2675 aliisque
3199 2618 3433 2674 praeesse
3456 2603 3553 2660 bo-

1959 2690 2045 2744 nis
2081 2690 2361 2760 exemplis,
2409 2691 2494 2746 vel
2534 2691 2714 2746 verbis
2757 2691 3154 2763 prtedicationis
3189 2701 3390 2748 norunt
3415 2707 3430 2747 :
3455 2694 3546 2764 qui

1959 2797 2211 2853 magnum
2241 2797 2436 2838 nomen
2465 2781 2668 2838 Christi
2695 2783 2824 2850 Dei,
2852 2783 3024 2838 servis
3055 2783 3196 2850 suis,
3227 2793 3364 2854 quos
3391 2799 3549 2854 supe-

1958 2875 2073 2930 rius
2110 2875 2316 2946 lapides
2350 2875 2656 2946 appellavit,
2692 2877 3112 2946 praedicantibus
3141 2876 3368 2949 gloriam
3411 2878 3552 2951 ejus,

1960 2966 2171 3021 timent.

2035 3056 2192 3111 Vens.
2226 3055 2674 3124 l7.-—Quoniam
2709 3058 2987 3129 wdiﬁcavit
3025 3059 3280 3119 Dominus
3312 3060 3460 3126 Sion,
3500 3071 3550 3117 et

1959 3144 2215 3200 videbitur
2235 3147 2294 3201 in
2323 3145 2490 3218 gloria
2516 3163 2635 3203 sua.
2675 3148 2798 3205 ideo
2834 3150 3099 3206 timebunt
3123 3151 3408 3208 Dominum
3435 3167 3553 3212 om-

1959 3253 2055 3292 nes
2089 3235 2301 3310 gentes,
2339 3249 2394 3294 et
2429 3255 2584 3313 reges
2606 3241 2876 3311 spiritales
2903 3243 3127 3316 gloriam
3152 3243 3267 3314 ejus
3295 3243 3554 3302 formida-

1958 3330 2112 3395 bunt,
2138 3329 2264 3399 quia
2288 3331 2553 3387 aediﬁcata
2579 3339 2664 3388 est
2688 3349 2719 3386 a
2742 3332 2971 3390 Domino
3003 3333 3155 3401 Sion,
3190 3345 3368 3391 mater
3401 3335 3554 3392 scili-

1956 3430 2041 3478 cet
2075 3422 2334 3488 Ecclesia,
2377 3422 2444 3479 de
2486 3424 2622 3479 vivis
2654 3425 2922 3496 lapidibus
2957 3435 3296 3496 constructa,
3344 3428 3399 3483 in
3445 3443 3553 3501 qua

1956 3515 2103 3570 salus
2136 3514 2289 3588 [Ms.,
2317 3514 2458 3589 laus]
2487 3515 2605 3572 sine
2634 3517 2741 3572 ﬁne
2769 3528 3070 3588 permanet.
3117 3518 3221 3586 Qui
3249 3534 3379 3574 vero
3407 3533 3554 3575 nunc

1955 3608 2103 3663 visus
2130 3615 2214 3663 est
2242 3607 2296 3662 in
2325 3607 2650 3674 humilitate,
2679 3608 2795 3678 ipse
2832 3609 3120 3678 videbitur,
3152 3611 3470 3666 confirmata
3501 3616 3558 3665 et

1957 3705 2267 3754 constructa
2300 3699 2520 3755 civitate
2557 3713 2654 3755 sua
2693 3699 2846 3773 [Ms.,
2877 3710 3249 3758 consummata
3281 3701 3552 3758 structura

1957 3789 2192 3844 civitatis
2218 3789 2373 3864 suae],
2402 3790 2457 3845 in
2485 3791 2654 3863 gloria
2682 3808 2814 3861 sua;
2843 3808 2966 3850 cum
2997 3795 3204 3850 venerit
3226 3792 3282 3848 in
3303 3792 3556 3862 majesta-

1957 3889 2009 3938 te
2039 3882 2218 3939 Patris
2248 3890 2302 3939 et
2339 3893 2651 3940 sanctorum
2692 3886 3028 3958 angelorum,
3068 3887 3377 3942 discernere
3414 3886 3559 3939 inter

1956 3990 2124 4046 agnos
2149 3984 2204 4031 et
2229 3977 2431 4034 haedos.

2030 4071 2194 4125 Vens.
2240 4068 2670 4141 l8.—Respe:rit
2719 4072 2774 4126 in
2826 4073 3115 4126 orationem
3165 4081 3452 4142 pauperum
3505 4078 3555 4124 et

1959 4175 2062 4214 non
2089 4160 2277 4230 sprevit
2301 4175 2504 4229 precem
2524 4175 2725 4214 eorum.
2771 4160 3035 4215 Veniente
3060 4160 3342 4215 Salvatore
3366 4168 3554 4217 nostro

1958 4251 2011 4305 in
2046 4251 2323 4315 mundum,
2355 4259 2484 4306 tunc
2509 4233 2778 4308 exaudita:
2800 4261 2925 4309 Sunt
2950 4267 3141 4324 preces
3167 4252 3326 4324 hujus
3355 4268 3554 4324 paupe-

1958 4343 2054 4407 ris,
2082 4360 2202 4415 qua:
2229 4344 2425 4415 sacpius
2451 4343 2620 4419 [ante]
2648 4346 2888 4401 recitata":
2911 4357 3035 4402 sunt
3063 4348 3115 4403 in
3153 4357 3443 4418 conspectu
3473 4349 3554 4404 di-

1957 4436 2096 4493 vina:
2135 4438 2374 4508 pietatis.
2416 4439 2522 4495 Iste
2559 4455 2766 4512 pauper
2795 4458 2935 4497 unus
2969 4451 3072 4508 est,
3112 4452 3167 4499 et
3202 4441 3355 4498 multi
3393 4450 3552 4511 sunt;

1959 4543 2098 4585 unus
2137 4530 2191 4584 in
2233 4532 2515 4596 charitate,
2562 4533 2716 4588 multi
2756 4533 2811 4589 in
2851 4533 3135 4590 latitudine
3176 4535 3345 4591 totius
3381 4536 3554 4604 orbis,

1959 4623 2153 4694 quibus
2180 4632 2262 4681 est
2293 4641 2399 4681 una
2426 4626 2577 4694 ﬁdes,
2607 4644 2775 4682 unum
2805 4629 3088 4698 baptisma,
3115 4645 3254 4684 unus
3274 4628 3441 4685 Deus“.

2033 4715 2192 4772 Vens.
2238 4717 2323 4772 19.
2344 4715 2738 4772 -—Scribantur
2771 4718 2881 4773 lucc
2921 4720 2975 4772 in
3004 4721 3335 4790 generatione
3363 4719 3551 4787 altera,

1958 4820 2005 4864 et
2034 4810 2255 4882 papulas
2284 4812 2376 4882 qui
2410 4809 2692 4878 creabitur,
2731 4811 2966 4866 laudabit
2995 4811 3295 4868 Dominum.
3340 4812 3554 4884 Scripta

1959 4910 2085 4957 sunt
2112 4904 2228 4957 haec
2255 4903 2637 4973 prophetarum
2669 4904 2830 4969 dicta,
2866 4920 2986 4974 quae
3022 4907 3182 4962 modo
3216 4907 3467 4978 leguntur
3497 4906 3553 4960 in

1960 4997 2305 5066 generatione
2331 4996 2518 5052 altera.
2569 4997 2665 5052 Illa
2695 4997 2796 5052 fuit
2820 4999 2995 5068 prima
3025 5000 3322 5072 generatio,
3354 4999 3405 5052 in
3445 5013 3549 5068 qua

1960 5090 2076 5145 haec
2107 5089 2386 5159 Scriptura
2427 5089 2570 5145 edita
2600 5099 2702 5156 est,
2731 5105 2894 5163 quam
2927 5108 3070 5147 nunc
3098 5092 3224 5162 legit
3249 5092 3302 5145 in
3327 5091 3430 5145 ista
3464 5105 3552 5162 ge-

1959 5184 2238 5239 neratione
2275 5185 2521 5254 sequenti
2554 5183 2804 5256 populus,
2845 5186 2969 5256 quia
3000 5185 3270 5240 creabitur
3302 5199 3331 5236 a
3365 5182 3549 5236 Domi.

1961 5281 2031 5325 no
2071 5272 2137 5327 de
2179 5272 2522 5329 multitudine
2561 5275 2818 5345 gentium,
2861 5274 3082 5331 laudans
3119 5271 3450 5346 [Dominum]
3497 5273 3550 5328 in

1959 5359 2188 5415 veritate
2214 5361 2372 5428 lucis,
2399 5377 2506 5418 non
2529 5362 2584 5418 in
2611 5363 2794 5435 ﬁguris
2823 5363 3155 5419 umbrarum.

2032 5451 2193 5526 357
2217 5454 2381 5511 Vens.
2411 5455 2501 5511 20.
2527 5488 2596 5497 ——
2631 5455 2895 5522 Quoniam
2940 5456 3204 5529 prospexit
3238 5457 3302 5511 de
3347 5456 3550 5512 excelso

1962 5557 2142 5602 sancto
2165 5565 2283 5615 suo,
2299 5545 2555 5604 Dominus
2579 5547 2641 5603 de
2658 5549 2781 5603 caelo
2804 5549 2859 5603 in
2877 5557 3073 5603 terram
3096 5550 3315 5620 aspexit.
3341 5549 3418 5607 De
3437 5565 3550 5606 ete-

1963 5641 2014 5695 lo
2027 5640 2286 5696 Dominus
2308 5642 2645 5711 pecunicum
2667 5641 2862 5695 Filium
2886 5658 3041 5698 suum
3069 5641 3347 5712 prospexit
3372 5643 3425 5697 in
3444 5654 3552 5700 ter-

1962 5747 2078 5788 ram
2104 5732 2334 5788 miseriae
2349 5741 2548 5788 n0strae
2579 5729 2754 5803 (Vers.
2780 5729 2891 5805 21).
2953 5729 3020 5786 Ut
3042 5731 3245 5787 audiret
3279 5732 3444 5808 [sicut
3464 5751 3550 5791 se-

1963 5841 2133 5895 quens
2154 5841 2344 5880 versus
2362 5822 2616 5894 ostendit]
2638 5824 2857 5893 gemitus
2880 5823 3310 5895 compeditorum,
3328 5827 3551 5882 humani

1964 5920 2166 5975 scilicet
2189 5920 2417 5987 generis,
2442 5918 2584 5987 quod
2604 5917 2795 5972 diaboli
2812 5919 3037 5974 vinculis
3061 5920 3111 5973 in
3134 5921 3309 5990 primo
3330 5931 3554 5994 parente
