4066 6442
564 418 664 476 591

1438 421 1498 475 Β.
1537 420 1601 473 F.
1623 417 1848 473 ALBINI
1887 416 2018 474 SEU
2058 417 2330 475 ALCUINI
2366 417 2652 476 OPERUM
2688 419 2868 476 PARS
2901 421 2961 476 ll.

3708 423 3816 480 593

563 529 790 602 ligatum
819 535 903 585 est
931 569 947 596 ,
976 529 1247 600 mortique
1272 536 1543 598 perpetuae
1590 527 1906 597 perditionis
1949 526 2135 581 addic-
2165 533 2211 592 Α
2241 527 2370 602 [vel]
2407 531 2684 600 generatio
2709 529 2868 598 hujus
2889 531 3271 601 generationis,
3297 545 3417 602 quae
3441 529 3500 586 in
3518 531 3810 606 Evangelio

567 628 679 676 tum
711 636 726 675 :
763 623 868 677 hoc
910 622 977 677 de
1001 622 1138 676 coelo
1183 620 1517 688 prospiciens
1548 619 1806 673 Dominus
1834 619 1980 672 venit
2026 617 2135 672 sol-
2235 617 2545 688 designatur
2569 660 2584 685 ,
2611 620 2700 674 ubi
2733 620 2988 676 Dominus
3014 623 3091 676 ait
3117 640 3130 676 :
3157 622 3224 676 In
3253 624 3660 692 regeneratione,
3693 641 3809 680 cum

564 726 693 769 vere
721 712 929 767 vinctos
951 719 1009 766 et
1035 711 1307 765 viviﬁcare
1333 710 1700 778 interemptos.

636 807 798 862 Vens.
825 805 913 861 22.
935 835 1006 846 —
1028 803 1096 860 Ut
1117 807 1456 872 annunttetur
1473 806 1528 859 in
1552 805 1682 860 Sion
1696 823 1881 863 nomen
1902 807 2130 876 Domini,

562 912 610 957 et
649 900 766 956 laus
794 900 907 972 ejus
934 899 990 954 in
1015 896 1328 952 Jerusalem.
1359 897 1492 964 Quia
1517 899 1581 952 de
1619 897 1770 965 Sion,
1801 908 1862 954 ut
1887 903 1963 956 ait
2001 919 2131 972 pro-

560 993 746 1064 pheta,
770 990 926 1044 exibit
945 987 1030 1044 lea:
1051 997 1099 1042 et
1127 988 1332 1042 verbum
1354 988 1565 1042 Domini
1579 988 1645 1042 de
1663 989 1956 1045 Jerusalem
1974 991 2128 1063 (lsai.

560 1101 625 1150 ιι,
652 1084 728 1154 5).
760 1081 836 1136 lbi
864 1081 1058 1151 quippe
1109 1081 1342 1151 primum
1373 1082 1718 1150 prmdicatum
1746 1091 1848 1151 [est
1877 1100 1972 1154 per
2002 1100 2131 1155 apo-

558 1174 726 1230 stolos
755 1187 947 1226 nomen
978 1171 1222 1238 Domini;
1255 1173 1334 1226 sic
1355 1170 1480 1243 (Ms.
1504 1213 1519 1238 ,
1546 1173 1706 1245 sicut)
1729 1174 1925 1244 legitur
1946 1176 1999 1230 in
2025 1175 2131 1231 Ac-

556 1267 701 1321 tibus
764 1262 1127 1334 apostolorum
1153 1304 1168 1329 ,
1219 1264 1614 1320 multitudinem
1667 1267 2000 1322 credentium
2056 1269 2130 1322 ibi

554 1372 714 1422 esse;
748 1365 803 1410 et
838 1356 1014 1427 ipsum
1066 1357 1350 1410 Dominum
1390 1359 1710 1428 praecepisse
1740 1361 1796 1413 in
1837 1361 2128 1432 Evangelio

561 1455 808 1512 constat,
839 1445 1133 1516 prmdicare
1156 1446 1424 1516 apostolos
1454 1449 1823 1517 prenitentiam
1867 1459 1921 1504 et
1947 1452 2131 1506 remis-

554 1540 760 1592 sionem
789 1538 1029 1592 omnium
1059 1546 1406 1606 peccatorum
1436 1538 1490 1592 in
1517 1554 1705 1594 omnes
1731 1550 1918 1611 gentes
1950 1583 1964 1607 ,
1995 1543 2131 1598 inci-

555 1631 764 1700 pientes
789 1630 964 1698 primo
992 1631 1059 1682 ab
1079 1627 1376 1684 Jerusalem
1419 1630 1567 1701 (Luc.
1595 1648 1748 1698 xxrv,
1790 1634 1883 1700 47,
1907 1634 2019 1706 55).
2053 1637 2129 1691 De

557 1723 752 1791 quibus
780 1721 940 1790 paulo
973 1731 1095 1791 post
1140 1723 1213 1776 ait
1236 1723 1576 1792 Evangelista
1614 1743 1625 1777 :
1657 1725 1724 1778 Et
1753 1736 1900 1780 erant
1928 1743 2129 1797 semper

577 1830 611 1868 η
631 1813 820 1884 templo
848 1812 1120 1868 laudantes
1149 1823 1195 1866 et
1228 1813 1579 1868 benedicentes
1609 1815 1910 1890 Dominum.

2234 709 2423 763 sederit
2449 708 2620 764 Filius
2639 707 2905 784 [hominis]
2919 714 2974 766 in
2987 714 3106 767 sede
3128 713 3417 782 majestatis
3454 731 3565 769 sua:
3591 715 3807 786 (Matth.

2257 817 2369 864 xu,
2405 802 2518 874 28).
2600 858 2608 864 _

2303 891 2464 948 Vens.
2488 893 2577 948 26.
2596 894 2748 950 —In
2777 896 2926 950 initio
2952 906 3030 962 tu,
3053 895 3292 963 Domine,
3319 907 3512 952 terram
3539 898 3806 967 fundasti,

2232 989 2281 1035 et
2311 998 2465 1052 opera
2496 1001 2745 1040 manuum
2777 997 2989 1041 tuarum
3031 997 3151 1041 sunt
3191 987 3322 1042 coeli.
3379 986 3491 1043 Hoc
3520 996 3626 1053 est,
3666 990 3806 1058 quod

2233 1072 2288 1127 in
2318 1075 2491 1144 capite
2517 1085 2824 1132 sanctarum
2855 1078 3255 1148 Scripturarum
3298 1077 3495 1149 legitur
3524 1097 3536 1131 :
3570 1077 3638 1132 In
3666 1081 3808 1149 prin-

2232 1165 2365 1234 cipio
2389 1166 2578 1220 creavit
2607 1167 2748 1223 Deus
2777 1169 2958 1223 caelum
2988 1180 3036 1222 et
3062 1179 3275 1252 terram.
3305 1168 3416 1224 Hoc
3439 1169 3558 1224 ideo
3598 1168 3676 1223 ait
3710 1169 3806 1224 iste

2231 1256 2476 1312 laudator
2524 1259 2759 1327 Domini,
2790 1269 2851 1316 ut
2887 1262 3277 1332 intelligeretur
3301 1277 3398 1316 nos
3427 1262 3677 1317 eumdem
3708 1263 3803 1316 ha-

2229 1346 2358 1402 bere
2412 1347 2826 1420 Redemptorem
2884 1351 3065 1424 [quem
3114 1352 3457 1424 creatorem].
3519 1352 3622 1419 Qui
3678 1368 3805 1408 vero

2229 1439 2385 1494 initio
2435 1441 2630 1497 coelum
2665 1453 2718 1498 et
2775 1451 2976 1498 terram
3023 1445 3268 1510 ereavit,
3306 1445 3420 1500 sine
3475 1444 3632 1498 initio
3685 1460 3804 1500 esse

2229 1532 2572 1589 manifestum
2599 1544 2700 1591 est.
2747 1535 2922 1606 Opera
2952 1553 3206 1592 manuum
3252 1546 3465 1592 tuarum
3496 1546 3624 1591 sunt
3659 1537 3798 1602 cali,

2230 1624 2283 1679 id
2311 1633 2415 1690 est,
2455 1627 2654 1682 virtute
2702 1627 2800 1682 Dei
2852 1637 2906 1683 et
2954 1629 3214 1698 sapientia
3253 1627 3393 1682 facta
3439 1638 3566 1682 sunt
3623 1629 3803 1682 omnia

2205 1715 2382 1788 ι[Μσ.,
2413 1718 2465 1772 id
2513 1728 2617 1786 est,
2638 1720 2866 1775 virtutes
2911 1731 3036 1786 tuae,
3071 1721 3194 1790 quia
3229 1735 3326 1789 per
3347 1721 3569 1775 verbum
3599 1721 3694 1775 Dei
3715 1720 3804 1785 ,id

2228 1817 2328 1873 est,
2369 1810 2618 1866 virtutem
2649 1812 2762 1877 Dei,
2787 1813 3102 1882 sapientiam
3126 1813 3220 1867 Dei
3250 1811 3391 1867 facta
3419 1820 3544 1866 sunt
3571 1811 3796 1886 omnia].

621 1901 784 1959 νιίιιε.
813 1904 902 1958 25.
925 1934 996 1944 -
1013 1903 1077 1958 1η
1120 1906 1466 1959 conveniendo
1487 1906 1704 1976 populos
1751 1889 1807 1962 in
1834 1927 2020 1975 unum,
2075 1920 2114 1964 et

2298 1901 2459 1956 Vens.
2483 1901 2573 1956 27.
2595 1932 2665 1942 ——
2686 1902 2796 1972 Ipsi
2823 1904 3083 1973 peribunt,
3117 1903 3168 1957 id
3194 1911 3308 1967 est,
3339 1901 3524 1957 caelum
3565 1912 3613 1957 et
3642 1913 3796 1968 terra,

551 2012 710 2066 regna
733 2004 787 2049 ut
810 1996 1032 2049 serviant
1049 1996 1292 2050 Domino.
1309 1996 1390 2050 Ad
1403 1998 1506 2052 hoc
1520 1999 1662 2052 enim
1679 2001 1910 2070 gemitus
1923 2017 2124 2070 paupe-

554 2104 674 2146 rum
701 2087 984 2143 exauditus
1014 2096 1116 2153 est,
1140 2089 1344 2142 scilicet
1373 2097 1432 2142 ut
1457 2091 1782 2145 conveniens
1810 2092 2037 2160 populus
2066 2092 2122 2146 in

549 2193 715 2231 unum
753 2176 936 2232 laudes
990 2177 1198 2230 Domini
1241 2187 1576 2246 personaret.
1608 2179 1666 2234 In
1711 2195 1796 2245 eo,
1849 2182 1992 2250 quod
2023 2183 2118 2249 ait,

547 2268 765 2340 populos
786 2271 842 2323 in
899 2286 1078 2335 unum,
1115 2269 1286 2324 virtus
1309 2271 1586 2326 catholicae
1613 2272 1832 2326 unitatis
1853 2276 2118 2344 signatur,

547 2363 675 2433 quia
697 2378 884 2418 omnes
920 2377 1082 2417 unum
1109 2377 1294 2418 sumus
1324 2363 1375 2416 in
1407 2364 1621 2419 Christo
1649 2382 1661 2418 :
1692 2365 1857 2419 veluti
1882 2365 1992 2435 ipse
2020 2365 2123 2420 Do-

545 2454 725 2510 minus
768 2455 914 2509 Patri
962 2471 1060 2525 pro
1088 2456 1200 2510 suis
1231 2455 1535 2526 supplicans
1580 2457 1677 2523 ait,
1727 2466 1784 2510 ut
1814 2457 1917 2510 sint
1958 2474 2120 2511 unum

541 2545 598 2599 in
627 2546 792 2601 nobis.
825 2545 894 2600 Et
917 2563 1074 2618 regna
1109 2557 1163 2601 ut
1202 2549 1425 2601 serviant
1453 2547 1698 2602 Domino.
1743 2548 1846 2604 Ista
1893 2549 2122 2604 servitus

540 2635 755 2691 Domini
785 2653 909 2693 vera
951 2637 1173 2692 libertas
1203 2647 1287 2693 est
1321 2638 1553 2694 hominis
1576 2680 1590 2703 ,
1638 2654 1736 2708 per
1765 2640 1910 2708 quod
1953 2641 2121 2695 servi-

541 2727 677 2781 tium
715 2728 809 2782 Dei
840 2728 892 2782 in
924 2737 1128 2782 tantam
1159 2724 1430 2800 [gloriam]
1467 2728 1704 2782 exaltata
1732 2737 1816 2784 est
1855 2729 2117 2795 Ecclesia,

541 2828 603 2873 ut
629 2820 791 2875 etiam
828 2836 991 2891 regna
1035 2821 1272 2876 serviant
1299 2821 1398 2886 illi,
1429 2836 1548 2892 qua:
1575 2821 1738 2876 etiam
1777 2829 1902 2877 ante
1938 2835 2119 2893 perse-

541 2911 846 2978 quebantur
874 2927 1017 2967 eam.

610 3001 774 3057 Vens.
803 3002 891 3057 24.
915 3034 985 3044 —
1008 3003 1291 3073 Respondit
1315 3003 1362 3058 ei
1390 3004 1446 3057 in
1471 3004 1553 3058 via
1571 3005 1775 3059 virtutis
1801 3022 1930 3060 sure.
1950 3005 2118 3073 Quis?

542 3091 638 3147 Cui
667 3094 982 3164 respondit?
1004 3093 1238 3164 Populus
1277 3095 1619 3151 Christianus
1643 3097 1754 3151 Deo
1775 3113 1872 3152 suo
1896 3138 1911 3162 ,
1939 3097 2119 3152 Eccle-

538 3187 618 3241 sia
645 3187 860 3242 Christo
885 3187 1046 3258 capiti
1077 3203 1194 3243 suo.
1226 3186 1364 3253 Quid
1387 3189 1700 3259 respondit?
1722 3197 1781 3242 ut
1812 3188 1972 3244 faciat
1991 3205 2111 3259 quae

2225 1991 2365 2046 sicut
2384 1992 2436 2045 in
2460 1992 2748 2063 Evangelio
2774 1992 2969 2061 legitur
2997 2034 3012 2058 ,
3045 1992 3410 2066 [transibunt],
3440 1995 3594 2049 verba
3625 2005 3794 2050 autem

2224 2098 2339 2136 mea
2369 2099 2472 2136 non
2521 2084 2835 2138 transibunt.
2878 2084 2953 2138 Tu
2985 2096 3156 2139 autem
3200 2102 3508 2156 permanes;
3541 2098 3591 2141 et
3613 2105 3798 2142 omnes

2222 2174 2358 2228 sicut
2385 2175 2735 2228 vestimentum
2766 2186 3094 2231 veterascent.
3120 2177 3300 2232 Solum
3330 2178 3616 2233 Dominum
3648 2179 3796 2250 [Δίκη

2225 2262 2415 2336 Deum]
2446 2265 2831 2320 immutabilem
2857 2283 2975 2323 esse
3004 2268 3262 2335 declarat,
3286 2270 3411 2324 dum
3439 2271 3622 2325 omnia
3664 2272 3798 2326 sicut

2224 2357 2542 2411 vestimenta
2593 2368 2949 2414 veterascent.
2993 2360 3183 2416 Carnis
3232 2377 3360 2418 vero
3404 2363 3656 2419 humana:
3694 2363 3798 2417 fra-

2223 2447 2482 2517 gilitatem
2511 2449 2599 2504 hic
2623 2450 2837 2505 videtur
2886 2453 3190 2508 ostendere.
3231 2453 3410 2525 Ipsum
3461 2456 3611 2510 enim
3655 2465 3796 2511 vete-

2223 2537 2406 2602 rascit,
2436 2539 2579 2607 quod
2624 2555 2772 2595 more
2795 2543 2962 2596 vestis
2991 2541 3208 2616 [morte]
3240 2547 3596 2600 consumitur.
3635 2546 3796 2617 358

2223 2625 2372 2682 Sicut
2412 2631 2723 2699 opertorium
2781 2631 2938 2703 [Ms.,
2980 2635 3384 2709 coopertorium]
3426 2637 3656 2691 mutabis
3680 2655 3792 2702 eos,
3839 2625 3844 2637 ’

2219 2726 2268 2770 et
2299 2719 2655 2773 mutabuntur.
2684 2721 2954 2779 Fortassis
2998 2725 3192 2780 caelum
3237 2727 3554 2799 intelligitur
3580 2744 3796 2798 cooper-

2220 2810 2418 2865 torium
2451 2818 2605 2867 terra:
2640 2827 2779 2879 esse,
2823 2816 2966 2886 quod
3002 2817 3055 2870 in
3096 2817 3287 2871 melius
3335 2819 3651 2873 mutandum
3680 2833 3794 2875 esse

2217 2899 2322 2953 alia
2353 2901 2630 2971 Scriptura
2653 2903 2937 2975 designat,
2964 2907 3053 2960 ubi
3101 2907 3295 2962 dicitur
3320 2925 3332 2960 τ
3357 2907 3426 2961 Et
3466 2910 3564 2962 erit
3613 2908 3792 2963 caelum

2219 3009 2405 3046 novum
2427 3005 2472 3047 et
2502 3005 2640 3049 terra
2665 3013 2793 3050 nova
2826 2997 2979 3069 (Isai.
3012 3015 3136 3064 va,
3178 2998 3302 3070 l7)?

2290 3083 2450 3140 Vsus.
2482 3085 2568 3140 28.
2598 3117 2664 3125 -
2701 3086 2778 3140 Tu
2819 3098 2992 3142 autem
3038 3089 3176 3142 idem
3206 3090 3315 3160 ipse
3343 3107 3395 3144 es
3441 3099 3488 3144 et
3537 3092 3666 3146 anni
3718 3091 3791 3144 tui

2217 3190 2321 3227 non
2368 3175 2626 3244 deﬁcient.
2677 3177 2867 3233 Omnia
2912 3195 3032 3235 esse
3081 3181 3358 3236 mutabilia
3405 3191 3604 3251 praeter
3624 3183 3791 3237 solum

529 3277 686 3347 jubet
714 3277 804 3346 qui
836 3292 894 3332 se
921 3249 1164 3332 redemit.
1210 3249 1311 3333 ubi
1341 3249 1656 3348 respondit?
1687 3279 1741 3334 in
1789 3280 1876 3334 via
1905 3249 2110 3336 scilicet
2137 3249 2184 3312 Ο
2215 3274 2517 3322 creatorem
2545 3269 2810 3341 designat.
2839 3271 2932 3340 qui
2961 3286 3171 3344 semper
3193 3273 3334 3328 idem
3359 3282 3442 3327 est
3465 3276 3609 3343 quod
3624 3283 3791 3339 esset

537 3368 756 3422 virtutis
776 3383 903 3423 sum.
933 3369 1063 3435 Quae
1091 3378 1174 3424 est
1209 3371 1295 3424 via
1319 3370 1534 3424 virtutis
1554 3386 1664 3426 sua:
1690 3411 1704 3435 ,
1734 3371 1839 3425 nisi
1863 3371 2109 3426 Christus

535 3460 628 3530 qui
655 3461 767 3514 ait:
792 3460 1032 3531 Egosum
1069 3462 1148 3515 via
1176 3470 1222 3514 et
1254 3463 1441 3517 veritas
1471 3471 1519 3516 et
1540 3464 1666 3529 vita,
1697 3464 1811 3518 sine
1840 3480 1945 3533 quo
1975 3465 2108 3520 nihil

530 3566 814 3621 possumus
854 3553 909 3606 in
953 3553 1108 3608 bonis
1146 3554 1399 3623 operibus
1438 3557 1780 3624 respondisse
1822 3558 2108 3626 praeceptis

534 3643 788 3698 Domini?
817 3643 1149 3699 Paucitatem
1190 3646 1391 3700 dierum
1443 3663 1679 3701 meorum
1723 3650 1906 3702 nuntia
1957 3650 2105 3702 mihi.

535 3733 652 3788 Vox
679 3732 804 3806 [est]
835 3734 1090 3790 Ecclesia:
1116 3735 1181 3790 de
1211 3737 1316 3792 line
1343 3737 1524 3791 mundi
1557 3751 1654 3806 per
1692 3738 1961 3807 apostolos
2006 3738 2110 3793 Do-

532 3827 737 3881 minum
759 3827 1095 3897 deprecantis
1119 3827 1242 3902 [Μδ.
1256 3869 1271 3894 ,
1294 3829 1700 3901 interrogantis]
1718 3831 1808 3900 qui
1823 3831 2103 3886 dixerunt:

530 3915 629 3970 Dic
651 3917 796 3972 nobis
821 3918 1030 3990 quando
1060 3918 1171 3972 haec
1192 3927 1364 3981 erunt,
1391 3928 1437 3972 et
1461 3919 1598 3988 quod
1623 3920 1826 3989 signant
1855 3921 2107 3974 adventus

529 4007 607 4059 tui
627 4015 675 4060 et
723 4007 1184 4062 consummationis
1226 4008 1406 4061 swculi
1443 4008 1656 4079 (Matth.
1684 4026 1810 4064 χχιιι
1837 4051 1851 4075 ,
1880 4011 1934 4082 5)
1958 4012 1980 4064 ?
2003 4009 2104 4078 Qui

535 4099 811 4168 respondit
842 4117 855 4153 :
894 4099 1136 4155 Primum
1191 4100 1572 4169 przedicabitur
1611 4102 1714 4156 hoc
1756 4101 2106 4172 Evangelium

530 4190 586 4244 in
611 4198 721 4246 toto
755 4193 954 4246 mundo
982 4209 996 4256 ;
1021 4200 1075 4247 et
1104 4199 1302 4247 caetera
1330 4205 1450 4262 qua:
1477 4193 1551 4247 ibi
1572 4191 1824 4262 leguntur
1845 4192 1910 4247 de
1936 4193 2107 4263 signis

531 4283 1010 4338 consummationis
1032 4285 1231 4339 saeculi.
1259 4283 1412 4349 Quod
1433 4294 1641 4353 tempus
1659 4284 1987 4353 paucitatem
2011 4301 2108 4340 no-

529 4372 699 4427 minat
727 4373 932 4428 dierum
962 4373 1062 4427 iste
1108 4374 1394 4445 pmnitens,
1423 4374 1514 4442 qui
1546 4373 1699 4445 [Ms.,
1729 4373 1876 4445 quia]
1909 4376 1977 4429 ab
2005 4374 2108 4428 ini-

529 4457 605 4520 tio
627 4466 807 4521 mundi
839 4481 1006 4535 usque
1036 4466 1092 4520 in
1115 4466 1277 4521 ﬁnem
1305 4473 1476 4520 totum
1508 4475 1719 4536 tempus
1743 4467 1796 4521 in
1827 4482 2105 4538 compara-

525 4556 729 4610 tionem
747 4557 1079 4620 aeternitatis,
1103 4558 1258 4626 quasi
1286 4573 1450 4611 unum
1471 4565 1524 4610 et
1552 4558 1932 4626 parvissimum
1958 4576 2104 4614 com-

480 4654 487 4664 ‘
526 4639 679 4715 putat
710 4645 863 4719 [δίδη
894 4647 1254 4720 computatur]
1287 4657 1634 4703 momentum.
1673 4649 1834 4720 Optat
1862 4651 1960 4706 iste
1989 4668 2105 4721 pm-

479 4807 488 4816 .
528 4739 708 4794 nitens
731 4737 882 4811 [cito]
905 4743 1186 4810 pervenire
1203 4743 1272 4798 ad
1298 4751 1514 4797 aeternae
1541 4743 1890 4799 beatitudinis
1937 4744 2107 4802 felici-

527 4839 693 4887 tatem
719 4848 733 4897 ;
765 4831 903 4886 sicut
927 4833 1265 4903 evangelicus
1289 4850 1504 4904 semper
1531 4850 1721 4891 servus
1743 4834 1965 4904 jubetur
1986 4853 2105 4893 esse

525 4933 769 4994 paratus.

596 5018 756 5074 Vens.
777 5019 864 5075 25.
888 5050 960 5061 —
982 5019 1064 5074 Ne
1088 5035 1288 5074 revoces
1327 5037 1406 5074 me
1427 5021 1481 5074 in
1503 5021 1719 5075 dimidio
1741 5021 1942 5076 dierum
1967 5037 2105 5075 meo-

527 5126 678 5175 rum;
695 5111 747 5164 in
761 5111 1010 5167 swculum
1025 5113 1203 5166 δαναιιὶ
1217 5114 1340 5166 anni
1355 5112 1450 5166 tui.
1471 5112 1850 5168 .lEternitatcm
1865 5113 1963 5166 istc
1975 5128 2107 5181 pau-

524 5214 621 5270 per
661 5201 973 5257 desiderans
999 5218 1105 5257 non
1121 5202 1233 5256 vult
1260 5203 1501 5257 revocari
1528 5203 1593 5257 ad
1617 5203 1820 5258 medios
1850 5202 1974 5256 vita:
1995 5217 2106 5256 sua:

523 5289 659 5357 dies,
682 5290 735 5347 id
769 5299 872 5357 est,
899 5293 965 5346 ad
1001 5292 1304 5362 juventutis
1329 5306 1518 5354 annos,
1550 5291 1601 5343 in
1642 5292 1838 5358 quibus
1869 5290 2104 5345 maxime

522 5380 736 5436 fervore
773 5384 954 5437 carnis
981 5398 1206 5452 peccare
1251 5381 1426 5436 solent
1453 5379 1713 5433 homines.
1742 5378 1822 5433 Ad
1866 5380 1962 5433 hos
1991 5380 2108 5434 dies

523 5489 631 5528 non
650 5475 795 5544 cupit
820 5473 1051 5544 regredi,
1079 5482 1140 5528 ut
1164 5474 1231 5528 ad
1260 5483 1491 5527 aeternos
1516 5470 1727 5523 Domini
1765 5485 1936 5524 annos
1967 5510 1981 5534 ,
2011 5470 2103 5539 qui

522 5563 808 5618 mutabiles
828 5581 933 5620 non
957 5575 1106 5630 sunt,
1127 5565 1410 5636 pervenire
1436 5573 1727 5626 mereatur,
1763 5563 1854 5617 ubi
1872 5565 2105 5619 varietas

523 5659 823 5724 temporum
850 5671 955 5711 non
983 5657 1111 5721 erit,
1142 5655 1236 5711 sed
1275 5653 1482 5708 stabilis
1510 5653 1753 5721 quaedam
1785 5669 2103 5725 semperque

441 5783 446 5792 .
523 5746 711 5800 eadem
747 5747 891 5819 [quae
927 5747 1032 5819 est]
1071 5749 1180 5802 vita
1226 5752 1508 5816 permanet
1542 5744 1822 5798 mutationi
1859 5761 1963 5799 non
2009 5747 2104 5800 ob-

525 5836 706 5891 noxia.
737 5838 815 5910 [In
836 5855 943 5909 quo
970 5840 1085 5894 lucc
1124 5847 1269 5901 sunt,
1305 5835 1461 5905 hujus
1489 5836 1690 5907 srcculi]
1720 5837 1970 5892 sarculum
1997 5848 2100 5903 est,

2130 4608 2184 4668 Ι)

2210 3359 2334 3412 anni
2360 3360 2680 3416 aeternitatis
2729 3362 2870 3417 illius
2899 3381 3171 3434 nunquam
3199 3364 3468 3420 deﬁcient.
3509 3364 3627 3420 Non
3655 3365 3792 3434 quod

2210 3450 2265 3503 in
2290 3451 2400 3505 Deo
2441 3453 2564 3506 anni
2592 3453 2923 3524 intelligendi
2949 3457 3084 3521 sint,
3115 3466 3175 3511 ut
3208 3472 3345 3512 unus
3375 3458 3552 3510 veniat
3583 3465 3637 3511 et
3664 3457 3792 3511 alter

2211 3549 2467 3606 transeat,
2495 3544 2590 3598 sed
2614 3546 3063 3614 azternitasillius,
3095 3563 3214 3617 qua:
3234 3563 3447 3617 semper
3461 3549 3652 3604 eadem
3683 3558 3785 3614 est,

2210 3650 2473 3690 annorum
2509 3639 2726 3694 nomine
2755 3641 3087 3713 designatur.

2280 3731 2443 3785 Vens.
2474 3730 2564 3787 29.
2597 3763 2668 3773 -
2693 3731 2825 3786 Filii
2864 3751 3131 3790 servorum
3166 3747 3375 3793 tuorum
3426 3739 3787 3794 inhabitabant

2207 3820 2312 3887 ibi,
2375 3822 2429 3876 id
2473 3832 2575 3887 est,
2613 3823 2932 3880 habitabunt
2975 3843 3145 3883 annos
3196 3830 3516 3884 aeternitatis
3567 3828 3786 3902 [sancti]

2209 3922 2518 3968 sanctorum
2565 3925 2777 3984 patrum
2804 3916 2899 3971 ﬁlii
2917 3958 2932 3983 ,
2956 3920 3337 3990 prephetarum
3367 3919 3572 3976 scilicet
3587 3929 3644 3976 et
3667 3935 3793 3990 apo-

2209 4004 2467 4059 stolorum
2496 4005 2580 4060 vel
2609 4006 2888 4062 doctorum
2937 4009 3211 4066 Ecclesiae.
3251 4010 3362 4066 Nec
3409 4012 3788 4068 aestimandum

2207 4105 2291 4151 est
2319 4097 2391 4152 ibi
2421 4113 2525 4152 non
2556 4114 2675 4154 esse
2702 4109 2904 4169 patres,
2933 4102 3025 4157 ubi
3053 4103 3147 4158 ﬁlii
3176 4104 3346 4158 futuri
3373 4113 3498 4158 sunt
3529 4122 3541 4157 :
3573 4103 3714 4174 quod
3737 4102 3786 4158 si

2207 4189 2303 4244 ﬁlii
2327 4190 2416 4254 ibi,
2439 4199 2641 4261 quanto
2677 4193 2849 4264 magis
2875 4201 2929 4248 et
2957 4204 3138 4264 patres
3161 4197 3183 4248 ?
3213 4194 3268 4249 Si
3296 4194 3593 4264 discipulus
3619 4197 3791 4250 bonus

2209 4281 2431 4353 [quanto
2484 4283 2676 4355 magis]
2726 4293 2780 4339 et
2811 4286 3066 4354 magister
3092 4326 3106 4351 ,
3138 4286 3327 4341 melior
3381 4286 3690 4356 discipulo?
3723 4285 3786 4340 Et

2206 4388 2380 4427 semen
2420 4390 2598 4427 eorum
2646 4375 2701 4428 in
2721 4373 2970 4428 sreculum
2993 4375 3175 4429 saeculi
3219 4376 3493 4446 dirigetur.
3548 4375 3786 4442 Quorum

2207 4480 2409 4530 semen,
2465 4467 2568 4522 nisi
2613 4467 2891 4523 doctorum
2919 4479 3231 4524 sanctorum
3279 4466 3471 4540 [Edit.,
3506 4469 3782 4542 suorum],

2206 4559 2299 4627 qui
2344 4560 2399 4614 in
2445 4567 2642 4614 :eterna
2679 4561 2979 4631 dirigentur
3027 4561 3399 4617 beatitudine?
3433 4561 3534 4629 Qui
3587 4572 3785 4617 rectam

2210 4651 2297 4705 hic
2327 4659 2613 4706 tenuerunt
2642 4653 2800 4716 viam,
2844 4653 3194 4710 beatitudinis
3222 4653 3378 4726 [Λίδη
3422 4653 3783 4723 rectitudinis]

2207 4743 2426 4811 praemia
2477 4743 2551 4798 ibi
2593 4744 2963 4812 possidebunt.
3017 4745 3142 4800 Ideo
3187 4761 3293 4800 non
3333 4746 3512 4799 tardet
3559 4746 3786 4816 quisque

2206 4841 2458 4902 peccator
2514 4833 2886 4900 paenitentiam
2928 4851 3127 4905 agere,
3176 4841 3443 4904 quatenus
3503 4835 3573 4889 ad
3631 4835 3786 4905 hujus

2205 4925 2412 4993 prmmii
2442 4924 2665 4995 gloriam
2686 4927 2967 4994 pervenire
3003 4935 3290 4982 mereatur.
3329 4927 3666 4982 Recordetur
3694 4928 3785 4998 ju-

2207 5015 2347 5082 giter
2374 5015 2605 5083 primam
2636 5015 2928 5088 Dominica:
2973 5018 3373 5088 prmdicationis
3418 5033 3604 5073 vocem
3631 5059 3647 5084 ,
3685 5033 3783 5087 qua

2207 5106 2412 5159 dictum
2442 5115 2525 5160 est
2550 5125 2563 5160 :
2619 5107 2987 5162 Paznitentiam
3007 5110 3164 5179 agite,
3197 5109 3631 5180 appropinquabit
3651 5109 3783 5162 enim

2208 5215 2425 5269 regnum
2447 5199 2690 5254 caelorum
2728 5200 2943 5272 (Matth.
2975 5217 3059 5267 ιιι,
3090 5200 3168 5273 2).
3196 5201 3389 5257 Amen.

2710 5315 3030 5372 PSALMUS
3057 5316 3291 5372 CXXIX.

2278 5385 2523 5442 Psalmus
2550 5387 2651 5443 iste
2676 5387 2818 5441 inter
2862 5389 3100 5442 canticos
3150 5386 3424 5442 Graéuum
3469 5387 3782 5444 undecimus

2206 5486 2311 5543 est,
2339 5478 2430 5548 qui
2461 5493 2717 5532 numerus
2740 5479 3026 5545 quamdam
3061 5479 3466 5533 diminutionem
3497 5479 3781 5550 perfectio«

2206 5568 2292 5623 nis
2313 5569 2684 5636 demonstrat;
2718 5570 2813 5624 sed
2838 5581 3023 5624 sextus
3067 5579 3150 5624 est
3196 5572 3249 5626 in
3281 5572 3470 5626 ordine
3509 5572 3776 5642 pmniten-

2208 5661 2312 5725 tia‘,
2337 5675 2497 5730 quem
2521 5677 2822 5726 nmnerum,
2848 5661 2902 5715 id
2924 5670 3007 5716 est
3057 5678 3173 5726 sex,
3211 5678 3321 5717 SlllS
3365 5661 3612 5733 partibus
3647 5677 3775 5716 con-

2205 5760 2312 5806 stat
2360 5767 2478 5807 esse
2504 5752 2842 5821 perfectum:
2875 5753 2928 5807 in
2975 5769 3081 5822 quo
3127 5754 3241 5824 ipse
3286 5764 3500 5810 creator
3540 5749 3778 5805 condidit

2205 5843 2384 5897 omnia
2417 5883 2429 5903 .
2491 5851 2550 5897 ut
2602 5843 2910 5898 ostenderet
2959 5845 3140 5900 omnia
3195 5861 3314 5897 esse
3369 5841 3605 5912 perfecta
3655 5856 3776 5910 quae
