4072 6340
337 392 440 453 595

927 390 1337 448 EXEGETICA.
1377 420 1446 432 -—
1481 389 1848 448 EXPOSITIO
1879 390 1949 448 IN
1985 391 2179 450 PSAL.
2223 389 2827 457 PIENITENTIALES,
2852 391 3020 482 ⁵ΙἸὮ.

3489 395 3594 451 594

334 506 556 563 creavit.
588 505 692 561 Iste
719 521 845 560 vero
871 505 1138 574 paenitens
1163 517 1259 573 per
1285 504 1614 572 pmnitentize
1633 504 1902 574 lacrymas
1929 509 1979 566 Α
2007 519 2103 573 per
2133 505 2367 560 Verbum
2389 505 2485 561 Dei
2504 505 2700 561 Filium
2734 506 3000 562 hominis-
3053 507 3112 562 In
3138 507 3240 562 hac
3258 508 3400 563 enim
3423 506 3590 581 μισ..

335 599 400 654 ad
428 596 811 670 perfectionem
833 594 1173 667 indulgentia:
1217 595 1502 664 pervenire
1543 595 1764 660 nititur,
1817 596 1903 650 di-

309 689 504 748 'cens:

399 781 563 838 Vens.
585 780 636 835 1.
652 780 816 835 —De
833 779 1108 851 profundis
1135 779 1357 834 clamavi
1377 779 1444 833 ad
1465 787 1536 843 te,
1553 778 1795 833 Domine.
1823 779 1900 835 De

331 877 627 947 profundis,
660 879 716 933 id
749 887 854 942 est,
886 877 1164 931 nimietate
1194 885 1535 946 peccatorum
1556 915 1571 939 ,
1595 875 1670 936 de,
1702 876 1900 945 quibus

329 986 434 1026 non
462 979 545 1026 est
562 970 664 1025 alia
694 969 837 1025 salus
860 969 956 1035 illi,
988 969 1091 1023 nisi
1117 967 1183 1021 ad
1205 967 1488 1022 Dominum
1510 967 1745 1021 clamare
1774 968 1898 1021 etin

329 1063 444 1132 ejus
471 1079 689 1134 sperare
737 1062 1095 1118 clementiam.
1126 1061 1250 1118 Ideo
1286 1061 1521 1131 postulat
1548 1077 1703 1118 suum
1732 1078 1898 1118 exau-

325 1157 427 1212 diri
459 1156 768 1223 clamorem,
799 1173 961 1227 quam
990 1157 1055 1212 de
1078 1154 1344 1225 profundo
1369 1164 1714 1226 peccatorum
1735 1171 1894 1212 eruc-

327 1249 459 1302 tavit
481 1247 664 1303 dicens
689 1266 703 1302 :

392 1341 558 1395 Vsus.
582 1341 636 1394 2.
652 1371 724 1380 —
742 1339 984 1404 Domine,
1011 1341 1203 1396 exaudi
1216 1358 1388 1396 vocem
1413 1357 1602 1396 meam.
1628 1341 1733 1412 Ipsi
1751 1343 1895 1398 enim

319 1440 445 1485 sunt
475 1431 753 1486 Altissimo
787 1432 1096 1497 viciniores,
1136 1433 1226 1502 qui
1258 1433 1325 1487 de
1353 1441 1552 1488 sancta:
1576 1433 1896 1489 humilitatis

317 1522 619 1578 visceribus
645 1533 956 1594 eruperunt,
987 1539 1044 1579 se
1069 1524 1388 1580 conﬁtentes
1416 1541 1534 1580 esse
1557 1534 1892 1595 peccatores,

317 1622 370 1668 et
398 1614 467 1668 de
505 1614 770 1684 profundo
795 1615 1060 1672 clamasse
1087 1617 1388 1686 iniquitatis
1414 1617 1654 1672 dicentes
1681 1637 1693 1672 :
1731 1617 1892 1673 Fiant

315 1723 472 1759 aures
495 1715 600 1760 tute
622 1706 940 1761 intendentes
961 1709 1017 1760 in
1045 1707 1334 1761 orationem
1361 1709 1492 1761 servi
1521 1710 1618 1762 tui.
1649 1707 1780 1775 Quis
1809 1717 1895 1764 est

313 1800 404 1868 qui
421 1798 659 1854 clamat?
685 1808 932 1869 peccator
956 1801 1175 1856 scilicet.
1204 1801 1354 1856 Unde
1375 1802 1613 1856 clamat?
1637 1803 1799 1857 etiam
1824 1803 1890 1858 de

2005 597 2164 670 vero]
2185 599 2542 668 promissione
2567 610 2747 670 speret
2767 600 2931 654 Israel
2946 601 2998 655 in
3021 601 3264 656 Domino.
3313 603 3420 672 Spe
3443 603 3591 659 enim

2003 689 2135 745 salvi
2176 691 2300 746 facti
2332 706 2540 746 sumus.
2588 690 2740 757 Quod
2784 707 2925 746 nunc
2955 693 3068 762 spei
3096 692 3376 748 dulcedine
3418 692 3589 748 habe-

2003 797 2144 847 mus,
2177 791 2304 836 tunc
2329 783 2406 836 rei
2437 783 2666 837 veritate
2693 783 3013 840 tenebimus.
3065 782 3181 837 Noli
3207 792 3284 848 tu,
3314 783 3502 848 Israel,
3534 783 3591 839 id

2002 885 2105 939 est,
2133 875 2218 928 vir
2246 875 2435 930 videns
2447 875 2653 940 Deum,
2698 875 2942 930 dubitare
2992 875 3058 930 de
3087 877 3189 932 hac
3210 875 3590 945 promissionis

2002 965 2281 1021 felicitate.
3353 980 3356 983 ·

2073 1059 2235 1112 Vsus.
2262 1058 2313 1111 7.
2345 1088 2418 1099 —
2463 1058 2602 1124 Quia
2647 1061 2788 1131 apud
2825 1060 3102 1115 Dominum
3140 1058 3500 1115 misericordia
3537 1067 3587 1113 et

2000 1149 2210 1218 copiosa
2245 1149 2385 1219 apud
2423 1167 2538 1204 eum
2571 1151 2872 1220 redemptio.
2905 1149 3088 1222 [Quia]
3125 1149 3374 1220 quamvis
3395 1161 3588 1219 pecca-

1997 1249 2084 1295 tur
2105 1248 2450 1311 peccatorum
2499 1242 2640 1296 mole
2683 1252 2982 1313 prematur,
3015 1243 3170 1297 adest
3216 1240 3588 1297 misericordia

1999 1334 2092 1388 Dei
2117 1336 2169 1388 in
2194 1333 2430 1399 Christo,
2459 1335 2550 1405 qui
2573 1334 2691 1389 sine
2719 1343 2939 1405 peccato
2961 1336 3130 1400 venit,
3155 1344 3216 1389 ut
3236 1341 3458 1406 peccata
3480 1332 3590 1388 sol-

1996 1433 2164 1478 veret.
2211 1424 2366 1493 Apud
2391 1440 2552 1493 quem
2581 1425 2796 1495 copiosa
2835 1434 2920 1480 est
2967 1425 3290 1495 redemptio,
3336 1424 3464 1496 quia
3495 1422 3587 1478 ubi

1995 1515 2288 1570 abundavit
2325 1523 2628 1585 peccatum,
2660 1516 3118 1586 superabundavit
3135 1515 3328 1585 gratia.

2067 1608 2229 1663 Vens.
2269 1609 2320 1663 8.
2347 1637 2415 1650 --
2447 1608 2567 1679 Ipse
2592 1611 2772 1679 estqui
2808 1610 3021 1664 redemit
3051 1609 3220 1662 Israel
3250 1609 3314 1663 ab
3337 1609 3576 1662 omnibus

1992 1698 2350 1769 iniquitatibus
2378 1700 2486 1752 suis
2517 1698 2664 1771 [Ms.,
2695 1698 2853 1771 ejus].
2920 1698 3044 1753 Ideo
3084 1707 3139 1752 tu
3191 1706 3445 1770 peccator
3473 1695 3580 1750 noli

1994 1804 2236 1844 cessare:
2276 1790 2447 1844 clama
2481 1790 2633 1861 [.lfs.,
2660 1789 2917 1862 clamare]
2947 1792 3011 1845 de
3036 1789 3323 1860 profundo,
3373 1788 3580 1859 expelle

309 1891 597 1960 ρι-οῖιιηάο,
658 1889 774 1957 Quo
815 1890 926 1958 jam
977 1891 1242 1962 profundo
1265 1931 1279 1954 ,
1346 1891 1451 1946 nisi
1502 1893 1890 1962 peccatorum?
1919 1869 1968 1930 Β
1993 1895 2024 1933 a
2059 1888 2109 1934 te
2140 1896 2355 1935 omnem
2380 1882 2840 1951 desperationem;
2882 1883 2990 1948 dic,
3021 1883 3142 1937 dic:
3182 1885 3227 1935 si
3259 1882 3581 1951 iniquitatem

310 1980 432 2047 Qua
460 1997 553 2051 spe
593 1981 828 2036 clamat?
856 1980 1036 2053 [Quia]
1086 1982 1176 2051 qui
1204 1982 1351 2036 venit
1397 1981 1605 2036 solvere
1647 1992 1886 2052 peccata,

308 2070 462 2126 dedit
489 2087 638 2142 spem
665 2074 828 2127 etiam
867 2073 919 2126 in
957 2071 1220 2142 profundo
1270 2073 1448 2142 posito
1483 2073 1754 2142 peccaturi
1781 2073 1889 2128 cla-

305 2163 526 2225 mandi,
575 2164 893 2233 veniamque
921 2163 1189 2233 sperandi.
1221 2162 1363 2230 Quid
1408 2178 1536 2219 vero
1566 2165 1668 2220 iste
1695 2165 1889 2220 clamet

302 2265 578 2324 peccator,
611 2257 909 2312 audiamus.

378 2345 543 2400 Vens.
585 2347 638 2400 5.
659 2345 804 2402 -—-Si
823 2347 1146 2417 iniquitatem
1190 2345 1338 2418 [Ms.,
1362 2348 1686 2422 iniquitates]
1715 2351 1887 2404 obser-

298 2434 790 2499 uaueris,'Domine,
814 2435 1052 2501 Domine,
1081 2438 1197 2507 quis
1213 2439 1530 2493 sustinebit?
1558 2440 1695 2496 Ecce
1718 2456 1885 2510 appa-

297 2522 418 2576 ruit
456 2521 608 2594 [Ms.,
649 2525 904 2597 aperuit],
937 2527 1002 2582 de
1026 2543 1131 2596 quo
1158 2527 1423 2596 profundo
1449 2529 1728 2586 clamaret.
1761 2531 1886 2586 Cla-

295 2622 420 2668 mat
454 2616 554 2670 sub
578 2614 828 2672 Iluctibus
850 2657 864 2681 ,
893 2619 1046 2687 quasi
1073 2619 1125 2672 in
1162 2617 1428 2688 profundo
1466 2621 1745 2676 demersus
1776 2623 1883 2676 ini-

293 2706 570 2774 quitatum
598 2722 839 2772 suarum,
895 2725 1154 2764 accusans
1188 2710 1424 2779 seipsum
1463 2711 1516 2765 in
1546 2713 1885 2783 cogitationi-

291 2797 423 2863 bus,
449 2801 628 2854 verbis
655 2810 712 2855 et
736 2799 891 2856 factis
921 2819 933 2856 :
966 2802 1265 2873 intelligens
1298 2812 1463 2858 totam
1493 2805 1660 2859 vitam
1691 2806 1883 2861 huma-

292 2904 429 2943 nam
478 2893 858 2948 tentationibus
890 2892 1190 2964 subjacere.
1235 2893 1493 2965 Sequitur
1537 2897 1593 2952 in
1633 2913 1739 2968 qua
1787 2913 1882 2967 spe

293 2979 588 3046 clamaret,
628 2983 814 3037 dicens
844 3001 856 3038 :

368 3071 540 3126 Vens.
581 3072 636 3136 4,
677 3072 730 3128 5.
754 3104 824 3114 -
849 3074 987 3140 Quia
1030 3077 1170 3147 apud
1195 3087 1244 3132 te
1285 3078 1584 3149 propitiatio
1621 3087 1716 3133 est.
1749 3078 1879 3147 Qua:

290 3171 378 3216 est
418 3162 526 3218 ista
551 3165 880 3234 propitiatio,
912 3166 1012 3220 nisi
1039 3167 1257 3236 sanguis
1291 3165 1511 3233 Christi,
1542 3169 1760 3239 sanguis
1797 3169 1878 3223 in-

288 3268 525 3317 nocens,
555 3255 645 3323 qui
671 3255 872 3311 ell‘usus
896 3265 976 3311 est
1004 3258 1056 3311 in
1074 3257 1508 3326 propitiationem
1530 3269 1874 3328 peccatorum

284 3347 648 3399 nostrorum?
674 3347 834 3416 Ergo,
874 3363 907 3402 ο
937 3348 1180 3411 Domine,
1209 3347 1347 3418 apud
1386 3358 1437 3403 te
1461 3357 1545 3404 est
1565 3349 1878 3419 propitiatio

282 3449 409 3504 qua:
440 3449 536 3489 me
572 3436 770 3490 excitat
813 3437 879 3490 ad
907 3445 956 3490 te
1001 3438 1274 3492 clamare:
1310 3439 1435 3507 quia
1458 3439 1503 3493 si
1534 3438 1701 3506 judex
1753 3448 1875 3494 tan-

282 3535 420 3588 tum,
481 3534 536 3580 et
593 3542 700 3581 non
725 3529 1046 3598 propitiatur
1086 3527 1200 3582 ﬁeri
1246 3529 1524 3595 voluisses,
1557 3529 1876 3586 observares

280 3616 620 3688 iniquitates
652 3626 867 3673 nostras
894 3660 909 3683 ,
943 3627 997 3673 et
1025 3633 1182 3674 nemo
1208 3621 1514 3675 sustineret.
1572 3621 1637 3674 Et
1664 3631 1876 3692 propter

278 3707 451 3780 legem
507 3719 650 3764 tuam
677 3711 900 3764 sustinui
925 3720 996 3776 te,
1021 3709 1262 3765 Domine.
1302 3712 1619 3783 Exspectavi
1656 3723 1728 3778 te,
1770 3714 1875 3770 Do-

278 3803 466 3869 mine,
530 3803 621 3873 qui
652 3804 782 3858 mihi
819 3805 872 3859 in
924 3805 1038 3875 lege
1065 3807 1366 3875 promissus
1415 3807 1600 3864 fuisti:
1631 3825 1751 3879 qua:
1787 3824 1875 3865 me

275 3892 364 3948 lex
407 3909 573 3949 reum
602 3893 727 3950 fecit
751 3935 766 3960 ,
798 3904 852 3949 et
875 3896 1132 3966 compulit
1167 3913 1254 3952 me
1299 3898 1366 3952 ad
1418 3907 1469 3953 te
1499 3900 1748 3961 clamare,
1780 3901 1872 3970 qui

274 3999 335 4040 es
391 3985 681 4057 legislator
730 3997 780 4043 et
811 3988 1136 4060 Redemptor
1178 3993 1278 4048 sub
1324 3993 1441 4063 lege
1483 3994 1659 4049 factus
1704 3995 1872 4051 Filius

275 4077 550 4133 hominis.
585 4079 846 4134 Sustinuit
888 4084 1065 4137 anima
1104 4101 1218 4138 mea
1273 4087 1480 4139 verbum
1518 4096 1684 4140 tuum.
1718 4086 1871 4152 Quod

274 4170 518 4226 verbum
540 4172 721 4242 ?quod
744 4183 855 4228 erat
881 4175 936 4228 in
961 4176 1217 4247 principio
1243 4177 1383 4246 apud
1412 4177 1601 4232 Deum.
1619 4178 1733 4232 Hoc
1754 4193 1871 4233 ver-

273 4265 407 4320 bum
452 4266 768 4335 exspectavi
795 4276 854 4322 ut
895 4282 1024 4322 caro
1052 4267 1206 4324 fieret
1241 4280 1299 4324 et
1330 4270 1585 4326 liberaret
1633 4273 1868 4328 animam

273 4373 486 4425 meam,
530 4359 584 4413 in
609 4375 716 4429 quo
764 4361 1096 4430 suscepimus
1125 4362 1496 4417 remissionem
1523 4371 1868 4434 peccatorum

273 4461 330 4506 et
353 4452 780 4522 promissionem
819 4453 967 4524 regni
1009 4451 1288 4508 ctelorum.
1319 4451 1378 4507 In
1419 4469 1525 4524 quo
1563 4455 1727 4510 verbo
1748 4469 1870 4524 spe-

273 4551 552 4599 raverunt
578 4545 888 4614 prophetazz
921 4545 1064 4614 quod
1106 4546 1330 4600 verbum
1378 4547 1607 4616 apostoli
1665 4555 1867 4602 tracta-
1895 4572 1944 4633 ο

270 4643 479 4689 verunt
521 4642 577 4688 et
604 4634 850 4689 viderunt
882 4649 896 4689 :
929 4635 982 4688 in
1031 4649 1138 4704 quo
1165 4635 1330 4690 verbo
1357 4636 1501 4692 beati
1532 4646 1656 4692 sunt
1699 4639 1864 4694 etiam

272 4726 858 4796 credentes,quamvis
904 4726 1079 4794 ipsum
1105 4727 1397 4782 carnaliter
1423 4744 1530 4785 non
1580 4729 1861 4786 vidissent.

269 4817 329 4872 In
361 4819 472 4874 hoc
487 4815 658 4873 verbo
685 4815 838 4890 [Δίκη
859 4816 1106 4892 verbum]
1125 4833 1313 4875 omnes
1339 4821 1532 4877 animae
1553 4829 1865 4878 sanctorum

272 4918 533 4980 sperant.

342 5001 525 5072 359
545 5001 708 5057 Vens.
734 5001 787 5056 6.
825 5033 898 5044 —
940 5005 984 5058 Α
1013 5006 1249 5060 custodia
1282 5008 1552 5060 matutina
1600 5022 1764 5077 usque
1786 5006 1868 5074 {ad

274 5108 492 5150 noctem
521 5106 686 5168 speret
713 5097 884 5152 Israel
918 5101 976 5154 in
1017 5099 1260 5155 Domino.
1318 5099 1572 5156 Custodia
1598 5101 1863 5155 matutina

272 5197 363 5244 est
373 5187 726 5244 manifestata
745 5192 1068 5246 resurrectio
1083 5192 1290 5246 Domini
1304 5191 1620 5258 Salvatoris,
1648 5195 1864 5265 quando

274 5279 497 5354 [Edit.,
533 5282 816 5356 quoniam]
848 5283 1152 5354 sepulcrum
1197 5286 1620 5341 custodientibus
1641 5285 1863 5354 Iudaeis,

271 5375 550 5446 resumpti
578 5375 819 5445 corporis
845 5375 1089 5440 veritate,
1117 5377 1431 5430 resurrexit.
1463 5374 1638 5448 Usque
1677 5378 1746 5431 ad
1772 5395 1866 5432 no-

270 5476 438 5532 ctem,
467 5465 526 5520 id
555 5474 656 5532 est,
685 5482 856 5537 usque
875 5467 943 5521 ad
971 5467 1258 5522 terminum
1288 5466 1447 5536 hujus
1473 5468 1649 5523 saeculi
1679 5469 1732 5524 in
1762 5469 1866 5525 hac

269 5575 372 5632 spe
418 5558 584 5615 nobis
634 5560 915 5615 vivendum
973 5568 1079 5625 est,
1113 5567 1174 5614 ut
1204 5561 1362 5615 modo
1415 5575 1759 5632 resurgamus
1808 5564 1861 5618 in

271 5652 492 5714 anima,
527 5658 581 5704 et
629 5651 684 5705 in
715 5652 1001 5705 novissimo
1047 5651 1132 5705 die
1158 5667 1504 5722 resurgamus
1534 5655 1588 5708 in
1614 5669 1858 5726 corpore.

269 5741 380 5810 Qui
405 5756 548 5796 vero
576 5757 606 5796 a
633 5751 802 5798 morte
830 5743 1022 5797 animae
1044 5743 1200 5797 modo
1228 5745 1461 5816 resurgit
1478 5760 1574 5815 per
1614 5747 1860 5812 verbum,

267 5833 398 5889 Filii
424 5830 563 5905 [Με.
593 5834 780 5905 lilium]
819 5835 935 5900 Dei,
959 5841 1084 5888 tunc
1102 5833 1328 5889 feliciter
1349 5844 1592 5905 resurget
1613 5837 1668 5892 in
1697 5852 1860 5892 carne

1905 3214 1954 3278 ο

1992 1971 2361 2038 observaveris,
2392 1973 2631 2038 Domine,
2663 1974 2904 2039 Domine,
2951 1973 3068 2044 quis
3095 1972 3370 2026 sustinebit
3401 1972 3426 2025 7
3474 1969 3584 2026 0b-

1990 2079 2146 2144 scrva
2197 2065 2366 2132 illum,
2412 2076 2666 2137 exspecta
2709 2067 2855 2122 illum
2895 2075 3116 2137 propter
3163 2065 3335 2136 legem
3385 2065 3578 2134 ipsius,

1989 2171 2151 2225 quam
2182 2156 2351 2229 legem
2391 2158 2488 2213 tibi
2517 2158 2665 2212 dedit
2695 2159 2748 2212 in
2790 2159 3056 2223 oratione,
3117 2172 3223 2226 qua
3271 2155 3581 2226 deprecaris

1986 2263 2086 2317 pro
2109 2249 2347 2318 peccatis
2375 2249 2480 2302 tuis
2519 2248 2731 2302 dicens:
2767 2248 2983 2302 Dimitte
3009 2247 3154 2301 nobis
3176 2247 3350 2300 debita
3373 2255 3578 2309 nostra,

1987 2339 2122 2392 sicut
2151 2348 2197 2392 et
2225 2356 2316 2393 nos
2359 2339 2671 2393 dimittimus
2693 2339 3010 2394 debitoribus
3049 2339 3260 2393 nostris.
3330 2335 3500 2406 Spera
3526 2344 3581 2390 te

1989 2440 2440 2496 resurrecturum,
2463 2440 2519 2486 et
2537 2442 2588 2486 te
2601 2431 2838 2488 futurum
2849 2433 2997 2488 omni
3019 2433 3180 2487 modo
3197 2431 3314 2486 sine
3329 2437 3576 2500 peccato,

1989 2523 2244 2593 quoniam
2268 2523 2357 2578 ille
2379 2525 2636 2588 surrexit,
2688 2525 2779 2594 qui
2816 2524 3025 2594 primus
3051 2525 3153 2578 fuit
3176 2523 3292 2578 sine
3330 2531 3575 2593 peccato.

1987 2613 2109 2668 Noli
2164 2613 2392 2669 dicere:
2435 2613 2551 2669 Non
2604 2631 2722 2670 sum
2777 2615 2970 2686 dignus
3018 2613 3391 2670 misericordia
3436 2611 3576 2667 illius

1985 2714 2207 2776 propter
2228 2715 2481 2776 peccata;
2523 2707 2699 2777 cogita
2731 2706 2898 2776 apud.
2921 2721 3045 2760 eum
3072 2704 3295 2760 multam
3322 2719 3444 2759 esse
3490 2717 3577 2758 re—

1986 2797 2370 2866 demptionem,
2415 2799 2507 2868 qui
2533 2800 2767 2868 seipsum
2799 2799 3041 2863 tradidit,
3090 2806 3148 2852 ut
3177 2806 3230 2853 te
3258 2798 3569 2852 redimeret.

1983 2889 2266 2946 Liberatus
2303 2907 2403 2961 per
2451 2892 2848 2961 paenitentiam,
2895 2890 3004 2945 noli
3044 2891 3242 2945 iterum
3292 2889 3447 2959 ligari
3475 2904 3574 2959 per

1981 2987 2282 3048 peccatum.
2347 2980 2501 3034 Servi
2558 2981 2784 3034 Domino
2815 2980 2969 3051 quasi
3019 2979 3161 3035 filius
3188 3020 3204 3045 ,
3262 2994 3371 3034 non
3415 2979 3572 3048 quasi

1983 3085 2204 3125 servus:
2265 3071 2392 3140 quia
2439 3073 2615 3126 omnis
2662 3073 2752 3141 qui
2807 3070 2941 3126 facit
2989 3080 3272 3143 peccatum
3303 3111 3320 3138 ,
3379 3086 3572 3126 servus

1982 3171 2066 3217 est
2093 3163 2322 3230 peccati.
2368 3162 2570 3216 Servus
2597 3171 2776 3217 autem
2801 3178 2906 3217 non
2936 3171 3118 3217 manet
3147 3165 3200 3217 in
3219 3162 3398 3226 domo,
3429 3159 3572 3217 ﬁlius

1985 3264 2167 3311 autem
2209 3265 2393 3311 manet
2443 3258 2585 3328 apud
2608 3258 2827 3313 Patrem
2866 3272 3025 3312 suum
3073 3258 3127 3312 in
3171 3265 3374 3311 aeterna
3399 3255 3571 3314 beati-

1982 3349 2189 3406 tudine.
2245 3349 2438 3404 Amen.
3601 3356 3604 3358 ‘

2500 3443 2820 3501 PSALMUS
2848 3443 3048 3500 CXLII.

2050 3534 2260 3590 Titulus
2286 3534 2508 3606 psalmi:
2569 3535 2816 3592 Psalmus
2839 3538 2938 3609 ipsi
2987 3537 3176 3603 Dauid,
3207 3539 3417 3610 quando
3446 3554 3565 3593 eum

1976 3625 2121 3694 ﬁlius
2145 3643 2271 3679 suus
2304 3627 2728 3696 persequebatur.
2786 3626 2844 3682 In
2871 3627 3050 3684 Libris
3079 3629 3286 3700 Regum
3312 3631 3452 3684 hanc
3483 3627 3567 3683 hi-

1977 3719 2201 3773 storiam
2222 3717 2471 3790 legimus,
2500 3721 2768 3790 quomodo
2796 3721 3030 3776 Ahsalon
3045 3730 3255 3792 patrem
3280 3737 3434 3776 suum
3462 3720 3567 3774 Da-

1973 3807 2066 3862 vid
2086 3808 2291 3879 expulit
2318 3809 2384 3863 de
2416 3825 2602 3880 regno.
2652 3808 2758 3865 Sed
2789 3809 2925 3865 alius
2945 3819 3030 3866 est
3057 3811 3225 3864 David
3254 3826 3379 3866 vere
3400 3826 3564 3865 manu

1974 3895 2133 3953 fortis
2173 3917 2186 3952 :
2221 3899 2277 3953 in
2298 3898 2437 3954 bello
2466 3898 2640 3965 fortis,
2695 3899 2786 3968 qui
2836 3900 3104 3970 percussit
3132 3901 3341 3954 hostem
3376 3913 3564 3968 super-

1901 4002 1925 4019 "
1972 3991 2282 4057 bissimum,
2337 3992 2596 4047 Dominus
2636 4002 2820 4048 noster
2838 3991 2996 4048 Jesus
3048 3991 3311 4048 Christus.
3381 3993 3562 4063 Agno-

1975 4083 2207 4138 scendus
2249 4091 2336 4140 est
2381 4083 2564 4152 itaque
2594 4084 2764 4138 David
2789 4084 2911 4148 iste,
2945 4098 3102 4152 quem
3135 4083 3563 4154 persequebatur

1973 4175 2116 4232 ﬁlius
2141 4192 2270 4232 suus
2314 4175 2482 4232 Judas
2528 4177 2747 4232 tradens
2775 4192 2898 4231 eum
2926 4177 2982 4231 in
3007 4183 3272 4241 mortem;
3323 4174 3561 4230 habebat

1971 4270 2117 4324 enim
2165 4268 2324 4334 filios,
2373 4269 2440 4324 de
2487 4269 2682 4341 quibus
2729 4268 2968 4325 dicebat:
3028 4267 3150 4322 Non
3198 4275 3411 4337 possunt
3457 4264 3560 4335 ﬁlii

1970 4362 2148 4432 sponsi
2174 4361 2366 4433 lugere,
2395 4361 2630 4434 quandiu
2654 4378 2874 4433 sponsus
2897 4372 2974 4416 est
3008 4377 3127 4415 cum
3149 4359 3247 4424 eis,
3277 4359 3438 4413 veniet
3467 4373 3560 4411 au-

1971 4464 2073 4510 tem
2093 4455 2203 4510 dies
2225 4454 2436 4526 quando
2457 4471 2680 4526 sponsus
2719 4453 2992 4523 auferetur
3027 4453 3092 4506 ab
3127 4453 3222 4516 eis,
3260 4458 3383 4505 tunc
3409 4448 3557 4520 luge-

1971 4547 2095 4602 bunt
2131 4547 2346 4618 (Matth.
2380 4565 2454 4614 ix,
2484 4549 2594 4619 I5).
2645 4547 2958 4618 Lugendum
2989 4554 3073 4602 est
3114 4545 3308 4600 animis
3328 4559 3558 4616 peccan-

1970 4640 2125 4705 tium,
2180 4640 2226 4694 si
2247 4655 2478 4710 sponsus
2524 4639 2802 4696 auferatur
2836 4641 2904 4695 ab
2932 4640 3012 4695 eis
3035 4647 3256 4710 propter
3297 4645 3550 4710 peccata:

1967 4740 2023 4786 et
2048 4731 2224 4801 primo
2248 4732 2490 4787 omnium
2514 4731 2866 4803 poscendum,
2910 4741 2971 4788 ut
3022 4731 3344 4786 exaudiatur
3371 4730 3548 4788 oratio

1967 4843 2185 4892 eorum;
2211 4827 2404 4882 deinde
2427 4843 2496 4882 ne
2522 4827 2845 4883 inducantur
2872 4826 2925 4880 in
2941 4825 3236 4896 judicium;
3278 4832 3554 4894 postremo

1966 4929 2029 4975 ut
2051 4921 2348 4990 eripiantur
2391 4919 2458 4974 ab
2487 4919 2720 4974 inimicis
2771 4919 2917 4985 suis,
2957 4933 3183 4989 quorum
3218 4915 3472 4988 potestati
3517 4929 3551 4970 a

1968 5011 2272 5080 semetipsis
2295 5009 2475 5064 traditi
2512 5018 2637 5064 sunt
2671 5017 2892 5079 propter
2909 5016 3132 5080 peccata
3161 5021 3280 5062 sua.

2039 5102 2203 5159 Vens.
2237 5103 2288 5156 I.
2315 5131 2386 5142 —
2412 5101 2654 5168 Domine,
2684 5101 2876 5155 exaudi
2903 5102 3190 5156 orationem
3215 5113 3407 5163 meam,
3448 5112 3550 5150 au-

1968 5197 2111 5251 ribus
2132 5196 2335 5267 percipe
2378 5193 2780 5249 obsecrationem
2808 5209 3000 5248 meam.
3055 5191 3169 5246 Hoc
3197 5198 3281 5245 est
3329 5187 3546 5253 exaudi,

1965 5287 2110 5357 quod
2129 5295 2185 5341 et
2211 5286 2426 5356 percipe
2454 5287 2693 5342 auribus.
2745 5285 3016 5355 Repetitio
3045 5297 3240 5353 magna
3261 5287 3344 5336 est
3360 5282 3547 5363 depre-

1965 5378 2139 5433 cantis
2151 5378 2376 5433 intentio
2391 5395 2404 5432 :
2424 5377 2696 5432 humilitas
2707 5375 3066 5447 laerymarum
3077 5415 3092 5439 ,
3109 5371 3375 5428 absolutio
3388 5369 3542 5442 [Ms.,

1967 5471 2200 5544 ablutio]
2239 5479 2322 5528 est
2346 5479 2712 5542 peccatorum.
2760 5468 2827 5523 In
2847 5469 3059 5522 veritate
3089 5475 3181 5520 tua
3225 5461 3417 5520 exaudi
3460 5478 3544 5516 me

1964 5564 2019 5617 in
2050 5571 2141 5617 tua
2156 5563 2387 5633 justitia.
2426 5560 2831 5618 Commendatio
2845 5557 3142 5630 gratiaeest,
3167 5569 3235 5609 ne
3257 5551 3546 5623 unusquis-

1964 5668 2068 5724 que
2095 5663 2336 5708 nostrum
2357 5653 2621 5724 juStitiam
2650 5666 2805 5706 suam
2851 5664 2972 5705 esse
2999 5655 3170 5718 putet,
3209 5661 3314 5716 qua
3345 5644 3544 5704 libera-

1964 5755 2081 5802 tur:
2123 5748 2216 5802 sed
2233 5747 2444 5816 justitia
2475 5746 2567 5799 Dei
2599 5752 2704 5809 est,
2736 5758 2899 5813 quam
2926 5749 2986 5796 ut
3023 5741 3240 5806 habeat,
3267 5739 3408 5796 Deus
3435 5737 3534 5794 de.

1962 5837 2060 5891 dit.
2123 5838 2177 5890 In
2209 5845 2299 5890 tua
2331 5836 2492 5901 enim,
2541 5834 2768 5890 dicimus
2811 5831 2980 5904 [Ms.,
3005 5830 3283 5904 dicamus]
3305 5829 3540 5900 iustitia,
