  <div class='ocr_page' id='page_1' title='image "/cluster/home/n/w/nwhite01/storage/ocr_20150623/100/hvd.32044024239972/303.png"; bbox 0 0 4072 6340; ppageno 0'>
   <div class='ocr_carea' id='block_1_1' title="bbox 1121 236 1322 280">
    <p class='ocr_par' dir='ltr' id='par_1_1' title="bbox 1121 236 1322 280">
     <span class='ocr_line' id='line_1_1' title="bbox 1121 236 1322 280; baseline 0 -21"><span class='ocrx_word' id='word_1_1' title='bbox 1121 263 1154 280; x_wconf 57' lang='grc' dir='ltr'><em>ν</em></span> <span class='ocrx_word' id='word_1_2' title='bbox 1220 236 1238 258; x_wconf 84' lang='lat'><strong>_&quot;</strong></span> <span class='ocrx_word' id='word_1_3' title='bbox 1257 236 1322 265; x_wconf 42' lang='lat' dir='ltr'><strong>ut:</strong></span> 
     </span>
    </p>
   </div>
   <div class='ocr_carea' id='block_1_2' title="bbox 1345 250 2889 364">
    <p class='ocr_par' dir='ltr' id='par_1_2' title="bbox 1345 250 2889 364">
     <span class='ocr_line' id='line_1_2' title="bbox 1345 250 2889 364; baseline 0.001 -6"><span class='ocrx_word' id='word_1_4' title='bbox 1345 304 1406 358; x_wconf 76' lang='grc' dir='ltr'><strong>Β.</strong></span> <span class='ocrx_word' id='word_1_5' title='bbox 1441 301 1501 357; x_wconf 79' lang='lat' dir='ltr'><strong>r.</strong></span> <span class='ocrx_word' id='word_1_6' title='bbox 1543 287 1774 359; x_wconf 80' lang='lat' dir='ltr'><strong>ALBINI</strong></span> <span class='ocrx_word' id='word_1_7' title='bbox 1811 296 1940 354; x_wconf 72' lang='lat' dir='ltr'><strong>seu</strong></span> <span class='ocrx_word' id='word_1_8' title='bbox 1977 250 2252 354; x_wconf 81' lang='lat' dir='ltr'><strong>ALCUlNl</strong></span> <span class='ocrx_word' id='word_1_9' title='bbox 2290 299 2580 364; x_wconf 72' lang='lat' dir='ltr'><strong>OPERUH</strong></span> <span class='ocrx_word' id='word_1_10' title='bbox 2613 300 2794 362; x_wconf 67' lang='lat' dir='ltr'><strong>rans</strong></span> <span class='ocrx_word' id='word_1_11' title='bbox 2831 301 2889 355; x_wconf 90' lang='lat' dir='ltr'><strong>ll.</strong></span> 
     </span>
    </p>
   </div>
   <div class='ocr_carea' id='block_1_3' title="bbox 487 262 3913 364">
    <p class='ocr_par' dir='ltr' id='par_1_3' title="bbox 487 262 3913 364">
     <span class='ocr_line' id='line_1_3' title="bbox 487 262 3913 364; baseline -0.001 -2"><span class='ocrx_word' id='word_1_12' title='bbox 487 262 589 364; x_wconf 68' lang='lat'><strong>595</strong></span> <span class='ocrx_word' id='word_1_13' title='bbox 1121 263 1154 280; x_wconf 72' lang='grc'><em>”</em></span> <span class='ocrx_word' id='word_1_14' title='bbox 1257 262 1264 265; x_wconf 45' lang='grc'>⁷</span> <span class='ocrx_word' id='word_1_15' title='bbox 1345 304 1406 358; x_wconf 76' lang='grc' dir='ltr'><strong>Β.</strong></span> <span class='ocrx_word' id='word_1_16' title='bbox 1441 301 1501 357; x_wconf 79' lang='lat' dir='ltr'><strong>r.</strong></span> <span class='ocrx_word' id='word_1_17' title='bbox 1543 287 1774 359; x_wconf 80' lang='lat' dir='ltr'><strong>ALBINI</strong></span> <span class='ocrx_word' id='word_1_18' title='bbox 1811 296 1940 354; x_wconf 72' lang='lat' dir='ltr'><strong>seu</strong></span> <span class='ocrx_word' id='word_1_19' title='bbox 1977 294 2252 354; x_wconf 81' lang='lat' dir='ltr'><strong>ALCUINI</strong></span> <span class='ocrx_word' id='word_1_20' title='bbox 2290 299 2580 364; x_wconf 72' lang='lat' dir='ltr'><strong>orenuu</strong></span> <span class='ocrx_word' id='word_1_21' title='bbox 2613 300 2794 362; x_wconf 67' lang='lat' dir='ltr'><strong>rans</strong></span> <span class='ocrx_word' id='word_1_22' title='bbox 2831 301 2889 355; x_wconf 82' lang='grc' dir='ltr'><strong>ιι.</strong></span> <span class='ocrx_word' id='word_1_23' title='bbox 3647 306 3747 360; x_wconf 69' lang='lat' dir='ltr'><strong>rans</strong></span> <span class='ocrx_word' id='word_1_24' title='bbox 3878 289 3913 326; x_wconf 78' lang='lat'><strong><em>‘</em></strong></span> 
     </span>
    </p>
   </div>
   <div class='ocr_carea' id='block_1_4' title="bbox 484 407 3748 484">
    <p class='ocr_par' dir='ltr' id='par_1_4' title="bbox 484 407 3748 484">
     <span class='ocr_line' id='line_1_4' title="bbox 484 407 3748 484; baseline -0.002 -3"><span class='ocrx_word' id='word_1_25' title='bbox 484 415 676 482; x_wconf 82' lang='lat' dir='ltr'><strong>exaudi</strong></span> <span class='ocrx_word' id='word_1_26' title='bbox 703 437 810 478; x_wconf 91' lang='lat' dir='ltr'><strong>me.</strong></span> <span class='ocrx_word' id='word_1_27' title='bbox 865 421 945 476; x_wconf 83' lang='lat' dir='ltr'><strong>Ad</strong></span> <span class='ocrx_word' id='word_1_28' title='bbox 967 435 1054 476; x_wconf 90' lang='lat' dir='ltr'><strong>me</strong></span> <span class='ocrx_word' id='word_1_29' title='bbox 1096 421 1240 476; x_wconf 89' lang='lat' dir='ltr'><strong>enim</strong></span> <span class='ocrx_word' id='word_1_30' title='bbox 1268 433 1434 473; x_wconf 91' lang='lat' dir='ltr'><strong>unum</strong></span> <span class='ocrx_word' id='word_1_31' title='bbox 1461 431 1581 472; x_wconf 91' lang='lat' dir='ltr'><strong>cum</strong></span> <span class='ocrx_word' id='word_1_32' title='bbox 1629 413 1874 484; x_wconf 86' lang='lat' dir='ltr'><strong>respicio.</strong></span> <span class='ocrx_word' id='word_1_33' title='bbox 1928 407 2063 466; x_wconf 90' lang='lat' dir='ltr'><strong>nihil</strong></span> <span class='ocrx_word' id='word_1_34' title='bbox 2087 415 2136 472; x_wconf 83' lang='grc' dir='ltr'><strong>Α</strong></span> <span class='ocrx_word' id='word_1_35' title='bbox 2165 413 2289 482; x_wconf 93' lang='lat' dir='ltr'><strong>quia</strong></span> <span class='ocrx_word' id='word_1_36' title='bbox 2307 415 2352 470; x_wconf 90' lang='lat' dir='ltr'><strong>si</strong></span> <span class='ocrx_word' id='word_1_37' title='bbox 2379 415 2642 474; x_wconf 88' lang='lat' dir='ltr'><strong>averteris</strong></span> <span class='ocrx_word' id='word_1_38' title='bbox 2670 415 2862 472; x_wconf 80' lang='lat' dir='ltr'><strong>faciem</strong></span> <span class='ocrx_word' id='word_1_39' title='bbox 2886 416 3270 475; x_wconf 64' lang='lat' dir='ltr'><strong>misericordiae</strong></span> <span class='ocrx_word' id='word_1_40' title='bbox 3306 426 3412 474; x_wconf 67' lang='lat' dir='ltr'><strong>tuae</strong></span> <span class='ocrx_word' id='word_1_41' title='bbox 3450 435 3479 474; x_wconf 91' lang='lat' dir='ltr'><strong>a</strong></span> <span class='ocrx_word' id='word_1_42' title='bbox 3505 437 3621 484; x_wconf 68' lang='lat' dir='ltr'><strong>me;</strong></span> <span class='ocrx_word' id='word_1_43' title='bbox 3662 441 3748 478; x_wconf 74' lang='lat' dir='ltr'><strong>ero</strong></span> 
     </span>
    </p>
   </div>
   <div class='ocr_carea' id='block_1_5' title="bbox 483 505 2067 583">
    <p class='ocr_par' dir='ltr' id='par_1_5' title="bbox 483 505 2067 583">
     <span class='ocr_line' id='line_1_5' title="bbox 483 505 2067 583; baseline -0.009 -11"><span class='ocrx_word' id='word_1_44' title='bbox 483 517 627 572; x_wconf 86' lang='lat' dir='ltr'><strong>aliud</strong></span> <span class='ocrx_word' id='word_1_45' title='bbox 653 516 708 570; x_wconf 85' lang='lat' dir='ltr'><strong>in</strong></span> <span class='ocrx_word' id='word_1_46' title='bbox 736 528 824 569; x_wconf 89' lang='lat' dir='ltr'><strong>me</strong></span> <span class='ocrx_word' id='word_1_47' title='bbox 853 513 953 568; x_wconf 92' lang='lat' dir='ltr'><strong>nisi</strong></span> <span class='ocrx_word' id='word_1_48' title='bbox 996 520 1275 583; x_wconf 86' lang='lat' dir='ltr'><strong>peccatum</strong></span> <span class='ocrx_word' id='word_1_49' title='bbox 1323 509 1555 565; x_wconf 85' lang='lat' dir='ltr'><strong>invenio.</strong></span> <span class='ocrx_word' id='word_1_50' title='bbox 1651 506 1787 562; x_wconf 80' lang='lat' dir='ltr'><strong>Tota</strong></span> <span class='ocrx_word' id='word_1_51' title='bbox 1821 505 2067 560; x_wconf 90' lang='lat' dir='ltr'><strong>liberatio</strong></span> 
     </span>
    </p>
   </div>
   <div class='ocr_carea' id='block_1_6' title="bbox 483 602 1617 677">
    <p class='ocr_par' dir='ltr' id='par_1_6' title="bbox 483 602 1617 677">
     <span class='ocr_line' id='line_1_6' title="bbox 483 602 1617 677; baseline -0.009 -14"><span class='ocrx_word' id='word_1_52' title='bbox 483 621 627 674; x_wconf 84' lang='lat' dir='ltr'><strong>mea,</strong></span> <span class='ocrx_word' id='word_1_53' title='bbox 653 615 746 661; x_wconf 88' lang='lat' dir='ltr'><strong>tua</strong></span> <span class='ocrx_word' id='word_1_54' title='bbox 771 613 856 661; x_wconf 92' lang='lat' dir='ltr'><strong>est</strong></span> <span class='ocrx_word' id='word_1_55' title='bbox 873 604 1106 677; x_wconf 74' lang='lat' dir='ltr'><strong>iustitia.</strong></span> <span class='ocrx_word' id='word_1_56' title='bbox 1153 602 1304 658; x_wconf 88' lang='lat' dir='ltr'><strong>Unde</strong></span> <span class='ocrx_word' id='word_1_57' title='bbox 1336 602 1617 670; x_wconf 76' lang='lat' dir='ltr'><strong>sequitur:</strong></span> 
     </span>
    </p>
   </div>
   <div class='ocr_carea' id='block_1_7' title="bbox 501 690 2068 761">
    <p class='ocr_par' dir='ltr' id='par_1_7' title="bbox 501 690 2068 761">
     <span class='ocr_line' id='line_1_7' title="bbox 501 690 2068 761; baseline -0.011 -5"><span class='ocrx_word' id='word_1_58' title='bbox 501 711 508 714; x_wconf 77' lang='lat'><strong><em>‘</em></strong></span> <span class='ocrx_word' id='word_1_59' title='bbox 551 699 717 756; x_wconf 74' lang='lat' dir='ltr'><strong>Vens.</strong></span> <span class='ocrx_word' id='word_1_60' title='bbox 748 697 803 750; x_wconf 78' lang='lat'><strong>2.</strong></span> <span class='ocrx_word' id='word_1_61' title='bbox 829 726 902 737; x_wconf 93' lang='lat'><strong>--</strong></span> <span class='ocrx_word' id='word_1_62' title='bbox 927 695 995 749; x_wconf 86' lang='lat' dir='ltr'><strong>Et</strong></span> <span class='ocrx_word' id='word_1_63' title='bbox 1025 711 1128 748; x_wconf 88' lang='lat' dir='ltr'><strong>non</strong></span> <span class='ocrx_word' id='word_1_64' title='bbox 1147 694 1308 746; x_wconf 84' lang='lat' dir='ltr'><strong>intres</strong></span> <span class='ocrx_word' id='word_1_65' title='bbox 1350 693 1406 745; x_wconf 82' lang='lat' dir='ltr'><strong>in</strong></span> <span class='ocrx_word' id='word_1_66' title='bbox 1445 690 1712 761; x_wconf 79' lang='lat' dir='ltr'><strong>judicium</strong></span> <span class='ocrx_word' id='word_1_67' title='bbox 1764 704 1884 742; x_wconf 78' lang='lat' dir='ltr'><strong>cum</strong></span> <span class='ocrx_word' id='word_1_68' title='bbox 1921 701 2068 741; x_wconf 79' lang='lat' dir='ltr'><strong>servo</strong></span> 
     </span>
    </p>
   </div>
   <div class='ocr_carea' id='block_1_8' title="bbox 481 777 2065 855">
    <p class='ocr_par' dir='ltr' id='par_1_8' title="bbox 481 777 2065 855">
     <span class='ocr_line' id='line_1_8' title="bbox 481 777 2065 855; baseline -0.009 -11"><span class='ocrx_word' id='word_1_69' title='bbox 481 800 593 845; x_wconf 76' lang='lat' dir='ltr'><strong>tuo.</strong></span> <span class='ocrx_word' id='word_1_70' title='bbox 632 786 750 843; x_wconf 80' lang='lat' dir='ltr'><strong>Noli</strong></span> <span class='ocrx_word' id='word_1_71' title='bbox 778 800 908 855; x_wconf 78' lang='lat' dir='ltr'><strong>ergo</strong></span> <span class='ocrx_word' id='word_1_72' title='bbox 933 798 1145 839; x_wconf 91' lang='lat' dir='ltr'><strong>mecum</strong></span> <span class='ocrx_word' id='word_1_73' title='bbox 1175 782 1384 836; x_wconf 87' lang='lat' dir='ltr'><strong>intrare</strong></span> <span class='ocrx_word' id='word_1_74' title='bbox 1429 781 1483 834; x_wconf 93' lang='lat' dir='ltr'><strong>in</strong></span> <span class='ocrx_word' id='word_1_75' title='bbox 1500 778 1786 848; x_wconf 84' lang='lat' dir='ltr'><strong>judicium,</strong></span> <span class='ocrx_word' id='word_1_76' title='bbox 1818 777 2065 842; x_wconf 87' lang='lat' dir='ltr'><strong>Domine,</strong></span> 
     </span>
    </p>
   </div>
   <div class='ocr_carea' id='block_1_9' title="bbox 482 871 2070 955">
    <p class='ocr_par' dir='ltr' id='par_1_9' title="bbox 482 871 2070 955">
     <span class='ocr_line' id='line_1_9' title="bbox 482 871 2070 955; baseline -0.009 -16"><span class='ocrx_word' id='word_1_77' title='bbox 482 881 878 955; x_wconf 85' lang='lat' dir='ltr'><strong>quantumlibet</strong></span> <span class='ocrx_word' id='word_1_78' title='bbox 924 879 1055 934; x_wconf 90' lang='lat' dir='ltr'><strong>mibi</strong></span> <span class='ocrx_word' id='word_1_79' title='bbox 1105 884 1287 932; x_wconf 89' lang='lat' dir='ltr'><strong>rectus</strong></span> <span class='ocrx_word' id='word_1_80' title='bbox 1331 875 1537 930; x_wconf 87' lang='lat' dir='ltr'><strong>videar.</strong></span> <span class='ocrx_word' id='word_1_81' title='bbox 1611 874 1872 928; x_wconf 84' lang='lat' dir='ltr'><strong>Producis</strong></span> <span class='ocrx_word' id='word_1_82' title='bbox 1914 881 1970 926; x_wconf 92' lang='lat' dir='ltr'><strong>tu</strong></span> <span class='ocrx_word' id='word_1_83' title='bbox 1999 871 2070 926; x_wconf 92' lang='lat' dir='ltr'><strong>de</strong></span> 
     </span>
    </p>
   </div>
   <div class='ocr_carea' id='block_1_10' title="bbox 480 966 2070 1043">
    <p class='ocr_par' dir='ltr' id='par_1_10' title="bbox 480 966 2070 1043">
     <span class='ocr_line' id='line_1_10' title="bbox 480 966 2070 1043; baseline -0.009 -11"><span class='ocrx_word' id='word_1_84' title='bbox 480 975 752 1032; x_wconf 73' lang='lat' dir='ltr'><strong>thesauris</strong></span> <span class='ocrx_word' id='word_1_85' title='bbox 799 973 908 1026; x_wconf 89' lang='lat' dir='ltr'><strong>tuis</strong></span> <span class='ocrx_word' id='word_1_86' title='bbox 942 969 1103 1043; x_wconf 76' lang='lat' dir='ltr'><strong>[Ms.,</strong></span> <span class='ocrx_word' id='word_1_87' title='bbox 1153 969 1407 1024; x_wconf 77' lang='lat' dir='ltr'><strong>thesauro</strong></span> <span class='ocrx_word' id='word_1_88' title='bbox 1437 967 1560 1039; x_wconf 92' lang='lat' dir='ltr'><strong>tuo]</strong></span> <span class='ocrx_word' id='word_1_89' title='bbox 1615 967 1854 1036; x_wconf 78' lang='lat' dir='ltr'><strong>regulam</strong></span> <span class='ocrx_word' id='word_1_90' title='bbox 1901 966 2070 1035; x_wconf 74' lang='lat' dir='ltr'><strong>tequi-</strong></span> 
     </span>
    </p>
   </div>
   <div class='ocr_carea' id='block_1_11' title="bbox 479 1058 2064 1137">
    <p class='ocr_par' dir='ltr' id='par_1_11' title="bbox 479 1058 2064 1137">
     <span class='ocr_line' id='line_1_11' title="bbox 479 1058 2064 1137; baseline -0.009 -11"><span class='ocrx_word' id='word_1_91' title='bbox 479 1071 637 1126; x_wconf 87' lang='lat' dir='ltr'><strong>tatis:</strong></span> <span class='ocrx_word' id='word_1_92' title='bbox 660 1065 874 1137; x_wconf 76' lang='lat' dir='ltr'><strong>iudicas</strong></span> <span class='ocrx_word' id='word_1_93' title='bbox 900 1079 990 1119; x_wconf 89' lang='lat' dir='ltr'><strong>me</strong></span> <span class='ocrx_word' id='word_1_94' title='bbox 1018 1062 1314 1118; x_wconf 88' lang='lat' dir='ltr'><strong>secundum</strong></span> <span class='ocrx_word' id='word_1_95' title='bbox 1350 1073 1526 1115; x_wconf 85' lang='lat' dir='ltr'><strong>meam</strong></span> <span class='ocrx_word' id='word_1_96' title='bbox 1548 1058 1838 1128; x_wconf 76' lang='lat' dir='ltr'><strong>justitiam,</strong></span> <span class='ocrx_word' id='word_1_97' title='bbox 1861 1069 1918 1114; x_wconf 90' lang='lat' dir='ltr'><strong>et</strong></span> <span class='ocrx_word' id='word_1_98' title='bbox 1935 1074 2064 1128; x_wconf 50' lang='lat' dir='ltr'><strong>pra-</strong></span> 
     </span>
    </p>
   </div>
   <div class='ocr_carea' id='block_1_12' title="bbox 475 1152 2069 1223">
    <p class='ocr_par' dir='ltr' id='par_1_12' title="bbox 475 1152 2069 1223">
     <span class='ocr_line' id='line_1_12' title="bbox 475 1152 2069 1223; baseline -0.008 -7"><span class='ocrx_word' id='word_1_99' title='bbox 475 1165 576 1216; x_wconf 75' lang='lat' dir='ltr'><strong>vus</strong></span> <span class='ocrx_word' id='word_1_100' title='bbox 599 1157 858 1214; x_wconf 70' lang='lat' dir='ltr'><strong>invenior.</strong></span> <span class='ocrx_word' id='word_1_101' title='bbox 907 1154 1124 1223; x_wconf 75' lang='lat' dir='ltr'><strong>Quare?</strong></span> <span class='ocrx_word' id='word_1_102' title='bbox 1163 1153 1301 1220; x_wconf 84' lang='lat' dir='ltr'><strong>Quia</strong></span> <span class='ocrx_word' id='word_1_103' title='bbox 1325 1169 1427 1207; x_wconf 90' lang='lat' dir='ltr'><strong>non</strong></span> <span class='ocrx_word' id='word_1_104' title='bbox 1461 1152 1846 1222; x_wconf 73' lang='lat' dir='ltr'><strong>justiﬁcabitur</strong></span> <span class='ocrx_word' id='word_1_105' title='bbox 1865 1153 1920 1205; x_wconf 86' lang='lat' dir='ltr'><strong>in</strong></span> <span class='ocrx_word' id='word_1_106' title='bbox 1943 1167 2069 1205; x_wconf 86' lang='lat' dir='ltr'><strong>con-</strong></span> 
     </span>
    </p>
   </div>
   <div class='ocr_carea' id='block_1_13' title="bbox 475 1243 2070 1320">
    <p class='ocr_par' dir='ltr' id='par_1_13' title="bbox 475 1243 2070 1320">
     <span class='ocr_line' id='line_1_13' title="bbox 475 1243 2070 1320; baseline -0.008 -12"><span class='ocrx_word' id='word_1_107' title='bbox 475 1262 653 1320; x_wconf 84' lang='lat' dir='ltr'><strong>spectu</strong></span> <span class='ocrx_word' id='word_1_108' title='bbox 676 1260 766 1306; x_wconf 87' lang='lat' dir='ltr'><strong>tuo</strong></span> <span class='ocrx_word' id='word_1_109' title='bbox 781 1249 948 1304; x_wconf 86' lang='lat' dir='ltr'><strong>omnis</strong></span> <span class='ocrx_word' id='word_1_110' title='bbox 972 1249 1161 1303; x_wconf 76' lang='lat' dir='ltr'><strong>vivens.</strong></span> <span class='ocrx_word' id='word_1_111' title='bbox 1196 1246 1367 1302; x_wconf 88' lang='lat' dir='ltr'><strong>Omne</strong></span> <span class='ocrx_word' id='word_1_112' title='bbox 1388 1259 1557 1316; x_wconf 87' lang='lat' dir='ltr'><strong>genus</strong></span> <span class='ocrx_word' id='word_1_113' title='bbox 1577 1245 1872 1298; x_wconf 87' lang='lat' dir='ltr'><strong>humanum</strong></span> <span class='ocrx_word' id='word_1_114' title='bbox 1900 1243 2070 1313; x_wconf 89' lang='lat' dir='ltr'><strong>signi—</strong></span> 
     </span>
    </p>
   </div>
   <div class='ocr_carea' id='block_1_14' title="bbox 409 1332 2066 1420">
    <p class='ocr_par' dir='ltr' id='par_1_14' title="bbox 409 1332 2066 1420">
     <span class='ocr_line' id='line_1_14' title="bbox 409 1332 2066 1420; baseline -0.008 -15"><span class='ocrx_word' id='word_1_115' title='bbox 409 1332 422 1344; x_wconf 73' lang='grc'><strong>’</strong></span> <span class='ocrx_word' id='word_1_116' title='bbox 474 1347 605 1404; x_wconf 83' lang='lat' dir='ltr'><strong>ﬂeat</strong></span> <span class='ocrx_word' id='word_1_117' title='bbox 628 1345 878 1420; x_wconf 73' lang='lat' dir='ltr'><strong>originali</strong></span> <span class='ocrx_word' id='word_1_118' title='bbox 911 1351 1137 1415; x_wconf 88' lang='lat' dir='ltr'><strong>peccato</strong></span> <span class='ocrx_word' id='word_1_119' title='bbox 1181 1341 1496 1397; x_wconf 81' lang='lat' dir='ltr'><strong>obnoxium.</strong></span> <span class='ocrx_word' id='word_1_120' title='bbox 1560 1338 1683 1393; x_wconf 90' lang='lat' dir='ltr'><strong>ideo</strong></span> <span class='ocrx_word' id='word_1_121' title='bbox 1713 1336 1911 1402; x_wconf 87' lang='lat' dir='ltr'><strong>nullus,</strong></span> <span class='ocrx_word' id='word_1_122' title='bbox 1959 1337 2066 1391; x_wconf 87' lang='lat' dir='ltr'><strong>nisi</strong></span> 
     </span>
    </p>
   </div>
   <div class='ocr_carea' id='block_1_15' title="bbox 474 1427 2069 1510">
    <p class='ocr_par' dir='ltr' id='par_1_15' title="bbox 474 1427 2069 1510">
     <span class='ocr_line' id='line_1_15' title="bbox 474 1427 2069 1510; baseline -0.01 -15"><span class='ocrx_word' id='word_1_123' title='bbox 474 1441 650 1510; x_wconf 87' lang='lat' dir='ltr'><strong>gratia</strong></span> <span class='ocrx_word' id='word_1_124' title='bbox 676 1438 936 1494; x_wconf 87' lang='lat' dir='ltr'><strong>liberatus</strong></span> <span class='ocrx_word' id='word_1_125' title='bbox 960 1443 1070 1501; x_wconf 90' lang='lat' dir='ltr'><strong>tua,</strong></span> <span class='ocrx_word' id='word_1_126' title='bbox 1113 1431 1402 1502; x_wconf 88' lang='lat' dir='ltr'><strong>justilicari</strong></span> <span class='ocrx_word' id='word_1_127' title='bbox 1424 1430 1639 1500; x_wconf 88' lang='lat' dir='ltr'><strong>poterit.</strong></span> <span class='ocrx_word' id='word_1_128' title='bbox 1685 1428 1839 1494; x_wconf 83' lang='lat' dir='ltr'><strong>Quod</strong></span> <span class='ocrx_word' id='word_1_129' title='bbox 1875 1427 1920 1483; x_wconf 90' lang='lat' dir='ltr'><strong>si</strong></span> <span class='ocrx_word' id='word_1_130' title='bbox 1945 1427 2069 1481; x_wconf 90' lang='lat' dir='ltr'><strong>nul-</strong></span> 
     </span>
    </p>
   </div>
   <div class='ocr_carea' id='block_1_16' title="bbox 473 1522 2066 1602">
    <p class='ocr_par' dir='ltr' id='par_1_16' title="bbox 473 1522 2066 1602">
     <span class='ocr_line' id='line_1_16' title="bbox 473 1522 2066 1602; baseline -0.008 -15"><span class='ocrx_word' id='word_1_131' title='bbox 473 1533 558 1587; x_wconf 88' lang='lat' dir='ltr'><strong>ius</strong></span> <span class='ocrx_word' id='word_1_132' title='bbox 589 1528 995 1602; x_wconf 81' lang='lat' dir='ltr'><strong>justiﬁeabitur,</strong></span> <span class='ocrx_word' id='word_1_133' title='bbox 1047 1526 1113 1581; x_wconf 92' lang='lat' dir='ltr'><strong>de</strong></span> <span class='ocrx_word' id='word_1_134' title='bbox 1161 1525 1347 1580; x_wconf 88' lang='lat' dir='ltr'><strong>radice</strong></span> <span class='ocrx_word' id='word_1_135' title='bbox 1399 1522 1588 1577; x_wconf 88' lang='lat' dir='ltr'><strong>vitiata</strong></span> <span class='ocrx_word' id='word_1_136' title='bbox 1633 1529 1813 1585; x_wconf 87' lang='lat' dir='ltr'><strong>natus,</strong></span> <span class='ocrx_word' id='word_1_137' title='bbox 1864 1525 2066 1588; x_wconf 86' lang='lat' dir='ltr'><strong>quanto</strong></span> 
     </span>
    </p>
   </div>
   <div class='ocr_carea' id='block_1_17' title="bbox 473 1612 2064 1697">
    <p class='ocr_par' dir='ltr' id='par_1_17' title="bbox 473 1612 2064 1697">
     <span class='ocr_line' id='line_1_17' title="bbox 473 1612 2064 1697; baseline -0.009 -18"><span class='ocrx_word' id='word_1_138' title='bbox 473 1624 646 1697; x_wconf 87' lang='lat' dir='ltr'><strong>magis</strong></span> <span class='ocrx_word' id='word_1_139' title='bbox 681 1637 782 1695; x_wconf 88' lang='lat' dir='ltr'><strong>ego</strong></span> <span class='ocrx_word' id='word_1_140' title='bbox 812 1615 1078 1695; x_wconf 86' lang='lat' dir='ltr'><strong>[proprio]</strong></span> <span class='ocrx_word' id='word_1_141' title='bbox 1132 1624 1476 1690; x_wconf 77' lang='lat' dir='ltr'><strong>peccatorum</strong></span> <span class='ocrx_word' id='word_1_142' title='bbox 1533 1627 1776 1668; x_wconf 89' lang='lat' dir='ltr'><strong>meorum</strong></span> <span class='ocrx_word' id='word_1_143' title='bbox 1826 1612 2064 1682; x_wconf 90' lang='lat' dir='ltr'><strong>pondere</strong></span> 
     </span>
    </p>
   </div>
   <div class='ocr_carea' id='block_1_18' title="bbox 473 1713 810 1786">
    <p class='ocr_par' dir='ltr' id='par_1_18' title="bbox 473 1713 810 1786">
     <span class='ocr_line' id='line_1_18' title="bbox 473 1713 810 1786; baseline -0.006 -17"><span class='ocrx_word' id='word_1_144' title='bbox 473 1728 771 1786; x_wconf 87' lang='lat' dir='ltr'><strong>oppressus</strong></span> <span class='ocrx_word' id='word_1_145' title='bbox 783 1713 810 1767; x_wconf 82' lang='lat'><strong>?</strong></span> 
     </span>
    </p>
   </div>
   <div class='ocr_carea' id='block_1_19' title="bbox 2169 507 3758 568">
    <p class='ocr_par' dir='ltr' id='par_1_19' title="bbox 2169 507 3758 568">
     <span class='ocr_line' id='line_1_19' title="bbox 2169 507 3758 568; baseline 0.004 -7"><span class='ocrx_word' id='word_1_146' title='bbox 2169 507 2357 562; x_wconf 79' lang='lat' dir='ltr'><strong>similis</strong></span> <span class='ocrx_word' id='word_1_147' title='bbox 2381 507 2806 562; x_wconf 72' lang='lat' dir='ltr'><strong>descendentibus</strong></span> <span class='ocrx_word' id='word_1_148' title='bbox 2826 509 2883 562; x_wconf 85' lang='lat' dir='ltr'><strong>in</strong></span> <span class='ocrx_word' id='word_1_149' title='bbox 2907 508 3100 562; x_wconf 87' lang='lat' dir='ltr'><strong>lacum.</strong></span> <span class='ocrx_word' id='word_1_150' title='bbox 3153 511 3358 565; x_wconf 76' lang='lat' dir='ltr'><strong>Lacum</strong></span> <span class='ocrx_word' id='word_1_151' title='bbox 3385 525 3515 565; x_wconf 88' lang='lat' dir='ltr'><strong>vero</strong></span> <span class='ocrx_word' id='word_1_152' title='bbox 3528 511 3758 568; x_wconf 81' lang='lat' dir='ltr'><strong>inferio--</strong></span> 
     </span>
    </p>
   </div>
   <div class='ocr_carea' id='block_1_20' title="bbox 2169 599 3751 673">
    <p class='ocr_par' dir='ltr' id='par_1_20' title="bbox 2169 599 3751 673">
     <span class='ocr_line' id='line_1_20' title="bbox 2169 599 3751 673; baseline 0.004 -19"><span class='ocrx_word' id='word_1_153' title='bbox 2169 614 2285 654; x_wconf 90' lang='lat' dir='ltr'><strong>rem</strong></span> <span class='ocrx_word' id='word_1_154' title='bbox 2313 600 2488 656; x_wconf 87' lang='lat' dir='ltr'><strong>locum</strong></span> <span class='ocrx_word' id='word_1_155' title='bbox 2524 599 2719 656; x_wconf 80' lang='lat' dir='ltr'><strong>inferni</strong></span> <span class='ocrx_word' id='word_1_156' title='bbox 2747 601 3011 671; x_wconf 74' lang='lat' dir='ltr'><strong>designat,</strong></span> <span class='ocrx_word' id='word_1_157' title='bbox 3043 602 3134 658; x_wconf 87' lang='lat' dir='ltr'><strong>ubi</strong></span> <span class='ocrx_word' id='word_1_158' title='bbox 3175 602 3324 673; x_wconf 87' lang='lat' dir='ltr'><strong>impii</strong></span> <span class='ocrx_word' id='word_1_159' title='bbox 3343 611 3605 673; x_wconf 84' lang='lat' dir='ltr'><strong>perpetua</strong></span> <span class='ocrx_word' id='word_1_160' title='bbox 3635 614 3751 660; x_wconf 85' lang='lat' dir='ltr'><strong>tor-</strong></span> 
     </span>
    </p>
   </div>
   <div class='ocr_carea' id='block_1_21' title="bbox 2166 691 3753 767">
    <p class='ocr_par' dir='ltr' id='par_1_21' title="bbox 2166 691 3753 767">
     <span class='ocr_line' id='line_1_21' title="bbox 2166 691 3753 767; baseline 0.005 -22"><span class='ocrx_word' id='word_1_161' title='bbox 2166 701 2402 762; x_wconf 87' lang='lat' dir='ltr'><strong>quentur</strong></span> <span class='ocrx_word' id='word_1_162' title='bbox 2433 693 2699 763; x_wconf 83' lang='lat' dir='ltr'><strong>angustia,</strong></span> <span class='ocrx_word' id='word_1_163' title='bbox 2748 693 2815 748; x_wconf 93' lang='lat' dir='ltr'><strong>de</strong></span> <span class='ocrx_word' id='word_1_164' title='bbox 2843 709 2950 764; x_wconf 90' lang='lat' dir='ltr'><strong>quo</strong></span> <span class='ocrx_word' id='word_1_165' title='bbox 2996 691 3230 767; x_wconf 70' lang='lat' dir='ltr'><strong>[nemo}</strong></span> <span class='ocrx_word' id='word_1_166' title='bbox 3264 695 3598 762; x_wconf 84' lang='lat' dir='ltr'><strong>liberabitur,</strong></span> <span class='ocrx_word' id='word_1_167' title='bbox 3651 699 3753 754; x_wconf 88' lang='lat' dir='ltr'><strong>nisi</strong></span> 
     </span>
    </p>
   </div>
   <div class='ocr_carea' id='block_1_22' title="bbox 2170 783 3755 859">
    <p class='ocr_par' dir='ltr' id='par_1_22' title="bbox 2170 783 3755 859">
     <span class='ocr_line' id='line_1_22' title="bbox 2170 783 3755 859; baseline 0.004 -21"><span class='ocrx_word' id='word_1_168' title='bbox 2170 786 2342 856; x_wconf 88' lang='lat' dir='ltr'><strong>gratia</strong></span> <span class='ocrx_word' id='word_1_169' title='bbox 2372 786 2464 840; x_wconf 87' lang='lat' dir='ltr'><strong>Dei</strong></span> <span class='ocrx_word' id='word_1_170' title='bbox 2496 786 2860 856; x_wconf 68' lang='lat' dir='ltr'><strong>pmveniente</strong></span> <span class='ocrx_word' id='word_1_171' title='bbox 2904 792 3116 857; x_wconf 81' lang='lat' dir='ltr'><strong>tempus</strong></span> <span class='ocrx_word' id='word_1_172' title='bbox 3136 783 3344 858; x_wconf 72' lang='lat' dir='ltr'><strong>iudicii.</strong></span> <span class='ocrx_word' id='word_1_173' title='bbox 3393 787 3582 844; x_wconf 80' lang='lat' dir='ltr'><strong>Potest</strong></span> <span class='ocrx_word' id='word_1_174' title='bbox 3622 803 3755 859; x_wconf 83' lang='lat' dir='ltr'><strong>quo-</strong></span> 
     </span>
    </p>
   </div>
   <div class='ocr_carea' id='block_1_23' title="bbox 2170 877 3754 952">
    <p class='ocr_par' dir='ltr' id='par_1_23' title="bbox 2170 877 3754 952">
     <span class='ocr_line' id='line_1_23' title="bbox 2170 877 3754 952; baseline 0.005 -20"><span class='ocrx_word' id='word_1_175' title='bbox 2170 892 2274 947; x_wconf 90' lang='lat' dir='ltr'><strong>que</strong></span> <span class='ocrx_word' id='word_1_176' title='bbox 2293 877 2442 934; x_wconf 89' lang='lat' dir='ltr'><strong>lacus</strong></span> <span class='ocrx_word' id='word_1_177' title='bbox 2467 879 2690 950; x_wconf 86' lang='lat' dir='ltr'><strong>intelligi</strong></span> <span class='ocrx_word' id='word_1_178' title='bbox 2732 879 3068 949; x_wconf 69' lang='lat' dir='ltr'><strong>profunditas</strong></span> <span class='ocrx_word' id='word_1_179' title='bbox 3105 889 3471 950; x_wconf 80' lang='lat' dir='ltr'><strong>peccatorum,</strong></span> <span class='ocrx_word' id='word_1_180' title='bbox 3500 883 3570 936; x_wconf 89' lang='lat' dir='ltr'><strong>ad</strong></span> <span class='ocrx_word' id='word_1_181' title='bbox 3590 897 3754 952; x_wconf 84' lang='lat' dir='ltr'><strong>quam</strong></span> 
     </span>
    </p>
   </div>
   <div class='ocr_carea' id='block_1_24' title="bbox 2170 968 3754 1042">
    <p class='ocr_par' dir='ltr' id='par_1_24' title="bbox 2170 968 3754 1042">
     <span class='ocr_line' id='line_1_24' title="bbox 2170 968 3754 1042; baseline 0.004 -19"><span class='ocrx_word' id='word_1_182' title='bbox 2170 968 2216 1023; x_wconf 87' lang='lat' dir='ltr'><strong>si</strong></span> <span class='ocrx_word' id='word_1_183' title='bbox 2243 976 2498 1038; x_wconf 85' lang='lat' dir='ltr'><strong>peccator</strong></span> <span class='ocrx_word' id='word_1_184' title='bbox 2521 971 2753 1034; x_wconf 83' lang='lat' dir='ltr'><strong>venerit,</strong></span> <span class='ocrx_word' id='word_1_185' title='bbox 2801 978 3112 1025; x_wconf 83' lang='lat' dir='ltr'><strong>contemnet</strong></span> <span class='ocrx_word' id='word_1_186' title='bbox 3144 971 3378 1026; x_wconf 79' lang='lat' dir='ltr'><strong>salutem</strong></span> <span class='ocrx_word' id='word_1_187' title='bbox 3414 973 3754 1042; x_wconf 80' lang='lat' dir='ltr'><strong>desperando</strong></span> 
     </span>
    </p>
   </div>
   <div class='ocr_carea' id='block_1_25' title="bbox 2171 1061 3748 1131">
    <p class='ocr_par' dir='ltr' id='par_1_25' title="bbox 2171 1061 3748 1131">
     <span class='ocr_line' id='line_1_25' title="bbox 2171 1061 3748 1131; baseline 0.006 -17"><span class='ocrx_word' id='word_1_188' title='bbox 2171 1061 2363 1115; x_wconf 71' lang='lat' dir='ltr'><strong>anim</strong></span> <span class='ocrx_word' id='word_1_189' title='bbox 2385 1075 2528 1126; x_wconf 60' lang='lat' dir='ltr'><strong>suae;</strong></span> <span class='ocrx_word' id='word_1_190' title='bbox 2580 1076 2611 1115; x_wconf 88' lang='lat' dir='ltr'><strong>a</strong></span> <span class='ocrx_word' id='word_1_191' title='bbox 2649 1076 2756 1131; x_wconf 81' lang='lat' dir='ltr'><strong>qua</strong></span> <span class='ocrx_word' id='word_1_192' title='bbox 2783 1061 3000 1117; x_wconf 84' lang='lat' dir='ltr'><strong>liberari</strong></span> <span class='ocrx_word' id='word_1_193' title='bbox 3053 1078 3133 1127; x_wconf 88' lang='lat' dir='ltr'><strong>se,</strong></span> <span class='ocrx_word' id='word_1_194' title='bbox 3180 1065 3322 1118; x_wconf 88' lang='lat' dir='ltr'><strong>sicut</strong></span> <span class='ocrx_word' id='word_1_195' title='bbox 3369 1065 3437 1119; x_wconf 85' lang='lat' dir='ltr'><strong>ab</strong></span> <span class='ocrx_word' id='word_1_196' title='bbox 3476 1065 3748 1129; x_wconf 78' lang='lat' dir='ltr'><strong>infernali.</strong></span> 
     </span>
    </p>
   </div>
   <div class='ocr_carea' id='block_1_26' title="bbox 2169 1151 3356 1225">
    <p class='ocr_par' dir='ltr' id='par_1_26' title="bbox 2169 1151 3356 1225">
     <span class='ocr_line' id='line_1_26' title="bbox 2169 1151 3356 1225; baseline 0.004 -20"><span class='ocrx_word' id='word_1_197' title='bbox 2169 1151 2272 1206; x_wconf 80' lang='lat' dir='ltr'><strong>iste</strong></span> <span class='ocrx_word' id='word_1_198' title='bbox 2295 1153 2562 1220; x_wconf 77' lang='lat' dir='ltr'><strong>pumileas</strong></span> <span class='ocrx_word' id='word_1_199' title='bbox 2590 1154 2932 1224; x_wconf 83' lang='lat' dir='ltr'><strong>deprecatur.</strong></span> <span class='ocrx_word' id='word_1_200' title='bbox 2965 1162 3021 1209; x_wconf 88' lang='lat' dir='ltr'><strong>et</strong></span> <span class='ocrx_word' id='word_1_201' title='bbox 3046 1153 3356 1225; x_wconf 75' lang='lat' dir='ltr'><strong>subiungit:</strong></span> 
     </span>
    </p>
   </div>
   <div class='ocr_carea' id='block_1_27' title="bbox 2239 1243 3755 1312">
    <p class='ocr_par' dir='ltr' id='par_1_27' title="bbox 2239 1243 3755 1312">
     <span class='ocr_line' id='line_1_27' title="bbox 2239 1243 3755 1312; baseline 0.005 -16"><span class='ocrx_word' id='word_1_202' title='bbox 2239 1243 2402 1298; x_wconf 74' lang='lat' dir='ltr'><strong>Vsus.</strong></span> <span class='ocrx_word' id='word_1_203' title='bbox 2427 1245 2480 1300; x_wconf 90' lang='lat'><strong>8.</strong></span> <span class='ocrx_word' id='word_1_204' title='bbox 2519 1272 2593 1284; x_wconf 95' lang='lat'>—</span> <span class='ocrx_word' id='word_1_205' title='bbox 2620 1245 2870 1298; x_wconf 86' lang='lat' dir='ltr'><strong>Auditam</strong></span> <span class='ocrx_word' id='word_1_206' title='bbox 2900 1246 2984 1312; x_wconf 77' lang='lat' dir='ltr'><strong>[ac</strong></span> <span class='ocrx_word' id='word_1_207' title='bbox 3004 1247 3131 1299; x_wconf 83' lang='lat' dir='ltr'><strong>mihi</strong></span> <span class='ocrx_word' id='word_1_208' title='bbox 3158 1263 3311 1301; x_wconf 86' lang='lat' dir='ltr'><strong>mane</strong></span> <span class='ocrx_word' id='word_1_209' title='bbox 3335 1249 3755 1303; x_wconf 77' lang='lat' dir='ltr'><strong>misericordiam</strong></span> 
     </span>
    </p>
   </div>
   <div class='ocr_carea' id='block_1_28' title="bbox 2167 1336 3752 1409">
    <p class='ocr_par' dir='ltr' id='par_1_28' title="bbox 2167 1336 3752 1409">
     <span class='ocr_line' id='line_1_28' title="bbox 2167 1336 3752 1409; baseline 0.003 -19"><span class='ocrx_word' id='word_1_210' title='bbox 2167 1336 2588 1402; x_wconf 79' lang='lat' dir='ltr'><strong>tuam,Domine,</strong></span> <span class='ocrx_word' id='word_1_211' title='bbox 2616 1339 2741 1409; x_wconf 76' lang='lat' dir='ltr'><strong>quia</strong></span> <span class='ocrx_word' id='word_1_212' title='bbox 2757 1339 2812 1392; x_wconf 87' lang='lat' dir='ltr'><strong>in</strong></span> <span class='ocrx_word' id='word_1_213' title='bbox 2837 1349 2888 1392; x_wconf 84' lang='lat' dir='ltr'><strong>te</strong></span> <span class='ocrx_word' id='word_1_214' title='bbox 2913 1340 3139 1409; x_wconf 82' lang='lat' dir='ltr'><strong>speravi.</strong></span> <span class='ocrx_word' id='word_1_215' title='bbox 3188 1339 3398 1395; x_wconf 82' lang='lat' dir='ltr'><strong>Eccein</strong></span> <span class='ocrx_word' id='word_1_216' title='bbox 3427 1349 3588 1396; x_wconf 82' lang='lat' dir='ltr'><strong>nocte</strong></span> <span class='ocrx_word' id='word_1_217' title='bbox 3613 1357 3752 1408; x_wconf 89' lang='lat' dir='ltr'><strong>sum,</strong></span> 
     </span>
    </p>
   </div>
   <div class='ocr_carea' id='block_1_29' title="bbox 2167 1428 3754 1501">
    <p class='ocr_par' dir='ltr' id='par_1_29' title="bbox 2167 1428 3754 1501">
     <span class='ocr_line' id='line_1_29' title="bbox 2167 1428 3754 1501; baseline 0.002 -18"><span class='ocrx_word' id='word_1_218' title='bbox 2167 1429 2264 1483; x_wconf 86' lang='lat' dir='ltr'><strong>sed</strong></span> <span class='ocrx_word' id='word_1_219' title='bbox 2284 1428 2338 1482; x_wconf 87' lang='lat' dir='ltr'><strong>in</strong></span> <span class='ocrx_word' id='word_1_220' title='bbox 2362 1436 2416 1483; x_wconf 88' lang='lat' dir='ltr'><strong>te</strong></span> <span class='ocrx_word' id='word_1_221' title='bbox 2440 1428 2686 1499; x_wconf 81' lang='lat' dir='ltr'><strong>sperabo,</strong></span> <span class='ocrx_word' id='word_1_222' title='bbox 2719 1429 2892 1484; x_wconf 87' lang='lat' dir='ltr'><strong>donec</strong></span> <span class='ocrx_word' id='word_1_223' title='bbox 2917 1438 3181 1485; x_wconf 87' lang='lat' dir='ltr'><strong>nocturna</strong></span> <span class='ocrx_word' id='word_1_224' title='bbox 3204 1439 3445 1486; x_wconf 82' lang='lat' dir='ltr'><strong>transeat</strong></span> <span class='ocrx_word' id='word_1_225' title='bbox 3476 1433 3754 1501; x_wconf 80' lang='lat' dir='ltr'><strong>iniquitas,</strong></span> 
     </span>
    </p>
   </div>
   <div class='ocr_carea' id='block_1_30' title="bbox 2167 1521 3757 1592">
    <p class='ocr_par' dir='ltr' id='par_1_30' title="bbox 2167 1521 3757 1592">
     <span class='ocr_line' id='line_1_30' title="bbox 2167 1521 3757 1592; baseline 0.003 -18"><span class='ocrx_word' id='word_1_226' title='bbox 2167 1529 2221 1580; x_wconf 88' lang='lat' dir='ltr'><strong>et</strong></span> <span class='ocrx_word' id='word_1_227' title='bbox 2241 1535 2402 1576; x_wconf 80' lang='lat' dir='ltr'><strong>mane</strong></span> <span class='ocrx_word' id='word_1_228' title='bbox 2425 1521 2803 1577; x_wconf 76' lang='lat' dir='ltr'><strong>miserationes</strong></span> <span class='ocrx_word' id='word_1_229' title='bbox 2834 1530 2941 1577; x_wconf 68' lang='lat' dir='ltr'><strong>tua:</strong></span> <span class='ocrx_word' id='word_1_230' title='bbox 2969 1523 3128 1592; x_wconf 78' lang='lat' dir='ltr'><strong>quasi</strong></span> <span class='ocrx_word' id='word_1_231' title='bbox 3154 1539 3350 1578; x_wconf 89' lang='lat' dir='ltr'><strong>aurora</strong></span> <span class='ocrx_word' id='word_1_232' title='bbox 3381 1524 3518 1579; x_wconf 89' lang='lat' dir='ltr'><strong>lucis</strong></span> <span class='ocrx_word' id='word_1_233' title='bbox 3539 1525 3757 1580; x_wconf 86' lang='lat' dir='ltr'><strong>veniant</strong></span> 
     </span>
    </p>
   </div>
   <div class='ocr_carea' id='block_1_31' title="bbox 2166 1614 3758 1686">
    <p class='ocr_par' dir='ltr' id='par_1_31' title="bbox 2166 1614 3758 1686">
     <span class='ocr_line' id='line_1_31' title="bbox 2166 1614 3758 1686; baseline 0.002 -18"><span class='ocrx_word' id='word_1_234' title='bbox 2166 1614 2320 1669; x_wconf 86' lang='lat' dir='ltr'><strong>mihi.</strong></span> <span class='ocrx_word' id='word_1_235' title='bbox 2371 1615 2565 1669; x_wconf 79' lang='lat' dir='ltr'><strong>Notam</strong></span> <span class='ocrx_word' id='word_1_236' title='bbox 2593 1616 2678 1685; x_wconf 76' lang='lat' dir='ltr'><strong>fac</strong></span> <span class='ocrx_word' id='word_1_237' title='bbox 2700 1615 2832 1668; x_wconf 72' lang='lat' dir='ltr'><strong>milli</strong></span> <span class='ocrx_word' id='word_1_238' title='bbox 2853 1616 2991 1669; x_wconf 75' lang='lat' dir='ltr'><strong>riam</strong></span> <span class='ocrx_word' id='word_1_239' title='bbox 3015 1617 3069 1669; x_wconf 88' lang='lat' dir='ltr'><strong>in</strong></span> <span class='ocrx_word' id='word_1_240' title='bbox 3092 1632 3196 1686; x_wconf 81' lang='lat' dir='ltr'><strong>qua</strong></span> <span class='ocrx_word' id='word_1_241' title='bbox 3232 1616 3514 1670; x_wconf 68' lang='lat' dir='ltr'><strong>ambulem.</strong></span> <span class='ocrx_word' id='word_1_242' title='bbox 3594 1617 3651 1671; x_wconf 94' lang='lat' dir='ltr'><strong>ld</strong></span> <span class='ocrx_word' id='word_1_243' title='bbox 3674 1625 3758 1671; x_wconf 87' lang='lat' dir='ltr'><strong>est</strong></span> 
     </span>
    </p>
   </div>
   <div class='ocr_carea' id='block_1_32' title="bbox 2167 1704 3757 1776">
    <p class='ocr_par' dir='ltr' id='par_1_32' title="bbox 2167 1704 3757 1776">
     <span class='ocr_line' id='line_1_32' title="bbox 2167 1704 3757 1776; baseline 0.001 -17"><span class='ocrx_word' id='word_1_244' title='bbox 2167 1713 2348 1759; x_wconf 88' lang='lat' dir='ltr'><strong>notam</strong></span> <span class='ocrx_word' id='word_1_245' title='bbox 2381 1704 2468 1760; x_wconf 81' lang='lat' dir='ltr'><strong>fac</strong></span> <span class='ocrx_word' id='word_1_246' title='bbox 2484 1705 2612 1759; x_wconf 87' lang='lat' dir='ltr'><strong>mihi</strong></span> <span class='ocrx_word' id='word_1_247' title='bbox 2637 1706 2780 1759; x_wconf 86' lang='lat' dir='ltr'><strong>viam</strong></span> <span class='ocrx_word' id='word_1_248' title='bbox 2804 1714 3194 1776; x_wconf 67' lang='lat' dir='ltr'><strong>praeceptorum</strong></span> <span class='ocrx_word' id='word_1_249' title='bbox 3223 1715 3460 1769; x_wconf 88' lang='lat' dir='ltr'><strong>tuorum,</strong></span> <span class='ocrx_word' id='word_1_250' title='bbox 3482 1715 3545 1760; x_wconf 89' lang='lat' dir='ltr'><strong>ut</strong></span> <span class='ocrx_word' id='word_1_251' title='bbox 3570 1708 3757 1761; x_wconf 85' lang='lat' dir='ltr'><strong>ambu-</strong></span> 
     </span>
    </p>
   </div>
   <div class='ocr_carea' id='block_1_33' title="bbox 541 1771 3754 1879">
    <p class='ocr_par' dir='ltr' id='par_1_33' title="bbox 541 1771 3754 1879">
     <span class='ocr_line' id='line_1_33' title="bbox 541 1771 3754 1879; baseline -0.003 -17"><span class='ocrx_word' id='word_1_252' title='bbox 541 1771 705 1879; x_wconf 43' lang='lat' dir='ltr'><strong>I360</strong></span> <span class='ocrx_word' id='word_1_253' title='bbox 719 1807 881 1861; x_wconf 75' lang='lat' dir='ltr'><strong>Vens.</strong></span> <span class='ocrx_word' id='word_1_254' title='bbox 922 1803 977 1861; x_wconf 75' lang='lat'><strong>3.</strong></span> <span class='ocrx_word' id='word_1_255' title='bbox 1006 1833 1080 1846; x_wconf 90' lang='lat'><strong>—</strong></span> <span class='ocrx_word' id='word_1_256' title='bbox 1105 1799 1244 1868; x_wconf 86' lang='lat' dir='ltr'><strong>Quia</strong></span> <span class='ocrx_word' id='word_1_257' title='bbox 1270 1808 1568 1872; x_wconf 85' lang='lat' dir='ltr'><strong>persecutus</strong></span> <span class='ocrx_word' id='word_1_258' title='bbox 1589 1808 1663 1852; x_wconf 86' lang='lat' dir='ltr'><strong>est</strong></span> <span class='ocrx_word' id='word_1_259' title='bbox 1680 1797 1924 1852; x_wconf 81' lang='lat' dir='ltr'><strong>inimicus</strong></span> <span class='ocrx_word' id='word_1_260' title='bbox 1945 1798 2062 1850; x_wconf 84' lang='lat' dir='ltr'><strong>ani-</strong></span> <span class='ocrx_word' id='word_1_261' title='bbox 2089 1771 2140 1834; x_wconf 76' lang='grc' dir='ltr'><strong>Β</strong></span> <span class='ocrx_word' id='word_1_262' title='bbox 2166 1796 2270 1852; x_wconf 89' lang='lat' dir='ltr'><strong>lem</strong></span> <span class='ocrx_word' id='word_1_263' title='bbox 2293 1799 2349 1852; x_wconf 92' lang='lat' dir='ltr'><strong>in</strong></span> <span class='ocrx_word' id='word_1_264' title='bbox 2377 1813 2439 1852; x_wconf 89' lang='lat' dir='ltr'><strong>ea</strong></span> <span class='ocrx_word' id='word_1_265' title='bbox 2467 1813 2482 1862; x_wconf 89' lang='lat'><strong>;</strong></span> <span class='ocrx_word' id='word_1_266' title='bbox 2525 1771 2854 1853; x_wconf 80' lang='lat' dir='ltr'><strong>illuminatus</strong></span> <span class='ocrx_word' id='word_1_267' title='bbox 2909 1771 3090 1864; x_wconf 63' lang='lat' dir='ltr'><strong>abeo,</strong></span> <span class='ocrx_word' id='word_1_268' title='bbox 3132 1801 3222 1869; x_wconf 82' lang='lat' dir='ltr'><strong>qui</strong></span> <span class='ocrx_word' id='word_1_269' title='bbox 3243 1798 3508 1854; x_wconf 73' lang='lat' dir='ltr'><strong>illuminat</strong></span> <span class='ocrx_word' id='word_1_270' title='bbox 3547 1813 3754 1853; x_wconf 78' lang='lat' dir='ltr'><strong>omnem</strong></span> 
     </span>
    </p>
   </div>
   <div class='ocr_carea' id='block_1_34' title="bbox 472 1889 2059 1954">
    <p class='ocr_par' dir='ltr' id='par_1_34' title="bbox 472 1889 2059 1954">
     <span class='ocr_line' id='line_1_34' title="bbox 472 1889 2059 1954; baseline -0.006 -2"><span class='ocrx_word' id='word_1_271' title='bbox 472 1915 610 1952; x_wconf 82' lang='lat' dir='ltr'><strong>mam</strong></span> <span class='ocrx_word' id='word_1_272' title='bbox 637 1912 825 1952; x_wconf 82' lang='lat' dir='ltr'><strong>meam.</strong></span> <span class='ocrx_word' id='word_1_273' title='bbox 871 1893 1037 1949; x_wconf 71' lang='lat' dir='ltr'><strong>ludas</strong></span> <span class='ocrx_word' id='word_1_274' title='bbox 1060 1894 1294 1948; x_wconf 90' lang='lat' dir='ltr'><strong>animam</strong></span> <span class='ocrx_word' id='word_1_275' title='bbox 1311 1891 1534 1954; x_wconf 87' lang='lat' dir='ltr'><strong>Christi,</strong></span> <span class='ocrx_word' id='word_1_276' title='bbox 1555 1889 1798 1945; x_wconf 87' lang='lat' dir='ltr'><strong>diabolus</strong></span> <span class='ocrx_word' id='word_1_277' title='bbox 1823 1889 2059 1943; x_wconf 87' lang='lat' dir='ltr'><strong>animam</strong></span> 
     </span>
    </p>
   </div>
   <div class='ocr_carea' id='block_1_35' title="bbox 471 1983 2060 2059">
    <p class='ocr_par' dir='ltr' id='par_1_35' title="bbox 471 1983 2060 2059">
     <span class='ocr_line' id='line_1_35' title="bbox 471 1983 2060 2059; baseline -0.008 -15"><span class='ocrx_word' id='word_1_278' title='bbox 471 2005 647 2045; x_wconf 88' lang='lat' dir='ltr'><strong>meam</strong></span> <span class='ocrx_word' id='word_1_279' title='bbox 668 1995 1016 2059; x_wconf 88' lang='lat' dir='ltr'><strong>peccatorum</strong></span> <span class='ocrx_word' id='word_1_280' title='bbox 1037 1983 1388 2056; x_wconf 87' lang='lat' dir='ltr'><strong>persuasione</strong></span> <span class='ocrx_word' id='word_1_281' title='bbox 1415 1988 1733 2052; x_wconf 88' lang='lat' dir='ltr'><strong>persecutus</strong></span> <span class='ocrx_word' id='word_1_282' title='bbox 1765 1987 1868 2043; x_wconf 89' lang='lat' dir='ltr'><strong>est,</strong></span> <span class='ocrx_word' id='word_1_283' title='bbox 1897 1987 2060 2048; x_wconf 87' lang='lat' dir='ltr'><strong>atque</strong></span> 
     </span>
    </p>
   </div>
   <div class='ocr_carea' id='block_1_36' title="bbox 469 2072 2060 2138">
    <p class='ocr_par' dir='ltr' id='par_1_36' title="bbox 469 2072 2060 2138">
     <span class='ocr_line' id='line_1_36' title="bbox 469 2072 2060 2138; baseline -0.007 -3"><span class='ocrx_word' id='word_1_284' title='bbox 469 2078 768 2135; x_wconf 76' lang='lat' dir='ltr'><strong>humiliavit</strong></span> <span class='ocrx_word' id='word_1_285' title='bbox 785 2080 841 2134; x_wconf 86' lang='lat' dir='ltr'><strong>in</strong></span> <span class='ocrx_word' id='word_1_286' title='bbox 874 2088 1066 2132; x_wconf 87' lang='lat' dir='ltr'><strong>terram</strong></span> <span class='ocrx_word' id='word_1_287' title='bbox 1090 2076 1246 2130; x_wconf 83' lang='lat' dir='ltr'><strong>vitam</strong></span> <span class='ocrx_word' id='word_1_288' title='bbox 1293 2089 1484 2138; x_wconf 85' lang='lat' dir='ltr'><strong>meam,</strong></span> <span class='ocrx_word' id='word_1_289' title='bbox 1511 2073 1634 2126; x_wconf 88' lang='lat' dir='ltr'><strong>dum</strong></span> <span class='ocrx_word' id='word_1_290' title='bbox 1670 2072 1904 2126; x_wconf 84' lang='lat' dir='ltr'><strong>terrenis</strong></span> <span class='ocrx_word' id='word_1_291' title='bbox 1932 2087 2060 2125; x_wconf 87' lang='lat' dir='ltr'><strong>con-</strong></span> 
     </span>
    </p>
   </div>
   <div class='ocr_carea' id='block_1_37' title="bbox 469 2161 2060 2242">
    <p class='ocr_par' dir='ltr' id='par_1_37' title="bbox 469 2161 2060 2242">
     <span class='ocr_line' id='line_1_37' title="bbox 469 2161 2060 2242; baseline -0.006 -16"><span class='ocrx_word' id='word_1_292' title='bbox 469 2170 632 2242; x_wconf 87' lang='lat' dir='ltr'><strong>tagiis</strong></span> <span class='ocrx_word' id='word_1_293' title='bbox 650 2169 881 2241; x_wconf 82' lang='lat' dir='ltr'><strong>aspersit</strong></span> <span class='ocrx_word' id='word_1_294' title='bbox 906 2168 1140 2222; x_wconf 85' lang='lat' dir='ltr'><strong>animam</strong></span> <span class='ocrx_word' id='word_1_295' title='bbox 1173 2180 1370 2231; x_wconf 85' lang='lat' dir='ltr'><strong>meam,</strong></span> <span class='ocrx_word' id='word_1_296' title='bbox 1422 2174 1477 2220; x_wconf 89' lang='lat' dir='ltr'><strong>et</strong></span> <span class='ocrx_word' id='word_1_297' title='bbox 1533 2163 1790 2216; x_wconf 81' lang='lat' dir='ltr'><strong>vitiorum</strong></span> <span class='ocrx_word' id='word_1_298' title='bbox 1839 2161 2060 2230; x_wconf 89' lang='lat' dir='ltr'><strong>pulvere</strong></span> 
     </span>
    </p>
   </div>
   <div class='ocr_carea' id='block_1_38' title="bbox 468 2255 2059 2319">
    <p class='ocr_par' dir='ltr' id='par_1_38' title="bbox 468 2255 2059 2319">
     <span class='ocr_line' id='line_1_38' title="bbox 468 2255 2059 2319; baseline -0.008 0"><span class='ocrx_word' id='word_1_299' title='bbox 468 2261 767 2319; x_wconf 86' lang='lat' dir='ltr'><strong>sordidavit</strong></span> <span class='ocrx_word' id='word_1_300' title='bbox 792 2275 934 2318; x_wconf 89' lang='lat' dir='ltr'><strong>eam.</strong></span> <span class='ocrx_word' id='word_1_301' title='bbox 983 2256 1266 2314; x_wconf 77' lang='lat' dir='ltr'><strong>Collocavit</strong></span> <span class='ocrx_word' id='word_1_302' title='bbox 1307 2273 1390 2311; x_wconf 85' lang='lat' dir='ltr'><strong>me</strong></span> <span class='ocrx_word' id='word_1_303' title='bbox 1410 2258 1468 2310; x_wconf 86' lang='lat' dir='ltr'><strong>in</strong></span> <span class='ocrx_word' id='word_1_304' title='bbox 1497 2255 1734 2310; x_wconf 76' lang='lat' dir='ltr'><strong>obscuris</strong></span> <span class='ocrx_word' id='word_1_305' title='bbox 1761 2256 1896 2308; x_wconf 87' lang='lat' dir='ltr'><strong>sicut</strong></span> <span class='ocrx_word' id='word_1_306' title='bbox 1918 2269 2059 2308; x_wconf 85' lang='lat' dir='ltr'><strong>mor-</strong></span> 
     </span>
    </p>
   </div>
   <div class='ocr_carea' id='block_1_39' title="bbox 467 2345 2060 2426">
    <p class='ocr_par' dir='ltr' id='par_1_39' title="bbox 467 2345 2060 2426">
     <span class='ocr_line' id='line_1_39' title="bbox 467 2345 2060 2426; baseline -0.008 -16"><span class='ocrx_word' id='word_1_307' title='bbox 467 2365 585 2410; x_wconf 87' lang='lat' dir='ltr'><strong>tuos</strong></span> <span class='ocrx_word' id='word_1_308' title='bbox 609 2353 810 2410; x_wconf 61' lang='lat' dir='ltr'><strong>seculi.</strong></span> <span class='ocrx_word' id='word_1_309' title='bbox 868 2349 1188 2426; x_wconf 83' lang='lat' dir='ltr'><strong>[Collocavit</strong></span> <span class='ocrx_word' id='word_1_310' title='bbox 1206 2362 1294 2404; x_wconf 89' lang='lat' dir='ltr'><strong>me</strong></span> <span class='ocrx_word' id='word_1_311' title='bbox 1322 2347 1574 2402; x_wconf 87' lang='lat' dir='ltr'><strong>inimicus</strong></span> <span class='ocrx_word' id='word_1_312' title='bbox 1595 2346 1648 2400; x_wconf 92' lang='lat' dir='ltr'><strong>in</strong></span> <span class='ocrx_word' id='word_1_313' title='bbox 1673 2345 1911 2400; x_wconf 86' lang='lat' dir='ltr'><strong>tenebris</strong></span> <span class='ocrx_word' id='word_1_314' title='bbox 1935 2359 2060 2414; x_wconf 79' lang='lat' dir='ltr'><strong>peo-</strong></span> 
     </span>
    </p>
   </div>
   <div class='ocr_carea' id='block_1_40' title="bbox 465 2437 2059 2513">
    <p class='ocr_par' dir='ltr' id='par_1_40' title="bbox 465 2437 2059 2513">
     <span class='ocr_line' id='line_1_40' title="bbox 465 2437 2059 2513; baseline -0.006 -10"><span class='ocrx_word' id='word_1_315' title='bbox 465 2455 732 2513; x_wconf 88' lang='lat' dir='ltr'><strong>catornm,</strong></span> <span class='ocrx_word' id='word_1_316' title='bbox 786 2445 928 2500; x_wconf 86' lang='lat' dir='ltr'><strong>sicut</strong></span> <span class='ocrx_word' id='word_1_317' title='bbox 972 2451 1215 2498; x_wconf 84' lang='lat' dir='ltr'><strong>mortuos</strong></span> <span class='ocrx_word' id='word_1_318' title='bbox 1264 2440 1468 2496; x_wconf 70' lang='lat' dir='ltr'><strong>saeculi.</strong></span> <span class='ocrx_word' id='word_1_319' title='bbox 1523 2437 1716 2494; x_wconf 70' lang='grc' dir='ltr'><strong>Μοτιυί</strong></span> <span class='ocrx_word' id='word_1_320' title='bbox 1761 2447 1886 2492; x_wconf 88' lang='lat' dir='ltr'><strong>sunt</strong></span> <span class='ocrx_word' id='word_1_321' title='bbox 1957 2453 2059 2493; x_wconf 74' lang='lat'><strong>333-</strong></span> 
     </span>
    </p>
   </div>
   <div class='ocr_carea' id='block_1_41' title="bbox 465 2530 2060 2612">
    <p class='ocr_par' dir='ltr' id='par_1_41' title="bbox 465 2530 2060 2612">
     <span class='ocr_line' id='line_1_41' title="bbox 465 2530 2060 2612; baseline -0.006 -18"><span class='ocrx_word' id='word_1_322' title='bbox 465 2536 614 2612; x_wconf 88' lang='lat' dir='ltr'><strong>culi]</strong></span> <span class='ocrx_word' id='word_1_323' title='bbox 653 2537 745 2610; x_wconf 91' lang='lat' dir='ltr'><strong>qui</strong></span> <span class='ocrx_word' id='word_1_324' title='bbox 803 2537 856 2591; x_wconf 92' lang='lat' dir='ltr'><strong>in</strong></span> <span class='ocrx_word' id='word_1_325' title='bbox 903 2534 1142 2606; x_wconf 80' lang='lat' dir='ltr'><strong>peccatis</strong></span> <span class='ocrx_word' id='word_1_326' title='bbox 1196 2533 1311 2589; x_wconf 90' lang='lat' dir='ltr'><strong>suis</strong></span> <span class='ocrx_word' id='word_1_327' title='bbox 1358 2532 1704 2596; x_wconf 86' lang='lat' dir='ltr'><strong>moriuntur,</strong></span> <span class='ocrx_word' id='word_1_328' title='bbox 1750 2530 2060 2585; x_wconf 87' lang='lat' dir='ltr'><strong>retributio-</strong></span> 
     </span>
    </p>
   </div>
   <div class='ocr_carea' id='block_1_42' title="bbox 466 2621 2056 2702">
    <p class='ocr_par' dir='ltr' id='par_1_42' title="bbox 466 2621 2056 2702">
     <span class='ocr_line' id='line_1_42' title="bbox 466 2621 2056 2702; baseline -0.005 -18"><span class='ocrx_word' id='word_1_329' title='bbox 466 2643 591 2684; x_wconf 91' lang='lat' dir='ltr'><strong>nem</strong></span> <span class='ocrx_word' id='word_1_330' title='bbox 633 2625 799 2702; x_wconf 71' lang='grc' dir='ltr'><strong>μισ..</strong></span> <span class='ocrx_word' id='word_1_331' title='bbox 824 2622 1155 2696; x_wconf 79' lang='lat' dir='ltr'><strong>mercedem]</strong></span> <span class='ocrx_word' id='word_1_332' title='bbox 1198 2623 1525 2693; x_wconf 88' lang='lat' dir='ltr'><strong>recipientes</strong></span> <span class='ocrx_word' id='word_1_333' title='bbox 1572 2621 1876 2692; x_wconf 86' lang='lat' dir='ltr'><strong>iniquitatis</strong></span> <span class='ocrx_word' id='word_1_334' title='bbox 1923 2637 2056 2687; x_wconf 68' lang='lat' dir='ltr'><strong>suae,</strong></span> 
     </span>
    </p>
   </div>
   <div class='ocr_carea' id='block_1_43' title="bbox 389 2718 1190 2796">
    <p class='ocr_par' dir='ltr' id='par_1_43' title="bbox 389 2718 1190 2796">
     <span class='ocr_line' id='line_1_43' title="bbox 389 2718 1190 2796; baseline -0.004 -20"><span class='ocrx_word' id='word_1_335' title='bbox 389 2793 394 2796; x_wconf 96' lang='lat'><em>_</em></span> <span class='ocrx_word' id='word_1_336' title='bbox 466 2718 592 2776; x_wconf 90' lang='lat' dir='ltr'><strong>ideo</strong></span> <span class='ocrx_word' id='word_1_337' title='bbox 1177 2733 1190 2746; x_wconf 74' lang='grc' dir='ltr'><em>ο</em></span> 
     </span>
    </p>
   </div>
   <div class='ocr_carea' id='block_1_44' title="bbox 537 2805 2059 2876">
    <p class='ocr_par' dir='ltr' id='par_1_44' title="bbox 537 2805 2059 2876">
     <span class='ocr_line' id='line_1_44' title="bbox 537 2805 2059 2876; baseline -0.005 -10"><span class='ocrx_word' id='word_1_338' title='bbox 537 2811 702 2867; x_wconf 76' lang='lat' dir='ltr'><strong>Vens.</strong></span> <span class='ocrx_word' id='word_1_339' title='bbox 744 2808 798 2865; x_wconf 58' lang='grc' dir='ltr'><strong>ὅ.</strong></span> <span class='ocrx_word' id='word_1_340' title='bbox 824 2808 994 2864; x_wconf 63' lang='grc' dir='ltr'><strong><em>-η--Ετ</em></strong></span> <span class='ocrx_word' id='word_1_341' title='bbox 1022 2809 1272 2863; x_wconf 71' lang='lat' dir='ltr'><strong>anxiatus</strong></span> <span class='ocrx_word' id='word_1_342' title='bbox 1287 2816 1361 2862; x_wconf 87' lang='lat' dir='ltr'><strong>est</strong></span> <span class='ocrx_word' id='word_1_343' title='bbox 1387 2809 1444 2862; x_wconf 90' lang='lat' dir='ltr'><strong>in</strong></span> <span class='ocrx_word' id='word_1_344' title='bbox 1461 2821 1543 2861; x_wconf 85' lang='lat' dir='ltr'><strong>me</strong></span> <span class='ocrx_word' id='word_1_345' title='bbox 1572 2807 1786 2876; x_wconf 73' lang='lat' dir='ltr'><strong>spiritus</strong></span> <span class='ocrx_word' id='word_1_346' title='bbox 1808 2820 1973 2870; x_wconf 80' lang='lat' dir='ltr'><strong>meus,</strong></span> <span class='ocrx_word' id='word_1_347' title='bbox 2001 2805 2059 2859; x_wconf 86' lang='lat' dir='ltr'><strong>in</strong></span> 
     </span>
    </p>
   </div>
   <div class='ocr_carea' id='block_1_45' title="bbox 464 2897 2060 2966">
    <p class='ocr_par' dir='ltr' id='par_1_45' title="bbox 464 2897 2060 2966">
     <span class='ocr_line' id='line_1_45' title="bbox 464 2897 2060 2966; baseline -0.005 -8"><span class='ocrx_word' id='word_1_348' title='bbox 464 2920 548 2958; x_wconf 88' lang='lat' dir='ltr'><strong>me</strong></span> <span class='ocrx_word' id='word_1_349' title='bbox 573 2901 842 2958; x_wconf 75' lang='lat' dir='ltr'><strong>turbatum</strong></span> <span class='ocrx_word' id='word_1_350' title='bbox 864 2909 938 2955; x_wconf 85' lang='lat' dir='ltr'><strong>est</strong></span> <span class='ocrx_word' id='word_1_351' title='bbox 962 2914 1054 2954; x_wconf 88' lang='lat' dir='ltr'><strong>cor</strong></span> <span class='ocrx_word' id='word_1_352' title='bbox 1089 2915 1284 2953; x_wconf 85' lang='lat' dir='ltr'><strong>meum.</strong></span> <span class='ocrx_word' id='word_1_353' title='bbox 1342 2897 1614 2952; x_wconf 80' lang='lat' dir='ltr'><strong>Anxiatus</strong></span> <span class='ocrx_word' id='word_1_354' title='bbox 1664 2905 1748 2952; x_wconf 87' lang='lat' dir='ltr'><strong>est</strong></span> <span class='ocrx_word' id='word_1_355' title='bbox 1772 2897 1829 2951; x_wconf 87' lang='lat' dir='ltr'><strong>in</strong></span> <span class='ocrx_word' id='word_1_356' title='bbox 1856 2909 1942 2951; x_wconf 86' lang='lat' dir='ltr'><strong>me</strong></span> <span class='ocrx_word' id='word_1_357' title='bbox 1963 2907 2060 2966; x_wconf 83' lang='lat' dir='ltr'><strong>per</strong></span> 
     </span>
    </p>
   </div>
   <div class='ocr_carea' id='block_1_46' title="bbox 463 2994 2059 3069">
    <p class='ocr_par' dir='ltr' id='par_1_46' title="bbox 463 2994 2059 3069">
     <span class='ocr_line' id='line_1_46' title="bbox 463 2994 2059 3069; baseline -0.004 -19"><span class='ocrx_word' id='word_1_358' title='bbox 463 2995 838 3069; x_wconf 74' lang='lat' dir='ltr'><strong>pmnitentiam</strong></span> <span class='ocrx_word' id='word_1_359' title='bbox 866 2994 1090 3066; x_wconf 89' lang='lat' dir='ltr'><strong>spiritus</strong></span> <span class='ocrx_word' id='word_1_360' title='bbox 1119 3007 1290 3058; x_wconf 90' lang='lat' dir='ltr'><strong>meus,</strong></span> <span class='ocrx_word' id='word_1_361' title='bbox 1318 3000 1373 3047; x_wconf 91' lang='lat' dir='ltr'><strong>et</strong></span> <span class='ocrx_word' id='word_1_362' title='bbox 1421 2998 1592 3046; x_wconf 86' lang='lat' dir='ltr'><strong>totum</strong></span> <span class='ocrx_word' id='word_1_363' title='bbox 1621 3007 1716 3046; x_wconf 89' lang='lat' dir='ltr'><strong>cor</strong></span> <span class='ocrx_word' id='word_1_364' title='bbox 1750 3003 1930 3045; x_wconf 83' lang='lat' dir='ltr'><strong>meum</strong></span> <span class='ocrx_word' id='word_1_365' title='bbox 1960 3004 2059 3059; x_wconf 86' lang='lat' dir='ltr'><strong>pro</strong></span> 
     </span>
    </p>
   </div>
   <div class='ocr_carea' id='block_1_47' title="bbox 465 3085 2058 3150">
    <p class='ocr_par' dir='ltr' id='par_1_47' title="bbox 465 3085 2058 3150">
     <span class='ocr_line' id='line_1_47' title="bbox 465 3085 2058 3150; baseline -0.005 -3"><span class='ocrx_word' id='word_1_366' title='bbox 465 3089 730 3148; x_wconf 87' lang='lat' dir='ltr'><strong>scelerum</strong></span> <span class='ocrx_word' id='word_1_367' title='bbox 756 3089 1081 3146; x_wconf 90' lang='lat' dir='ltr'><strong>enormitate</strong></span> <span class='ocrx_word' id='word_1_368' title='bbox 1107 3103 1352 3144; x_wconf 89' lang='lat' dir='ltr'><strong>meorum</strong></span> <span class='ocrx_word' id='word_1_369' title='bbox 1405 3087 1786 3141; x_wconf 87' lang='lat' dir='ltr'><strong>conturbatum</strong></span> <span class='ocrx_word' id='word_1_370' title='bbox 1829 3094 1934 3150; x_wconf 83' lang='lat' dir='ltr'><strong>est,</strong></span> <span class='ocrx_word' id='word_1_371' title='bbox 1989 3085 2058 3139; x_wconf 90' lang='lat' dir='ltr'><strong>ti-</strong></span> 
     </span>
    </p>
   </div>
   <div class='ocr_carea' id='block_1_48' title="bbox 2163 1891 3756 1962">
    <p class='ocr_par' dir='ltr' id='par_1_48' title="bbox 2163 1891 3756 1962">
     <span class='ocr_line' id='line_1_48' title="bbox 2163 1891 3756 1962; baseline 0.001 -17"><span class='ocrx_word' id='word_1_372' title='bbox 2163 1891 2423 1946; x_wconf 82' lang='lat' dir='ltr'><strong>hominem</strong></span> <span class='ocrx_word' id='word_1_373' title='bbox 2446 1892 2730 1945; x_wconf 75' lang='lat' dir='ltr'><strong>venientem</strong></span> <span class='ocrx_word' id='word_1_374' title='bbox 2753 1891 2810 1946; x_wconf 83' lang='lat' dir='ltr'><strong>in</strong></span> <span class='ocrx_word' id='word_1_375' title='bbox 2828 1891 2965 1944; x_wconf 77' lang='lat' dir='ltr'><strong>hunc</strong></span> <span class='ocrx_word' id='word_1_376' title='bbox 2991 1892 3267 1946; x_wconf 82' lang='lat' dir='ltr'><strong>mundum.</strong></span> <span class='ocrx_word' id='word_1_377' title='bbox 3325 1891 3464 1956; x_wconf 85' lang='lat' dir='ltr'><strong>Quia</strong></span> <span class='ocrx_word' id='word_1_378' title='bbox 3485 1893 3541 1946; x_wconf 87' lang='lat' dir='ltr'><strong>in</strong></span> <span class='ocrx_word' id='word_1_379' title='bbox 3565 1902 3618 1946; x_wconf 85' lang='lat' dir='ltr'><strong>te</strong></span> <span class='ocrx_word' id='word_1_380' title='bbox 3641 1908 3756 1962; x_wconf 83' lang='lat' dir='ltr'><strong>spe-</strong></span> 
     </span>
    </p>
   </div>
   <div class='ocr_carea' id='block_1_49' title="bbox 2163 1982 3754 2055">
    <p class='ocr_par' dir='ltr' id='par_1_49' title="bbox 2163 1982 3754 2055">
     <span class='ocr_line' id='line_1_49' title="bbox 2163 1982 3754 2055; baseline 0.002 -20"><span class='ocrx_word' id='word_1_381' title='bbox 2163 1985 2292 2046; x_wconf 69' lang='lat' dir='ltr'><strong>ravi,</strong></span> <span class='ocrx_word' id='word_1_382' title='bbox 2324 1983 2563 2036; x_wconf 82' lang='lat' dir='ltr'><strong>Domine.</strong></span> <span class='ocrx_word' id='word_1_383' title='bbox 2621 1982 2781 2038; x_wconf 81' lang='lat' dir='ltr'><strong>Certa</strong></span> <span class='ocrx_word' id='word_1_384' title='bbox 2801 1982 3109 2038; x_wconf 72' lang='lat' dir='ltr'><strong>confitentis</strong></span> <span class='ocrx_word' id='word_1_385' title='bbox 3155 1993 3238 2040; x_wconf 87' lang='lat' dir='ltr'><strong>est</strong></span> <span class='ocrx_word' id='word_1_386' title='bbox 3266 1983 3586 2050; x_wconf 77' lang='lat' dir='ltr'><strong>consolatio,</strong></span> <span class='ocrx_word' id='word_1_387' title='bbox 3631 2000 3754 2055; x_wconf 83' lang='lat' dir='ltr'><strong>spes</strong></span> 
     </span>
    </p>
   </div>
   <div class='ocr_carea' id='block_1_50' title="bbox 2162 2075 3033 2132">
    <p class='ocr_par' dir='ltr' id='par_1_50' title="bbox 2162 2075 3033 2132">
     <span class='ocr_line' id='line_1_50' title="bbox 2162 2075 3033 2132; baseline 0 -2"><span class='ocrx_word' id='word_1_388' title='bbox 2162 2077 2216 2130; x_wconf 89' lang='lat' dir='ltr'><strong>in</strong></span> <span class='ocrx_word' id='word_1_389' title='bbox 2241 2077 2484 2132; x_wconf 86' lang='lat' dir='ltr'><strong>bonitate</strong></span> <span class='ocrx_word' id='word_1_390' title='bbox 2511 2076 2769 2132; x_wconf 86' lang='lat' dir='ltr'><strong>salvantis</strong></span> <span class='ocrx_word' id='word_1_391' title='bbox 2796 2075 3033 2131; x_wconf 87' lang='lat' dir='ltr'><strong>Domini.</strong></span> 
     </span>
    </p>
   </div>
   <div class='ocr_carea' id='block_1_51' title="bbox 2233 2167 3752 2239">
    <p class='ocr_par' dir='ltr' id='par_1_51' title="bbox 2233 2167 3752 2239">
     <span class='ocr_line' id='line_1_51' title="bbox 2233 2167 3752 2239; baseline -0.003 -15"><span class='ocrx_word' id='word_1_392' title='bbox 2233 2170 2394 2224; x_wconf 75' lang='lat' dir='ltr'><strong>Vens.</strong></span> <span class='ocrx_word' id='word_1_393' title='bbox 2422 2170 2476 2224; x_wconf 87' lang='lat'><strong>9.</strong></span> <span class='ocrx_word' id='word_1_394' title='bbox 2506 2198 2578 2210; x_wconf 84' lang='lat'><strong>-—</strong></span> <span class='ocrx_word' id='word_1_395' title='bbox 2605 2168 2766 2239; x_wconf 85' lang='lat' dir='ltr'><strong>Eripe</strong></span> <span class='ocrx_word' id='word_1_396' title='bbox 2789 2185 2870 2222; x_wconf 83' lang='lat' dir='ltr'><strong>me</strong></span> <span class='ocrx_word' id='word_1_397' title='bbox 2892 2169 2958 2222; x_wconf 84' lang='lat' dir='ltr'><strong>de</strong></span> <span class='ocrx_word' id='word_1_398' title='bbox 2985 2168 3210 2222; x_wconf 79' lang='lat' dir='ltr'><strong>inimicis</strong></span> <span class='ocrx_word' id='word_1_399' title='bbox 3239 2169 3390 2232; x_wconf 85' lang='lat' dir='ltr'><strong>meis,</strong></span> <span class='ocrx_word' id='word_1_400' title='bbox 3413 2167 3658 2232; x_wconf 79' lang='lat' dir='ltr'><strong>Domine,</strong></span> <span class='ocrx_word' id='word_1_401' title='bbox 3685 2168 3752 2221; x_wconf 83' lang='lat' dir='ltr'><strong>ad</strong></span> 
     </span>
    </p>
   </div>
   <div class='ocr_carea' id='block_1_52' title="bbox 2160 2263 3754 2336">
    <p class='ocr_par' dir='ltr' id='par_1_52' title="bbox 2160 2263 3754 2336">
     <span class='ocr_line' id='line_1_52' title="bbox 2160 2263 3754 2336; baseline -0.001 -18"><span class='ocrx_word' id='word_1_402' title='bbox 2160 2274 2208 2320; x_wconf 87' lang='lat' dir='ltr'><strong>te</strong></span> <span class='ocrx_word' id='word_1_403' title='bbox 2231 2265 2462 2335; x_wconf 78' lang='lat' dir='ltr'><strong>confugi.</strong></span> <span class='ocrx_word' id='word_1_404' title='bbox 2518 2263 2618 2330; x_wconf 86' lang='lat' dir='ltr'><strong>Qui</strong></span> <span class='ocrx_word' id='word_1_405' title='bbox 2650 2263 2858 2336; x_wconf 83' lang='lat' dir='ltr'><strong>[sunt]</strong></span> <span class='ocrx_word' id='word_1_406' title='bbox 2890 2263 3113 2326; x_wconf 90' lang='lat' dir='ltr'><strong>inimici,</strong></span> <span class='ocrx_word' id='word_1_407' title='bbox 3144 2263 3249 2317; x_wconf 88' lang='lat' dir='ltr'><strong>nisi</strong></span> <span class='ocrx_word' id='word_1_408' title='bbox 3296 2263 3600 2326; x_wconf 78' lang='lat' dir='ltr'><strong>daemones,</strong></span> <span class='ocrx_word' id='word_1_409' title='bbox 3648 2263 3754 2317; x_wconf 84' lang='lat' dir='ltr'><strong>nisi</strong></span> 
     </span>
    </p>
   </div>
   <div class='ocr_carea' id='block_1_53' title="bbox 2159 2353 3751 2423">
    <p class='ocr_par' dir='ltr' id='par_1_53' title="bbox 2159 2353 3751 2423">
     <span class='ocr_line' id='line_1_53' title="bbox 2159 2353 3751 2423; baseline -0.002 -12"><span class='ocrx_word' id='word_1_410' title='bbox 2159 2355 2341 2412; x_wconf 70' lang='lat' dir='ltr'><strong>saeculi</strong></span> <span class='ocrx_word' id='word_1_411' title='bbox 2364 2355 2703 2421; x_wconf 87' lang='lat' dir='ltr'><strong>ambitiones,</strong></span> <span class='ocrx_word' id='word_1_412' title='bbox 2728 2353 2832 2410; x_wconf 83' lang='lat' dir='ltr'><strong>nisi</strong></span> <span class='ocrx_word' id='word_1_413' title='bbox 2853 2355 3092 2412; x_wconf 87' lang='lat' dir='ltr'><strong>carnalia</strong></span> <span class='ocrx_word' id='word_1_414' title='bbox 3115 2355 3418 2410; x_wconf 84' lang='lat' dir='ltr'><strong>desideria?</strong></span> <span class='ocrx_word' id='word_1_415' title='bbox 3443 2353 3644 2423; x_wconf 77' lang='lat' dir='ltr'><strong>quibus</strong></span> <span class='ocrx_word' id='word_1_416' title='bbox 3667 2367 3751 2408; x_wconf 89' lang='lat' dir='ltr'><strong>re-</strong></span> 
     </span>
    </p>
   </div>
   <div class='ocr_carea' id='block_1_54' title="bbox 2161 2443 3753 2516">
    <p class='ocr_par' dir='ltr' id='par_1_54' title="bbox 2161 2443 3753 2516">
     <span class='ocr_line' id='line_1_54' title="bbox 2161 2443 3753 2516; baseline 0 -16"><span class='ocrx_word' id='word_1_417' title='bbox 2161 2447 2304 2502; x_wconf 85' lang='lat' dir='ltr'><strong>lictis</strong></span> <span class='ocrx_word' id='word_1_418' title='bbox 2349 2447 2416 2501; x_wconf 86' lang='lat' dir='ltr'><strong>ad</strong></span> <span class='ocrx_word' id='word_1_419' title='bbox 2467 2455 2519 2500; x_wconf 89' lang='lat' dir='ltr'><strong>te</strong></span> <span class='ocrx_word' id='word_1_420' title='bbox 2553 2446 2791 2516; x_wconf 77' lang='lat' dir='ltr'><strong>confugi,</strong></span> <span class='ocrx_word' id='word_1_421' title='bbox 2843 2459 2948 2500; x_wconf 90' lang='lat' dir='ltr'><strong>non</strong></span> <span class='ocrx_word' id='word_1_422' title='bbox 2979 2461 3011 2499; x_wconf 90' lang='lat' dir='ltr'><strong>a</strong></span> <span class='ocrx_word' id='word_1_423' title='bbox 3050 2453 3124 2510; x_wconf 89' lang='lat' dir='ltr'><strong>te,</strong></span> <span class='ocrx_word' id='word_1_424' title='bbox 3150 2447 3293 2500; x_wconf 83' lang='lat' dir='ltr'><strong>sicut</strong></span> <span class='ocrx_word' id='word_1_425' title='bbox 3324 2445 3498 2499; x_wconf 77' lang='lat' dir='ltr'><strong>Adam</strong></span> <span class='ocrx_word' id='word_1_426' title='bbox 3540 2443 3612 2498; x_wconf 83' lang='lat' dir='ltr'><strong>ad</strong></span> <span class='ocrx_word' id='word_1_427' title='bbox 3631 2459 3753 2500; x_wconf 88' lang='lat' dir='ltr'><strong>um-</strong></span> 
     </span>
    </p>
   </div>
   <div class='ocr_carea' id='block_1_55' title="bbox 2161 2535 3756 2610">
    <p class='ocr_par' dir='ltr' id='par_1_55' title="bbox 2161 2535 3756 2610">
     <span class='ocr_line' id='line_1_55' title="bbox 2161 2535 3756 2610; baseline -0.003 -16"><span class='ocrx_word' id='word_1_428' title='bbox 2161 2540 2287 2594; x_wconf 87' lang='lat' dir='ltr'><strong>bras</strong></span> <span class='ocrx_word' id='word_1_429' title='bbox 2338 2547 2460 2610; x_wconf 88' lang='lat' dir='ltr'><strong>post</strong></span> <span class='ocrx_word' id='word_1_430' title='bbox 2512 2539 2792 2593; x_wconf 89' lang='lat' dir='ltr'><strong>meridiem</strong></span> <span class='ocrx_word' id='word_1_431' title='bbox 2856 2538 3149 2592; x_wconf 79' lang='lat' dir='ltr'><strong>felicitatis.</strong></span> <span class='ocrx_word' id='word_1_432' title='bbox 3236 2535 3354 2591; x_wconf 84' lang='lat' dir='ltr'><strong>Non</strong></span> <span class='ocrx_word' id='word_1_433' title='bbox 3412 2536 3631 2601; x_wconf 86' lang='lat' dir='ltr'><strong>habeo,</strong></span> <span class='ocrx_word' id='word_1_434' title='bbox 3688 2536 3756 2590; x_wconf 80' lang='lat' dir='ltr'><strong>ad</strong></span> 
     </span>
    </p>
   </div>
   <div class='ocr_carea' id='block_1_56' title="bbox 2160 2629 3749 2704">
    <p class='ocr_par' dir='ltr' id='par_1_56' title="bbox 2160 2629 3749 2704">
     <span class='ocr_line' id='line_1_56' title="bbox 2160 2629 3749 2704; baseline -0.001 -18"><span class='ocrx_word' id='word_1_435' title='bbox 2160 2648 2320 2704; x_wconf 87' lang='lat' dir='ltr'><strong>quem</strong></span> <span class='ocrx_word' id='word_1_436' title='bbox 2341 2633 2537 2688; x_wconf 81' lang='lat' dir='ltr'><strong>faciam</strong></span> <span class='ocrx_word' id='word_1_437' title='bbox 2551 2631 2880 2704; x_wconf 70' lang='lat' dir='ltr'><strong>coniugium,</strong></span> <span class='ocrx_word' id='word_1_438' title='bbox 2898 2632 3000 2688; x_wconf 90' lang='lat' dir='ltr'><strong>nisi</strong></span> <span class='ocrx_word' id='word_1_439' title='bbox 3023 2632 3090 2686; x_wconf 87' lang='lat' dir='ltr'><strong>ad</strong></span> <span class='ocrx_word' id='word_1_440' title='bbox 3113 2641 3166 2687; x_wconf 89' lang='lat' dir='ltr'><strong>te</strong></span> <span class='ocrx_word' id='word_1_441' title='bbox 3179 2631 3406 2687; x_wconf 88' lang='lat' dir='ltr'><strong>Domine</strong></span> <span class='ocrx_word' id='word_1_442' title='bbox 3420 2629 3563 2685; x_wconf 84' lang='lat' dir='ltr'><strong>Deus</strong></span> <span class='ocrx_word' id='word_1_443' title='bbox 3577 2645 3749 2685; x_wconf 88' lang='lat' dir='ltr'><strong>meus.</strong></span> 
     </span>
    </p>
   </div>
   <div class='ocr_carea' id='block_1_57' title="bbox 2231 2723 3751 2793">
    <p class='ocr_par' dir='ltr' id='par_1_57' title="bbox 2231 2723 3751 2793">
     <span class='ocr_line' id='line_1_57' title="bbox 2231 2723 3751 2793; baseline -0.002 -13"><span class='ocrx_word' id='word_1_444' title='bbox 2231 2726 2394 2781; x_wconf 73' lang='lat' dir='ltr'><strong>Vens.</strong></span> <span class='ocrx_word' id='word_1_445' title='bbox 2428 2725 2515 2779; x_wconf 83' lang='lat' dir='ltr'><strong>i0.</strong></span> <span class='ocrx_word' id='word_1_446' title='bbox 2577 2754 2648 2764; x_wconf 91' lang='lat'><strong>—</strong></span> <span class='ocrx_word' id='word_1_447' title='bbox 2700 2723 2841 2778; x_wconf 83' lang='lat' dir='ltr'><strong>Doce</strong></span> <span class='ocrx_word' id='word_1_448' title='bbox 2872 2739 2957 2776; x_wconf 88' lang='lat' dir='ltr'><strong>me</strong></span> <span class='ocrx_word' id='word_1_449' title='bbox 3003 2723 3178 2793; x_wconf 77' lang='lat' dir='ltr'><strong>facere</strong></span> <span class='ocrx_word' id='word_1_450' title='bbox 3221 2723 3539 2776; x_wconf 71' lang='lat' dir='ltr'><strong>uoluntatem</strong></span> <span class='ocrx_word' id='word_1_451' title='bbox 3581 2730 3751 2777; x_wconf 77' lang='lat' dir='ltr'><strong>tuam.</strong></span> 
     </span>
    </p>
   </div>
   <div class='ocr_carea' id='block_1_58' title="bbox 2159 2809 3753 2884">
    <p class='ocr_par' dir='ltr' id='par_1_58' title="bbox 2159 2809 3753 2884">
     <span class='ocr_line' id='line_1_58' title="bbox 2159 2809 3753 2884; baseline -0.002 -14"><span class='ocrx_word' id='word_1_452' title='bbox 2159 2815 2296 2884; x_wconf 83' lang='lat' dir='ltr'><strong>Quia</strong></span> <span class='ocrx_word' id='word_1_453' title='bbox 2335 2817 2584 2871; x_wconf 81' lang='lat' dir='ltr'><strong>voluntas</strong></span> <span class='ocrx_word' id='word_1_454' title='bbox 2613 2823 2704 2870; x_wconf 88' lang='lat' dir='ltr'><strong>tua</strong></span> <span class='ocrx_word' id='word_1_455' title='bbox 2734 2829 2855 2869; x_wconf 88' lang='lat' dir='ltr'><strong>mea</strong></span> <span class='ocrx_word' id='word_1_456' title='bbox 2885 2822 2968 2870; x_wconf 89' lang='lat' dir='ltr'><strong>est</strong></span> <span class='ocrx_word' id='word_1_457' title='bbox 3013 2814 3180 2878; x_wconf 88' lang='lat' dir='ltr'><strong>salus,</strong></span> <span class='ocrx_word' id='word_1_458' title='bbox 3225 2809 3322 2884; x_wconf 82' lang='lat' dir='ltr'><strong>qui</strong></span> <span class='ocrx_word' id='word_1_459' title='bbox 3347 2814 3431 2868; x_wconf 85' lang='lat' dir='ltr'><strong>vis</strong></span> <span class='ocrx_word' id='word_1_460' title='bbox 3447 2826 3640 2868; x_wconf 79' lang='lat' dir='ltr'><strong>clunes</strong></span> <span class='ocrx_word' id='word_1_461' title='bbox 3659 2813 3753 2867; x_wconf 85' lang='lat' dir='ltr'><strong>ho-</strong></span> 
     </span>
    </p>
   </div>
   <div class='ocr_carea' id='block_1_59' title="bbox 2159 2903 3753 2976">
    <p class='ocr_par' dir='ltr' id='par_1_59' title="bbox 2159 2903 3753 2976">
     <span class='ocr_line' id='line_1_59' title="bbox 2159 2903 3753 2976; baseline -0.004 -13"><span class='ocrx_word' id='word_1_462' title='bbox 2159 2909 2334 2963; x_wconf 86' lang='lat' dir='ltr'><strong>mines</strong></span> <span class='ocrx_word' id='word_1_463' title='bbox 2359 2909 2538 2962; x_wconf 87' lang='lat' dir='ltr'><strong>salvos</strong></span> <span class='ocrx_word' id='word_1_464' title='bbox 2561 2907 2745 2962; x_wconf 85' lang='lat' dir='ltr'><strong>lieriet</strong></span> <span class='ocrx_word' id='word_1_465' title='bbox 2764 2908 3033 2960; x_wconf 86' lang='lat' dir='ltr'><strong>neminem</strong></span> <span class='ocrx_word' id='word_1_466' title='bbox 3048 2906 3247 2976; x_wconf 88' lang='lat' dir='ltr'><strong>perire.</strong></span> <span class='ocrx_word' id='word_1_467' title='bbox 3282 2903 3422 2971; x_wconf 78' lang='lat' dir='ltr'><strong>Quia</strong></span> <span class='ocrx_word' id='word_1_468' title='bbox 3451 2914 3510 2958; x_wconf 81' lang='lat' dir='ltr'><strong>tu</strong></span> <span class='ocrx_word' id='word_1_469' title='bbox 3537 2921 3598 2958; x_wconf 80' lang='lat' dir='ltr'><strong>es</strong></span> <span class='ocrx_word' id='word_1_470' title='bbox 3615 2903 3753 2958; x_wconf 79' lang='lat' dir='ltr'><strong>Deus</strong></span> 
     </span>
    </p>
   </div>
   <div class='ocr_carea' id='block_1_60' title="bbox 2159 2998 3750 3068">
    <p class='ocr_par' dir='ltr' id='par_1_60' title="bbox 2159 2998 3750 3068">
     <span class='ocr_line' id='line_1_60' title="bbox 2159 2998 3750 3068; baseline -0.003 -13"><span class='ocrx_word' id='word_1_471' title='bbox 2159 3018 2323 3055; x_wconf 84' lang='lat' dir='ltr'><strong>meus.</strong></span> <span class='ocrx_word' id='word_1_472' title='bbox 2357 3001 2492 3068; x_wconf 86' lang='lat' dir='ltr'><strong>Quia</strong></span> <span class='ocrx_word' id='word_1_473' title='bbox 2517 3011 2571 3055; x_wconf 92' lang='lat' dir='ltr'><strong>tu</strong></span> <span class='ocrx_word' id='word_1_474' title='bbox 2594 3016 2654 3056; x_wconf 91' lang='lat' dir='ltr'><strong>es</strong></span> <span class='ocrx_word' id='word_1_475' title='bbox 2680 3008 2850 3056; x_wconf 89' lang='lat' dir='ltr'><strong>totum</strong></span> <span class='ocrx_word' id='word_1_476' title='bbox 2867 3000 3068 3055; x_wconf 89' lang='lat' dir='ltr'><strong>bonum</strong></span> <span class='ocrx_word' id='word_1_477' title='bbox 3091 3011 3292 3064; x_wconf 89' lang='lat' dir='ltr'><strong>meum,</strong></span> <span class='ocrx_word' id='word_1_478' title='bbox 3307 3005 3421 3054; x_wconf 79' lang='lat' dir='ltr'><strong>tota</strong></span> <span class='ocrx_word' id='word_1_479' title='bbox 3439 2998 3593 3054; x_wconf 87' lang='lat' dir='ltr'><strong>salus</strong></span> <span class='ocrx_word' id='word_1_480' title='bbox 3613 3013 3750 3053; x_wconf 88' lang='lat' dir='ltr'><strong>mea.</strong></span> 
     </span>
    </p>
   </div>
   <div class='ocr_carea' id='block_1_61' title="bbox 2160 3081 3750 3166">
    <p class='ocr_par' dir='ltr' id='par_1_61' title="bbox 2160 3081 3750 3166">
     <span class='ocr_line' id='line_1_61' title="bbox 2160 3081 3750 3166; baseline -0.001 -17"><span class='ocrx_word' id='word_1_481' title='bbox 2160 3093 2446 3149; x_wconf 88' lang='lat' dir='ltr'><strong>Dominum</strong></span> <span class='ocrx_word' id='word_1_482' title='bbox 2474 3110 2714 3164; x_wconf 73' lang='lat' dir='ltr'><strong>quaeram</strong></span> <span class='ocrx_word' id='word_1_483' title='bbox 2739 3102 2964 3166; x_wconf 80' lang='lat' dir='ltr'><strong>propter</strong></span> <span class='ocrx_word' id='word_1_484' title='bbox 2983 3081 3440 3163; x_wconf 86' lang='lat' dir='ltr'><strong>redemptionem;</strong></span> <span class='ocrx_word' id='word_1_485' title='bbox 3462 3103 3750 3164; x_wconf 88' lang='lat' dir='ltr'><strong>patronum</strong></span> 
     </span>
    </p>
   </div>
   <div class='ocr_carea' id='block_1_62' title="bbox 465 3155 3754 3257">
    <p class='ocr_par' dir='ltr' id='par_1_62' title="bbox 465 3155 3754 3257">
     <span class='ocr_line' id='line_1_62' title="bbox 465 3155 3754 3257; baseline -0.001 -15"><span class='ocrx_word' id='word_1_486' title='bbox 465 3198 642 3252; x_wconf 88' lang='lat' dir='ltr'><strong>mens,</strong></span> <span class='ocrx_word' id='word_1_487' title='bbox 705 3197 774 3241; x_wconf 88' lang='lat' dir='ltr'><strong>ne</strong></span> <span class='ocrx_word' id='word_1_488' title='bbox 821 3192 946 3241; x_wconf 84' lang='lat' dir='ltr'><strong>cum</strong></span> <span class='ocrx_word' id='word_1_489' title='bbox 997 3181 1179 3240; x_wconf 63' lang='grc' dir='ltr'><strong>δεσυιί</strong></span> <span class='ocrx_word' id='word_1_490' title='bbox 1218 3181 1446 3238; x_wconf 82' lang='lat' dir='ltr'><strong>mortuis</strong></span> <span class='ocrx_word' id='word_1_491' title='bbox 1489 3180 1710 3234; x_wconf 75' lang='lat' dir='ltr'><strong>damnet</strong></span> <span class='ocrx_word' id='word_1_492' title='bbox 1769 3194 1856 3234; x_wconf 82' lang='lat' dir='ltr'><strong>me</strong></span> <span class='ocrx_word' id='word_1_493' title='bbox 1887 3177 2050 3247; x_wconf 71' lang='lat' dir='ltr'><strong>inde!</strong></span> <span class='ocrx_word' id='word_1_494' title='bbox 2079 3155 2130 3222; x_wconf 59' lang='grc' dir='ltr'><strong>(ἶ</strong></span> <span class='ocrx_word' id='word_1_495' title='bbox 2157 3201 2341 3255; x_wconf 60' lang='lat' dir='ltr'><strong>quaero</strong></span> <span class='ocrx_word' id='word_1_496' title='bbox 2363 3155 2582 3257; x_wconf 70' lang='lat' dir='ltr'><strong>propter</strong></span> <span class='ocrx_word' id='word_1_497' title='bbox 2600 3155 2909 3241; x_wconf 66' lang='lat' dir='ltr'><strong>liberiatein</strong></span> <span class='ocrx_word' id='word_1_498' title='bbox 2936 3184 3090 3257; x_wconf 77' lang='lat' dir='ltr'><strong>[Ms.,</strong></span> <span class='ocrx_word' id='word_1_499' title='bbox 3113 3155 3557 3256; x_wconf 70' lang='lat' dir='ltr'><strong>liberationem].</strong></span> <span class='ocrx_word' id='word_1_500' title='bbox 3596 3184 3754 3239; x_wconf 87' lang='lat' dir='ltr'><strong>Tues</strong></span> 
     </span>
    </p>
   </div>
   <div class='ocr_carea' id='block_1_63' title="bbox 461 3280 2054 3439">
    <p class='ocr_par' dir='ltr' id='par_1_63' title="bbox 461 3280 2054 3439">
     <span class='ocr_line' id='line_1_63' title="bbox 461 3280 2054 3439; baseline -0.009 -9"><span class='ocrx_word' id='word_1_501' title='bbox 461 3280 702 3430; x_wconf 43' lang='lat'><strong>“$21.8.</strong></span> <span class='ocrx_word' id='word_1_502' title='bbox 721 3369 777 3426; x_wconf 74' lang='grc' dir='ltr'><strong>ὅ.</strong></span> <span class='ocrx_word' id='word_1_503' title='bbox 807 3400 876 3412; x_wconf 94' lang='lat'><strong>—</strong></span> <span class='ocrx_word' id='word_1_504' title='bbox 907 3368 1112 3424; x_wconf 75' lang='lat' dir='ltr'><strong>Memor</strong></span> <span class='ocrx_word' id='word_1_505' title='bbox 1150 3367 1228 3439; x_wconf 77' lang='lat' dir='ltr'><strong>fui</strong></span> <span class='ocrx_word' id='word_1_506' title='bbox 1265 3366 1468 3421; x_wconf 88' lang='lat' dir='ltr'><strong>dierum</strong></span> <span class='ocrx_word' id='word_1_507' title='bbox 1509 3365 1861 3434; x_wconf 84' lang='lat' dir='ltr'><strong>antiquorum.</strong></span> <span class='ocrx_word' id='word_1_508' title='bbox 1930 3361 2054 3416; x_wconf 86' lang='lat' dir='ltr'><strong>Dies</strong></span> 
     </span>
    </p>
   </div>
   <div class='ocr_carea' id='block_1_64' title="bbox 466 3453 2054 3535">
    <p class='ocr_par' dir='ltr' id='par_1_64' title="bbox 466 3453 2054 3535">
     <span class='ocr_line' id='line_1_64' title="bbox 466 3453 2054 3535; baseline -0.01 -13"><span class='ocrx_word' id='word_1_509' title='bbox 466 3465 677 3535; x_wconf 80' lang='lat' dir='ltr'><strong>antiqui</strong></span> <span class='ocrx_word' id='word_1_510' title='bbox 705 3469 854 3528; x_wconf 88' lang='lat' dir='ltr'><strong>sunt,</strong></span> <span class='ocrx_word' id='word_1_511' title='bbox 874 3461 930 3516; x_wconf 90' lang='lat' dir='ltr'><strong>in</strong></span> <span class='ocrx_word' id='word_1_512' title='bbox 961 3459 1159 3530; x_wconf 85' lang='lat' dir='ltr'><strong>quibus</strong></span> <span class='ocrx_word' id='word_1_513' title='bbox 1183 3453 1482 3513; x_wconf 83' lang='lat' dir='ltr'><strong>secundum</strong></span> <span class='ocrx_word' id='word_1_514' title='bbox 1513 3463 1750 3509; x_wconf 88' lang='lat' dir='ltr'><strong>veterem</strong></span> <span class='ocrx_word' id='word_1_515' title='bbox 1780 3454 2054 3508; x_wconf 89' lang='lat' dir='ltr'><strong>hominem</strong></span> 
     </span>
    </p>
   </div>
   <div class='ocr_carea' id='block_1_65' title="bbox 465 3537 2051 3625">
    <p class='ocr_par' dir='ltr' id='par_1_65' title="bbox 465 3537 2051 3625">
     <span class='ocr_line' id='line_1_65' title="bbox 465 3537 2051 3625; baseline -0.011 -11"><span class='ocrx_word' id='word_1_516' title='bbox 465 3537 714 3613; x_wconf 82' lang='lat' dir='ltr'><strong>vivebam</strong></span> <span class='ocrx_word' id='word_1_517' title='bbox 734 3554 790 3610; x_wconf 93' lang='lat' dir='ltr'><strong>in</strong></span> <span class='ocrx_word' id='word_1_518' title='bbox 817 3551 1079 3625; x_wconf 83' lang='lat' dir='ltr'><strong>peccatis,</strong></span> <span class='ocrx_word' id='word_1_519' title='bbox 1109 3563 1341 3620; x_wconf 89' lang='lat' dir='ltr'><strong>quorum</strong></span> <span class='ocrx_word' id='word_1_520' title='bbox 1384 3546 1646 3602; x_wconf 83' lang='lat' dir='ltr'><strong>memoria</strong></span> <span class='ocrx_word' id='word_1_521' title='bbox 1693 3559 1782 3600; x_wconf 89' lang='lat' dir='ltr'><strong>me</strong></span> <span class='ocrx_word' id='word_1_522' title='bbox 1817 3551 2051 3614; x_wconf 82' lang='lat' dir='ltr'><strong>torquet.</strong></span> 
     </span>
    </p>
   </div>
   <div class='ocr_carea' id='block_1_66' title="bbox 469 3637 2058 3712">
    <p class='ocr_par' dir='ltr' id='par_1_66' title="bbox 469 3637 2058 3712">
     <span class='ocr_line' id='line_1_66' title="bbox 469 3637 2058 3712; baseline -0.009 -9"><span class='ocrx_word' id='word_1_523' title='bbox 469 3647 758 3703; x_wconf 74' lang='lat' dir='ltr'><strong>Heditatus</strong></span> <span class='ocrx_word' id='word_1_524' title='bbox 783 3661 901 3701; x_wconf 84' lang='lat' dir='ltr'><strong>sunt</strong></span> <span class='ocrx_word' id='word_1_525' title='bbox 925 3645 982 3698; x_wconf 85' lang='lat' dir='ltr'><strong>in</strong></span> <span class='ocrx_word' id='word_1_526' title='bbox 1003 3643 1242 3698; x_wconf 83' lang='lat' dir='ltr'><strong>omnibus</strong></span> <span class='ocrx_word' id='word_1_527' title='bbox 1264 3639 1504 3712; x_wconf 75' lang='lat' dir='ltr'><strong>operibus</strong></span> <span class='ocrx_word' id='word_1_528' title='bbox 1527 3639 1650 3704; x_wconf 83' lang='lat' dir='ltr'><strong>tuis,</strong></span> <span class='ocrx_word' id='word_1_529' title='bbox 1681 3639 1733 3690; x_wconf 85' lang='lat' dir='ltr'><strong>in</strong></span> <span class='ocrx_word' id='word_1_530' title='bbox 1764 3637 1920 3706; x_wconf 76' lang='lat' dir='ltr'><strong>factis</strong></span> <span class='ocrx_word' id='word_1_531' title='bbox 1946 3653 2058 3690; x_wconf 78' lang='lat' dir='ltr'><strong>ma-</strong></span> 
     </span>
    </p>
   </div>
   <div class='ocr_carea' id='block_1_67' title="bbox 469 3729 2056 3802">
    <p class='ocr_par' dir='ltr' id='par_1_67' title="bbox 469 3729 2056 3802">
     <span class='ocr_line' id='line_1_67' title="bbox 469 3729 2056 3802; baseline -0.008 -8"><span class='ocrx_word' id='word_1_532' title='bbox 469 3754 634 3795; x_wconf 86' lang='lat' dir='ltr'><strong>nuum</strong></span> <span class='ocrx_word' id='word_1_533' title='bbox 666 3747 879 3793; x_wconf 88' lang='lat' dir='ltr'><strong>tuarum</strong></span> <span class='ocrx_word' id='word_1_534' title='bbox 902 3732 1215 3790; x_wconf 79' lang='lat' dir='ltr'><strong>meditabar.</strong></span> <span class='ocrx_word' id='word_1_535' title='bbox 1276 3731 1418 3798; x_wconf 84' lang='lat' dir='ltr'><strong>Vidi,</strong></span> <span class='ocrx_word' id='word_1_536' title='bbox 1462 3730 1669 3802; x_wconf 77' lang='lat' dir='ltr'><strong>inspexi</strong></span> <span class='ocrx_word' id='word_1_537' title='bbox 1692 3729 1870 3784; x_wconf 89' lang='lat' dir='ltr'><strong>omnia</strong></span> <span class='ocrx_word' id='word_1_538' title='bbox 1893 3745 2056 3800; x_wconf 80' lang='lat' dir='ltr'><strong>opera</strong></span> 
     </span>
    </p>
   </div>
   <div class='ocr_carea' id='block_1_68' title="bbox 468 3822 2056 3901">
    <p class='ocr_par' dir='ltr' id='par_1_68' title="bbox 468 3822 2056 3901">
     <span class='ocr_line' id='line_1_68' title="bbox 468 3822 2056 3901; baseline -0.006 -15"><span class='ocrx_word' id='word_1_539' title='bbox 468 3841 582 3896; x_wconf 90' lang='lat' dir='ltr'><strong>tua,</strong></span> <span class='ocrx_word' id='word_1_540' title='bbox 607 3830 734 3901; x_wconf 89' lang='lat' dir='ltr'><strong>quia</strong></span> <span class='ocrx_word' id='word_1_541' title='bbox 758 3827 892 3884; x_wconf 90' lang='lat' dir='ltr'><strong>nihil</strong></span> <span class='ocrx_word' id='word_1_542' title='bbox 916 3827 1044 3883; x_wconf 89' lang='lat' dir='ltr'><strong>boni</strong></span> <span class='ocrx_word' id='word_1_543' title='bbox 1067 3827 1120 3881; x_wconf 88' lang='lat' dir='ltr'><strong>in</strong></span> <span class='ocrx_word' id='word_1_544' title='bbox 1150 3825 1305 3880; x_wconf 90' lang='lat' dir='ltr'><strong>nobis</strong></span> <span class='ocrx_word' id='word_1_545' title='bbox 1319 3840 1440 3880; x_wconf 87' lang='lat' dir='ltr'><strong>esse</strong></span> <span class='ocrx_word' id='word_1_546' title='bbox 1466 3831 1658 3894; x_wconf 90' lang='lat' dir='ltr'><strong>potest,</strong></span> <span class='ocrx_word' id='word_1_547' title='bbox 1683 3822 1786 3877; x_wconf 88' lang='lat' dir='ltr'><strong>nisi</strong></span> <span class='ocrx_word' id='word_1_548' title='bbox 1817 3830 1909 3876; x_wconf 86' lang='lat' dir='ltr'><strong>tua</strong></span> <span class='ocrx_word' id='word_1_549' title='bbox 1923 3835 2056 3893; x_wconf 87' lang='lat' dir='ltr'><strong>ope-</strong></span> 
     </span>
    </p>
   </div>
   <div class='ocr_carea' id='block_1_69' title="bbox 468 3913 2058 3990">
    <p class='ocr_par' dir='ltr' id='par_1_69' title="bbox 468 3913 2058 3990">
     <span class='ocr_line' id='line_1_69' title="bbox 468 3913 2058 3990; baseline -0.007 -13"><span class='ocrx_word' id='word_1_550' title='bbox 468 3929 623 3976; x_wconf 91' lang='lat' dir='ltr'><strong>rante</strong></span> <span class='ocrx_word' id='word_1_551' title='bbox 652 3919 827 3990; x_wconf 83' lang='lat' dir='ltr'><strong>gratia</strong></span> <span class='ocrx_word' id='word_1_552' title='bbox 847 3917 962 3984; x_wconf 79' lang='lat' dir='ltr'><strong>fiat,</strong></span> <span class='ocrx_word' id='word_1_553' title='bbox 995 3918 1085 3988; x_wconf 91' lang='lat' dir='ltr'><strong>qui</strong></span> <span class='ocrx_word' id='word_1_554' title='bbox 1115 3931 1218 3972; x_wconf 87' lang='lat' dir='ltr'><strong>nos</strong></span> <span class='ocrx_word' id='word_1_555' title='bbox 1238 3916 1431 3970; x_wconf 80' lang='lat' dir='ltr'><strong>fecisti.</strong></span> <span class='ocrx_word' id='word_1_556' title='bbox 1493 3913 1618 3970; x_wconf 63' lang='lat' dir='ltr'><strong>Haec</strong></span> <span class='ocrx_word' id='word_1_557' title='bbox 1641 3913 1904 3968; x_wconf 88' lang='lat' dir='ltr'><strong>intentius</strong></span> <span class='ocrx_word' id='word_1_558' title='bbox 1927 3927 2058 3968; x_wconf 89' lang='lat' dir='ltr'><strong>eon—</strong></span> 
     </span>
    </p>
   </div>
   <div class='ocr_carea' id='block_1_70' title="bbox 469 4007 1304 4082">
    <p class='ocr_par' dir='ltr' id='par_1_70' title="bbox 469 4007 1304 4082">
     <span class='ocr_line' id='line_1_70' title="bbox 469 4007 1304 4082; baseline -0.007 -14"><span class='ocrx_word' id='word_1_559' title='bbox 469 4013 717 4069; x_wconf 84' lang='lat' dir='ltr'><strong>siderans</strong></span> <span class='ocrx_word' id='word_1_560' title='bbox 755 4011 886 4082; x_wconf 91' lang='lat' dir='ltr'><strong>quid</strong></span> <span class='ocrx_word' id='word_1_561' title='bbox 905 4007 1046 4065; x_wconf 84' lang='lat' dir='ltr'><strong>feci?</strong></span> <span class='ocrx_word' id='word_1_562' title='bbox 1095 4007 1304 4063; x_wconf 85' lang='lat' dir='ltr'><strong>scilicet</strong></span> 
     </span>
    </p>
   </div>
   <div class='ocr_carea' id='block_1_71' title="bbox 541 4098 2060 4173">
    <p class='ocr_par' dir='ltr' id='par_1_71' title="bbox 541 4098 2060 4173">
     <span class='ocr_line' id='line_1_71' title="bbox 541 4098 2060 4173; baseline -0.005 -15"><span class='ocrx_word' id='word_1_563' title='bbox 541 4105 706 4160; x_wconf 69' lang='lat' dir='ltr'><strong>Vens.</strong></span> <span class='ocrx_word' id='word_1_564' title='bbox 736 4101 789 4157; x_wconf 85' lang='lat'><strong>6.</strong></span> <span class='ocrx_word' id='word_1_565' title='bbox 813 4132 885 4144; x_wconf 92' lang='lat'><strong>—</strong></span> <span class='ocrx_word' id='word_1_566' title='bbox 907 4099 1154 4173; x_wconf 68' lang='lat' dir='ltr'><strong>Expandi</strong></span> <span class='ocrx_word' id='word_1_567' title='bbox 1179 4115 1369 4154; x_wconf 85' lang='lat' dir='ltr'><strong>manus</strong></span> <span class='ocrx_word' id='word_1_568' title='bbox 1394 4114 1542 4154; x_wconf 87' lang='lat' dir='ltr'><strong>meas</strong></span> <span class='ocrx_word' id='word_1_569' title='bbox 1563 4098 1634 4152; x_wconf 80' lang='lat' dir='ltr'><strong>ad</strong></span> <span class='ocrx_word' id='word_1_570' title='bbox 1652 4111 1722 4165; x_wconf 88' lang='lat' dir='ltr'><strong>te,</strong></span> <span class='ocrx_word' id='word_1_571' title='bbox 1753 4099 1927 4152; x_wconf 87' lang='lat' dir='ltr'><strong>anima</strong></span> <span class='ocrx_word' id='word_1_572' title='bbox 1941 4114 2060 4152; x_wconf 85' lang='lat' dir='ltr'><strong>mea</strong></span> 
     </span>
    </p>
   </div>
   <div class='ocr_carea' id='block_1_72' title="bbox 468 4189 2057 4266">
    <p class='ocr_par' dir='ltr' id='par_1_72' title="bbox 468 4189 2057 4266">
     <span class='ocr_line' id='line_1_72' title="bbox 468 4189 2057 4266; baseline -0.006 -14"><span class='ocrx_word' id='word_1_573' title='bbox 468 4199 602 4252; x_wconf 87' lang='lat' dir='ltr'><strong>sicut</strong></span> <span class='ocrx_word' id='word_1_574' title='bbox 642 4203 783 4251; x_wconf 83' lang='lat' dir='ltr'><strong>terra</strong></span> <span class='ocrx_word' id='word_1_575' title='bbox 816 4195 930 4249; x_wconf 86' lang='lat' dir='ltr'><strong>sine</strong></span> <span class='ocrx_word' id='word_1_576' title='bbox 965 4209 1102 4266; x_wconf 80' lang='lat' dir='ltr'><strong>aqua</strong></span> <span class='ocrx_word' id='word_1_577' title='bbox 1133 4192 1245 4246; x_wconf 71' lang='lat' dir='ltr'><strong>tibi.</strong></span> <span class='ocrx_word' id='word_1_578' title='bbox 1291 4189 1534 4260; x_wconf 74' lang='lat' dir='ltr'><strong>Expamli</strong></span> <span class='ocrx_word' id='word_1_579' title='bbox 1580 4205 1772 4244; x_wconf 89' lang='lat' dir='ltr'><strong>manus</strong></span> <span class='ocrx_word' id='word_1_580' title='bbox 1813 4203 1963 4243; x_wconf 85' lang='lat' dir='ltr'><strong>meas</strong></span> <span class='ocrx_word' id='word_1_581' title='bbox 2005 4189 2057 4242; x_wconf 87' lang='lat' dir='ltr'><strong>in</strong></span> 
     </span>
    </p>
   </div>
   <div class='ocr_carea' id='block_1_73' title="bbox 466 4282 2061 4353">
    <p class='ocr_par' dir='ltr' id='par_1_73' title="bbox 466 4282 2061 4353">
     <span class='ocr_line' id='line_1_73' title="bbox 466 4282 2061 4353; baseline -0.006 -8"><span class='ocrx_word' id='word_1_582' title='bbox 466 4289 832 4346; x_wconf 89' lang='lat' dir='ltr'><strong>orationibus:</strong></span> <span class='ocrx_word' id='word_1_583' title='bbox 883 4295 940 4343; x_wconf 92' lang='lat' dir='ltr'><strong>et</strong></span> <span class='ocrx_word' id='word_1_584' title='bbox 963 4287 1018 4342; x_wconf 92' lang='lat' dir='ltr'><strong>in</strong></span> <span class='ocrx_word' id='word_1_585' title='bbox 1046 4295 1249 4342; x_wconf 81' lang='lat' dir='ltr'><strong>sanctae</strong></span> <span class='ocrx_word' id='word_1_586' title='bbox 1278 4285 1456 4340; x_wconf 90' lang='lat' dir='ltr'><strong>crucis</strong></span> <span class='ocrx_word' id='word_1_587' title='bbox 1487 4284 1700 4349; x_wconf 86' lang='lat' dir='ltr'><strong>solatio,</strong></span> <span class='ocrx_word' id='word_1_588' title='bbox 1732 4285 1785 4337; x_wconf 90' lang='lat' dir='ltr'><strong>in</strong></span> <span class='ocrx_word' id='word_1_589' title='bbox 1812 4299 1916 4353; x_wconf 90' lang='lat' dir='ltr'><strong>qua</strong></span> <span class='ocrx_word' id='word_1_590' title='bbox 1941 4282 2061 4337; x_wconf 88' lang='lat' dir='ltr'><strong>Sal-</strong></span> 
     </span>
    </p>
   </div>
   <div class='ocr_carea' id='block_1_74' title="bbox 468 4373 2062 4445">
    <p class='ocr_par' dir='ltr' id='par_1_74' title="bbox 468 4373 2062 4445">
     <span class='ocr_line' id='line_1_74' title="bbox 468 4373 2062 4445; baseline -0.005 -10"><span class='ocrx_word' id='word_1_591' title='bbox 468 4381 672 4436; x_wconf 87' lang='lat' dir='ltr'><strong>vatoris</strong></span> <span class='ocrx_word' id='word_1_592' title='bbox 707 4381 814 4434; x_wconf 92' lang='lat' dir='ltr'><strong>mei</strong></span> <span class='ocrx_word' id='word_1_593' title='bbox 868 4391 1062 4432; x_wconf 88' lang='lat' dir='ltr'><strong>manus</strong></span> <span class='ocrx_word' id='word_1_594' title='bbox 1089 4389 1340 4445; x_wconf 72' lang='lat' dir='ltr'><strong>expansa:</strong></span> <span class='ocrx_word' id='word_1_595' title='bbox 1382 4383 1529 4440; x_wconf 88' lang='lat' dir='ltr'><strong>sunt,</strong></span> <span class='ocrx_word' id='word_1_596' title='bbox 1574 4375 1760 4429; x_wconf 90' lang='lat' dir='ltr'><strong>orabo.</strong></span> <span class='ocrx_word' id='word_1_597' title='bbox 1804 4373 2062 4443; x_wconf 82' lang='lat' dir='ltr'><strong>Sequitur</strong></span> 
     </span>
    </p>
   </div>
   <div class='ocr_carea' id='block_1_75' title="bbox 471 4467 2056 4543">
    <p class='ocr_par' dir='ltr' id='par_1_75' title="bbox 471 4467 2056 4543">
     <span class='ocr_line' id='line_1_75' title="bbox 471 4467 2056 4543; baseline -0.006 -14"><span class='ocrx_word' id='word_1_598' title='bbox 471 4472 828 4543; x_wconf 85' lang='lat' dir='ltr'><strong>comparatio,</strong></span> <span class='ocrx_word' id='word_1_599' title='bbox 849 4473 905 4525; x_wconf 89' lang='lat' dir='ltr'><strong>in</strong></span> <span class='ocrx_word' id='word_1_600' title='bbox 934 4485 1040 4541; x_wconf 90' lang='lat' dir='ltr'><strong>qua</strong></span> <span class='ocrx_word' id='word_1_601' title='bbox 1063 4469 1194 4524; x_wconf 90' lang='lat' dir='ltr'><strong>dicit</strong></span> <span class='ocrx_word' id='word_1_602' title='bbox 1213 4469 1504 4538; x_wconf 70' lang='lat' dir='ltr'><strong>pmnitens,</strong></span> <span class='ocrx_word' id='word_1_603' title='bbox 1533 4468 1614 4521; x_wconf 90' lang='lat' dir='ltr'><strong>sic</strong></span> <span class='ocrx_word' id='word_1_604' title='bbox 1646 4467 1882 4520; x_wconf 86' lang='lat' dir='ltr'><strong>animam</strong></span> <span class='ocrx_word' id='word_1_605' title='bbox 1903 4482 2056 4520; x_wconf 77' lang='lat' dir='ltr'><strong>suam</strong></span> 
     </span>
    </p>
   </div>
   <div class='ocr_carea' id='block_1_76' title="bbox 2085 4517 2140 4577">
    <p class='ocr_par' dir='ltr' id='par_1_76' title="bbox 2085 4517 2140 4577">
     <span class='ocr_line' id='line_1_76' title="bbox 2085 4517 2140 4577; baseline 0 0"><span class='ocrx_word' id='word_1_606' title='bbox 2085 4517 2140 4577; x_wconf 92' lang='lat' dir='ltr'><strong>D</strong></span> 
     </span>
    </p>
   </div>
   <div class='ocr_carea' id='block_1_77' title="bbox 2157 3276 3751 3348">
    <p class='ocr_par' dir='ltr' id='par_1_77' title="bbox 2157 3276 3751 3348">
     <span class='ocr_line' id='line_1_77' title="bbox 2157 3276 3751 3348; baseline -0.003 -14"><span class='ocrx_word' id='word_1_607' title='bbox 2157 3281 2298 3334; x_wconf 89' lang='lat' dir='ltr'><strong>Deus</strong></span> <span class='ocrx_word' id='word_1_608' title='bbox 2319 3294 2490 3343; x_wconf 89' lang='lat' dir='ltr'><strong>meus,</strong></span> <span class='ocrx_word' id='word_1_609' title='bbox 2508 3285 2563 3332; x_wconf 92' lang='lat' dir='ltr'><strong>tu</strong></span> <span class='ocrx_word' id='word_1_610' title='bbox 2583 3277 2782 3333; x_wconf 85' lang='lat' dir='ltr'><strong>creasti</strong></span> <span class='ocrx_word' id='word_1_611' title='bbox 2807 3293 2922 3342; x_wconf 90' lang='lat' dir='ltr'><strong>me;</strong></span> <span class='ocrx_word' id='word_1_612' title='bbox 2951 3293 3048 3348; x_wconf 90' lang='lat' dir='ltr'><strong>per</strong></span> <span class='ocrx_word' id='word_1_613' title='bbox 3066 3276 3230 3331; x_wconf 86' lang='lat' dir='ltr'><strong>alium</strong></span> <span class='ocrx_word' id='word_1_614' title='bbox 3257 3276 3497 3331; x_wconf 85' lang='lat' dir='ltr'><strong>recreari</strong></span> <span class='ocrx_word' id='word_1_615' title='bbox 3523 3292 3751 3346; x_wconf 84' lang='lat' dir='ltr'><strong>nequeo,</strong></span> 
     </span>
    </p>
   </div>
   <div class='ocr_carea' id='block_1_78' title="bbox 2156 3367 3756 3440">
    <p class='ocr_par' dir='ltr' id='par_1_78' title="bbox 2156 3367 3756 3440">
     <span class='ocr_line' id='line_1_78' title="bbox 2156 3367 3756 3440; baseline -0.003 -16"><span class='ocrx_word' id='word_1_616' title='bbox 2156 3369 2260 3424; x_wconf 87' lang='lat' dir='ltr'><strong>nisi</strong></span> <span class='ocrx_word' id='word_1_617' title='bbox 2297 3376 2488 3439; x_wconf 79' lang='lat' dir='ltr'><strong>perte,</strong></span> <span class='ocrx_word' id='word_1_618' title='bbox 2529 3383 2627 3440; x_wconf 90' lang='lat' dir='ltr'><strong>per</strong></span> <span class='ocrx_word' id='word_1_619' title='bbox 2647 3383 2809 3438; x_wconf 91' lang='lat' dir='ltr'><strong>quem</strong></span> <span class='ocrx_word' id='word_1_620' title='bbox 2842 3376 3060 3423; x_wconf 84' lang='lat' dir='ltr'><strong>creatus</strong></span> <span class='ocrx_word' id='word_1_621' title='bbox 3103 3382 3244 3422; x_wconf 89' lang='lat' dir='ltr'><strong>sum.</strong></span> <span class='ocrx_word' id='word_1_622' title='bbox 3284 3367 3497 3422; x_wconf 86' lang='lat' dir='ltr'><strong>Creasti</strong></span> <span class='ocrx_word' id='word_1_623' title='bbox 3533 3383 3623 3422; x_wconf 87' lang='lat' dir='ltr'><strong>me</strong></span> <span class='ocrx_word' id='word_1_624' title='bbox 3661 3381 3756 3436; x_wconf 89' lang='lat' dir='ltr'><strong>per</strong></span> 
     </span>
    </p>
   </div>
   <div class='ocr_carea' id='block_1_79' title="bbox 2157 3457 3752 3531">
    <p class='ocr_par' dir='ltr' id='par_1_79' title="bbox 2157 3457 3752 3531">
     <span class='ocr_line' id='line_1_79' title="bbox 2157 3457 3752 3531; baseline -0.004 -15"><span class='ocrx_word' id='word_1_625' title='bbox 2157 3463 2395 3517; x_wconf 80' lang='lat' dir='ltr'><strong>Verbum</strong></span> <span class='ocrx_word' id='word_1_626' title='bbox 2418 3461 2604 3525; x_wconf 88' lang='lat' dir='ltr'><strong>Deum,</strong></span> <span class='ocrx_word' id='word_1_627' title='bbox 2646 3474 2872 3514; x_wconf 87' lang='lat' dir='ltr'><strong>manens</strong></span> <span class='ocrx_word' id='word_1_628' title='bbox 2903 3458 2922 3531; x_wconf 93' lang='lat'>[</span> <span class='ocrx_word' id='word_1_629' title='bbox 2948 3457 3076 3522; x_wconf 62' lang='lat' dir='ltr'><strong>31s.,</strong></span> <span class='ocrx_word' id='word_1_630' title='bbox 3120 3457 3474 3530; x_wconf 85' lang='lat' dir='ltr'><strong>manentem]</strong></span> <span class='ocrx_word' id='word_1_631' title='bbox 3503 3459 3646 3528; x_wconf 87' lang='lat' dir='ltr'><strong>apud</strong></span> <span class='ocrx_word' id='word_1_632' title='bbox 3671 3465 3752 3510; x_wconf 87' lang='lat' dir='ltr'><strong>te:</strong></span> 
     </span>
    </p>
   </div>
   <div class='ocr_carea' id='block_1_80' title="bbox 2158 3548 3757 3622">
    <p class='ocr_par' dir='ltr' id='par_1_80' title="bbox 2158 3548 3757 3622">
     <span class='ocr_line' id='line_1_80' title="bbox 2158 3548 3757 3622; baseline -0.003 -17"><span class='ocrx_word' id='word_1_633' title='bbox 2158 3565 2376 3610; x_wconf 88' lang='lat' dir='ltr'><strong>recreas</strong></span> <span class='ocrx_word' id='word_1_634' title='bbox 2424 3567 2510 3606; x_wconf 90' lang='lat' dir='ltr'><strong>me</strong></span> <span class='ocrx_word' id='word_1_635' title='bbox 2571 3564 2670 3622; x_wconf 90' lang='lat' dir='ltr'><strong>per</strong></span> <span class='ocrx_word' id='word_1_636' title='bbox 2713 3549 2952 3606; x_wconf 88' lang='lat' dir='ltr'><strong>Verbum</strong></span> <span class='ocrx_word' id='word_1_637' title='bbox 3019 3559 3238 3604; x_wconf 84' lang='lat' dir='ltr'><strong>carnem</strong></span> <span class='ocrx_word' id='word_1_638' title='bbox 3291 3548 3492 3603; x_wconf 73' lang='lat' dir='ltr'><strong>factum</strong></span> <span class='ocrx_word' id='word_1_639' title='bbox 3534 3556 3757 3618; x_wconf 86' lang='lat' dir='ltr'><strong>propter</strong></span> 
     </span>
    </p>
   </div>
   <div class='ocr_carea' id='block_1_81' title="bbox 2157 3641 3756 3714">
    <p class='ocr_par' dir='ltr' id='par_1_81' title="bbox 2157 3641 3756 3714">
     <span class='ocr_line' id='line_1_81' title="bbox 2157 3641 3756 3714; baseline -0.004 -16"><span class='ocrx_word' id='word_1_640' title='bbox 2157 3657 2275 3698; x_wconf 89' lang='lat' dir='ltr'><strong>nos.</strong></span> <span class='ocrx_word' id='word_1_641' title='bbox 2313 3642 2543 3714; x_wconf 81' lang='lat' dir='ltr'><strong>Spiritus</strong></span> <span class='ocrx_word' id='word_1_642' title='bbox 2587 3651 2706 3696; x_wconf 85' lang='lat' dir='ltr'><strong>tuus</strong></span> <span class='ocrx_word' id='word_1_643' title='bbox 2753 3642 2917 3696; x_wconf 85' lang='lat' dir='ltr'><strong>bonus</strong></span> <span class='ocrx_word' id='word_1_644' title='bbox 2958 3641 3175 3696; x_wconf 83' lang='lat' dir='ltr'><strong>deducet</strong></span> <span class='ocrx_word' id='word_1_645' title='bbox 3226 3657 3310 3695; x_wconf 86' lang='lat' dir='ltr'><strong>me</strong></span> <span class='ocrx_word' id='word_1_646' title='bbox 3353 3642 3411 3694; x_wconf 80' lang='lat' dir='ltr'><strong>in</strong></span> <span class='ocrx_word' id='word_1_647' title='bbox 3433 3651 3632 3695; x_wconf 83' lang='lat' dir='ltr'><strong>terram</strong></span> <span class='ocrx_word' id='word_1_648' title='bbox 3677 3657 3756 3693; x_wconf 86' lang='lat' dir='ltr'><strong>re-</strong></span> 
     </span>
    </p>
   </div>
   <div class='ocr_carea' id='block_1_82' title="bbox 2159 3731 3755 3802">
    <p class='ocr_par' dir='ltr' id='par_1_82' title="bbox 2159 3731 3755 3802">
     <span class='ocr_line' id='line_1_82' title="bbox 2159 3731 3755 3802; baseline -0.003 -14"><span class='ocrx_word' id='word_1_649' title='bbox 2159 3743 2318 3789; x_wconf 86' lang='lat' dir='ltr'><strong>ctam.</strong></span> <span class='ocrx_word' id='word_1_650' title='bbox 2371 3734 2505 3800; x_wconf 87' lang='lat' dir='ltr'><strong>Quia</strong></span> <span class='ocrx_word' id='word_1_651' title='bbox 2532 3733 2752 3802; x_wconf 87' lang='lat' dir='ltr'><strong>spiritus</strong></span> <span class='ocrx_word' id='word_1_652' title='bbox 2802 3748 2955 3788; x_wconf 89' lang='lat' dir='ltr'><strong>meus</strong></span> <span class='ocrx_word' id='word_1_653' title='bbox 2991 3733 3169 3787; x_wconf 87' lang='lat' dir='ltr'><strong>malus</strong></span> <span class='ocrx_word' id='word_1_654' title='bbox 3195 3731 3421 3787; x_wconf 80' lang='lat' dir='ltr'><strong>deduxit</strong></span> <span class='ocrx_word' id='word_1_655' title='bbox 3457 3745 3543 3785; x_wconf 84' lang='lat' dir='ltr'><strong>me</strong></span> <span class='ocrx_word' id='word_1_656' title='bbox 3573 3732 3626 3785; x_wconf 90' lang='lat' dir='ltr'><strong>in</strong></span> <span class='ocrx_word' id='word_1_657' title='bbox 3649 3740 3755 3784; x_wconf 87' lang='lat' dir='ltr'><strong>ter-</strong></span> 
     </span>
    </p>
   </div>
   <div class='ocr_carea' id='block_1_83' title="bbox 2158 3823 3749 3896">
    <p class='ocr_par' dir='ltr' id='par_1_83' title="bbox 2158 3823 3749 3896">
     <span class='ocr_line' id='line_1_83' title="bbox 2158 3823 3749 3896; baseline -0.003 -15"><span class='ocrx_word' id='word_1_658' title='bbox 2158 3842 2274 3882; x_wconf 85' lang='lat' dir='ltr'><strong>ram</strong></span> <span class='ocrx_word' id='word_1_659' title='bbox 2305 3840 2639 3896; x_wconf 83' lang='lat' dir='ltr'><strong>perversam,</strong></span> <span class='ocrx_word' id='word_1_660' title='bbox 2673 3825 2894 3896; x_wconf 87' lang='lat' dir='ltr'><strong>spiritus</strong></span> <span class='ocrx_word' id='word_1_661' title='bbox 2944 3833 3064 3879; x_wconf 86' lang='lat' dir='ltr'><strong>tuus</strong></span> <span class='ocrx_word' id='word_1_662' title='bbox 3104 3824 3275 3879; x_wconf 90' lang='lat' dir='ltr'><strong>bonus</strong></span> <span class='ocrx_word' id='word_1_663' title='bbox 3309 3824 3543 3879; x_wconf 88' lang='lat' dir='ltr'><strong>deducat</strong></span> <span class='ocrx_word' id='word_1_664' title='bbox 3583 3837 3669 3877; x_wconf 87' lang='lat' dir='ltr'><strong>me</strong></span> <span class='ocrx_word' id='word_1_665' title='bbox 3699 3823 3749 3876; x_wconf 91' lang='lat' dir='ltr'><strong>in</strong></span> 
     </span>
    </p>
   </div>
   <div class='ocr_carea' id='block_1_84' title="bbox 2159 3917 3747 3990">
    <p class='ocr_par' dir='ltr' id='par_1_84' title="bbox 2159 3917 3747 3990">
     <span class='ocr_line' id='line_1_84' title="bbox 2159 3917 3747 3990; baseline -0.003 -16"><span class='ocrx_word' id='word_1_666' title='bbox 2159 3929 2362 3975; x_wconf 85' lang='lat' dir='ltr'><strong>terram</strong></span> <span class='ocrx_word' id='word_1_667' title='bbox 2403 3927 2628 3973; x_wconf 88' lang='lat' dir='ltr'><strong>rectam.</strong></span> <span class='ocrx_word' id='word_1_668' title='bbox 2687 3917 2924 3990; x_wconf 85' lang='lat' dir='ltr'><strong>Spiritus</strong></span> <span class='ocrx_word' id='word_1_669' title='bbox 2966 3926 3090 3973; x_wconf 88' lang='lat' dir='ltr'><strong>tuus</strong></span> <span class='ocrx_word' id='word_1_670' title='bbox 3150 3919 3324 3973; x_wconf 85' lang='lat' dir='ltr'><strong>bonus</strong></span> <span class='ocrx_word' id='word_1_671' title='bbox 3375 3932 3594 3987; x_wconf 86' lang='lat' dir='ltr'><strong>semper</strong></span> <span class='ocrx_word' id='word_1_672' title='bbox 3643 3925 3747 3980; x_wconf 89' lang='lat' dir='ltr'><strong>est,</strong></span> 
     </span>
    </p>
   </div>
   <div class='ocr_carea' id='block_1_85' title="bbox 2158 4007 3750 4080">
    <p class='ocr_par' dir='ltr' id='par_1_85' title="bbox 2158 4007 3750 4080">
     <span class='ocr_line' id='line_1_85' title="bbox 2158 4007 3750 4080; baseline -0.005 -11"><span class='ocrx_word' id='word_1_673' title='bbox 2158 4027 2312 4069; x_wconf 87' lang='lat' dir='ltr'><strong>meus</strong></span> <span class='ocrx_word' id='word_1_674' title='bbox 2352 4025 2484 4066; x_wconf 89' lang='lat' dir='ltr'><strong>vero</strong></span> <span class='ocrx_word' id='word_1_675' title='bbox 2520 4024 2736 4080; x_wconf 87' lang='lat' dir='ltr'><strong>semper</strong></span> <span class='ocrx_word' id='word_1_676' title='bbox 2783 4009 2979 4076; x_wconf 90' lang='lat' dir='ltr'><strong>malus,</strong></span> <span class='ocrx_word' id='word_1_677' title='bbox 3032 4010 3137 4066; x_wconf 87' lang='lat' dir='ltr'><strong>nisi</strong></span> <span class='ocrx_word' id='word_1_678' title='bbox 3169 4021 3269 4080; x_wconf 84' lang='lat' dir='ltr'><strong>per</strong></span> <span class='ocrx_word' id='word_1_679' title='bbox 3301 4017 3456 4063; x_wconf 86' lang='lat' dir='ltr'><strong>tuum</strong></span> <span class='ocrx_word' id='word_1_680' title='bbox 3485 4007 3750 4064; x_wconf 73' lang='lat' dir='ltr'><strong>eﬂieiatur</strong></span> 
     </span>
    </p>
   </div>
   <div class='ocr_carea' id='block_1_86' title="bbox 2159 4104 2352 4159">
    <p class='ocr_par' dir='ltr' id='par_1_86' title="bbox 2159 4104 2352 4159">
     <span class='ocr_line' id='line_1_86' title="bbox 2159 4104 2352 4159; baseline -0.01 -1"><span class='ocrx_word' id='word_1_681' title='bbox 2159 4104 2352 4159; x_wconf 86' lang='lat' dir='ltr'><strong>bonus.</strong></span> 
     </span>
    </p>
   </div>
   <div class='ocr_carea' id='block_1_87' title="bbox 2228 4189 3748 4267">
    <p class='ocr_par' dir='ltr' id='par_1_87' title="bbox 2228 4189 3748 4267">
     <span class='ocr_line' id='line_1_87' title="bbox 2228 4189 3748 4267; baseline -0.004 -17"><span class='ocrx_word' id='word_1_682' title='bbox 2228 4194 2385 4267; x_wconf 77' lang='lat'><strong>361</strong></span> <span class='ocrx_word' id='word_1_683' title='bbox 2412 4193 2575 4250; x_wconf 73' lang='lat' dir='ltr'><strong>Vens.</strong></span> <span class='ocrx_word' id='word_1_684' title='bbox 2610 4193 2696 4248; x_wconf 78' lang='lat' dir='ltr'><strong>ll.</strong></span> <span class='ocrx_word' id='word_1_685' title='bbox 2719 4223 2792 4234; x_wconf 90' lang='lat'><strong>--</strong></span> <span class='ocrx_word' id='word_1_686' title='bbox 2818 4192 3042 4264; x_wconf 78' lang='lat' dir='ltr'><strong>PrOpter</strong></span> <span class='ocrx_word' id='word_1_687' title='bbox 3075 4207 3262 4247; x_wconf 74' lang='lat' dir='ltr'><strong>nomen</strong></span> <span class='ocrx_word' id='word_1_688' title='bbox 3305 4202 3474 4256; x_wconf 84' lang='lat' dir='ltr'><strong>tuum,</strong></span> <span class='ocrx_word' id='word_1_689' title='bbox 3508 4189 3748 4255; x_wconf 79' lang='lat' dir='ltr'><strong>Domine,</strong></span> 
     </span>
    </p>
   </div>
   <div class='ocr_carea' id='block_1_88' title="bbox 2161 4281 3752 4357">
    <p class='ocr_par' dir='ltr' id='par_1_88' title="bbox 2161 4281 3752 4357">
     <span class='ocr_line' id='line_1_88' title="bbox 2161 4281 3752 4357; baseline -0.004 -15"><span class='ocrx_word' id='word_1_690' title='bbox 2161 4288 2443 4357; x_wconf 79' lang='lat' dir='ltr'><strong>viviﬁcabis</strong></span> <span class='ocrx_word' id='word_1_691' title='bbox 2474 4305 2556 4342; x_wconf 87' lang='lat' dir='ltr'><strong>me</strong></span> <span class='ocrx_word' id='word_1_692' title='bbox 2577 4288 2632 4342; x_wconf 85' lang='lat' dir='ltr'><strong>in</strong></span> <span class='ocrx_word' id='word_1_693' title='bbox 2677 4286 2921 4357; x_wconf 68' lang='lat' dir='ltr'><strong>aequitate</strong></span> <span class='ocrx_word' id='word_1_694' title='bbox 2967 4293 3078 4339; x_wconf 81' lang='lat' dir='ltr'><strong>tua.</strong></span> <span class='ocrx_word' id='word_1_695' title='bbox 3159 4283 3251 4338; x_wconf 87' lang='lat' dir='ltr'><strong>Sic</strong></span> <span class='ocrx_word' id='word_1_696' title='bbox 3279 4283 3298 4356; x_wconf 84' lang='lat'>[</span> <span class='ocrx_word' id='word_1_697' title='bbox 3322 4283 3452 4348; x_wconf 60' lang='lat' dir='ltr'><strong>Ms,</strong></span> <span class='ocrx_word' id='word_1_698' title='bbox 3483 4281 3616 4354; x_wconf 77' lang='lat' dir='ltr'><strong>Hic]</strong></span> <span class='ocrx_word' id='word_1_699' title='bbox 3647 4281 3752 4337; x_wconf 78' lang='lat' dir='ltr'><strong>cle-</strong></span> 
     </span>
    </p>
   </div>
   <div class='ocr_carea' id='block_1_89' title="bbox 2162 4376 3752 4449">
    <p class='ocr_par' dir='ltr' id='par_1_89' title="bbox 2162 4376 3752 4449">
     <span class='ocr_line' id='line_1_89' title="bbox 2162 4376 3752 4449; baseline -0.005 -13"><span class='ocrx_word' id='word_1_700' title='bbox 2162 4381 2496 4436; x_wconf 83' lang='lat' dir='ltr'><strong>mentissima</strong></span> <span class='ocrx_word' id='word_1_701' title='bbox 2549 4380 2642 4435; x_wconf 91' lang='lat' dir='ltr'><strong>Dei</strong></span> <span class='ocrx_word' id='word_1_702' title='bbox 2674 4380 2844 4449; x_wconf 79' lang='lat' dir='ltr'><strong>gratia</strong></span> <span class='ocrx_word' id='word_1_703' title='bbox 2875 4377 3307 4442; x_wconf 84' lang='lat' dir='ltr'><strong>commendatur,</strong></span> <span class='ocrx_word' id='word_1_704' title='bbox 3339 4377 3493 4448; x_wconf 81' lang='lat' dir='ltr'><strong>cujus</strong></span> <span class='ocrx_word' id='word_1_705' title='bbox 3522 4376 3752 4430; x_wconf 84' lang='lat' dir='ltr'><strong>misera-</strong></span> 
     </span>
    </p>
   </div>
   <div class='ocr_carea' id='block_1_90' title="bbox 2166 4469 3748 4536">
    <p class='ocr_par' dir='ltr' id='par_1_90' title="bbox 2166 4469 3748 4536">
     <span class='ocr_line' id='line_1_90' title="bbox 2166 4469 3748 4536; baseline -0.004 -7"><span class='ocrx_word' id='word_1_706' title='bbox 2166 4476 2310 4530; x_wconf 89' lang='lat' dir='ltr'><strong>tione</strong></span> <span class='ocrx_word' id='word_1_707' title='bbox 2341 4475 2394 4528; x_wconf 93' lang='lat' dir='ltr'><strong>in</strong></span> <span class='ocrx_word' id='word_1_708' title='bbox 2429 4476 2646 4529; x_wconf 90' lang='lat' dir='ltr'><strong>nomine</strong></span> <span class='ocrx_word' id='word_1_709' title='bbox 2672 4472 2984 4536; x_wconf 81' lang='lat' dir='ltr'><strong>Salvatoris,</strong></span> <span class='ocrx_word' id='word_1_710' title='bbox 3020 4488 3129 4526; x_wconf 90' lang='lat' dir='ltr'><strong>non</strong></span> <span class='ocrx_word' id='word_1_711' title='bbox 3157 4471 3359 4526; x_wconf 89' lang='lat' dir='ltr'><strong>nostris</strong></span> <span class='ocrx_word' id='word_1_712' title='bbox 3380 4470 3590 4524; x_wconf 85' lang='lat' dir='ltr'><strong>meritis</strong></span> <span class='ocrx_word' id='word_1_713' title='bbox 3612 4469 3748 4523; x_wconf 87' lang='lat' dir='ltr'><strong>vivi-</strong></span> 
     </span>
    </p>
   </div>
   <div class='ocr_carea' id='block_1_91' title="bbox 471 4559 2078 4632">
    <p class='ocr_par' dir='ltr' id='par_1_91' title="bbox 471 4559 2057 4632">
     <span class='ocr_line' id='line_1_91' title="bbox 471 4559 2057 4632; baseline -0.006 -12"><span class='ocrx_word' id='word_1_714' title='bbox 471 4565 779 4622; x_wconf 88' lang='lat' dir='ltr'><strong>desiderare</strong></span> <span class='ocrx_word' id='word_1_715' title='bbox 827 4561 1020 4628; x_wconf 85' lang='lat' dir='ltr'><strong>Deum,</strong></span> <span class='ocrx_word' id='word_1_716' title='bbox 1073 4560 1527 4632; x_wconf 89' lang='lat' dir='ltr'><strong>quemadmodum</strong></span> <span class='ocrx_word' id='word_1_717' title='bbox 1563 4565 1708 4614; x_wconf 87' lang='lat' dir='ltr'><strong>terra</strong></span> <span class='ocrx_word' id='word_1_718' title='bbox 1733 4559 1920 4613; x_wconf 88' lang='lat' dir='ltr'><strong>sitiens</strong></span> <span class='ocrx_word' id='word_1_719' title='bbox 1938 4559 2057 4629; x_wconf 88' lang='lat' dir='ltr'><strong>plu-</strong></span> 
     </span>
    </p>
   </div>
   <div class='ocr_carea' id='block_1_92' title="bbox 2162 4559 3746 4632">
    <p class='ocr_par' dir='ltr' id='par_1_92' title="bbox 2162 4563 3746 4622">
     <span class='ocr_line' id='line_1_92' title="bbox 2162 4563 3746 4622; baseline -0.006 0"><span class='ocrx_word' id='word_1_720' title='bbox 2162 4567 2307 4622; x_wconf 80' lang='lat' dir='ltr'><strong>licati</strong></span> <span class='ocrx_word' id='word_1_721' title='bbox 2337 4582 2542 4620; x_wconf 87' lang='lat' dir='ltr'><strong>sumus.</strong></span> <span class='ocrx_word' id='word_1_722' title='bbox 2600 4565 2807 4619; x_wconf 75' lang='lat' dir='ltr'><strong>Educes</strong></span> <span class='ocrx_word' id='word_1_723' title='bbox 2830 4565 2894 4618; x_wconf 90' lang='lat' dir='ltr'><strong>de</strong></span> <span class='ocrx_word' id='word_1_724' title='bbox 2935 4563 3273 4618; x_wconf 75' lang='lat' dir='ltr'><strong>tribulatione</strong></span> <span class='ocrx_word' id='word_1_725' title='bbox 3299 4563 3530 4616; x_wconf 70' lang='lat' dir='ltr'><strong>animum</strong></span> <span class='ocrx_word' id='word_1_726' title='bbox 3556 4577 3746 4614; x_wconf 82' lang='lat' dir='ltr'><strong>meam.</strong></span> 
     </span>
    </p>
   </div>
   <div class='ocr_carea' id='block_1_93' title="bbox 470 4651 2053 4724">
    <p class='ocr_par' dir='ltr' id='par_1_93' title="bbox 470 4651 2053 4724">
     <span class='ocr_line' id='line_1_93' title="bbox 470 4651 2053 4724; baseline -0.004 -14"><span class='ocrx_word' id='word_1_727' title='bbox 470 4657 586 4710; x_wconf 90' lang='lat' dir='ltr'><strong>vias</strong></span> <span class='ocrx_word' id='word_1_728' title='bbox 621 4661 916 4724; x_wconf 80' lang='lat' dir='ltr'><strong>exspectat,</strong></span> <span class='ocrx_word' id='word_1_729' title='bbox 972 4660 1034 4708; x_wconf 90' lang='lat' dir='ltr'><strong>ut</strong></span> <span class='ocrx_word' id='word_1_730' title='bbox 1075 4652 1284 4708; x_wconf 81' lang='lat' dir='ltr'><strong>fructus</strong></span> <span class='ocrx_word' id='word_1_731' title='bbox 1331 4652 1597 4724; x_wconf 84' lang='lat' dir='ltr'><strong>germinet</strong></span> <span class='ocrx_word' id='word_1_732' title='bbox 1650 4651 2053 4706; x_wconf 83' lang='lat' dir='ltr'><strong>desiderabiles.</strong></span> 
     </span>
    </p>
   </div>
   <div class='ocr_carea' id='block_1_94' title="bbox 475 4743 2056 4816">
    <p class='ocr_par' dir='ltr' id='par_1_94' title="bbox 475 4743 2056 4816">
     <span class='ocr_line' id='line_1_94' title="bbox 475 4743 2056 4816; baseline -0.003 -15"><span class='ocrx_word' id='word_1_733' title='bbox 475 4745 601 4801; x_wconf 84' lang='lat' dir='ltr'><strong>Sine</strong></span> <span class='ocrx_word' id='word_1_734' title='bbox 624 4761 760 4816; x_wconf 84' lang='lat' dir='ltr'><strong>aqua</strong></span> <span class='ocrx_word' id='word_1_735' title='bbox 780 4745 893 4800; x_wconf 85' lang='lat' dir='ltr'><strong>tibi.</strong></span> <span class='ocrx_word' id='word_1_736' title='bbox 959 4743 1006 4803; x_wconf 88' lang='lat'><strong>0</strong></span> <span class='ocrx_word' id='word_1_737' title='bbox 1033 4745 1206 4800; x_wconf 83' lang='lat' dir='ltr'><strong>Dens!</strong></span> <span class='ocrx_word' id='word_1_738' title='bbox 1233 4743 1328 4799; x_wconf 89' lang='lat' dir='ltr'><strong>tibi</strong></span> <span class='ocrx_word' id='word_1_739' title='bbox 1359 4745 1429 4800; x_wconf 89' lang='lat' dir='ltr'><strong>sit</strong></span> <span class='ocrx_word' id='word_1_740' title='bbox 1455 4745 1630 4799; x_wconf 88' lang='lat' dir='ltr'><strong>anima</strong></span> <span class='ocrx_word' id='word_1_741' title='bbox 1663 4757 1782 4798; x_wconf 85' lang='lat' dir='ltr'><strong>mea</strong></span> <span class='ocrx_word' id='word_1_742' title='bbox 1811 4743 2056 4816; x_wconf 84' lang='lat' dir='ltr'><strong>irrigata,</strong></span> 
     </span>
    </p>
   </div>
   <div class='ocr_carea' id='block_1_95' title="bbox 471 4836 1629 4909">
    <p class='ocr_par' dir='ltr' id='par_1_95' title="bbox 471 4836 1629 4909">
     <span class='ocr_line' id='line_1_95' title="bbox 471 4836 1629 4909; baseline -0.001 -18"><span class='ocrx_word' id='word_1_743' title='bbox 471 4843 526 4891; x_wconf 91' lang='lat' dir='ltr'><strong>et</strong></span> <span class='ocrx_word' id='word_1_744' title='bbox 552 4851 583 4891; x_wconf 90' lang='lat' dir='ltr'><strong>a</strong></span> <span class='ocrx_word' id='word_1_745' title='bbox 616 4843 667 4892; x_wconf 89' lang='lat' dir='ltr'><strong>te</strong></span> <span class='ocrx_word' id='word_1_746' title='bbox 692 4837 938 4909; x_wconf 85' lang='lat' dir='ltr'><strong>irrigata,</strong></span> <span class='ocrx_word' id='word_1_747' title='bbox 969 4846 1030 4892; x_wconf 88' lang='lat' dir='ltr'><strong>ut</strong></span> <span class='ocrx_word' id='word_1_748' title='bbox 1051 4837 1150 4892; x_wconf 88' lang='lat' dir='ltr'><strong>tibi</strong></span> <span class='ocrx_word' id='word_1_749' title='bbox 1189 4837 1353 4892; x_wconf 80' lang='lat' dir='ltr'><strong>faciat</strong></span> <span class='ocrx_word' id='word_1_750' title='bbox 1374 4836 1629 4892; x_wconf 79' lang='lat' dir='ltr'><strong>fructum.</strong></span> 
     </span>
    </p>
   </div>
   <div class='ocr_carea' id='block_1_96' title="bbox 543 4927 2060 5001">
    <p class='ocr_par' dir='ltr' id='par_1_96' title="bbox 543 4927 2060 5001">
     <span class='ocr_line' id='line_1_96' title="bbox 543 4927 2060 5001; baseline 0 -16"><span class='ocrx_word' id='word_1_751' title='bbox 543 4929 706 4985; x_wconf 66' lang='lat' dir='ltr'><strong>Vens.</strong></span> <span class='ocrx_word' id='word_1_752' title='bbox 725 4927 778 4982; x_wconf 88' lang='lat'><strong>7.</strong></span> <span class='ocrx_word' id='word_1_753' title='bbox 817 4957 886 4972; x_wconf 89' lang='lat'><strong>-—</strong></span> <span class='ocrx_word' id='word_1_754' title='bbox 918 4927 1170 4984; x_wconf 83' lang='lat' dir='ltr'><strong>Velociter</strong></span> <span class='ocrx_word' id='word_1_755' title='bbox 1197 4930 1388 4984; x_wconf 73' lang='lat' dir='ltr'><strong>exaudi</strong></span> <span class='ocrx_word' id='word_1_756' title='bbox 1409 4945 1512 4996; x_wconf 86' lang='lat' dir='ltr'><strong>me,</strong></span> <span class='ocrx_word' id='word_1_757' title='bbox 1534 4929 1774 4995; x_wconf 82' lang='lat' dir='ltr'><strong>Domine,</strong></span> <span class='ocrx_word' id='word_1_758' title='bbox 1808 4931 1934 5001; x_wconf 77' lang='lat' dir='ltr'><strong>quis</strong></span> <span class='ocrx_word' id='word_1_759' title='bbox 1967 4931 2060 4985; x_wconf 74' lang='lat' dir='ltr'><strong>de-</strong></span> 
     </span>
    </p>
   </div>
   <div class='ocr_carea' id='block_1_97' title="bbox 472 5019 2062 5094">
    <p class='ocr_par' dir='ltr' id='par_1_97' title="bbox 472 5019 2062 5094">
     <span class='ocr_line' id='line_1_97' title="bbox 472 5019 2062 5094; baseline 0.001 -18"><span class='ocrx_word' id='word_1_760' title='bbox 472 5019 594 5094; x_wconf 75' lang='lat' dir='ltr'><strong>fecit</strong></span> <span class='ocrx_word' id='word_1_761' title='bbox 611 5023 826 5092; x_wconf 81' lang='lat' dir='ltr'><strong>spiritus</strong></span> <span class='ocrx_word' id='word_1_762' title='bbox 848 5035 1012 5077; x_wconf 84' lang='lat' dir='ltr'><strong>meus.</strong></span> <span class='ocrx_word' id='word_1_763' title='bbox 1075 5021 1346 5077; x_wconf 84' lang='lat' dir='ltr'><strong>Velociter</strong></span> <span class='ocrx_word' id='word_1_764' title='bbox 1373 5021 1586 5078; x_wconf 80' lang='lat' dir='ltr'><strong>deﬁciet</strong></span> <span class='ocrx_word' id='word_1_765' title='bbox 1607 5023 1829 5094; x_wconf 86' lang='lat' dir='ltr'><strong>spiritus</strong></span> <span class='ocrx_word' id='word_1_766' title='bbox 1855 5023 2062 5078; x_wconf 85' lang='lat' dir='ltr'><strong>anima-</strong></span> 
     </span>
    </p>
   </div>
   <div class='ocr_carea' id='block_1_98' title="bbox 472 5113 2061 5185">
    <p class='ocr_par' dir='ltr' id='par_1_98' title="bbox 472 5113 2061 5185">
     <span class='ocr_line' id='line_1_98' title="bbox 472 5113 2061 5185; baseline 0.001 -17"><span class='ocrx_word' id='word_1_767' title='bbox 472 5113 561 5182; x_wconf 91' lang='lat' dir='ltr'><strong>lis,</strong></span> <span class='ocrx_word' id='word_1_768' title='bbox 617 5123 671 5169; x_wconf 91' lang='lat' dir='ltr'><strong>et</strong></span> <span class='ocrx_word' id='word_1_769' title='bbox 699 5123 1008 5169; x_wconf 85' lang='lat' dir='ltr'><strong>revertetur</strong></span> <span class='ocrx_word' id='word_1_770' title='bbox 1026 5129 1156 5169; x_wconf 87' lang='lat' dir='ltr'><strong>caro</strong></span> <span class='ocrx_word' id='word_1_771' title='bbox 1182 5113 1236 5168; x_wconf 92' lang='lat' dir='ltr'><strong>in</strong></span> <span class='ocrx_word' id='word_1_772' title='bbox 1263 5121 1466 5168; x_wconf 91' lang='lat' dir='ltr'><strong>terram</strong></span> <span class='ocrx_word' id='word_1_773' title='bbox 1495 5129 1670 5180; x_wconf 89' lang='lat' dir='ltr'><strong>suam,</strong></span> <span class='ocrx_word' id='word_1_774' title='bbox 1692 5123 1747 5169; x_wconf 91' lang='lat' dir='ltr'><strong>et</strong></span> <span class='ocrx_word' id='word_1_775' title='bbox 1763 5129 1870 5170; x_wconf 89' lang='lat' dir='ltr'><strong>non</strong></span> <span class='ocrx_word' id='word_1_776' title='bbox 1895 5131 2061 5185; x_wconf 80' lang='lat' dir='ltr'><strong>agno-</strong></span> 
     </span>
    </p>
   </div>
   <div class='ocr_carea' id='block_1_99' title="bbox 474 5205 2055 5278">
    <p class='ocr_par' dir='ltr' id='par_1_99' title="bbox 474 5205 2055 5278">
     <span class='ocr_line' id='line_1_99' title="bbox 474 5205 2055 5278; baseline -0.001 -15"><span class='ocrx_word' id='word_1_777' title='bbox 474 5217 589 5263; x_wconf 89' lang='lat' dir='ltr'><strong>scet</strong></span> <span class='ocrx_word' id='word_1_778' title='bbox 613 5207 840 5278; x_wconf 88' lang='lat' dir='ltr'><strong>amplius</strong></span> <span class='ocrx_word' id='word_1_779' title='bbox 866 5207 1042 5262; x_wconf 87' lang='lat' dir='ltr'><strong>locum</strong></span> <span class='ocrx_word' id='word_1_780' title='bbox 1067 5206 1204 5278; x_wconf 87' lang='lat' dir='ltr'><strong>ejus.</strong></span> <span class='ocrx_word' id='word_1_781' title='bbox 1262 5205 1399 5273; x_wconf 90' lang='lat' dir='ltr'><strong>Quia</strong></span> <span class='ocrx_word' id='word_1_782' title='bbox 1419 5207 1584 5262; x_wconf 89' lang='lat' dir='ltr'><strong>semel</strong></span> <span class='ocrx_word' id='word_1_783' title='bbox 1615 5207 1855 5262; x_wconf 87' lang='lat' dir='ltr'><strong>nascitur</strong></span> <span class='ocrx_word' id='word_1_784' title='bbox 1875 5208 2055 5271; x_wconf 88' lang='lat' dir='ltr'><strong>homo,</strong></span> 
     </span>
    </p>
   </div>
   <div class='ocr_carea' id='block_1_100' title="bbox 473 5299 2061 5365">
    <p class='ocr_par' dir='ltr' id='par_1_100' title="bbox 473 5299 2061 5365">
     <span class='ocr_line' id='line_1_100' title="bbox 473 5299 2061 5365; baseline -0.001 -10"><span class='ocrx_word' id='word_1_785' title='bbox 473 5300 527 5355; x_wconf 83' lang='lat' dir='ltr'><strong>ei</strong></span> <span class='ocrx_word' id='word_1_786' title='bbox 555 5299 720 5357; x_wconf 89' lang='lat' dir='ltr'><strong>semel</strong></span> <span class='ocrx_word' id='word_1_787' title='bbox 740 5299 1071 5365; x_wconf 89' lang='lat' dir='ltr'><strong>renascitur;</strong></span> <span class='ocrx_word' id='word_1_788' title='bbox 1112 5299 1279 5356; x_wconf 90' lang='lat' dir='ltr'><strong>semel</strong></span> <span class='ocrx_word' id='word_1_789' title='bbox 1318 5299 1566 5364; x_wconf 89' lang='lat' dir='ltr'><strong>moritur,</strong></span> <span class='ocrx_word' id='word_1_790' title='bbox 1619 5307 1674 5356; x_wconf 89' lang='lat' dir='ltr'><strong>et</strong></span> <span class='ocrx_word' id='word_1_791' title='bbox 1698 5299 1865 5354; x_wconf 89' lang='lat' dir='ltr'><strong>semel</strong></span> <span class='ocrx_word' id='word_1_792' title='bbox 1906 5313 2061 5355; x_wconf 89' lang='lat' dir='ltr'><strong>resu-</strong></span> 
     </span>
    </p>
   </div>
   <div class='ocr_carea' id='block_1_101' title="bbox 475 5393 2060 5465">
    <p class='ocr_par' dir='ltr' id='par_1_101' title="bbox 475 5393 2060 5465">
     <span class='ocr_line' id='line_1_101' title="bbox 475 5393 2060 5465; baseline 0.002 -19"><span class='ocrx_word' id='word_1_793' title='bbox 475 5393 788 5460; x_wconf 80' lang='lat' dir='ltr'><strong>scitabitur;</strong></span> <span class='ocrx_word' id='word_1_794' title='bbox 821 5394 967 5461; x_wconf 90' lang='lat' dir='ltr'><strong>ideo,</strong></span> <span class='ocrx_word' id='word_1_795' title='bbox 998 5394 1242 5461; x_wconf 88' lang='lat' dir='ltr'><strong>Domine,</strong></span> <span class='ocrx_word' id='word_1_796' title='bbox 1273 5395 1533 5450; x_wconf 88' lang='lat' dir='ltr'><strong>miserere</strong></span> <span class='ocrx_word' id='word_1_797' title='bbox 1572 5395 1700 5448; x_wconf 90' lang='lat' dir='ltr'><strong>dum</strong></span> <span class='ocrx_word' id='word_1_798' title='bbox 1732 5402 1816 5450; x_wconf 88' lang='lat' dir='ltr'><strong>est</strong></span> <span class='ocrx_word' id='word_1_799' title='bbox 1859 5403 2060 5465; x_wconf 85' lang='lat' dir='ltr'><strong>tempus</strong></span> 
     </span>
    </p>
   </div>
   <div class='ocr_carea' id='block_1_102' title="bbox 475 5483 2061 5558">
    <p class='ocr_par' dir='ltr' id='par_1_102' title="bbox 475 5483 2061 5558">
     <span class='ocr_line' id='line_1_102' title="bbox 475 5483 2061 5558; baseline 0.004 -22"><span class='ocrx_word' id='word_1_800' title='bbox 475 5485 775 5552; x_wconf 72' lang='lat' dir='ltr'><strong>miserandi,</strong></span> <span class='ocrx_word' id='word_1_801' title='bbox 811 5495 860 5541; x_wconf 82' lang='lat' dir='ltr'><strong>et</strong></span> <span class='ocrx_word' id='word_1_802' title='bbox 887 5496 1088 5558; x_wconf 87' lang='lat' dir='ltr'><strong>tempus</strong></span> <span class='ocrx_word' id='word_1_803' title='bbox 1119 5483 1433 5558; x_wconf 80' lang='lat' dir='ltr'><strong>acceptabile</strong></span> <span class='ocrx_word' id='word_1_804' title='bbox 1451 5495 1499 5540; x_wconf 83' lang='lat' dir='ltr'><strong>et</strong></span> <span class='ocrx_word' id='word_1_805' title='bbox 1522 5486 1633 5540; x_wconf 83' lang='lat' dir='ltr'><strong>dies</strong></span> <span class='ocrx_word' id='word_1_806' title='bbox 1654 5485 1864 5541; x_wconf 86' lang='lat' dir='ltr'><strong>salutis.</strong></span> <span class='ocrx_word' id='word_1_807' title='bbox 1933 5484 2061 5542; x_wconf 84' lang='lat' dir='ltr'><strong>Scio</strong></span> 
     </span>
    </p>
   </div>
   <div class='ocr_carea' id='block_1_103' title="bbox 477 5573 2058 5648">
    <p class='ocr_par' dir='ltr' id='par_1_103' title="bbox 477 5573 2058 5648">
     <span class='ocr_line' id='line_1_103' title="bbox 477 5573 2058 5648; baseline 0.004 -23"><span class='ocrx_word' id='word_1_808' title='bbox 477 5573 733 5632; x_wconf 72' lang='lat' dir='ltr'><strong>citissime</strong></span> <span class='ocrx_word' id='word_1_809' title='bbox 762 5579 948 5634; x_wconf 89' lang='lat' dir='ltr'><strong>venire</strong></span> <span class='ocrx_word' id='word_1_810' title='bbox 976 5579 1140 5647; x_wconf 84' lang='lat' dir='ltr'><strong>diem,</strong></span> <span class='ocrx_word' id='word_1_811' title='bbox 1190 5580 1244 5634; x_wconf 89' lang='lat' dir='ltr'><strong>in</strong></span> <span class='ocrx_word' id='word_1_812' title='bbox 1289 5594 1393 5648; x_wconf 88' lang='lat' dir='ltr'><strong>qua</strong></span> <span class='ocrx_word' id='word_1_813' title='bbox 1433 5576 1718 5647; x_wconf 88' lang='lat' dir='ltr'><strong>judicabor</strong></span> <span class='ocrx_word' id='word_1_814' title='bbox 1766 5579 2058 5633; x_wconf 89' lang='lat' dir='ltr'><strong>secundum</strong></span> 
     </span>
    </p>
   </div>
   <div class='ocr_carea' id='block_1_104' title="bbox 479 5665 2061 5734">
    <p class='ocr_par' dir='ltr' id='par_1_104' title="bbox 479 5665 2061 5734">
     <span class='ocr_line' id='line_1_104' title="bbox 479 5665 2061 5734; baseline 0.004 -16"><span class='ocrx_word' id='word_1_815' title='bbox 479 5681 641 5733; x_wconf 77' lang='lat' dir='ltr'><strong>opera</strong></span> <span class='ocrx_word' id='word_1_816' title='bbox 659 5681 799 5722; x_wconf 76' lang='lat' dir='ltr'><strong>mea.</strong></span> <span class='ocrx_word' id='word_1_817' title='bbox 845 5669 1100 5725; x_wconf 83' lang='lat' dir='ltr'><strong>Miserere</strong></span> <span class='ocrx_word' id='word_1_818' title='bbox 1121 5685 1281 5734; x_wconf 92' lang='lat' dir='ltr'><strong>nunc,</strong></span> <span class='ocrx_word' id='word_1_819' title='bbox 1307 5665 1530 5724; x_wconf 87' lang='lat' dir='ltr'><strong>Domine</strong></span> <span class='ocrx_word' id='word_1_820' title='bbox 1551 5667 1695 5733; x_wconf 81' lang='lat' dir='ltr'><strong>Jesu,</strong></span> <span class='ocrx_word' id='word_1_821' title='bbox 1720 5678 1779 5723; x_wconf 91' lang='lat' dir='ltr'><strong>ut</strong></span> <span class='ocrx_word' id='word_1_822' title='bbox 1803 5669 2061 5724; x_wconf 88' lang='lat' dir='ltr'><strong>miserea-</strong></span> 
     </span>
    </p>
   </div>
   <div class='ocr_carea' id='block_1_105' title="bbox 484 5759 2058 5834">
    <p class='ocr_par' dir='ltr' id='par_1_105' title="bbox 484 5759 2058 5834">
     <span class='ocr_line' id='line_1_105' title="bbox 484 5759 2058 5834; baseline 0.006 -24"><span class='ocrx_word' id='word_1_823' title='bbox 484 5759 556 5810; x_wconf 79' lang='lat' dir='ltr'><strong>ris</strong></span> <span class='ocrx_word' id='word_1_824' title='bbox 579 5767 704 5816; x_wconf 89' lang='lat' dir='ltr'><strong>tunc</strong></span> <span class='ocrx_word' id='word_1_825' title='bbox 733 5760 787 5817; x_wconf 89' lang='lat' dir='ltr'><strong>in</strong></span> <span class='ocrx_word' id='word_1_826' title='bbox 811 5762 1032 5834; x_wconf 78' lang='lat' dir='ltr'><strong>judicio.</strong></span> <span class='ocrx_word' id='word_1_827' title='bbox 1088 5762 1208 5817; x_wconf 83' lang='lat' dir='ltr'><strong>Non</strong></span> <span class='ocrx_word' id='word_1_828' title='bbox 1255 5772 1457 5818; x_wconf 85' lang='lat' dir='ltr'><strong>avertas</strong></span> <span class='ocrx_word' id='word_1_829' title='bbox 1481 5763 1668 5834; x_wconf 81' lang='lat' dir='ltr'><strong>[aciem</strong></span> <span class='ocrx_word' id='word_1_830' title='bbox 1694 5773 1838 5818; x_wconf 82' lang='lat' dir='ltr'><strong>tuam</strong></span> <span class='ocrx_word' id='word_1_831' title='bbox 1877 5781 1908 5818; x_wconf 90' lang='lat' dir='ltr'><strong>a</strong></span> <span class='ocrx_word' id='word_1_832' title='bbox 1934 5781 2016 5818; x_wconf 88' lang='lat' dir='ltr'><strong>me</strong></span> <span class='ocrx_word' id='word_1_833' title='bbox 2037 5781 2058 5830; x_wconf 86' lang='lat'><strong><em>;</em></strong></span> 
     </span>
    </p>
   </div>
   <div class='ocr_carea' id='block_1_106' title="bbox 2159 4652 3748 4724">
    <p class='ocr_par' dir='ltr' id='par_1_106' title="bbox 2159 4652 3748 4724">
     <span class='ocr_line' id='line_1_106' title="bbox 2159 4652 3748 4724; baseline -0.004 -13"><span class='ocrx_word' id='word_1_834' title='bbox 2159 4657 2470 4712; x_wconf 82' lang='lat' dir='ltr'><strong>Educentur</strong></span> <span class='ocrx_word' id='word_1_835' title='bbox 2522 4657 2590 4711; x_wconf 87' lang='lat' dir='ltr'><strong>de</strong></span> <span class='ocrx_word' id='word_1_836' title='bbox 2627 4656 2996 4720; x_wconf 87' lang='lat' dir='ltr'><strong>tribulatione,</strong></span> <span class='ocrx_word' id='word_1_837' title='bbox 3027 4663 3288 4724; x_wconf 87' lang='lat' dir='ltr'><strong>tanquam</strong></span> <span class='ocrx_word' id='word_1_838' title='bbox 3321 4654 3388 4708; x_wconf 92' lang='lat' dir='ltr'><strong>de</strong></span> <span class='ocrx_word' id='word_1_839' title='bbox 3416 4652 3748 4712; x_wconf 87' lang='lat' dir='ltr'><strong>carceribus.</strong></span> 
     </span>
    </p>
   </div>
   <div class='ocr_carea' id='block_1_107' title="bbox 2161 4743 3756 4819">
    <p class='ocr_par' dir='ltr' id='par_1_107' title="bbox 2161 4743 3756 4819">
     <span class='ocr_line' id='line_1_107' title="bbox 2161 4743 3756 4819; baseline -0.006 -13"><span class='ocrx_word' id='word_1_840' title='bbox 2161 4752 2354 4806; x_wconf 78' lang='lat' dir='ltr'><strong>animae</strong></span> <span class='ocrx_word' id='word_1_841' title='bbox 2378 4757 2599 4816; x_wconf 69' lang='lat' dir='ltr'><strong>sanctae,</strong></span> <span class='ocrx_word' id='word_1_842' title='bbox 2640 4749 2855 4819; x_wconf 89' lang='lat' dir='ltr'><strong>quando</strong></span> <span class='ocrx_word' id='word_1_843' title='bbox 2898 4763 2928 4801; x_wconf 90' lang='lat' dir='ltr'><strong>a</strong></span> <span class='ocrx_word' id='word_1_844' title='bbox 2952 4746 3345 4802; x_wconf 82' lang='lat' dir='ltr'><strong>tentationibus</strong></span> <span class='ocrx_word' id='word_1_845' title='bbox 3387 4744 3591 4799; x_wconf 82' lang='lat' dir='ltr'><strong>inimici</strong></span> <span class='ocrx_word' id='word_1_846' title='bbox 3617 4743 3756 4797; x_wconf 82' lang='lat' dir='ltr'><strong>libe-</strong></span> 
     </span>
    </p>
   </div>
   <div class='ocr_carea' id='block_1_108' title="bbox 2159 4838 3751 4913">
    <p class='ocr_par' dir='ltr' id='par_1_108' title="bbox 2159 4838 3751 4913">
     <span class='ocr_line' id='line_1_108' title="bbox 2159 4838 3751 4913; baseline -0.006 -13"><span class='ocrx_word' id='word_1_847' title='bbox 2159 4844 2444 4909; x_wconf 88' lang='lat' dir='ltr'><strong>rabuntnr,</strong></span> <span class='ocrx_word' id='word_1_848' title='bbox 2485 4851 2538 4899; x_wconf 91' lang='lat' dir='ltr'><strong>et</strong></span> <span class='ocrx_word' id='word_1_849' title='bbox 2581 4843 2648 4897; x_wconf 92' lang='lat' dir='ltr'><strong>ad</strong></span> <span class='ocrx_word' id='word_1_850' title='bbox 2680 4842 2924 4913; x_wconf 88' lang='lat' dir='ltr'><strong>requiem</strong></span> <span class='ocrx_word' id='word_1_851' title='bbox 2963 4840 3302 4912; x_wconf 85' lang='lat' dir='ltr'><strong>pervenient,</strong></span> <span class='ocrx_word' id='word_1_852' title='bbox 3331 4840 3422 4894; x_wconf 85' lang='lat' dir='ltr'><strong>ubi</strong></span> <span class='ocrx_word' id='word_1_853' title='bbox 3453 4838 3603 4892; x_wconf 87' lang='lat' dir='ltr'><strong>nulla</strong></span> <span class='ocrx_word' id='word_1_854' title='bbox 3644 4839 3751 4892; x_wconf 87' lang='lat' dir='ltr'><strong>erit</strong></span> 
     </span>
    </p>
   </div>
   <div class='ocr_carea' id='block_1_109' title="bbox 2160 4929 3753 5000">
    <p class='ocr_par' dir='ltr' id='par_1_109' title="bbox 2160 4929 3753 5000">
     <span class='ocr_line' id='line_1_109' title="bbox 2160 4929 3753 5000; baseline -0.006 -8"><span class='ocrx_word' id='word_1_855' title='bbox 2160 4937 2300 4992; x_wconf 86' lang='lat' dir='ltr'><strong>ultra</strong></span> <span class='ocrx_word' id='word_1_856' title='bbox 2343 4934 2617 4989; x_wconf 85' lang='lat' dir='ltr'><strong>tribulatio</strong></span> <span class='ocrx_word' id='word_1_857' title='bbox 2662 4933 2920 4987; x_wconf 86' lang='lat' dir='ltr'><strong>tentantis</strong></span> <span class='ocrx_word' id='word_1_858' title='bbox 2944 4932 3167 4986; x_wconf 91' lang='lat' dir='ltr'><strong>inimici.</strong></span> <span class='ocrx_word' id='word_1_859' title='bbox 3218 4931 3295 4984; x_wconf 86' lang='lat' dir='ltr'><strong>Ita</strong></span> <span class='ocrx_word' id='word_1_860' title='bbox 3319 4929 3440 4984; x_wconf 86' lang='lat' dir='ltr'><strong>ﬁnis</strong></span> <span class='ocrx_word' id='word_1_861' title='bbox 3465 4929 3593 4983; x_wconf 58' lang='lat' dir='ltr'><strong>vita</strong></span> <span class='ocrx_word' id='word_1_862' title='bbox 3612 4944 3753 5000; x_wconf 66' lang='lat' dir='ltr'><strong>prae-</strong></span> 
     </span>
    </p>
   </div>
   <div class='ocr_carea' id='block_1_110' title="bbox 2160 5025 3368 5092">
    <p class='ocr_par' dir='ltr' id='par_1_110' title="bbox 2160 5025 3368 5092">
     <span class='ocr_line' id='line_1_110' title="bbox 2160 5025 3368 5092; baseline -0.007 -8"><span class='ocrx_word' id='word_1_863' title='bbox 2160 5030 2348 5092; x_wconf 87' lang='lat' dir='ltr'><strong>sentis.</strong></span> <span class='ocrx_word' id='word_1_864' title='bbox 2399 5028 2661 5082; x_wconf 89' lang='lat' dir='ltr'><strong>terminus</strong></span> <span class='ocrx_word' id='word_1_865' title='bbox 2686 5025 2992 5081; x_wconf 82' lang='lat' dir='ltr'><strong>estlaboris</strong></span> <span class='ocrx_word' id='word_1_866' title='bbox 3037 5033 3368 5079; x_wconf 87' lang='lat' dir='ltr'><strong>sanctorum.</strong></span> 
     </span>
    </p>
   </div>
   <div class='ocr_carea' id='block_1_111' title="bbox 2231 5115 3749 5186">
    <p class='ocr_par' dir='ltr' id='par_1_111' title="bbox 2231 5115 3749 5186">
     <span class='ocr_line' id='line_1_111' title="bbox 2231 5115 3749 5186; baseline -0.005 -12"><span class='ocrx_word' id='word_1_867' title='bbox 2231 5119 2395 5174; x_wconf 75' lang='lat' dir='ltr'><strong>Vens.</strong></span> <span class='ocrx_word' id='word_1_868' title='bbox 2426 5119 2512 5173; x_wconf 70' lang='lat'><strong>1‘2.</strong></span> <span class='ocrx_word' id='word_1_869' title='bbox 2541 5148 2610 5157; x_wconf 96' lang='lat'><strong>—</strong></span> <span class='ocrx_word' id='word_1_870' title='bbox 2638 5117 2900 5182; x_wconf 81' lang='lat' dir='ltr'><strong>Quoniam</strong></span> <span class='ocrx_word' id='word_1_871' title='bbox 2939 5116 3201 5186; x_wconf 85' lang='lat' dir='ltr'><strong>disperdct</strong></span> <span class='ocrx_word' id='word_1_872' title='bbox 3221 5115 3363 5168; x_wconf 87' lang='lat' dir='ltr'><strong>Deus</strong></span> <span class='ocrx_word' id='word_1_873' title='bbox 3392 5115 3640 5168; x_wconf 78' lang='lat' dir='ltr'><strong>inimicos</strong></span> <span class='ocrx_word' id='word_1_874' title='bbox 3663 5130 3749 5166; x_wconf 88' lang='lat' dir='ltr'><strong>eo-</strong></span> 
     </span>
    </p>
   </div>
   <div class='ocr_carea' id='block_1_112' title="bbox 2161 5206 3746 5280">
    <p class='ocr_par' dir='ltr' id='par_1_112' title="bbox 2161 5206 3746 5280">
     <span class='ocr_line' id='line_1_112' title="bbox 2161 5206 3746 5280; baseline -0.003 -16"><span class='ocrx_word' id='word_1_875' title='bbox 2161 5227 2301 5274; x_wconf 86' lang='lat' dir='ltr'><strong>rum,</strong></span> <span class='ocrx_word' id='word_1_876' title='bbox 2329 5219 2377 5263; x_wconf 90' lang='lat' dir='ltr'><strong>et</strong></span> <span class='ocrx_word' id='word_1_877' title='bbox 2398 5208 2576 5280; x_wconf 86' lang='lat' dir='ltr'><strong>perdet</strong></span> <span class='ocrx_word' id='word_1_878' title='bbox 2608 5223 2790 5262; x_wconf 83' lang='lat' dir='ltr'><strong>omnes</strong></span> <span class='ocrx_word' id='word_1_879' title='bbox 2819 5208 2908 5278; x_wconf 83' lang='lat' dir='ltr'><strong>qui</strong></span> <span class='ocrx_word' id='word_1_880' title='bbox 2955 5206 3209 5260; x_wconf 74' lang='lat' dir='ltr'><strong>tribulam</strong></span> <span class='ocrx_word' id='word_1_881' title='bbox 3239 5206 3444 5261; x_wconf 77' lang='lat' dir='ltr'><strong>animus</strong></span> <span class='ocrx_word' id='word_1_882' title='bbox 3481 5220 3746 5260; x_wconf 67' lang='lat' dir='ltr'><strong>sentem</strong></span> 
     </span>
    </p>
   </div>
   <div class='ocr_carea' id='block_1_113' title="bbox 2160 5299 3746 5369">
    <p class='ocr_par' dir='ltr' id='par_1_113' title="bbox 2160 5299 3746 5369">
     <span class='ocr_line' id='line_1_113' title="bbox 2160 5299 3746 5369; baseline -0.001 -13"><span class='ocrx_word' id='word_1_883' title='bbox 2160 5318 2395 5357; x_wconf 83' lang='lat' dir='ltr'><strong>suorum.</strong></span> <span class='ocrx_word' id='word_1_884' title='bbox 2444 5301 2543 5354; x_wconf 84' lang='lat' dir='ltr'><strong>llic</strong></span> <span class='ocrx_word' id='word_1_885' title='bbox 2569 5299 2716 5354; x_wconf 89' lang='lat' dir='ltr'><strong>enim</strong></span> <span class='ocrx_word' id='word_1_886' title='bbox 2761 5299 3092 5353; x_wconf 80' lang='lat' dir='ltr'><strong>tribulantur</strong></span> <span class='ocrx_word' id='word_1_887' title='bbox 3123 5299 3277 5369; x_wconf 82' lang='lat' dir='ltr'><strong>justi,</strong></span> <span class='ocrx_word' id='word_1_888' title='bbox 3312 5300 3385 5355; x_wconf 88' lang='lat' dir='ltr'><strong>ibi</strong></span> <span class='ocrx_word' id='word_1_889' title='bbox 3427 5315 3558 5354; x_wconf 87' lang='lat' dir='ltr'><strong>vero</strong></span> <span class='ocrx_word' id='word_1_890' title='bbox 3584 5300 3638 5354; x_wconf 91' lang='lat' dir='ltr'><strong>in</strong></span> <span class='ocrx_word' id='word_1_891' title='bbox 3664 5315 3746 5354; x_wconf 91' lang='lat' dir='ltr'><strong>re-</strong></span> 
     </span>
    </p>
   </div>
   <div class='ocr_carea' id='block_1_114' title="bbox 2161 5390 3744 5466">
    <p class='ocr_par' dir='ltr' id='par_1_114' title="bbox 2161 5390 3744 5466">
     <span class='ocr_line' id='line_1_114' title="bbox 2161 5390 3744 5466; baseline -0.003 -17"><span class='ocrx_word' id='word_1_892' title='bbox 2161 5396 2285 5466; x_wconf 89' lang='lat' dir='ltr'><strong>quie</strong></span> <span class='ocrx_word' id='word_1_893' title='bbox 2312 5392 2664 5449; x_wconf 87' lang='lat' dir='ltr'><strong>beatitudinis</strong></span> <span class='ocrx_word' id='word_1_894' title='bbox 2685 5391 3058 5462; x_wconf 84' lang='lat' dir='ltr'><strong>gloriabuntur</strong></span> <span class='ocrx_word' id='word_1_895' title='bbox 3083 5397 3138 5444; x_wconf 90' lang='lat' dir='ltr'><strong>et</strong></span> <span class='ocrx_word' id='word_1_896' title='bbox 3159 5392 3586 5446; x_wconf 84' lang='lat' dir='ltr'><strong>consolabuntur</strong></span> <span class='ocrx_word' id='word_1_897' title='bbox 3612 5390 3744 5463; x_wconf 82' lang='lat' dir='ltr'><strong>[om-</strong></span> 
     </span>
    </p>
   </div>
   <div class='ocr_carea' id='block_1_115' title="bbox 2160 5481 3740 5557">
    <p class='ocr_par' dir='ltr' id='par_1_115' title="bbox 2160 5481 3740 5557">
     <span class='ocr_line' id='line_1_115' title="bbox 2160 5481 3740 5557; baseline -0.005 -15"><span class='ocrx_word' id='word_1_898' title='bbox 2160 5485 2280 5557; x_wconf 88' lang='lat' dir='ltr'><strong>nes]</strong></span> <span class='ocrx_word' id='word_1_899' title='bbox 2334 5483 2767 5554; x_wconf 88' lang='lat' dir='ltr'><strong>persecutionem</strong></span> <span class='ocrx_word' id='word_1_900' title='bbox 2813 5497 2914 5552; x_wconf 87' lang='lat' dir='ltr'><strong>pro</strong></span> <span class='ocrx_word' id='word_1_901' title='bbox 2963 5481 3165 5537; x_wconf 85' lang='lat' dir='ltr'><strong>Christi</strong></span> <span class='ocrx_word' id='word_1_902' title='bbox 3217 5482 3437 5538; x_wconf 87' lang='lat' dir='ltr'><strong>nomine</strong></span> <span class='ocrx_word' id='word_1_903' title='bbox 3455 5482 3740 5551; x_wconf 82' lang='lat' dir='ltr'><strong>patientes,</strong></span> 
     </span>
    </p>
   </div>
   <div class='ocr_carea' id='block_1_116' title="bbox 2161 5573 3735 5648">
    <p class='ocr_par' dir='ltr' id='par_1_116' title="bbox 2161 5573 3735 5648">
     <span class='ocr_line' id='line_1_116' title="bbox 2161 5573 3735 5648; baseline -0.006 -12"><span class='ocrx_word' id='word_1_904' title='bbox 2161 5579 2372 5636; x_wconf 81' lang='lat' dir='ltr'><strong>dicente</strong></span> <span class='ocrx_word' id='word_1_905' title='bbox 2410 5577 2524 5648; x_wconf 87' lang='lat' dir='ltr'><strong>ipsa</strong></span> <span class='ocrx_word' id='word_1_906' title='bbox 2553 5577 2837 5632; x_wconf 84' lang='lat' dir='ltr'><strong>Veritate:</strong></span> <span class='ocrx_word' id='word_1_907' title='bbox 2878 5573 3029 5630; x_wconf 85' lang='lat' dir='ltr'><strong>Beati</strong></span> <span class='ocrx_word' id='word_1_908' title='bbox 3067 5577 3156 5646; x_wconf 86' lang='lat' dir='ltr'><strong>qui</strong></span> <span class='ocrx_word' id='word_1_909' title='bbox 3198 5576 3606 5645; x_wconf 71' lang='lat' dir='ltr'><strong>persecutionem</strong></span> <span class='ocrx_word' id='word_1_910' title='bbox 3644 5590 3735 5644; x_wconf 73' lang='lat' dir='ltr'><strong>pu-</strong></span> 
     </span>
    </p>
   </div>
   <div class='ocr_carea' id='block_1_117' title="bbox 2160 5670 3737 5741">
    <p class='ocr_par' dir='ltr' id='par_1_117' title="bbox 2160 5670 3737 5741">
     <span class='ocr_line' id='line_1_117' title="bbox 2160 5670 3737 5741; baseline -0.004 -15"><span class='ocrx_word' id='word_1_911' title='bbox 2160 5674 2362 5727; x_wconf 87' lang='lat' dir='ltr'><strong>tiuntur</strong></span> <span class='ocrx_word' id='word_1_912' title='bbox 2377 5678 2586 5741; x_wconf 88' lang='lat' dir='ltr'><strong>propter</strong></span> <span class='ocrx_word' id='word_1_913' title='bbox 2592 5670 2878 5740; x_wconf 84' lang='lat' dir='ltr'><strong>justitiam,</strong></span> <span class='ocrx_word' id='word_1_914' title='bbox 2895 5671 3142 5739; x_wconf 85' lang='lat' dir='ltr'><strong>quoniam</strong></span> <span class='ocrx_word' id='word_1_915' title='bbox 3164 5670 3396 5740; x_wconf 85' lang='lat' dir='ltr'><strong>ipsorum</strong></span> <span class='ocrx_word' id='word_1_916' title='bbox 3423 5673 3499 5722; x_wconf 84' lang='lat' dir='ltr'><strong>est</strong></span> <span class='ocrx_word' id='word_1_917' title='bbox 3530 5681 3737 5738; x_wconf 68' lang='lat' dir='ltr'><strong>regnum</strong></span> 
     </span>
    </p>
   </div>
   <div class='ocr_carea' id='block_1_118' title="bbox 2161 5759 3737 5834">
    <p class='ocr_par' dir='ltr' id='par_1_118' title="bbox 2161 5759 3737 5834">
     <span class='ocr_line' id='line_1_118' title="bbox 2161 5759 3737 5834; baseline -0.004 -16"><span class='ocrx_word' id='word_1_918' title='bbox 2161 5762 2406 5818; x_wconf 68' lang='lat' dir='ltr'><strong>caelorum</strong></span> <span class='ocrx_word' id='word_1_919' title='bbox 2427 5760 2643 5834; x_wconf 77' lang='lat' dir='ltr'><strong>(Matth.</strong></span> <span class='ocrx_word' id='word_1_920' title='bbox 2673 5778 2728 5826; x_wconf 74' lang='grc' dir='ltr'><strong>ν,</strong></span> <span class='ocrx_word' id='word_1_921' title='bbox 2748 5759 2861 5831; x_wconf 78' lang='lat' dir='ltr'><strong>lli),</strong></span> <span class='ocrx_word' id='word_1_922' title='bbox 2892 5759 2946 5815; x_wconf 90' lang='lat' dir='ltr'><strong>in</strong></span> <span class='ocrx_word' id='word_1_923' title='bbox 2973 5761 3168 5816; x_wconf 75' lang='lat' dir='ltr'><strong>saecula</strong></span> <span class='ocrx_word' id='word_1_924' title='bbox 3187 5761 3528 5814; x_wconf 69' lang='lat' dir='ltr'><strong>saeculorum.</strong></span> <span class='ocrx_word' id='word_1_925' title='bbox 3551 5759 3737 5814; x_wconf 77' lang='lat' dir='ltr'><strong>Amen.</strong></span> 
     </span>
    </p>
   </div>
  </div>
