4072 6340
305 356 402 414 597

1171 349 1576 408 EXEGETICA.
1616 381 1684 392 —-
1717 349 2080 408 EXPOSITIO
2111 355 2180 410 IN
2219 354 2411 411 PSAL.
2451 355 2652 412 CXVIII

559 568 940 633 MAGISTI’J
985 564 1250 626 ALBINI
1303 557 1584 624 FLACCI
1628 555 1948 620 ALCUINI
1988 562 2418 628 EXPOSITIO
2460 569 2540 628 IN
2578 573 2957 638 PSALMUM
3000 577 3280 644 CXVIII.

883 748 1271 810 PREFA’I‘IO.

369 868 707 928 Ceutesimus
743 866 985 924 decimus
1011 871 1236 920 octavus
1264 862 1504 933 psalmus
1539 877 1794 934 magnum
1817 863 1871 918 in

304 981 360 1024 se
384 963 703 1036 mysterium
729 961 1006 1016 continet:
1039 957 1134 1012 sed
1162 957 1416 1027 quoniam
1444 956 1791 1012 continentur
1813 955 1869 1010 in

301 1074 365 1116 eo
393 1059 500 1123 lex,
539 1054 812 1118 mandata,
838 1050 1267 1120 iustiﬁcationes,
1307 1047 1870 1118 testimonia,judicia,

301 1168 406 1223 qua
433 1150 618 1218 utique
647 1147 790 1201 inter
821 1161 881 1202 se
913 1145 1130 1206 distent,
1159 1143 1467 1198 discernere
1514 1156 1738 1197 necesse
1766 1149 1868 1196 est.

299 1240 406 1295 Lex
431 1255 560 1310 ergo
588 1247 691 1304 est,
721 1253 841 1306 quae
865 1249 962 1304 per
1012 1233 1227 1304 Moysen
1260 1233 1382 1286 data
1432 1241 1535 1286 est.
1571 1231 1629 1286 In
1655 1231 1873 1287 Christo

295 1331 613 1401 spiritaliter
663 1328 822 1384 debet
849 1326 1093 1396 intelligi,
1146 1325 1270 1394 quia
1299 1323 1610 1394 Apostolus,
1658 1339 1780 1378 cum
1808 1325 1874 1378 il-

295 1425 398 1479 lam
438 1430 678 1478 sauctam
712 1427 882 1480 vocet,
912 1420 1156 1473 umbram
1199 1426 1379 1472 tamen
1409 1433 1528 1472 eam
1565 1416 1872 1472 futurorum

293 1525 412 1567 esse
437 1497 714 1566 describit.
755 1507 1010 1561 Mandata
1044 1513 1194 1571 sunt,
1240 1505 1295 1559 in
1341 1506 1537 1574 quibus
1579 1513 1874 1575 praaoepto—

215 1635 220 1640 ι
289 1620 413 1658 rum
443 1602 842 1657 Dominicorum
887 1597 1128 1652 custodia
1179 1597 1485 1664 deputatur,
1514 1597 1667 1666 juxta
1698 1597 1870 1652 illud:

293 1693 417 1748 Non
451 1692 675 1757 occides,
726 1707 830 1744 non
862 1688 1219 1752 mwchaberis,
1261 1695 1315 1740 et
1342 1687 1565 1756 reliqua.
1601 1688 1874 1757 Justiﬁea-

287 1785 458 1839 tiones
503 1789 645 1845 sunt,
687 1781 882 1851 quibus
915 1780 1058 1833 Deus
1107 1791 1207 1847 per
1233 1793 1387 1832 suam
1441 1778 1783 1832 dilectionem
1815 1787 1871 1834 et

286 1875 541 1944 proximi,
572 1873 781 1927 zizania
806 1871 914 1926 odii
940 1871 1008 1923 ab
1033 1870 1308 1924 hominum
1330 1868 1494 1923 corde
1515 1866 1670 1935 jubet
1688 1867 1865 1922 evelli.

288 1965 608 2021 Testimonia
631 1970 776 2026 sunt,
799 1963 866 2016 .iu
897 1973 1125 2030 quorum
1160 1960 1450 2030 prmsentia
1495 1960 1652 2015 nobis
1679 1960 1866 2015 obser—

281 2057 561 2111 vationum
588 2062 902 2110 sanctarum
933 2053 1067 2107 ordo
1105 2051 1463 2106 committitur
1491 2065 1506 2104 :
1555 2050 1696 2105 sicut
1721 2050 1870 2122 Moy-

279 2160 374 2200 ses
402 2145 598 2200 cmlum
629 2151 685 2199 et
713 2152 913 2199 terram
976 2143 1191 2196 invocat
1240 2147 1426 2206 testes,
1458 2147 1514 2194 et
1568 2139 1766 2196 Paulus
1798 2141 1868 2196 ad

280 2237 655 2302 Timotheum,
704 2235 988 2290 Testiilcor
1037 2235 1154 2298 tibi,
1215 2235 1410 2303 inquit,
1471 2234 1526 2288 in
1577 2241 1867 2301 conspectu

276 2327 379 2381 Dei
411 2326 643 2381 viventis
671 2335 725 2379 et
769 2326 826 2379 in
861 2331 1150 2393 conspectu
1201 2323 1496 2377 electorum
1556 2323 1866 2393 angelorum

273 2417 417 2485 ejus,
450 2425 505 2472 et
531 2417 755 2485 reliqua.
787 2415 840 2486 (l
876 2415 1008 2467 Tim.
1045 2431 1094 2479 v,
1118 2415 1232 2483 21.)
1269 2415 1481 2467 Iudicia
1508 2421 1688 2467 autem
1720 2421 1862 2480 sunt,

273 2523 408 2564 cum
433 2517 526 2561 aut
571 2505 752 2575 justus
798 2505 1088 2576 splendidis
1132 2506 1484 2560 honorabitur
1515 2506 1742 2570 meritis,
1774 2513 1866 2558 aut

272 2597 508 2651 aeternis
534 2593 1105 2666 dantnabuntur[.l1s.,
1132 2595 1309 2663 justos
1339 2596 1690 2651 honorabit...
1717 2597 1865 2650 dam-

1891 753 1950 816 Α
1973 731 2193 812 veritas.
2235 755 2340 823 Qui
2372 759 2644 816 mium
2683 762 2742 818 in
2781 761 2896 836 ιηε
2943 767 3180 836 Domini,
3219 772 3324 828 hoc
3355 783 3458 841 est,
3487 776 3546 834 in

1971 849 2240 906 mandatis
2258 850 2394 919 ejus.

2046 941 2204 996 Vsus.
2236 943 2289 998 2.
2331 975 2401 986 -—
2434 946 2584 1003 Beati
2622 951 2711 1020 qui
2739 962 3044 1010 scrutantur
3084 960 3380 1016 testimonia
3405 965 3544 1035 ejus,

1969 1035 2028 1087 in
2059 1044 2165 1088 toto
2194 1037 2348 1091 corde
2377 1041 2653 1110 exquirunt
2678 1061 2814 1098 eum.
2858 1045 2927 1102 Ut
2948 1048 3248 1122 intelligant
3277 1070 3398 1110 cum
3423 1071 3547 1126 peo-

1971 1126 2234 1218 caverint,
2261 1139 2322 1182 se
2348 1135 2530 1184 coram
2568 1135 2800 1191 testibus
2849 1136 3139 1210 deliquisse
3169 1158 3183 1196 :
3217 1141 3317 1216 [ait
3344 1155 3544 1218 autem,

1971 1217 2086 1288 qui]
2125 1218 2177 1274 in
2237 1227 2347 1275 toto
2384 1224 2547 1278 corde
2594 1227 2885 1296 exquth
2919 1246 3063 1298 eum,
3099 1243 3156 1290 et
3189 1250 3297 1292 non
3332 1237 3544 1308 leviter,

1971 1326 2147 1379 neque
2172 1313 2426 1382 segniter.

2045 1402 2206 1457 Vsus.
2226 1403 2280 1457 5.
2315 1435 2386 1445 -
2411 1405 2538 1461 Non
2555 1410 2691 1462 enim
2712 1412 2801 1481 qui
2824 1424 3108 1483 operantur
3131 1417 3476 1490 iniquitatem,
3491 1424 3548 1477 in

1972 1492 2066 1545 viis
2097 1493 2210 1562 ejus
2261 1495 2673 1553 ambulauerunt.
2718 1503 2830 1556 Viae
2865 1504 3009 1559 enim
3062 1507 3288 1578 apostoli
3341 1520 3464 1566 sunt
3494 1523 3549 1570 et

1969 1585 2263 1676 prophetat,
2322 1602 2418 1656 per
2461 1605 2596 1658 quos
2649 1593 2861 1648 venitur
2887 1595 2954 1650 ad
2999 1595 3146 1653 illam
3176 1602 3340 1656 vitam
3393 1602 3545 1676 [δίδη

1972 1672 2164 1744 viam],
2203 1676 2296 1744 qui
2351 1677 2488 1733 dixit
2531 1697 2543 1732 :
2577 1679 2691 1751 Ego
2747 1700 2862 1737 sunt
2921 1685 3078 1742 eluet
3141 1693 3330 1746 veritas
3355 1672 3411 1748 et
3445 1697 3549 1749 vita

1971 1762 2154 1834 (Joan.
2184 1782 2296 1832 xiv,
2328 1766 2408 1840 6),
2464 1769 2606 1827 sicut
2621 1769 2734 1840 jam
2767 1775 3018 1832 diximus.
3081 1779 3138 1833 In
3167 1779 3270 1837 hac
3293 1784 3438 1838 enim
3461 1787 3544 1840 via

1971 1869 2075 1908 non
2107 1855 2360 1912 incedunt
2396 1859 2568 1930 impii,
2599 1865 2724 1932 quia
2764 1864 2977 1923 Satanae
3009 1871 3153 1925 viam
3180 1879 3497 1942 sequuntur.

2044 1946 2205 2002 Vsus.
2239 1947 2293 2002 4.
2311 1979 2384 1989 -
2406 1949 2482 2006 Tu
2507 1954 2771 2010 mandaui
2790 1958 3044 2013 mandata
3071 1971 3162 2017 tua
3186 1964 3441 2019 custodiri
3469 1967 3550 2021 ni-

1970 2039 2090 2092 mis.
2131 2039 2247 2095 Non
2278 2043 2458 2111 tepido
2495 2045 2677 2111 corde,
2705 2061 2880 2117 neque
2930 2051 3191 2109 dissoluto
3225 2057 3424 2122 animo,
3453 2059 3547 2115 sed

1894 2107 2186 2190 Bfortiter
2231 2142 2287 2189 et
2329 2143 2535 2193 attente
2591 2156 2692 2195 nos
2713 2107 2810 2197 sua
2842 2145 3094 2199 mandata
3147 2148 3337 2203 edocet
3361 2107 3548 2207 custo-

1967 2223 2103 2279 dire.
2143 2225 2318 2281 Nimis
2345 2231 2525 2297 posuit
2560 2247 2659 2301 pro
2706 2232 2872 2290 valde.
2915 2235 3083 2291 Valde
3131 2237 3315 2307 itaque
3346 2254 3548 2309 praece-

1967 2314 2048 2386 pit
2065 2316 2167 2369 hoc
2184 2316 2344 2382 Deus,
2360 2326 2416 2372 et
2437 2319 2588 2376 valde
2611 2330 2824 2390 oportet
2849 2323 2946 2380 Dei
2969 2325 3242 2382 custodire
3269 2329 3543 2386 mandata.

2039 2407 2201 2464 Vens.
2235 2410 2289 2465 5.
2319 2441 2390 2450 -—-
2420 2411 2637 2468 Utinam
2661 2416 2962 2486 dirigantur
2986 2419 3082 2474 vite
3105 2435 3253 2486 atem,
3278 2422 3348 2476 ad
3376 2421 3548 2478 easta-

1967 2504 2185 2560 diendas
2228 2505 2636 2575 justiﬁcatioues
2688 2517 2828 2561 tuas.
2878 2509 2992 2564 Nisi
3023 2511 3166 2566 enim
3193 2513 3261 2568 ab
3287 2513 3404 2583 ipso
3438 2514 3539 2570 D0-

1967 2600 2114 2654 mino
2145 2599 2446 2668 dirigantur
2485 2599 2584 2654 viae
2633 2608 2852 2668 nostrm,
2900 2603 2970 2658 ad
3006 2601 3125 2672 ejus
3170 2605 3548 2662 custodiendas

272 2689 461 2760 nabit]
500 2687 779 2758 suppliciis
833 2697 1278 2760 transgressores.
1335 2690 1446 2745 Vim
1502 2690 1691 2763 [enim]
1740 2697 1864 2746 sunt
1957 2689 2376 2760 justiﬁcationes
2426 2692 2624 2746 inﬁrmi
2660 2694 2886 2761 erimus,
2941 2705 3162 2767 propter
3199 2697 3546 2770 fragilitatem

272 2775 516 2850 apostoli
545 2791 612 2833 ac
635 2780 930 2848 prophetae,
958 2793 1057 2849 per
1075 2791 1212 2849 quos
1235 2780 1447 2834 venitur
1477 2783 1543 2834 ad
1572 2796 1755 2835 veram
1783 2783 1863 2836 vi-

275 2883 392 2928 tam
428 2869 580 2943 [Ms.,
615 2870 800 2942 viam],
831 2885 953 2941 quze
999 2879 1082 2926 est
1117 2870 1385 2928 Christus.
1419 2871 1590 2927 Totus
1612 2873 1698 2927 hic
1723 2873 1866 2942 psal-

274 2979 405 3020 mus
451 2973 535 3019 est
573 2966 808 3033 scriptus
855 2965 1151 3019 secundum
1223 2966 1468 3021 ordinem
1535 2963 1856 3034 litterarum,

275 3057 354 3111 ita
387 3064 450 3111 ut
474 3056 541 3110 ab
563 3071 668 3110 una
700 3057 878 3110 littera
907 3062 1035 3110 octo
1058 3069 1246 3110 versus
1267 3056 1544 3126 incipiant,
1572 3064 1626 3110 et
1650 3072 1860 3110 rursum

274 3167 306 3202 a
337 3149 593 3217 sequenti
643 3156 764 3202 octo
791 3148 880 3202 alii
939 3148 1332 3218 compleantur,
1364 3158 1417 3203 et
1459 3149 1568 3203 hoc
1612 3149 1862 3204 similiter

271 3239 342 3294 ad
372 3238 542 3292 linem
571 3251 741 3308 usque
768 3238 990 3292 texitur.

340 3330 430 3384 Ab
463 3330 688 3384 exordio
709 3345 810 3384 suo
838 3341 1063 3397 magnus
1108 3329 1347 3399 psalmus
1379 3328 1498 3395 iste,
1532 3327 1858 3396 cbarissimi,

265 3421 601 3476 exhortatur
629 3437 727 3476 nos
752 3422 820 3474 ad
843 3421 1252 3485 beatitudinem,
1292 3435 1453 3489 quam
1481 3431 1640 3475 nemo
1668 3430 1750 3476 est
1767 3422 1860 3492 qui
1887 3456 1937 3522 (ι

266 3527 376 3570 non
401 3523 630 3585 expetat
659 3515 854 3586 [Edit.,
890 3515 1208 3586 exspectat].
1261 3511 1394 3581 Quis
1442 3515 1583 3567 enim
1625 3528 1860 3583 unquam

267 3609 355 3661 vel
379 3617 590 3678 potest,
618 3609 701 3663 vel
738 3609 928 3678 potuit,
959 3608 1040 3662 vel
1066 3609 1264 3678 poterit
1304 3608 1554 3672 inveniri,
1605 3607 1696 3676 qui
1728 3607 1863 3660 nolit

264 3713 388 3756 esse
418 3701 666 3756 beatus?
703 3698 840 3765 Quid
893 3700 1057 3770 igitur
1099 3697 1476 3754 exhortatione
1513 3713 1652 3768 opus
1680 3707 1762 3753 est
1795 3699 1860 3752 ad

264 3807 388 3846 eam
421 3807 568 3855 rem,
616 3805 774 3861 quam
827 3805 923 3844 sua
950 3800 1138 3860 sponte
1186 3791 1387 3861 appetit
1436 3792 1647 3846 animus
1674 3791 1863 3845 huma-

267 3902 372 3940 nus
393 3886 419 3940 ?
458 3884 601 3939 Nam
629 3883 868 3954 profecto
891 3882 982 3954 qui
1013 3885 1352 3947 exhortatur,
1385 3883 1436 3937 id
1461 3884 1571 3953 agit
1610 3892 1669 3936 ut
1715 3882 1862 3936 exci-

267 3987 421 4036 tetur
441 3980 704 4035 voluntas
729 3978 846 4048 ejus
874 3993 996 4032 cum
1026 3991 1132 4046 quo
1181 3977 1292 4046 agit
1333 3975 1424 4048 [ad
1452 3975 1604 4048 illud]
1643 3983 1863 4046 propter

268 4075 414 4141 quod
473 4069 874 4127 exhortationis
917 4068 1201 4123 adhibetur
1249 4068 1558 4137 alloquium.
1625 4068 1691 4122 Ut
1735 4067 1862 4136 quid

264 4173 400 4238 ergo
435 4167 727 4221 nobiscum
790 4164 967 4235 agitur
994 4173 1052 4218 ut
1096 4164 1320 4218 velimus
1372 4164 1516 4232 quod
1561 4162 1703 4217 nolle
1755 4177 1861 4216 non

263 4273 591 4329 possumus,
631 4258 733 4312 nisi
778 4259 904 4326 quia
965 4271 1154 4311 omnes
1201 4256 1418 4325 quidem
1474 4255 1864 4310 beatitudinem

263 4351 694 4421 concupiscunt,
725 4349 818 4404 sed
845 4364 1078 4420 quonam
1121 4349 1279 4404 modo
1305 4349 1371 4402 ad
1415 4363 1536 4403 eam
1578 4350 1865 4419 pervenia-

262 4451 356 4497 tur
384 4442 691 4498 nesciunt?
726 4441 955 4512 Ideoque
1001 4443 1116 4496 haec
1171 4440 1325 4513 [Ms.,
1356 4441 1480 4514 hoc]
1532 4442 1692 4496 docet
1739 4443 1862 4508 iste,

263 4536 360 4604 qui
389 4534 540 4590 dicit
569 4549 582 4586 :

703 4641 893 4691 suurn,
931 4643 986 4680 ID
1014 4641 1110 4680 ssr
1141 4641 1430 4681 nocrnma.

338 4719 520 4772 Vens.
557 4717 606 4770 Ι.
644 4747 715 4759 -
750 4717 900 4771 Beati
933 4717 1257 4770 immaculati
1281 4718 1338 4771 in
1391 4719 1498 4783 uia,
1541 4719 1631 4788 qui
1677 4719 1865 4771 ambu-

1966 2782 2167 2838 carnis.
2209 2783 2430 2849 Dedisti,
2457 2784 2661 2853 inquit,
2698 2786 3012 2842 mandatu
3036 2794 3092 2843 et
3116 2790 3388 2845 custodire
3413 2791 3547 2846 illud

1964 2874 2299 2946 praecepisti;
2332 2873 2425 2929 sed
2452 2877 2654 2929 utinam
2679 2878 2922 2946 praebeas
2957 2879 3236 2944 auxilium,
3265 2889 3325 2936 ut
3348 2882 3546 2950 possim

1964 2965 2166 3040 facere,
2195 2975 2248 3022 te
2267 2966 2512 3035 iubente,
2540 2969 2682 3038 quod
2705 2968 3008 3026 faciendum
3035 2973 3196 3028 didici
3225 2983 3277 3028 te
3297 2973 3544 3028 docente.

2039 3059 2198 3114 Vens.
2233 3058 2284 3112 6.
2325 3091 2391 3098 —-
2417 3059 2560 3115 Tunc
2584 3078 2687 3115 non
2705 3062 3002 3133 confundar
3020 3081 3139 3119 cum
3164 3081 3469 3137 perspexero
3493 3067 3550 3121 in

1966 3150 2204 3206 omnibus
2227 3153 2492 3207 mandatis
2525 3154 2650 3208 tuis.
2679 3152 2832 3218 Cum,
2879 3157 3071 3225 inquit,
3101 3158 3320 3213 directae
3347 3158 3548 3214 fuerint

1965 3243 2065 3296 vite
2101 3258 2234 3298 meae
2259 3257 2354 3314 per
2384 3245 2615 3317 gratiam
2659 3253 2821 3310 tuam,
2859 3256 2986 3303 tunc
3030 3249 3362 3319 inspectione
3388 3265 3543 3304 man-

1964 3335 2215 3396 datorum
2269 3347 2483 3394 tuorum
2529 3355 2635 3394 non
2659 3340 2978 3410 confundat,
3049 3343 3175 3396 dum
3234 3344 3464 3413 respicio
3492 3344 3546 3398 in

1965 3429 2144 3484 omnia
2191 3431 2444 3486 mandata
2489 3440 2598 3485 tua.
2645 3431 2764 3487 Non
2809 3433 2954 3488 enim
3000 3433 3103 3488 alia
3133 3436 3547 3504 praemittere

1967 3531 2021 3578 et
2045 3521 2146 3576 alia
2169 3522 2476 3588 observare,
2493 3524 2586 3578 sed
2607 3525 2783 3579 omnia
2811 3525 3089 3596 aequaliter
3109 3526 3547 3598 custodireopor-

1968 3624 2066 3680 tet,
2107 3630 2173 3669 ne
2196 3615 2250 3670 in
2285 3615 2464 3670 futuro
2493 3614 2700 3684 judicio
2737 3617 3148 3672 confundamur.

1973 3759 1977 3764 .
2039 3707 2201 3762 Vsus.
2233 3708 2285 3761 7.
2315 3737 2384 3748 --
2423 3705 2720 3776 Conﬁtebor
2747 3708 2860 3774 tibi,
2897 3707 3138 3775 Domine,
3182 3709 3239 3763 in
3264 3707 3548 3764 directione

1967 3800 2160 3866 cordis,
2198 3801 2252 3853 in
2276 3817 2334 3855 eo
2375 3799 2512 3870 quod
2543 3799 2705 3852 didici
2727 3799 2936 3868 judicia
2980 3801 3207 3870 justitiw
3231 3810 3357 3856 tuae.
3405 3799 3547 3857 Con-

1968 3890 2162 3946 ﬁtebor
2198 3891 2243 3945 si
2275 3890 2540 3945 directum
2576 3889 2738 3944 fuerit
2795 3892 2898 3945 iter
2925 3907 3104 3948 meum
3134 3901 3187 3947 et
3209 3906 3542 3948 cor-meum:

1969 3991 2022 4036 te
2067 3982 2392 4051 praedicabo,
2423 3981 2664 4046 Domine,
2690 3990 2743 4036 te
2767 3981 3016 4047 laudabo,
3041 3991 3096 4037 et
3123 3983 3199 4038 tui
3222 3999 3342 4041 esse
3367 3983 3550 4054 operi

1969 4075 2072 4146 hoc
2100 4073 2416 4129 conﬁtebor.

1973 4215 1976 4218 .
2037 4163 2200 4218 Vens.
2232 4165 2286 4218 8.
2321 4193 2390 4202 —
2421 4161 2838 4232 Jastiﬁcationes
2859 4173 2977 4220 tuas
2999 4166 3312 4235 custodiant,
3335 4183 3440 4222 non
3464 4184 3548 4225 nte

1967 4253 2296 4324 derelinquas
2350 4269 2738 4326 usquequaque.
2772 4255 2887 4312 Hoc
2914 4264 3017 4324 est,
3047 4256 3244 4313 faciam
3277 4261 3421 4329 quod
3454 4259 3544 4330 ju-

1966 4346 2082 4412 bes,
2115 4344 2158 4398 si
2187 4358 2273 4399 me
2302 4343 2574 4413 adjuveris
2618 4361 3026 4419 usquequaque.
3067 4349 3146 4404 Ac
3169 4350 3215 4405 si
3251 4357 3434 4421 aperte
3463 4352 3546 4407 di-

1968 4445 2138 4503 ceret,
2162 4452 2194 4491 a
2220 4437 2364 4492 bono
2410 4451 2573 4507 opere
2621 4453 2806 4494 errare
2856 4455 2940 4496 me
2969 4455 3074 4495 non
3115 4444 3283 4508 sinas,
3307 4458 3378 4498 ne
3414 4444 3540 4498 dum

1968 4527 2162 4584 amitto
2182 4528 2426 4583 ordinem
2461 4529 2598 4585 bene
2631 4530 2862 4596 vivendi,
2917 4533 3291 4588 rectitudinem
3323 4535 3542 4604 perdam

1967 4616 2236 4689 loquendi.
2272 4619 2384 4675 Hoc
2408 4621 2544 4690 petit
2568 4636 2637 4676 ne
2667 4622 2881 4691 penitus
2901 4623 3201 4690 deseratur,
3230 4624 3324 4680 sed
3347 4627 3420 4680 ita
3444 4641 3543 4696 po-

1971 4712 2100 4778 tius,
2129 4720 2189 4766 ut
2212 4713 2280 4767 ab
2305 4729 2370 4768 eo
2398 4729 2670 4784 nunquam
2696 4724 2750 4769 et
2773 4731 3038 4784 nusquam
3091 4717 3330 4772 divinum
3359 4720 3547 4774 absce-

264 4809 376 4864 lant
417 4811 479 4863 in
505 4807 620 4878 lege
647 4808 879 4863 Domini.
920 4808 1069 4862 Beati
1099 4823 1216 4863 esse
1245 4822 1353 4862 non
1382 4818 1604 4877 possunt
1631 4807 1736 4862 nisi
1762 4810 1865 4862 im-
1897 4831 1948 4892 ι)
1971 4803 2062 4860 dat
2091 4804 2372 4860 auxilium.

264 4902 570 4967 maculati;
589 4901 936 4956 immaculati
965 4910 1141 4955 autem
1159 4916 1265 4955 non
1287 4912 1433 4965 sunt,
1465 4903 1567 4956 nisi
1589 4903 1762 4971 quiin
1781 4903 1868 4956 via

261 4995 601 5051 ambulant:
645 4995 728 5048 via
753 5009 882 5049 vero
910 5010 1016 5049 non
1061 5002 1164 5061 est,
1191 4993 1293 5049 nisi
1321 4994 1406 5048 lex
1437 4994 1672 5050 Domini.
1713 4993 1869 5061 Quaa-

2042 4897 2206 4954 Vsns.
2237 4897 2289 4954 9.
2329 4925 2400 4939 —
2432 4895 2501 4952 In
2526 4914 2628 4970 quo
2651 4899 2864 4970 corrigit
2889 4899 3078 4969 junior
3103 4902 3242 4956 uiam
3266 4903 3460 4956 sum!
3490 4903 3547 4956 in

1967 4989 2306 5054 custodiendo
2334 5005 2597 5044 sermones
2649 5000 2787 5044 tuos.
2825 4990 3181 5063 Interrogatio
3221 4999 3325 5056 est,
3354 4991 3412 5047 in
3440 5003 3548 5061 quo

267 5101 398 5141 rens
421 5101 566 5155 ergo
610 5084 1014 5149 beatitudinem,
1056 5083 1433 5139 immaculatus
1471 5085 1527 5138 in
1580 5085 1664 5138 via
1696 5085 1783 5146 sit,
1815 5093 1872 5140 et
1959 5079 2143 5150 junior
2192 5080 2334 5134 viam
2378 5092 2534 5136 suam
2581 5084 2855 5155 corrigat;
2897 5093 2951 5138 et
2978 5086 3355 5156 respondetur,
3399 5081 3542 5154 quod

266 5177 322 5233 in
374 5176 502 5247 lege
555 5176 787 5241 Domini,
846 5190 964 5244 qua:
992 5176 1271 5229 beatorum
1330 5173 1413 5227 via
1436 5180 1538 5238 est,
1591 5171 1868 5226 ambulet:

265 5284 379 5323 non
420 5269 502 5322 sit
539 5267 762 5331 otiosus,
799 5267 868 5321 sit
895 5267 1011 5322 sine
1047 5264 1276 5331 macula,
1303 5265 1409 5320 hoc
1449 5272 1550 5330 est,
1580 5263 1696 5318 sine
1720 5279 1866 5317 mor-

265 5360 360 5416 tali
389 5360 651 5416 crimine.
699 5358 803 5413 Sed
832 5369 1010 5413 tamen
1033 5335 1412 5412 discretionem
1435 5355 1564 5410 facit
1587 5356 1728 5411 inter
1757 5371 1868 5409 ma-

261 5455 453 5510 culam
485 5462 545 5508 et
579 5451 863 5508 maculam.
905 5451 1040 5518 Quia
1078 5450 1123 5506 si
1167 5449 1284 5505 sine
1339 5449 1563 5504 minutis
1611 5463 1732 5504 esse
1762 5464 1870 5504 non

259 5561 591 5616 possumus,
620 5545 704 5599 vel
735 5545 788 5599 in
815 5543 1017 5612 majora
1047 5542 1283 5598 incidere
1302 5555 1410 5596 non
1435 5541 1692 5596 debemus
1715 5538 1866 5611 [Ms.,

258 5635 619 5708 debeamus}.
656 5635 806 5691 Beati
843 5650 972 5705 ergo
1021 5632 1348 5688 immaculati
1389 5633 1443 5686 in
1477 5631 1584 5697 via,
1627 5631 1718 5700 qui
1747 5645 1868 5684 am-

256 5727 464 5783 bulant
499 5725 667 5797 362
723 5725 779 5778 in
817 5724 934 5794 lege
971 5723 1182 5778 Domini
1230 5741 1240 5776 :
1285 5723 1338 5778 in
1395 5722 1481 5775 via
1522 5719 1598 5792 [in
1652 5719 1868 5775 Christo

259 5820 478 5893 (Edit.,
538 5816 592 5871 in
612 5817 698 5872 via
723 5815 946 5888 Christi)
976 5813 996 5889 ]
1029 5826 1087 5872 ut
1113 5816 1225 5887 ipse
1255 5814 1328 5869 ait
1376 5829 1390 5868 :
1420 5814 1533 5886 Ego
1560 5828 1680 5869 sum
1700 5814 1784 5867 via
1811 5823 1868 5868 et

1969 5176 2232 5230 correctio
2258 5175 2373 5232 haec
2393 5175 2487 5241 sit,
2512 5184 2570 5232 ut
2611 5178 2704 5232 Dei
2739 5178 2905 5233 verba
2949 5179 3234 5234 custodiat.
3284 5177 3542 5233 iuvenem

1971 5266 2115 5321 enim
2137 5265 2271 5320 dixit
2291 5281 2505 5322 omnem
2528 5267 2798 5325 hominem
2840 5271 2953 5340 qui,
2987 5279 3199 5325 vetusto
3223 5271 3427 5340 peccati
3451 5271 3546 5324 ho-

1973 5357 2119 5412 mine
2138 5356 2397 5427 deposito,
2440 5358 2502 5413 lit
2524 5375 2696 5415 novus
2724 5359 2876 5432 [Λίδη
2902 5361 2995 5430 qui
3020 5361 3087 5416 de
3116 5362 3314 5418 veteris
3338 5363 3544 5432 peccati

1972 5448 2190 5503 homine
2215 5448 2308 5502 ﬁat
2331 5450 2523 5522 novus]
2553 5452 2606 5504 in
2631 5451 2865 5506 Christo.

2044 5541 2207 5596 Vsus.
2243 5541 2312 5597 ιθ
2345 5569 2417 5582 --
2454 5543 2519 5597 In
2542 5552 2648 5597 toto
2677 5543 2832 5597 corde
2855 5559 2968 5598 meo
2994 5546 3249 5617 exquisivi
3281 5556 3351 5612 te,
3383 5561 3545 5600 nere—

1969 5629 2132 5702 pellas
2159 5648 2241 5686 me
2256 5649 2288 5685 a
2310 5632 2572 5686 mandatis
2593 5633 2718 5687 tuis.
2738 5631 2958 5699 Fecisti,
2972 5633 3167 5704 inquit,
3183 5636 3546 5692 uttotocorde

1970 5739 2090 5790 meo
2101 5725 2438 5794 exquirerem
2465 5733 2546 5786 te;
2582 5722 2665 5778 t‘ac
2685 5732 2743 5779 ut
2773 5725 2828 5779 in
2845 5727 3110 5782 mandatis
3135 5728 3243 5782 tuis
3261 5742 3540 5783 maneam:

1969 5832 2087 5884 quae
2131 5823 2188 5868 ut
2215 5815 2344 5868 mihi
2394 5813 2666 5883 possibilia
2705 5815 2811 5872 sint
2837 5815 3028 5887 sdjuva
3054 5833 3160 5886 me,
3204 5826 3259 5874 et
3310 5818 3418 5874 noli
3457 5834 3546 5872 me
