4072 6340
527 363 634 421 509

529 486 598 540 ab
625 484 704 540 eis
728 482 1008 553 repellere,
1045 481 1100 537 id
1121 489 1224 545 est,
1254 479 1362 535 noli
1385 477 1785 534 mihiauxilium
1809 485 1959 531 tuum
1982 477 2108 532 sub-
2133 478 2187 537 Α

530 579 768 633 trahere.

602 671 766 724 Vens.
793 668 880 724 11.
916 697 991 709 ——
1021 667 1088 722 In
1103 667 1257 720 corde
1280 682 1392 720 meo
1421 665 1668 719 abscondi
1689 663 1894 735 eloquia
1912 672 2022 726 tua,
2048 671 2105 715 ut

531 779 636 818 non
655 777 858 832 peccem
879 760 992 814 tibi.
1021 759 1285 814 Continuo
1305 758 1543 812 divinum
1557 756 1803 825 quaesivit
1823 755 2102 821 auxilium,

532 868 602 907 ne
627 853 680 906 in
705 851 867 907 corde
890 852 1006 921 ejus
1037 850 1127 904 Dei
1141 849 1349 919 eloquia
1373 848 1488 903 sine
1516 847 1690 902 fructu
1713 846 2107 901 absconderen-

535 954 642 1006 tur,
674 944 774 1000 nisi
811 957 974 1012 opera
994 941 1215 1008 iustitia}
1250 949 1623 1012 sequerentur.
1673 939 1808 995 Cum
1837 940 1980 994 enim
2005 941 2106 995 hoc

533 1035 778 1098 dixisset,
803 1033 1075 1102 adjunxit:

605 1125 762 1178 Vens.
800 1124 884 1177 12.
907 1154 977 1163 —
1004 1123 1313 1178 Benedictus
1342 1139 1416 1186 es,
1447 1121 1689 1185 Domine,
1725 1121 1850 1175 doce
1892 1135 1972 1174 me
2005 1121 2104 1192 ju-

529 1214 864 1283 sti/icationes
901 1224 1038 1268 tuas.
1101 1214 1168 1270 Ut
1198 1214 1324 1284 quid
1352 1214 1494 1268 enim
1526 1213 1678 1276 dicit,
1728 1213 1859 1267 doce
1908 1228 1992 1267 me
2017 1213 2105 1283 ju-

529 1306 880 1361 stiﬁcationes
909 1315 1048 1370 tuas,
1079 1307 1180 1361 nisi
1208 1307 1332 1376 quia
1361 1321 1454 1360 eas
1474 1305 1586 1359 vult
1609 1303 1855 1370 faciendo
1875 1304 2102 1368 discere,

528 1414 635 1453 non
662 1399 945 1467 loquendo,
979 1400 1061 1454 vel
1096 1399 1354 1454 memoria
1396 1399 1677 1453 retinendo
1702 1397 2106 1451 tantummodo?

600 1491 762 1546 Vens.
790 1492 874 1546 i5.
913 1521 986 1532 —-
1019 1490 1084 1544 In
1107 1491 1257 1545 labiis
1297 1492 1423 1544 meis
1453 1489 1782 1560 pronuntiavi
1819 1488 1990 1541 omnia
2012 1489 2107 1558 ju-

527 1583 666 1636 dicia
688 1584 794 1636 aris
815 1584 913 1636 tui.
956 1583 1118 1647 Nihil,
1145 1584 1338 1654 inquit,
1355 1581 1678 1650 judiciorum
1706 1592 1919 1635 tuorum
1944 1582 2102 1644 tacui,

527 1673 620 1728 sed
647 1675 827 1728 omnia
853 1690 1074 1743 prorsus
1098 1674 1151 1728 in
1180 1674 1336 1729 labiis
1367 1674 1500 1728 meis
1529 1671 1825 1736 enuntiavi,
1870 1687 1931 1726 ea
1963 1673 2106 1726 scili-

527 1773 632 1829 cet,
681 1781 802 1835 quae
832 1766 962 1820 mihi
985 1781 1078 1820 ore
1105 1775 1214 1831 tuo,
1277 1766 1332 1821 id
1361 1775 1468 1832 est,
1521 1765 1859 1835 eloquiorum
1891 1773 2104 1821 tuorum

525 1857 904 1924 pnedicatione
926 1858 1130 1913 dixisti.

597 1946 759 2001 Vnus.
788 1947 871 2000 Η.
906 1979 978 1990 -
1014 1948 1080 2003 In
1102 1951 1183 2005 via
1206 1951 1621 2005 testimoniorum
1647 1959 1857 2004 tuorum
1880 1950 2104 2004 delecta-

525 2050 609 2095 tus
638 2058 773 2104 sum,
803 2044 936 2096 sicut
950 2045 1004 2098 in
1021 2044 1258 2098 omnibus
1288 2045 1500 2099 divitiis.
1551 2045 1650 2100 Via
1677 2045 2103 2100 testimoniorum

525 2133 621 2188 Dei
641 2133 886 2190 Christus
911 2143 1014 2202 est,
1049 2137 1104 2191 in
1127 2152 1232 2206 quo
1262 2146 1387 2192 sunt
1414 2154 1601 2193 omnes
1633 2139 1871 2194 thesauri
1894 2141 2106 2208 sapien-

524 2227 616 2282 tite
639 2235 693 2281 et
717 2228 956 2284 scientias
985 2231 1304 2286 absconditi.
1367 2231 1423 2285 ln
1452 2232 1552 2286 hac
1576 2248 1705 2302 ergo
1738 2233 1822 2285 via
1844 2233 1994 2301 quasi
2033 2233 2105 2286 .in

525 2319 776 2374 omnibus
829 2320 1028 2375 divitiis
1079 2323 1394 2389 delectatur,
1444 2325 1536 2392 qui
1585 2325 1732 2378 vadit
1787 2338 1881 2394 per
1935 2324 2099 2378 illam.

527 2412 688 2467 Multa
711 2430 835 2484 erga
859 2432 958 2471 nos
983 2427 1108 2472 sunt
1131 2419 1437 2473 testimonia
1461 2419 1655 2474 divina:
1684 2421 1984 2475 dilectionis
2005 2421 2106 2474 im-

525 2505 691 2574 pleta,
721 2522 827 2561 non
853 2508 1070 2563 dubium
1093 2512 1220 2579 quin
1244 2521 1626 2582 exspectentur
1646 2513 1914 2583 implenda
1950 2512 2104 2585 [Ms.,

526 2614 633 2654 non
664 2598 889 2667 dubitat,
915 2619 1034 2673 qua:
1061 2614 1453 2675 exspectantur.
1490 2607 1823 2678 implenda].

599 2692 760 2750 Vens.
789 2693 872 2748 15.
913 2726 986 2736 -
1021 2695 1089 2750 In
1113 2699 1376 2752 mandatis
1403 2701 1506 2754 tuis
1527 2699 1818 2772 [Ms.,add.
1843 2699 1944 2771 me]
1968 2716 2109 2753 exer-

528 2788 702 2851 cebar,
741 2797 787 2840 et
814 2789 1153 2843 considerabo
1177 2792 1284 2846 vias
1335 2801 1473 2846 tuas.
1518 2793 1846 2848 Exercitatio
1882 2793 2108 2848 assidui-

526 2885 615 2932 tas
634 2881 814 2947 operis
841 2888 926 2935 est
959 2900 972 2935 :
1002 2893 1055 2937 et
1081 2883 1182 2937 iste
1226 2885 1330 2938 nisi
1377 2888 1707 2942 exercitatus
1746 2888 1799 2941 in
1845 2886 2108 2942 mandatis

529 2967 626 3022 Dei
654 2968 861 3035 fuisset,
891 2987 997 3026 non
1019 2981 1228 3041 poterat
1256 2977 1597 3033 considerare
1621 2980 1737 3034 vias
1764 2977 1900 3047 ejus,
1933 2979 1988 3034 id
2025 2986 2111 3035 est

529 3060 851 3130 apostolicas
887 3065 1334 3138 propheticasque
1363 3071 1658 3125 doctrinas.

596 3150 756 3256 3.63
805 3153 1093 3256 Vans."'l-C.
1124 3187 1198 3197 —
1231 3158 1298 3212 In
1335 3160 1801 3229 justiﬁcationibus
1851 3163 1954 3216 tuis
1999 3179 2106 3216 me-
2131 3194 2179 3256 α

527 3241 768 3296 ditabor:
807 3261 908 3298 non
956 3247 1228 3304 obliviscar
1271 3269 1531 3308 sermones
1557 3264 1692 3308 tuos.
1725 3254 1800 3309 Ea
1843 3257 2103 3324 meditor,

529 3328 586 3382 in
613 3331 696 3385 his
723 3348 1010 3403 exerceor,
1039 3347 1096 3392 ut
1121 3340 1208 3395 illa
1241 3342 1492 3399 oblivioni
1547 3361 1653 3400 non
1700 3347 1939 3414 tradens,
1983 3363 2108 3419 pos-

531 3423 634 3479 sim
655 3438 717 3479 ea
743 3425 949 3497 integre
975 3431 1316 3506 perfecteque
1338 3437 1628 3508 complere.

1168 3593 1326 3633 εικει.
1346 3594 1472 3635 VOX.

603 3704 765 3760 Vens.
793 3705 879 3760 l7.
899 3736 970 3748 -
990 3707 1233 3765 Retribue
1257 3729 1400 3766 servo
1422 3721 1530 3777 tuo,
1554 3713 1754 3782 viuiﬁca
1776 3730 1857 3768 me
1873 3733 1891 3768 :
1919 3724 1967 3769 et
1992 3731 2110 3770 cus-

532 3796 731 3850 todiam
756 3815 1012 3856 sermones
1034 3810 1168 3856 tuos.
1221 3803 1462 3870 Quatuor
1513 3804 1656 3859 enim
1707 3813 1832 3859 sunt
1876 3805 2109 3862 retribu-

531 3891 743 3948 tiones:
776 3903 868 3948 aut
894 3896 1032 3950 mala
1061 3911 1160 3966 pro
1184 3897 1339 3950 malis
1384 3897 1780 3963 retribuuntur,
1808 3899 1948 3952 sicut
1970 3899 2111 3956 Deus

531 3983 712 4054 ignem
749 3995 1008 4042 aeternum
1045 3988 1407 4043 retributurus
1451 3997 1535 4044 est
1584 3989 1777 4058 impiis.
1819 3989 1926 4044 Aut
1970 3993 2110 4047 bona

530 4087 630 4143 pro
655 4077 843 4144 bonis,
870 4079 1012 4134 sicut
1049 4095 1272 4149 regnum
1318 4089 1576 4136 atternum
1616 4083 1980 4139 retributurus
2029 4092 2112 4141 est

523 4164 704 4235 justis.
729 4167 832 4222 Aut
856 4171 990 4225 bona
1027 4187 1126 4240 pro
1167 4172 1343 4237 malis,
1379 4173 1516 4227 sicut
1554 4166 1825 4230 Christus
1846 4189 1941 4245 per
1988 4190 2112 4245 gra-

532 4257 664 4312 tiam
693 4257 964 4329 justiiicat’
1005 4262 1248 4333 impium.
1277 4263 1386 4317 Aut
1419 4262 1561 4318 mala
1603 4277 1705 4332 pro
1746 4265 1924 4331 bonis,
1971 4266 2112 4322 sicut

528 4344 699 4402 Judaei
725 4363 822 4418 per
859 4351 1120 4405 malitiam
1171 4353 1439 4420 persecuti
1491 4363 1617 4409 sunt
1662 4353 1957 4411 Christum.
2007 4356 2112 4410 Hac

531 4452 650 4492 rum
681 4447 910 4507 quatuor
933 4441 1346 4496 retributionum
1377 4443 1493 4497 dua:
1517 4444 1728 4514 priores
1753 4446 2026 4515 pertinent
2045 4447 2111 4501 ad

1384 365 1442 417 Β.
1485 362 1546 417 F.
1585 361 1811 417 ALBINI
1850 361 1984 419 SEU
2021 359 2299 418 ALCUINI
2336 356 2621 414 OPERUM
2659 354 2839 410 PARS
2873 355 2937 410 ll.

3683 355 3783 408 600

2284 472 2563 528 νεικείω.
2590 501 2661 510 —-
2682 468 2864 523 Incola
2889 484 2980 538 ego
3001 484 3115 520 sum
3138 469 3192 521 in
3230 476 3404 520 terra:
3437 484 3536 521 non
3567 468 3786 522 abscon-

2209 566 2304 620 das
2334 581 2366 618 a
2394 581 2474 617 me
2501 562 2752 616 mandata
2782 571 2892 614 tua.
2934 559 3008 613 lbi
3067 560 3294 628 quisque
3318 569 3402 614 est
3440 564 3782 631 peregrinus,

2207 654 2301 708 ubi
2330 654 2523 708 absens
2550 668 2580 706 a
2607 652 2780 722 patria
2816 665 2930 704 sua.
2960 649 3066 704 lste
3101 665 3256 720 ergo,
3287 650 3375 718 qui
3401 666 3647 721 supernae
3670 651 3791 704 llie-

2206 745 2442 801 rusalem
2472 744 2606 799 civis
2643 743 2909 811 ascriptus
2937 750 3041 806 est,
3066 741 3406 812 peregrinum
3455 755 3514 796 se
3569 742 3792 796 conﬁte-

2208 847 2303 906 tur.
2327 835 2482 907 [Ms.,
2509 832 2810 905 proﬁtetur]
2836 833 2888 886 in
2911 841 3053 886 terra
3072 873 3088 898 ,
3115 832 3240 901 quia
3269 841 3449 887 certus
3481 841 3566 886 est
3590 833 3657 885 de
3685 833 3792 887 hae-

2207 928 2434 982 reditate
2473 925 2752 996 promi-sa.
2781 923 2886 978 Sed
2909 923 3034 992 quia
3059 924 3282 977 teutatio
3316 932 3400 977 est
3418 923 3528 976 vita
3555 923 3789 978 humana

2208 1035 2370 1090 super
2396 1030 2615 1080 terram,
2671 1017 2800 1087 petit
2829 1032 2895 1070 ne
2941 1015 2994 1069 in
3032 1024 3273 1084 tempore
3329 1013 3695 1069 tribulationis
3739 1023 3791 1069 et

2208 1111 2476 1166 incolatus
2500 1109 2580 1163 sui
2605 1107 3003 1163 abscondantur
3028 1106 3096 1158 ab
3124 1121 3188 1159 eo
3218 1106 3466 1159 mandata
3494 1103 3612 1158 Dei.

2279 1204 2438 1257 Vens.
2468 1200 2556 1254 20.
2580 1230 2647 1242 ——
2673 1197 2974 1269 Concupivit
3000 1198 3178 1251 anima
3204 1213 3320 1250 mea
3342 1196 3643 1250 desiderare
3666 1195 3790 1265 jus-

2207 1294 2516 1363 tiﬁcationes
2546 1302 2662 1345 tuas
2687 1291 2743 1345 in
2773 1291 2913 1344 omni
2935 1301 3180 1360 tempore.
3208 1287 3280 1343 Ut
3307 1289 3420 1343 sive
3446 1289 3786 1354 manducem,

2207 1387 2319 1439 sive
2347 1385 2546 1448 bibam,
2579 1383 2690 1437 sive
2712 1381 2854 1435 aliud
2876 1379 3004 1449 quid
3035 1378 3248 1442 faciam,
3295 1393 3358 1432 ea
3385 1393 3600 1448 semper
3653 1379 3792 1434 desi-

2208 1478 2410 1541 derem,
2437 1475 2698 1537 mediter,
2720 1472 3134 1543 apprehendam.
3167 1470 3244 1524 Tu
3267 1470 3410 1524 enim
3461 1486 3548 1524 me
3595 1471 3793 1541 justiﬁ-

2207 1584 2320 1632 cas,
2353 1579 2441 1622 tua
2465 1583 2550 1622 me
2580 1566 2708 1622 facit
2739 1565 2908 1634 gratia
2930 1565 3154 1635 justum,
3195 1571 3250 1616 et
3271 1561 3470 1616 bonum
3520 1563 3651 1617 mihi
3708 1573 3790 1618 est

2207 1677 2418 1730 semper
2456 1661 2556 1714 hoc
2595 1659 2897 1714 desiderare
2917 1697 2932 1721 ,
2962 1664 3016 1709 et
3060 1656 3112 1709 in
3141 1656 3246 1709 hoc
3276 1664 3366 1709 tuo
3397 1655 3648 1724 praesidio
3704 1657 3793 1710 de-

2207 1751 2413 1807 lectari.
2445 1749 2695 1819 Alioquin
2717 1748 2893 1817 justus
2916 1762 3021 1800 non
3043 1762 3160 1812 ero,
3185 1747 3230 1801 si
3256 1745 3488 1801 defuerit
3512 1747 3644 1801 mihi
3669 1763 3791 1817 gra-

2131 1836 2182 1897 Β
2208 1844 2281 1898 tia
2309 1853 2421 1908 tua,
2439 1850 2531 1896 aut
2551 1840 2816 1896 inllaverit
2839 1854 2925 1893 me
2954 1839 3222 1908 superbia.

2277 1936 2439 1990 Vens.
2467 1934 2556 1987 21.
2579 1963 2647 1974 -
2671 1931 2960 2003 Increpasti
2981 1930 3254 2000 superbos,
3297 1928 3562 1984 maledicti
3591 1931 3680 1999 qui
3708 1931 3795 1984 de-

2206 2025 2400 2079 clinant
2447 2043 2478 2078 a
2517 2023 2781 2078 mandatis
2811 2023 2933 2076 tuis.
2974 2021 3272 2092 lncrepatio
3308 2021 3423 2077 hzec
3449 2021 3796 2092 intelligenda

2207 2124 2311 2181 est,
2332 2130 2492 2184 quam
2521 2113 2678 2185 primi
2711 2112 2989 2167 hominum
3036 2113 3306 2182 genitores
3343 2127 3439 2166 sua
3490 2120 3797 2182 transgres-

2207 2211 2358 2266 sione
2384 2216 2717 2271 meruerunt,
2758 2205 3087 2260 declinantes
3117 2221 3148 2258 a
3173 2204 3426 2260 mandato
3455 2203 3549 2258 Dei
3579 2220 3680 2274 per
3710 2220 3796 2259 su-

2205 2303 2468 2374 perbiam,
2496 2317 2601 2370 qua
2627 2299 3034 2368 concupierunt,
3062 2313 3169 2352 non
3199 2298 3344 2367 quod
3385 2297 3526 2352 Deus
3571 2297 3795 2368 diligen-

2207 2393 2332 2448 dum
2361 2391 2632 2461 praecepit,
2665 2389 2760 2444 sed
2789 2389 2931 2458 quod
2967 2387 3208 2442 diabolus
3254 2386 3540 2442 invidendo
3569 2403 3794 2456 persua-

2207 2485 2297 2541 sit.
2322 2484 2508 2540 Omnis
2535 2485 2715 2552 itaque
2744 2481 3008 2551 superbus
3044 2480 3171 2534 huic
3197 2479 3551 2548 increpationi
3583 2477 3795 2544 subjec-

2207 2583 2296 2630 tus
2319 2582 2421 2639 est,
2453 2575 2567 2628 sive
2588 2571 2927 2628 bzereditario
2953 2571 3176 2636 merito,
3211 2571 3322 2625 sive
3367 2569 3664 2625 voluntatis
3703 2585 3792 2623 ar-

2206 2669 2389 2725 bitrio.
2420 2668 2644 2737 Superbi
2675 2667 2815 2720 enim
2845 2664 3113 2720 declinant
3134 2681 3164 2718 a
3196 2664 3464 2718 mandatis
3491 2663 3610 2717 Dei.
3635 2661 3792 2717 Aliud

2208 2760 2500 2830 estquippe
2539 2758 2789 2812 mandata
2824 2756 2938 2827 ejus
2963 2771 3059 2824 per
3098 2753 3464 2808 inﬁrmitatem
3509 2752 3596 2808 vel
3646 2754 3795 2823 igno-

2210 2850 2438 2905 rantiai'n
2480 2864 2587 2903 non
2633 2847 2875 2918 implere,
2923 2846 3064 2901 aliud
3116 2847 3182 2901 ab
3219 2846 3298 2901 eis
3339 2860 3435 2914 per
3483 2846 3792 2913 superbiam

2210 2940 2498 2998 declinare.
2527 2939 2678 2994 Tunc
2713 2954 2902 2993 omnes
2931 2939 3078 3008 impii
3102 2938 3315 3007 plenam
3363 2938 3632 3007 accipient
3681 2954 3794 2992 ma-

2209 3032 2570 3094 ledictionem,
2600 3044 2725 3085 cum
2740 3029 3050 3084 audierint:
3082 3028 3174 3092 lte,
3210 3027 3504 3092 maledicti,
3539 3027 3594 3081 in
3620 3028 3796 3098 ignem

2211 3129 2494 3178 aeternum.

2277 3218 2440 3275 Vens.
2485 3215 2575 3269 22.
2601 3213 2861 3284 —Au{er
2908 3231 2939 3266 a
2972 3229 3051 3268 me
3099 3212 3430 3284 approbrium
3473 3220 3522 3264 et
3573 3221 3800 3265 contem-

2205 3321 2374 3383 ptum,
2423 3307 2547 3378 quia
2575 3305 2869 3360 testimonia
2888 3313 2981 3358 tua
3028 3304 3298 3374 exquisivi.
3345 3304 3459 3360 Non
3486 3304 3660 3358 otiose
3700 3317 3800 3356 nec

2208 3401 2598 3463 somnolenter,
2628 3397 2723 3454 sed
2750 3405 2967 3452 strenue
2993 3395 3383 3466 vigilanterque
3426 3395 3600 3450 sancti
3647 3394 3800 3448 testi-

2207 3494 2390 3552 monia
2439 3493 2618 3548 divina
2651 3490 3044 3561 exquisierunt,
3075 3496 3136 3544 ut
3188 3489 3310 3544 talia
3350 3496 3708 3560 paterentur;
3737 3496 3796 3542 ut

2209 3598 2292 3645 est
2315 3595 2640 3657 prteeeptum
2671 3584 2918 3639 Domini:
2956 3583 3106 3637 Beati
3133 3584 3220 3653 qui
3259 3583 3665 3652 persecutionem
3703 3597 3796 3650 pa-

2207 3679 2410 3733 tiuntur
2459 3685 2666 3748 propter
2696 3675 2990 3745 justitiam,
3031 3680 3134 3728 etc.
3185 3671 3400 3742 (Matth.
3435 3688 3492 3736 v,
3536 3671 3648 3736 10).
3685 3669 3792 3724 Sed

2209 3770 2325 3825 haec
2355 3769 2528 3824 oratio
2571 3782 2670 3838 pro
2727 3764 3165 3836 persecutoribus
3213 3762 3452 3818 funditur
3496 3775 3602 3815 non
3653 3761 3795 3814 irro-

2209 3860 2384 3931 gando
2417 3859 2678 3914 ultionem
2705 3872 2897 3926 pmnae,
2931 3856 3024 3911 sed
3051 3864 3130 3921 ut,
3161 3854 3288 3908 dum
3313 3853 3561 3910 conversi
3591 3850 3794 3906 fuerint

2211 3953 2279 4008 ad
2297 3951 2601 4017 Dominum,
2618 3950 2946 4020 martyribus
2961 3945 3560 4018 tollaturopprobrium,
3581 3944 3797 4016 quando

2211 4048 2266 4097 et
2292 4040 2369 4095 illi
2394 4041 2563 4111 ipsam
2595 4038 2908 4108 religionem
2937 4037 3221 4094 coluerint.

2281 4153 2446 4208 Vens.
2469 4153 2559 4208 25.
2586 4182 2657 4194 --
2690 4151 2899 4206 Etenim
2938 4150 3180 4206 sederunt
3230 4150 3488 4222 principes
3533 4157 3583 4203 et
3621 4148 3804 4202 adver~

2211 4263 2327 4301 sum
2355 4264 2435 4301 me
2469 4245 2830 4318 loquebantur,
2879 4261 3056 4298 servus
3085 4253 3258 4298 autem
3294 4253 3415 4297 tuus
3461 4241 3804 4296 exercebatur

2212 4336 2267 4389 in
2286 4335 2756 4406 justiﬁcationibus
2787 4334 2910 4387 tuis.
2965 4332 3117 4400 Quod
3148 4333 3202 4387 in
3238 4334 3339 4388 hoc
3372 4331 3641 4387 versiculo
3665 4330 3802 4385 Pro-

2213 4426 2372 4494 pheta
2394 4425 2448 4479 in
2469 4440 2526 4479 se
2553 4425 2808 4494 loquitur,
2859 4423 3099 4479 futurum
3129 4425 3184 4479 in
3241 4420 3496 4494 apostolis
3543 4423 3801 4492 reliquis-

523 4527 824 4597 justitiam,
863 4538 924 4584 ut
949 4533 1316 4587 retribuantur
1343 4533 1482 4589 mala
1508 4549 1609 4604 pro
1635 4514 1811 4604 malis,
1835 4539 1974 4593 bona
2012 4553 2112 4608 pro
2141 4555 2190 4614 υ
2213 4530 2318 4586 que
2343 4516 2670 4614 ξιξῖινιγτίὺξε
2713 4516 2899 4614 νξάεεινΔ
2925 4515 3017 4584 qui
3060 4515 3225 4614 ιιξιιιιει
3273 4530 3482 4614 coram.
3502 4514 3724 4584 regibus
3749 4521 3804 4567 et

530 4619 705 4674 bonis.
749 4619 930 4676 Tertia
974 4621 1208 4693 pertinet
1250 4624 1320 4680 ad
1365 4625 1810 4693 misericordiam,
1842 4637 1902 4684 ut
1950 4630 2112 4683 retri-

531 4707 768 4762 buantur
793 4709 934 4765 bona
959 4727 1057 4781 pro
1083 4712 1254 4768 malis.
1276 4714 1533 4782 Quartam
1575 4725 1754 4772 autem
1781 4719 1921 4774 Deus
1942 4721 2115 4776 nescit
2177 4775 2180 4780 .

535 4797 664 4871 [Ms.
683 4838 698 4864 ,
726 4797 926 4866 Quarta
953 4817 1083 4859 vero
1120 4819 1226 4859 non
1248 4807 1480 4874 pertinet
1519 4807 1588 4862 ad
1613 4806 1941 4883 Christum],
1982 4805 2112 4866 nulli

534 4895 680 4951 enim
707 4894 907 4950 malum
943 4914 1042 4967 pro
1070 4897 1212 4954 bono
1241 4900 1511 4956 retribuit.
1542 4900 1670 4956 Hac
1705 4910 1914 4967 autem,
1948 4919 2112 4973 quam

537 4985 699 5040 tertio
720 4985 838 5040 loco
862 4988 1036 5056 posui,
1057 4989 1308 5058 primitus
1347 4991 1650 5046 necessaria
1680 5000 1790 5047 est:
1819 4991 1924 5047 nisi
1967 4992 2112 5048 enim
2177 4997 2180 5000 ”

537 5076 681 5132 Deus
704 5079 1024 5135 retribueret
1049 5082 1188 5136 bona
1208 5097 1308 5151 pro
1343 5082 1520 5148 malis,
1545 5084 1693 5138 nullo
1721 5085 1881 5138 modo
1907 5093 2112 5153 essent,

533 5171 730 5240 quibus
754 5172 1076 5228 retribueret
1097 5173 1236 5227 bona
1259 5189 1358 5243 pro
1383 5173 1556 5230 bonis.
1585 5174 1774 5231 Sciens
1797 5191 1924 5246 ergo
1945 5177 2111 5233 verba

534 5263 629 5318 Dei
656 5279 762 5320 non
801 5279 960 5335 posse
1008 5265 1260 5320 custodiri
1298 5281 1394 5336 per
1439 5267 1822 5330 obedientiam,
1876 5269 1981 5323 nisi
2028 5271 2112 5325 vi-

536 5357 764 5410 deantur
786 5371 884 5426 per
903 5356 1324 5428 intelligentiam,
1352 5357 1454 5412 hoc
1479 5371 1690 5427 quoque
1713 5357 1942 5414 orationi
1965 5359 2114 5417 addit

535 5457 590 5503 et
629 5449 788 5504 dicit:

603 5541 768 5596 Vens.
802 5539 888 5594 l8.
909 5571 981 5582 —-
1001 5540 1190 5595 Revela
1215 5540 1391 5597 oculos
1416 5555 1556 5594 meos
1579 5548 1628 5592 et
1661 5539 1998 5596 considerabo
2018 5544 2112 5596 mi-

537 5632 724 5686 rabilia
752 5633 816 5687 de
846 5632 954 5703 lege
978 5644 1089 5688 tua.
1120 5634 1220 5699 Da,
1249 5633 1441 5702 inquit,
1468 5633 1596 5686 mihi
1627 5632 1980 5700 intellectum,
2002 5651 2110 5704 quo

537 5722 736 5792 possim
762 5725 1026 5778 mirabilia
1056 5732 1162 5778 tuae
1186 5725 1319 5794 legis
1341 5725 1623 5794 inspicere,
1639 5726 1955 5782 etvirtutem
1969 5742 2108 5796 prte-

540 5823 813 5879 eeptorum
841 5822 1054 5870 tuorum
1091 5815 1295 5870 videre.

2213 4608 2560 4680 praesidibus,
2606 4608 2832 4662 Domino
2885 4608 2988 4663 hoc
3037 4608 3199 4662 etiam
3234 4607 3631 4678 pronuntiante,
3678 4621 3803 4675 per—

2211 4698 2354 4770 pessi
2385 4706 2528 4763 sunt,
2558 4699 2650 4769 qui
2685 4698 2810 4754 licet
2835 4699 2942 4753 sint
2987 4697 3215 4753 diversis
3254 4697 3430 4766 pmnis
3479 4695 3660 4752 allecti
3712 4713 3803 4752 us-

2213 4804 2317 4858 que
2342 4789 2410 4843 ad
2444 4790 2735 4844 sectionem
2760 4791 3028 4844 cervicum
3047 4831 3062 4855 ,
3094 4798 3273 4844 tamen
3297 4801 3511 4858 semper
3534 4803 3594 4844 se
3619 4787 3677 4843 in
3704 4787 3802 4844 Dei

2212 4891 2568 4937 exercuerunt
2599 4881 3094 4950 justiﬁcationibus.

2282 4991 2445 5047 Vitas.
2472 4991 2561 5046 24.
2592 5020 2662 5033 -ι-
2685 4991 2827 5046 Nam
2853 5003 2902 5046 et
2929 4994 3222 5048 testimonia
3259 5004 3350 5047 tua
3376 4993 3645 5046 meditatio
3681 5009 3800 5046 mea

2211 5091 2307 5149 est,
2339 5093 2387 5138 et
2411 5084 2682 5138 consilium
2716 5099 2889 5138 meum
2926 5084 3331 5153 justificationes
3356 5093 3460 5137 tua:
3512 5091 3653 5136 sunt.
3707 5081 3802 5137 Sic

2212 5192 2340 5249 ergo
2365 5179 2716 5234 exercebatur
2767 5191 2954 5234 servus
2991 5175 3215 5241 Christi,
3261 5185 3322 5230 ut
3369 5183 3556 5230 contra
3609 5189 3801 5244 perse-

2211 5279 2439 5339 quentes
2475 5268 2780 5340 [delectatio
2808 5265 3262 5340 testimoniorum]
3291 5268 3613 5323 decertaret.
3651 5265 3800 5321 Con-

2211 5363 2388 5418 silium
2437 5361 2871 5432 persequentium
2907 5361 3210 5430 principum
3237 5359 3337 5414 fuit
3365 5361 3612 5415 inventos
3652 5375 3802 5413 mar-

2211 5462 2357 5524 tyres
2376 5452 2602 5522 perdere
2627 5467 2641 5517 ;
2673 5451 2956 5506 consilium
2986 5451 3302 5519 patientium
3341 5457 3638 5520 martyrum
3666 5446 3797 5510 fuit,

2211 5543 2456 5596 inimicos
2478 5541 2717 5610 perditos
2738 5541 2997 5596 invenire.
3041 5540 3355 5596 Reddebant
3381 5539 3458 5593 illi
3509 5537 3648 5592 mala
3692 5552 3800 5606 pro

2209 5633 2386 5695 bonis,
2414 5631 2502 5685 isti
2524 5633 2660 5684 bona
2691 5647 2790 5701 pro
2817 5630 2991 5685 malis.
3025 5630 3164 5696 Quid
3189 5645 3318 5698 ergo
3359 5629 3577 5693 mirum,
3627 5627 3671 5681 si
3702 5625 3798 5681 isti

2208 5718 2500 5774 occidendo
2525 5718 2851 5787 defecerunt,
2875 5719 2950 5774 illi
2974 5718 3253 5775 moriendo
3287 5717 3556 5789 [vicerunt
3584 5715 3760 5787 (Edit.
3778 5752 3799 5781 ,

2207 5810 2677 5883 viviﬁcaverunt).]
