4072 6340
250 380 341 442 60!

896 504 1128 545 DALETH.

307 584 463 659 364
482 584 644 640 Vsus.
672 582 762 638 25.
784 612 857 626 --
880 582 1115 637 Adhaesit
1135 581 1430 653 pavimento
1453 579 1631 634 anima
1670 595 1809 647 mea,

245 676 431 746 viti/ica
470 690 553 728 me
595 674 877 728 secundum
925 672 1133 728 verbum
1170 681 1342 725 tuum.
1382 670 1608 740 Corpori
1662 686 1810 726 mor-

245 765 328 821 tali
348 763 580 817 animam
600 762 942 833 coniunctam
967 760 1244 831 intelligo;
1276 759 1396 814 ideo
1442 773 1512 813 ne
1555 759 1809 814 delictum

240 855 544 916 invalescat,
583 870 614 908 a
641 863 695 909 te
721 861 849 926 peto
873 851 1159 917 viviﬁcari,
1188 850 1366 906 sciens
1402 849 1657 920 quoniam
1679 865 1810 906 con-

236 947 556 1020 cupiscentia
583 948 761 1001 carnis
789 953 1021 1000 mortem
1041 951 1316 1014 operatur.

299 1040 457 1095 Vsus.
481 1036 571 1091 26.
601 1067 674 1078 —
701 1034 827 1091 Vias
866 1052 1009 1090 meas
1034 1031 1299 1088 enuntiavi
1331 1039 1381 1086 et
1414 1030 1676 1087 exaudisti
1700 1049 1806 1099 me,

233 1131 350 1184 doce
367 1143 449 1182 me
464 1126 873 1197 justiﬁeationes
909 1137 1046 1181 tuas.
1079 1126 1208 1182 Vias
1235 1137 1395 1184 vocat
1418 1136 1571 1183 actus
1617 1128 1808 1183 huma-

230 1236 349 1278 nos:
375 1218 508 1275 Sine
543 1219 707 1274 dubio
727 1219 869 1274 actui
900 1220 1016 1290 ipso
1050 1219 1152 1273 via:
1170 1233 1365 1274 nomen
1388 1219 1632 1288 imponit.
1680 1218 1807 1275 Vias

226 1313 424 1385 peccati
456 1313 563 1367 mei
585 1310 866 1367 confessus
905 1326 1026 1365 sum
1047 1319 1105 1365 et
1147 1310 1444 1377 remisisti;
1488 1325 1633 1364 nunc
1681 1309 1808 1363 doc-

228 1407 415 1461 trinam
444 1402 685 1474 indulge,
724 1418 831 1473 qua
861 1418 946 1458 me
967 1401 1389 1472 justiticationes
1417 1410 1540 1457 tuas
1576 1399 1806 1457 edoceas

225 1494 344 1567 [Ηε.
360 1535 374 1560 ,
413 1509 523 1565 qua
550 1493 604 1548 in
627 1491 1103 1562 justiﬁeationibus
1121 1489 1398 1563 edocear].

283 1587 443 1643 Vsus.
469 1586 562 1641 27.
589 1617 660 1627 —
688 1584 839 1641 Viam
864 1585 1309 1656 justiﬁcationum
1344 1595 1557 1640 tuarum
1603 1585 1805 1640 instrue

218 1692 312 1742 me,
337 1686 385 1731 et
403 1677 682 1731 exercebor
720 1676 778 1730 in
822 1675 1149 1730 mirabilibus
1203 1676 1327 1730 tuis.
1374 1675 1566 1731 Merito
1607 1676 1806 1732 cohors

1119 370 1531 429 EXEGETICA.
1547 382 1625 414 ⁸-
1658 370 2023 430 EXPOSITIO
2053 373 2120 429 1N
2150 373 2345 431 PSAL.
2385 374 2610 433 CXVIII.

1837 493 1893 550 Α
1914 488 2168 543 constitui
2195 490 2511 560 acquisitam
2535 502 2583 544 ιι.
2623 490 2782 547 Prius
2816 490 2929 561 jam
2980 492 3151 548 dixit:
3180 493 3248 549 Et
3274 496 3329 551 in
3378 497 3497 572 lege

3385 387 3493 443 602

1913 589 2007 635 tua
2046 581 2303 636 miserere
2327 583 2455 648 mei,
2486 583 2591 639 hoc
2627 590 2726 644 est,
2784 584 2838 639 in
2888 585 3069 640 Veteri
3124 586 3492 647 Testamento.

1912 671 2066 728 Nunc
2091 682 2273 728 autem
2300 689 2491 730 novam
2524 675 2696 747 legem
2723 674 2913 749 [cupit]
2941 678 3043 734 sibi
3063 680 3221 749 poni,
3247 681 3497 742 veniente

1912 761 2115 817 scilicet
2155 761 2382 817 Domino
2411 762 2627 818 Christo
2652 765 2708 819 in
2730 780 2915 832 carne,
2961 775 3022 822 ut
3065 765 3495 829 Christianorum

1908 851 2045 907 fides
2066 852 2392 908 firmaretur.
2423 853 2628 925 Jugiter
2668 870 2728 910 se
2778 855 2942 929 [eam]
2987 859 3125 915 dixit
3165 863 3490 933 exquirere;

1909 942 2039 998 illud
2063 944 2204 998 enim
2230 944 2557 1015 exquiritur,
2589 946 2731 1015 quod
2753 947 2962 1018 magnis
3013 950 3265 1018 precibus
3309 961 3493 1023 postu-

1908 1038 2052 1093 latur
2080 1040 2464 1095 indesinenter.
3496 1034 3501 1040 ’

1978 1131 2140 1187 Vsus.
2172 1132 2259 1187 54.
2280 1163 2350 1173 —
2379 1131 2462 1186 Da
2501 1134 2630 1187 mihi
2665 1134 2982 1190 intellectum
3013 1145 3063 1192 et
3098 1139 3374 1194 scrutabor
3415 1138 3491 1195 le—

1906 1243 2019 1297 gem
2046 1235 2190 1280 tuam
2231 1235 2281 1280 et
2307 1225 2596 1280 custodiam
2631 1226 2779 1281 illam
2808 1229 2863 1282 in
2891 1238 2997 1282 toto
3029 1230 3184 1284 corde
3221 1247 3356 1285 meo.
3388 1231 3491 1287 Ec-

1906 1318 2068 1373 clesia
2100 1326 2254 1388 rogat
2279 1324 2341 1371 ut
2384 1317 2647 1388 intelligat
2674 1318 3056 1374 discretionem
3102 1321 3244 1377 inter
3287 1323 3489 1377 bonum

1906 1420 1960 1467 et
1980 1411 2203 1475 malum,
2235 1412 2376 1466 inter
2395 1410 2563 1465 vitam
2598 1418 2655 1467 et
2696 1420 2948 1477 mortem,
2982 1412 3124 1467 inter
3159 1412 3395 1468 litteram
3436 1420 3495 1467 et

1906 1518 2141 1559 sensum.
2172 1501 2245 1557 Ut
2271 1502 2585 1573 intelligam,
2633 1510 2688 1556 et
2724 1502 3033 1571 prmdicem,
3079 1511 3135 1558 et
3170 1518 3333 1573 opere
3386 1505 3489 1559 im-

1903 1594 2101 1666 pleam,
2124 1601 2182 1649 et
2211 1592 2510 1647 custodiam
2531 1593 2677 1647 illam
2700 1592 2755 1648 in
2787 1600 2900 1646 toto
2919 1592 3083 1647 corde
3111 1607 3250 1654 meo,
3278 1592 3329 1647 id
3381 1601 3487 1660 est,

1903 1702 1970 1743 ex
1992 1694 2103 1741 tota
2123 1685 2430 1740 dilectione.
2456 1683 2627 1763 Quam
2648 1685 2874 1755 pulchro
2921 1684 3111 1740 ordine
3136 1685 3313 1740 dixit?
3331 1684 3490 1740 Prius

216 1776 394 1823 sancta
438 1765 889 1837 justiﬁeationum
917 1765 1090 1836 .viam
1144 1764 1444 1836 intel‘igere
1496 1766 1799 1835 quaerebat,

1902 1779 2057 1849 petit,
2082 1785 2140 1831 ut
2164 1776 2249 1831 lex
2279 1776 2327 1830 ei
2354 1784 2668 1846 poneretur,
2689 1776 2792 1830 hoc
2812 1783 2917 1840 est,
2944 1775 3150 1831 Novum
3174 1775 3491 1830 Testamen-

214 1872 328 1928 qua:
344 1858 464 1913 vias
482 1873 630 1923 suas,
657 1857 712 1911 id
738 1863 822 1912 est
856 1863 1102 1926 peccata,
1128 1855 1477 1925 prodiderat:
1521 1853 1648 1923 quia
1696 1854 1798 1909 nisi

1905 1878 2050 1933 tum;
2088 1868 2309 1933 deinde,
2336 1874 2396 1921 ut
2421 1867 2557 1937 legis
2585 1867 2752 1936 ipsius
2781 1866 3130 1921 intentionem
3161 1879 3490 1935 cognoscere

210 1947 328 2003 illas
356 1950 705 2013 damnemus,
736 1949 805 2002 ad
826 1947 986 2002 istam
1012 1945 1299 2017 pervenire
1344 1960 1452 2001 non
1488 1959 1795 2015 possumus.

208 2037 417 2093 lnstrue
442 2053 530 2092 me
558 2037 625 2092 ad
652 2036 1005 2102 intellectum,
1028 2035 1081 2091 id
1100 2042 1185 2090 est
1211 2034 1569 2105 pertinentem
1592 2033 1655 2087 ad
1679 2033 1801 2088 hea-

206 2135 313 2183 tam
350 2128 557 2183 vitam:
584 2135 641 2183 et
661 2126 957 2183 exercebor
976 2128 1031 2182 in
1063 2125 1405 2182 mirabilibus
1434 2126 1542 2181 tuis
1567 2141 1582 2190 ;
1610 2124 1800 2194 utique

202 2236 365 2275 sensu
401 2228 459 2300 et
483 2221 791 2291 prudentia,
838 2228 898 2274 ut
930 2221 1100 2276 Vetus
1127 2220 1535 2275 Testamentum
1584 2218 1653 2273 ad
1690 2216 1800 2286 spi-

198 2311 417 2367 ritalem
468 2314 651 2367 trahat
702 2312 1058 2367 intellectum.
1112 2311 1378 2366 Mirabilia
1419 2318 1579 2365 vocat
1627 2311 1795 2379 ipsas,

193 2418 335 2473 quas
368 2403 625 2473 superius
650 2410 839 2467 vocat,
861 2402 1296 2473 iustificationes.

264 2495 437 2551 Vsus.
472 2494 567 2551 28.
608 2524 680 2535 —
723 2494 1037 2548 Dormitavit
1088 2495 1266 2547 anima
1315 2509 1430 2547 mea
1463 2508 1571 2562 pra:
1604 2491 1796 2548 ttedio:

188 2586 461 2655 conﬁrma
489 2603 573 2640 me
601 2587 658 2640 in
684 2584 849 2640 verbis
878 2585 1003 2639 tuis.
1030 2584 1090 2639 In
1111 2582 1270 2653 hujus
1313 2582 1607 2639 habitaculi
1653 2598 1799 2638 mor-

190 2676 315 2733 talis
338 2677 585 2732 statione
605 2690 716 2748 pra:
740 2675 897 2731 taedio
935 2675 1321 2730 imbecillitatis
1358 2689 1632 2744 corporeae
1668 2688 1798 2728 con-

193 2768 350 2823 llrma
371 2782 464 2823 me
491 2767 548 2822 in
574 2766 756 2822 verbis
780 2767 887 2821 tuis
903 2806 919 2832 ,
942 2775 1004 2821 ut
1030 2766 1210 2821 ablato
1237 2765 1445 2836 peccati
1483 2780 1672 2821 somno
1716 2765 1800 2819 in-

195 2870 407 2917 stanter
435 2861 495 2916 in
535 2860 621 2917 his
647 2858 884 2930 vigilem.

266 2954 438 3009 Vsus.
472 2953 564 3009 29.
590 2984 662 2995 ——
691 2951 844 3009 Viam
865 2953 1158 3025 iniquitatis
1176 2968 1356 3006 amove
1382 2967 1415 3005 a
1438 2965 1518 3005 me
1539 2957 1588 3005 et
1606 2949 1662 3004 in
1688 2946 1798 3020 lege

198 3057 288 3102 tua
315 3050 572 3102 miserere
607 3049 728 3102 mei.
759 3047 842 3102 Ad
871 3047 1020 3101 illam
1055 3045 1567 3116 contemplationem
1595 3043 1797 3098 verita-

198 3139 267 3193 tis
298 3148 527 3194 evectus
562 3140 717 3210 petit,
754 3139 899 3209 quod
938 3139 993 3193 in
1038 3138 1145 3192 isto
1183 3136 1381 3192 smculo
1431 3136 1796 3191 necessarium

199 3230 315 3299 fuit,
346 3239 410 3287 ut
436 3232 531 3286 via
551 3232 874 3303 iniquitatis,
896 3233 1000 3287 hoc
1046 3238 1129 3286 est
1164 3229 1363 3285 diaboli
1398 3226 1527 3301 [Ms.
1548 3269 1564 3295 ,
1610 3230 1796 3305 diaba-

197 3320 296 3395 lus]
326 3321 398 3377 ab
436 3323 561 3394 ejus
582 3321 1018 3379 infestationibus
1060 3321 1362 3377 tolleretur.
1392 3320 1459 3376 Et
1482 3321 1537 3375 in
1569 3320 1687 3391 lege
1709 3330 1801 3376 tua

198 3414 458 3469 miserere
496 3414 645 3480 mei;
685 3414 827 3485 apud
864 3421 918 3469 te
948 3413 1096 3469 enim
1141 3411 1229 3468 lex
1251 3413 1367 3467 haec
1394 3411 1641 3467 instituta
1693 3419 1798 3476 est,

198 3514 251 3559 ut
288 3522 516 3579 semper
575 3506 908 3563 miserearis.

262 3599 430 3655 Vsus.
458 3598 559 3655 50.
585 3628 658 3640 —
691 3595 839 3653 Viam
866 3598 1097 3653 veritatis
1121 3595 1274 3668 elegi,
1308 3596 1519 3667 judicia
1562 3603 1655 3648 tua
1693 3609 1800 3649 non

196 3708 305 3745 sum
330 3691 559 3747 oblitus.
587 3691 742 3748 Viam
762 3690 1010 3746 veritatis
1050 3689 1208 3761 elegi,
1236 3688 1329 3743 ubi
1367 3701 1641 3742 currerem
1665 3702 1681 3753 ;
1710 3685 1800 3755 ju-

198 3783 331 3840 dicia
360 3795 459 3840 tua
481 3800 599 3839 non
624 3798 742 3838 sum
767 3783 986 3846 oblitus,
1018 3792 1078 3836 ut
1109 3795 1406 3836 currerem.
1453 3778 1608 3834 Viam
1650 3775 1799 3833 veri-

196 3877 317 3932 tatis
343 3876 487 3949 elegi
518 3875 801 3932 Cbristum
821 3873 1015 3932 Filium
1034 3872 1150 3938 Dei,
1173 3887 1332 3943 quem
1354 3870 1654 3942 praevidens
1670 3882 1803 3924 ven-

198 3975 371 4022 turum
402 3969 462 4023 in
490 3967 759 4023 mundum
788 3966 946 4021 audio
967 3965 1232 4021 dicentem
1256 3980 1269 4016 :
1304 3961 1417 4032 Ego
1439 3977 1554 4015 sum
1581 3961 1687 4026 via,
1718 3975 1802 4013 re-

106 4110 123 4129 ,
196 4043 317 4116 ritas
347 4072 399 4117 et
431 4064 571 4117 vita.
595 4058 804 4117 Judicia
837 4070 928 4116 tua
950 4075 1055 4114 non
1085 4072 1205 4113 sum
1230 4054 1469 4119 oblitus;
1525 4052 1616 4108 illa
1649 4052 1797 4124 judi-

198 4157 276 4210 cia
305 4172 428 4227 qua:
455 4156 513 4211 in
544 4153 858 4227 Evangeliis
898 4150 1182 4223 proferens
1228 4149 1339 4203 ait:
1381 4146 1495 4201 Hoc
1535 4154 1619 4201 est
1657 4143 1801 4212 judi-

197 4247 355 4315 cium,
387 4258 446 4303 ut
488 4247 669 4303 omnis
707 4246 796 4317 qui
826 4243 989 4299 credit
1016 4244 1072 4298 in
1100 4239 1303 4295 Filium
1342 4239 1591 4304 hominis,
1613 4236 1800 4290 habeat

198 4337 348 4391 sitam
374 4348 662 4393 ceternam.

260 4430 427 4486 Vnus.
451 4430 551 4485 3i.
580 4434 652 4469 '—
673 4428 884 4483 Adita’si
909 4425 1214 4482 testimoniis
1238 4423 1341 4478 tuis
1358 4463 1374 4489 ,
1400 4421 1643 4486 Domine,
1692 4418 1801 4473 noli

196 4536 271 4574 me
323 4520 679 4593 confundere.
735 4520 803 4574 Et
838 4519 966 4590 quia
1014 4518 1101 4573 his
1140 4515 1422 4571 adhmrens
1466 4511 1798 4566 anteriorum

196 4611 501 4670 facinorum
534 4611 924 4682 indulgentiam
952 4608 1157 4674 merui,
1188 4621 1372 4677 quasso
1397 4619 1465 4658 ne
1503 4617 1589 4658 me
1625 4601 1799 4673 patia-

199 4704 269 4758 ris
291 4706 358 4760 de
384 4715 439 4760 te
471 4703 692 4759 ratione
711 4701 918 4773 peccati
957 4697 1230 4755 confundi.

263 4798 430 4853 Vens.
473 4797 574 4853 '52.
606 4824 676 4834 -—
714 4791 867 4847 Viam
915 4790 1285 4846 mandatorum
1316 4797 1526 4842 tuorum
1563 4783 1794 4849 cucurri,

199 4905 310 4944 cum
331 4889 587 4945 dilatasti
611 4904 702 4942 cor
733 4902 925 4941 meum.
955 4883 1146 4940 Cordis
1173 4881 1414 4938 dilatatio
1449 4878 1697 4936 veritatis
1716 4883 1800 4959 est

198 4983 434 5049 dilectio,
460 4981 617 5054 quod
643 4979 737 5034 Dei
765 4992 988 5034 munere
1013 4975 1092 5042 ﬁt,
1111 4984 1170 5030 ut
1191 4974 1239 5030 ei
1265 4988 1370 5028 non
1393 4973 1584 5026 timore
1602 4982 1797 5039 paenae,

200 5077 288 5131 sed
305 5091 500 5132 amore
516 5072 747 5145 iustitiae
789 5071 1076 5134 serviatur,
1099 5082 1220 5122 cum
1236 5065 1473 5121 charitas
1497 5062 1592 5117 Dei
1610 5059 1805 5115 dill'un—

200 5169 341 5224 ditur
362 5170 418 5225 in
444 5166 708 5224 cordibus
730 5163 930 5219 nostris
954 5177 1052 5233 per
1092 5158 1354 5230 Spiritum
1390 5161 1665 5216 sanctum,
1707 5150 1801 5222 qui

201 5264 357 5321 datus
386 5272 478 5319 est
506 5261 688 5317 nobis.
714 5258 837 5314 Ideo
858 5271 988 5328 ergo
1020 5252 1146 5327 [iste
1182 5251 1379 5324 (Edit.,
1419 5245 1634 5319 istam)]
1657 5247 1802 5300 viam

200 5358 596 5415 mandatorum
636 5352 732 5408 Dei
776 5348 1039 5414 cucurrit,
1081 5345 1210 5417 quia
1253 5357 1350 5398 cor
1387 5340 1505 5410 ejus
1548 5336 1803 5393 Dominus

201 5449 471 5505 dilatavit.

270 5549 440 5604 Vsus.
470 5547 571 5602 55.
595 5573 668 5586 -—
689 5541 874 5613 Legem
900 5554 1031 5612 pone
1056 5534 1205 5599 mihi,
1231 5528 1477 5593 Domine,
1514 5526 1654 5580 viam
1685 5521 1805 5593 jus-

201 5641 562 5713 tiﬁcationum
588 5646 820 5700 tuarum,
845 5643 891 5689 et
906 5631 1174 5704 exquiram
1197 5640 1311 5681 eam
1338 5635 1556 5692 semper.
1587 5615 1686 5672 Hic
1709 5616 1808 5713 ite-

204 5708 323 5793 rum
346 5737 511 5810 plebs
550 5729 795 5806 procedit
836 5726 1014 5790 beata,
1046 5724 1102 5779 in
1149 5735 1255 5793 qua
1289 5716 1393 5773 sibi
1445 5714 1619 5783 legem
1672 5708 1809 5780 petit

276 5891 301 5919 ιι
331 5874 513 5935 Codd.
559 5883 730 5926 mss.:
763 5882 783 5919 ι
814 5863 899 5920 Ad
943 5860 1188 5932 quintam
1222 5854 1463 5912 litteram
1497 5846 1648 5920 plebs
1693 5839 1918 5914 protulit
1938 5838 2117 5900 beata,

1898 1961 2216 2027 meruisset,
2299 1968 2564 2032 quatenus
2619 1973 2741 2015 eam
2790 1965 2903 2014 tota
2950 1958 3258 2027 integritate
3312 1958 3492 2014 cordis

1900 2059 2165 2108 servaret.

1969 2145 2133 2200 Vsus.
2157 2142 2248 2199 55.
2270 2172 2344 2185 -——
2371 2140 2554 2196 Deduc
2578 2158 2660 2196 me
2680 2142 2736 2195 in
2762 2142 2947 2195 semita
2974 2139 3346 2195 mandatorum
3373 2147 3492 2193 tuo-

1898 2253 2037 2301 rum,
2063 2236 2187 2308 quia
2217 2237 2383 2305 ipsam
2411 2233 2568 2288 volui.
2599 2231 2802 2287 Semita
2837 2232 3015 2286 minor
3035 2238 3119 2286 est
3165 2245 3329 2300 quam
3376 2228 3487 2295 via,

1898 2329 2003 2384 hoc
2022 2335 2106 2383 est
2135 2333 2287 2382 arcta
2311 2332 2366 2381 et
2402 2330 2627 2395 angusta
2652 2324 2757 2388 via,
2810 2324 2915 2378 hoc
2965 2330 3047 2377 est
3103 2321 3293 2375 altiora
3334 2335 3489 2375 man-

1898 2420 2042 2483 data,
2072 2432 2191 2488 quae
2211 2418 2410 2473 ducunt
2439 2416 2506 2470 ad
2528 2415 2714 2468 vitam.
2747 2412 2999 2467 Mandata
3035 2410 3138 2466 ista
3182 2408 3316 2464 Novi
3355 2408 3486 2464 Tes-

1897 2511 2121 2567 tamenti
2155 2508 2414 2563 debemus
2460 2506 2725 2576 accipere,
2751 2503 2842 2557 ubi
2892 2517 2950 2557 se
2992 2502 3214 2572 perduci
3260 2515 3484 2570 magno-

1893 2620 2026 2677 pere
2052 2604 2392 2675 precabatur.
2442 2599 2619 2670 lpsam
2667 2595 2829 2661 volui,
2865 2595 2969 2650 hoc
3014 2600 3096 2649 est
3119 2592 3253 2647 Novi
3302 2591 3491 2646 Testa-

1897 2697 2064 2752 menti
2106 2694 2335 2767 gratiam
2366 2691 2624 2755 divinam,
2654 2703 2753 2759 per
2796 2698 2963 2758 quam
3010 2700 3069 2741 se
3115 2683 3182 2739 ad
3227 2682 3489 2740 calorum

1898 2806 2063 2862 regna
2087 2795 2316 2845 noverat
2360 2784 2665 2857 pervenire.

1967 2904 2126 2977 365
2142 2904 2306 2958 Vsus.
2321 2895 2694 2956 36.—Inclina
2708 2910 2799 2948 cor
2814 2906 2986 2946 meum
2996 2890 3052 2943 in
3068 2885 3361 2942 testimonia
3374 2893 3486 2951 tua,

1898 3009 1946 3055 et
1968 2975 2072 3053 non
2095 2998 2151 3050 in
2174 2990 2475 3057 avaritiam,
2489 2988 2619 3043 dicit
2634 2983 2898 3048 Ecclesia,
2915 2981 2967 3035 id
2989 2979 3139 3035 estin
3160 2975 3487 3041 humilitate,

1896 3100 1955 3147 ut
1980 3086 2109 3144 illud
2135 3105 2147 3117 ·
2178 3084 2375 3138 Discite
2400 3098 2433 3135 a
2467 3095 2549 3134 me
2569 3078 2693 3147 quia
2716 3076 2855 3130 mitis
2874 3089 2990 3128 sum
3017 3078 3065 3125 et
3092 3067 3308 3123 humilis
3329 3065 3487 3120 corde

1821 3209 1866 3271 ρ
1899 3180 2115 3255 (Matth.
2138 3194 2213 3240 xu,
2239 3174 2353 3247 29).
2398 3168 2744 3226 Testimoniis
2786 3165 2982 3234 quippe
3021 3161 3134 3217 suis
3168 3158 3278 3271 agit
3304 3156 3490 3271 nobis:

1906 3245 2028 3328 cum
2075 3272 2236 3333 Deus,
2285 3245 2346 3321 ut
2386 3279 2509 3318 eum
2544 3260 2714 3333 gratis
2754 3257 3014 3316 colamus,
3073 3251 3216 3321 quod
3266 3245 3491 3318 impedit

1905 3363 2155 3427 avaritia,
2202 3358 2355 3415 radix
2393 3353 2635 3411 omnium
2666 3348 2953 3405 malorum.
2984 3344 3125 3415 Ergo
3151 3356 3256 3396 non
3280 3338 3485 3394 habea-

1902 3472 2024 3512 mus
2068 3451 2382 3508 inclinatum
2423 3461 2517 3502 cor
2536 3444 2593 3498 in
2620 3440 2905 3498 avaritiam
2934 3455 2947 3491 :
2976 3450 3083 3492 non
3113 3432 3356 3489 colamus
3379 3427 3487 3484 Do-

1901 3547 2131 3610 minum,
2174 3540 2279 3597 nisi
2325 3545 2548 3611 propter
2596 3533 2905 3597 Dominum,
2940 3535 3001 3584 ut
3045 3525 3129 3582 sui
3164 3522 3341 3579 cultus
3371 3520 3488 3591 ipse

1902 3638 1978 3694 sit
2004 3648 2233 3691 merces.

1972 3731 2135 3785 Vsus.
2164 3725 2252 3781 '57.
2279 3754 2348 3765 -—
2374 3723 2556 3777 Averte
2587 3717 2763 3774 oculos
2812 3730 2973 3779 meos,
3011 3727 3075 3766 ne
3098 3709 3305 3766 videant
3334 3705 3487 3762 vani-

1902 3831 2083 3887 tatem,
2111 3820 2167 3873 in
2194 3817 2277 3872 via
2304 3825 2395 3870 tua
2426 3811 2629 3881 vivi/ica
2660 3826 2759 3864 me.
2790 3807 2987 3861 Averte
3014 3801 3199 3857 oculos
3232 3812 3404 3862 meos,
3433 3794 3487 3851 id

1901 3924 1985 3974 est
2029 3928 2220 3971 sensus
2261 3924 2433 3975 meos,
2486 3920 2555 3961 ne
2602 3904 2819 3960 videant
2861 3897 3176 3958 vanitatem,
3208 3892 3261 3947 id
3290 3898 3376 3945 est
3394 3888 3489 3943 de-

1901 4011 2209 4067 fectionem.
2246 4004 2325 4059 Ac
2360 4002 2405 4057 si
2442 4001 2605 4058 dicat,
2654 3997 2709 4051 in
2752 3994 2858 4049 ista
2903 3988 3159 4049 vanitate,
3214 3981 3358 4053 quod
3402 3985 3488 4033 est

1903 4099 2151 4162 defectio,
2188 4112 2296 4151 non
2336 4092 2565 4149 habeam
2611 4084 2796 4142 oculos
2842 4095 3013 4144 meos,
3066 4076 3119 4130 id
3166 4082 3249 4128 est
3293 4084 3486 4162 sensus

1901 4207 2072 4256 meos,
2095 4159 2319 4250 deﬁxos,
2343 4182 2455 4246 sed,
2486 4177 2680 4249 inquit,
2705 4164 2871 4230 invia
2893 4179 2985 4226 tua
3008 4165 3223 4221 viviﬁca
3248 4175 3357 4226 me,
3380 4159 3487 4213 hoc

1902 4295 1985 4342 est
2013 4253 2067 4339 in
2097 4279 2384 4349 temetipso
2405 4272 2575 4348 [Edit.
2607 4259 2977 4336 temetipsum]
3002 4258 3088 4316 vel
3120 4257 3176 4312 in
3205 4253 3312 4310 tuis
3332 4264 3486 4306 man-

1902 4378 2043 4437 datis
2069 4371 2282 4431 vivilica
2305 4384 2392 4424 me
2421 4368 2477 4423 iu
2503 4362 2706 4421 anima.

1972 4492 2137 4548 Vens.
2153 4482 2505 4543 38.—-—Statue
2525 4493 2667 4535 servo
2687 4485 2777 4530 tuo
2798 4470 3059 4543 eloquium
3073 4474 3219 4521 tuum
3232 4463 3286 4517 in
3300 4462 3485 4516 timore

1823 4589 1875 4649 D
1901 4594 2011 4639 tuo.
2034 4577 2238 4635 Stabile
2262 4575 2324 4630 ﬁt
2347 4571 2618 4643 eloquium
2638 4564 2851 4623 Domini
2872 4563 2925 4617 in
2950 4557 3111 4615 corde
3133 4552 3340 4620 nostro,
3362 4567 3486 4606 cum

1902 4676 1963 4731 lit
1982 4673 2124 4745 quod
2140 4669 2331 4726 eodem
2345 4664 2565 4738 jubetur
2587 4657 2828 4727 eloquio;
2848 4660 2905 4708 et
2922 4649 3194 4745 avellitur,
3213 4656 3487 4745 cum-cou-
3534 4647 3540 4653 ‘

1903 4736 2131 4826 trarium
2159 4777 2295 4835 opus
2325 4736 2521 4830 agitur.
2547 4752 2693 4809 Petit
2721 4763 2849 4820 ergo
2883 4758 3072 4801 servus
3102 4739 3315 4835 Dei-tut
3338 4736 3393 4790 in

1902 4822 2255 4920 conﬁrmetur
2294 4822 2599 4909 obbdientia
2626 4853 3000 4916 perseverans,
3025 4848 3134 4907 qua
3163 4828 3315 4905 [Ms.,
3339 4822 3482 4920 quae]

1897 4914 2158 5008 deustatu
2202 4942 2313 5015 suo]
2357 4938 2503 4996 nullo
2547 4914 2703 4992 malas
2759 4927 2985 4985 actionis
3045 4926 3328 4979 moveatur
3384 4914 3487 4968 im-

1898 5041 2054 5115 pulsu
2082 5058 2095 5094 :
2119 5036 2273 5105 Quod
2293 5014 2391 5104 per
2414 5029 2664 5101 spiritum
2686 5032 2743 5080 et
2765 5022 3019 5077 timorem
3038 5014 3098 5070 fit
3118 5018 3349 5115 castum,
3374 5019 3482 5115 quo

1903 5105 2124 5191 cavetur
2147 5145 2230 5185 ne
2274 5125 2577 5182 oll‘endatur
2621 5116 2891 5180 charitas,
2935 5126 3040 5167 non
3073 5120 3182 5179 quo
3225 5105 3484 5158 metuitur

1905 5225 2057 5300 [Ms.,
2083 5217 2377 5292 metuatur]
2400 5233 2469 5273 ne
2493 5216 2779 5272 damnetur
2806 5207 3075 5278 impietas.

1973 5337 2137 5393 Vsus.
2161 5332 2251 5389 59.
2272 5359 2343 5371 -—-
2359 5328 2586 5399 Amputa
2607 5320 2938 5396 opprobrium
2958 5327 3131 5369 meum
3148 5305 3288 5381 quod
3308 5301 3485 5399 suspi-

1905 5438 2052 5484 catus
2082 5441 2221 5490 sum,
2247 5423 2371 5495 quia
2380 5393 2589 5492 judicia
2610 5393 2700 5469 tua
2720 5408 2980 5483 jucunda.
3004 5405 3061 5460 ln
3091 5396 3359 5495 sententia
3377 5393 3482 5448 ista

1904 5486 2433 5587 maximumlvitium
2450 5507 2639 5581 (Edit.,
2658 5495 3007 5571 exemplumﬂ
3022 5486 3375 5587 humanitatis
3389 5498 3483 5540 ex-

1904 5611 2140 5685 ponitur.
2156 5581 2303 5662 Mdlti
2317 5603 2460 5659 enim
2480 5601 2534 5656 in
2549 5593 2894 5668 opprobrium
2915 5588 3112 5685 cadunt
3140 5581 3299 5637 aliter

1908 5676 2108 5761 habeat
2141 5698 2345 5754 veritas
2376 5686 2738 5762 suspicando:
2766 5695 2931 5753 quam
2961 5676 3176 5746 culpam
3198 5676 3403 5743 rogata
3424 5676 3487 5721 se

2148 5831 2203 5886 in
2233 5842 2341 5900 qua
2369 5823 2474 5882 sibi
2500 5822 2673 5893 legem
2709 5814 2847 5889 petit
2868 5807 3143 5871 constitui.
3175 5824 3195 5860 ι
