4066 6442
564 354 677 423 $05

1422 358 1479 409 Β.
1519 353 1581 410 F.
1626 352 1849 411 ALBINI
1890 350 2019 405 SEU
2062 347 2336 406 ALCUlNI
2374 349 2659 431 OPEBUM
2696 348 2880 406 PARS
2914 350 2974 408 ll.

3730 349 3828 413 606

575 469 865 542 amputari.
891 467 1136 542 Suspicio
1157 468 1300 524 enim
1323 466 1620 538 saepissime
1641 466 1901 536 probatur
1922 466 2148 533 incerta,
2175 474 2227 535 Α
2327 463 2488 517 Vens.
2522 464 2608 517 46.
2634 493 2700 505 -—-
2724 464 2789 517 Et
2817 464 3063 535 loquebar
3091 466 3154 520 de
3178 465 3485 520 testimoniis
3508 465 3613 517 tuis
3636 464 3689 517 in
3714 482 3830 519 con-

576 577 695 635 quae
719 562 837 617 viro
858 576 966 618 non
990 560 1242 616 convenit
1259 557 1585 614 Christiano.
1614 557 1739 612 Haec
1759 571 1888 629 ergo
1913 555 2147 627 suspicio

562 646 721 711 ducit
745 653 813 709 ad
834 653 1200 726 opprobrium,
1231 650 1372 721 quod
1400 665 1466 705 ex
1498 658 1722 721 peccato
1748 649 2008 705 nascitur.
2042 646 2151 704 Me-

560 742 679 807 rito
724 748 827 805 sibi
863 743 1157 817 jucundum
1202 742 1413 799 Domini
1441 742 1650 798 dicebat
1687 757 1809 799 esse
1852 742 2146 807 decretum,

567 856 671 912 per
694 840 838 912 quod
871 854 930 894 se
974 845 1028 892 et
1067 835 1305 907 requiem
1335 834 1616 903 reperisse.
1642 842 1887 902 noverat,
1916 840 1972 889 et
1996 848 2150 891 coro-

564 950 702 1005 nam
724 939 1057 1006 perpetuam.
1456 994 1460 999 λ

646 1024 806 1079 Vens.
838 1021 926 1074 40.
955 1050 1024 1060 -
1048 1018 1184 1073 Ecce
1205 1018 1473 1087 concupiui
1498 1016 1750 1071 mandata
1772 1026 1886 1083 tua,
1910 1019 1967 1071 in
1989 1018 2150 1087 aequi-

458 1094 463 1099 i
574 1120 678 1167 tate
724 1121 814 1164 tua
860 1109 1059 1179 vivi/ica
1102 1124 1203 1162 me.
1245 1107 1441 1162 Fecisti
1486 1122 1594 1171 me,
1640 1107 1841 1178 inquit,
1899 1108 2148 1177 cupidum

574 1202 950 1258 mandatorum
996 1208 1239 1266 tuorum,
1287 1197 1373 1253 fac
1418 1208 1473 1253 et
1519 1196 1810 1253 efﬁcacem.
1852 1197 2059 1269 Adjuva
2090 1208 2152 1254 ut

572 1291 768 1348 faciam
796 1292 940 1363 quod
967 1289 1334 1355 commendas,
1372 1290 1510 1345 dona
1556 1290 1669 1359 ipse
1714 1289 1859 1360 quod
1903 1291 2145 1345 mandas.

572 1382 749 1441 Unum
801 1392 905 1447 est,
950 1382 1193 1447 Domine,
1240 1389 1347 1437 tute
1392 1380 1756 1439 miserationis
1801 1382 2033 1447 donum,
2093 1392 2150 1439 ut

571 1474 782 1544 eloquia
811 1480 995 1529 sancta
1030 1472 1393 1529 custodientes
1425 1473 1478 1526 in
1510 1481 1600 1526 tua
1625 1473 1880 1543 aequitate
1910 1473 2149 1529 viviﬁce-

571 1583 713 1631 mur,
746 1568 848 1623 hoc
870 1575 973 1632 est,
1000 1573 1059 1621 ut
1083 1565 1343 1637 aequalem
1376 1574 1428 1622 te
1453 1565 1600 1621 Patri
1632 1574 1686 1620 et
1708 1564 1931 1637 Spiritui
1962 1575 2149 1623 sancto

573 1659 837 1716 fateamur
873 1659 1025 1733 [Ms.,
1057 1676 1179 1716 cum
1208 1660 1485 1731 aequalem.
1512 1702 1525 1714 .
1547 1701 1563 1716 .
1589 1700 1603 1716 .
1628 1660 1937 1735 .fatemur.]

644 1751 808 1806 Vens.
841 1750 931 1805 41.
962 1782 1033 1790 -
1058 1751 1120 1805 Et
1153 1752 1320 1806 veniat
1361 1769 1515 1823 super
1540 1768 1621 1806 me
1646 1753 2003 1807 misericordia
2030 1762 2146 1820 tua,

2252 567 2426 627 specta
2455 574 2651 627 regum,
2678 568 2726 613 et
2751 575 2853 613 non
2873 558 3247 628 confundebar.
3271 557 3620 628 Loquebatur
3638 556 3827 629 [Edit.,

2249 646 2533 724 loquebar]
2554 652 2620 706 de
2645 652 2967 708 testimoniis
2991 651 3221 719 Domini,
3246 652 3502 722 quoniam
3524 648 3682 725 [Hs.,
3702 667 3831 722 quo-

2247 743 2432 817 modo]
2458 743 2726 813 petiverat
2747 751 2803 800 et
2830 753 3138 815 acceperat,
3175 753 3235 799 ut
3259 744 3615 815 responderet
3641 758 3830 814 expro-

2246 833 2530 897 brantibus
2559 834 2661 893 sibi
2688 836 2946 901 verbum;
2977 850 3083 904 qua
3112 834 3371 891 ﬁrmitate
3393 834 3685 891 roboratus
3711 842 3832 891 ante

2250 939 2406 996 reges
2433 925 2612 980 saeculi
2642 926 2774 981 dicit
2804 941 2863 982 se
2901 941 3009 982 non
3037 941 3156 982 esse
3182 926 3487 991 confusum,
3513 927 3611 982 sed
3636 927 3833 983 verita-

2249 1024 2359 1073 tem
2384 1018 2668 1090 intrepidis
2697 1020 3034 1076 sermonibus
3063 1019 3366 1077 exercebat.

2322 1108 2483 1163 Vens.
2519 1108 2609 1163 47.
2631 1109 2792 1164 -Ει
2828 1110 3114 1165 meditabor
3152 1112 3207 1163 in
3242 1110 3507 1166 mandatis
3549 1110 3685 1176 tuis,
3720 1127 3832 1181 qua:

2250 1198 2431 1255 dilexi.
2463 1200 2562 1255 Hic
2599 1201 2835 1259 ostendit
2874 1200 3224 1271 frequentatae
3267 1202 3637 1257 meditationis
3681 1204 3835 1259 ardo-

2249 1306 2388 1348 rem.
2438 1294 2684 1350 Meditari
2725 1296 2868 1351 enim
2920 1297 3173 1352 mandata
3221 1313 3330 1353 non
3358 1296 3580 1367 poterit,
3610 1297 3719 1353 nisi
3745 1298 3832 1368 qui

2250 1398 2315 1461 ea
2341 1385 2556 1441 assidua
2585 1385 2813 1442 lectione
2847 1388 3194 1459 percurrerit.
3237 1387 3368 1455 Qua:
3407 1387 3586 1452 dilexi,
3623 1389 3829 1459 inquit;

2250 1476 2524 1545 negligere
2562 1478 2708 1531 enim
2750 1494 3026 1549 nunquam
3070 1487 3249 1550 potest
3292 1480 3451 1535 homo
3483 1494 3606 1550 quae
3645 1480 3831 1552 diligit.

2250 1566 2433 1632 Addit,
2445 1569 2622 1634 nimis,
2636 1584 2798 1639 supra
2817 1585 2980 1640 quam
2996 1569 3138 1625 nulla
3149 1578 3331 1640 potest
3345 1570 3563 1626 dilectio
3582 1572 3830 1640 reperiri.

2254 1732 2259 1737 .
2328 1659 2486 1715 Vens.
2518 1659 2608 1716 48.
2635 1689 2706 1700 ——
2728 1659 2797 1714 Et
2830 1659 3007 1715 levabo
3053 1660 3200 1732 [Ms.,
3242 1659 3429 1734 levavi]
3468 1677 3660 1716 manus
3696 1678 3834 1717 meas

2250 1750 2319 1804 ad
2345 1750 2594 1805 mandata
2642 1761 2753 1815 tua,
2777 1768 2895 1824 qua:
2927 1751 3107 1816 dilexi,
3150 1762 3199 1806 et
3233 1750 3509 1807 exercebar
3550 1751 3609 1806 in
3625 1751 3833 1821 justiﬁu-

572 1841 815 1909 Domine,
846 1842 1077 1897 salutare
1107 1852 1253 1897 tuum
1279 1843 1561 1898 secundum
1588 1843 1848 1915 eloquium
1871 1854 2039 1899 tuum.
2065 1845 2148 1903 Ad
2178 1838 2226 1900 Β
2255 1844 2545 1898 cationibus
2575 1845 2698 1913 tuis.
2733 1843 3009 1914 Superiori
3060 1860 3222 1901 versu
3266 1844 3421 1909 dixit,
3463 1842 3763 1897 meditabor
3782 1844 3836 1898 in

573 1940 780 1986 sextam
814 1932 1051 1988 litteram
1091 1935 1429 1989 conversatio
1457 1943 1641 1989 sancta
1668 1936 1933 2006 pervenit,
1966 1937 2018 1991 in
2044 1953 2151 2007 qua

573 2023 675 2079 sibi
722 2024 956 2093 postulat
1010 2024 1301 2079 salutarem
1347 2023 1631 2080 Dominum
1674 2025 1869 2080 debere
1908 2028 2149 2091 concedi,

566 2115 664 2191 .qui
693 2123 779 2171 est
805 2116 1173 2173 misericordia
1220 2125 1580 2187 peccatorum,
1631 2125 1686 2172 et
1725 2117 1838 2172 vita
1883 2116 2149 2181 fidelium,

572 2220 671 2276 per
708 2222 869 2277 quem
897 2205 1043 2263 salus
1070 2208 1318 2279 gentibus
1344 2209 1513 2264 venit.
1542 2206 1849 2264 Secundum
1878 2209 2152 2280 eloquium

570 2306 746 2371 tuum,
777 2300 935 2367 dixit,
969 2300 1023 2355 id
1047 2309 1133 2357 est
1160 2300 1499 2375 [secundum]
1527 2302 1941 2373 promissionem
1969 2310 2115 2359 tuam
2134 2343 2151 2370 ,

577 2407 739 2462 quam
759 2407 857 2464 per
882 2394 1176 2463 prophetas
1203 2394 1519 2464 promisisti.

644 2484 805 2540 Vens.
850 2484 940 2541 42.
975 2484 1139 2541 -Ει
1180 2486 1494 2557 respondebo
1544 2487 1972 2551 exprobrantibus
2026 2490 2154 2543 mihi

568 2576 802 2645 verbum,
846 2578 971 2648 quia
1018 2579 1217 2649 speravi
1244 2580 1301 2633 in
1335 2579 1657 2635 sermonibus
1692 2580 1814 2635 tuis.
1849 2579 1973 2636 Haec
1999 2581 2153 2635 nobis

573 2666 777 2722 indicat
803 2667 1044 2723 absolute
1072 2669 1361 2735 sententia,
1411 2670 1841 2740 respondendum
1871 2686 1989 2726 esse
2027 2671 2155 2725 viri-

570 2744 696 2812 liter
747 2758 1187 2824 adversantibus,
1237 2774 1305 2814 ne
1359 2758 1505 2832 [sibi]
1556 2761 1963 2831 malignantium
2012 2778 2152 2833 pra:-

575 2848 807 2918 sumptio
851 2848 1095 2918 superior
1143 2863 1265 2903 esse
1305 2850 1570 2905 videatur.
1622 2850 1964 2921 Exprobrant
2009 2852 2155 2905 enim

574 2941 796 2996 verbum
824 2938 973 3014 [Ms.,
999 2941 1188 3014 verbo]
1219 2942 1307 3012 qui
1329 2942 1521 2997 Filium
1550 2944 1733 3000 dicunt
1755 2959 1873 3001 esse
1893 2947 2155 3000 minorem

572 3032 751 3090 Patre.
797 3032 931 3103 Quia
961 3035 1193 3106 speravi,
1226 3044 1538 3092 constanter
1563 3037 1648 3091 his
1682 3038 2035 3108 respondebo,
2064 3038 2154 3108 qui

574 3140 767 3180 vanam
806 3125 993 3182 dicunt
1028 3141 1178 3195 spem
1207 3142 1387 3183 meam
1418 3142 1581 3198 quam
1620 3126 1674 3183 in
1713 3132 1768 3182 te
1796 3127 1990 3194 habeo,
2030 3124 2157 3197 quia

574 3215 787 3272 illorum
812 3232 933 3289 spes
963 3216 1141 3273 inanis
1168 3226 1268 3274 est.

647 3307 806 3362 Vens.
854 3308 945 3363 45.
970 3340 1041 3349 -
1071 3308 1137 3362 Et
1179 3323 1242 3363 ne
1291 3308 1505 3379 auferas
1548 3310 1612 3364 de
1659 3326 1747 3365 ore
1787 3325 1900 3364 meo
1945 3310 2153 3364 verbum

574 3398 803 3473 veritatis
839 3415 1222 3470 usquequaque,
1258 3401 1381 3472 quia
1421 3401 1475 3454 in
1502 3400 1722 3471 judiciis
1751 3402 1854 3456 tuis
1882 3419 2152 3473 superspe-

571 3472 708 3567 fravi.
742 3489 914 3562 Rogat
956 3500 1016 3545 ut
1063 3493 1453 3549 confessionem
1503 3496 1747 3549 veritatis
1793 3497 1857 3551 de
1898 3497 2013 3566 ejus
2058 3511 2154 3552 ore

574 3582 735 3637 nulla:
766 3598 952 3652 puum,
995 3583 1171 3637 mullus
1195 3592 1393 3649 terror,
1422 3593 1795 3655 extorqueant.
1825 3585 1957 3641 Cum
1995 3587 2150 3652 dicit,

578 3690 957 3745 usquequaque,
1015 3673 1279 3745 significat
1329 3675 1549 3729 verbum
1576 3677 1821 3732 veritatis
1849 3679 1912 3731 ad
1944 3686 2155 3749 tempus

572 3752 847 3834 aliquibus
872 3761 1035 3819 fuisse
1062 3765 1361 3820 sublatum:
1388 3763 1457 3821 Ut
1478 3765 1636 3820 Petro
1657 3769 1897 3839 contigit,
1923 3771 2013 3838 qui
2031 3779 2154 3824 ante

576 3856 701 3928 galli
728 3866 945 3914 cantum
973 3866 1057 3914 ter
1101 3859 1383 3915 Dominum
1431 3862 1772 3933 negavitzEt
1816 3863 1928 3933 ipse
1975 3873 2153 3920 tamen

577 3948 706 4003 illud
725 3954 1005 4018 peccatum
1035 3948 1249 4006 fletibus
1275 3952 1483 4015 delevit,
1517 3960 1571 4007 et
1595 3953 1870 4025 sanguinis
1898 3953 2155 4010 effusione

578 4042 873 4097 mundavit.
911 4041 1047 4108 Quia
1072 4044 1125 4097 in
1147 4043 1363 4113 judiciis
1398 4046 1499 4099 tuis
1535 4048 1910 4118 supersperavi.
1949 4045 2155 4103 Judicia

575 4132 719 4187 enim
744 4132 955 4188 Domini
989 4142 1167 4199 erant,
1194 4135 1335 4204 quod
1380 4136 1547 4190 turba:
1586 4146 1883 4209 martyrum
1930 4138 2156 4195 diversis

576 4224 905 4303 cruciatibus
934 4228 1230 4298 agebantur
1253 4226 1403 4300 [llIs.,
1430 4229 1849 4285 cruciationibus
1881 4231 2154 4303 angeban-

574 4300 692 4387 tur]
724 4316 791 4370 ad
819 4333 984 4386 regna
1015 4320 1294 4374 caelorum.

648 4408 810 4463 Vens.
838 4408 927 4461 44.
949 4441 1020 4449 -
1049 4410 1116 4463 Et
1153 4412 1440 4465 custodiam
1486 4412 1647 4482 legem
1687 4423 1831 4467 tuam
1864 4431 2066 4486 semper
2092 4418 2147 4471 in

578 4499 827 4553 saeculum
864 4508 909 4553 et
948 4501 1004 4553 in
1042 4499 1290 4553 circulum
1334 4502 1532 4555 sa’culi.
1582 4502 1687 4559 Iste
1728 4512 1785 4558 et
1829 4504 1918 4559 alii
1963 4522 2154 4563 versus

2250 1940 2513 2005 mandatis
2531 1940 2656 2005 tuis,
2679 1940 2824 2010 quod
2848 1941 2919 1995 ad
2937 1941 3192 1995 virtutem
3212 1938 3434 2010 respicit
3448 1938 3835 2008 inspectivam;

2250 2031 2409 2085 modo
2438 2038 2617 2086 autem
2647 2030 2800 2096 dixit,
2828 2029 3004 2086 levabo
3032 2048 3221 2089 manu
3245 2047 3409 2097 meas,
3440 2029 3590 2100 quod
3617 2031 3691 2086 ad
3714 2045 3838 2102 par-

2252 2129 2361 2179 tem
2410 2122 2642 2193 pertinet
2681 2120 2967 2177 actualem.
2998 2121 3204 2177 Levare
3238 2122 3385 2177 enim
3424 2135 3623 2178 manus
3655 2117 3709 2183 [ι
3732 2135 3837 2176 non

2253 2211 2412 2282 quasi
2433 2227 2465 2266 a
2496 2212 2868 2268 recordatione
2892 2212 3175 2279 exciderit,
3202 2214 3457 2269 admonet
3483 2230 3498 2267 :
3526 2210 3605 2284 et]
3634 2210 3839 2284 signiﬁ—

2254 2308 2344 2356 cat
2375 2285 2532 2357 bonis
2558 2302 2811 2371 operibus
2835 2303 3111 2372 occupari.
3142 2301 3242 2370 Qui
3269 2303 3327 2357 in
3348 2303 3508 2357 malis
3535 2301 3838 2357 actionibus

2254 2391 2544 2457 detinetur,
2587 2408 2693 2447 non
2736 2392 2880 2449 levat
2923 2408 3117 2449 manus
3156 2408 3302 2448 suas.
3344 2392 3415 2447 Et
3459 2393 3741 2448 exercebar
3785 2393 3839 2447 in

2246 2486 2715 2557 justiﬁcationibus
2766 2488 2890 2542 tuis.
2943 2488 3017 2542 lbi
3066 2487 3446 2551 meditabatur,
3497 2486 3591 2543 ubi
3641 2486 3836 2542 mentis

2255 2574 2602 2631 fuitintentio
2631 2574 2824 2649 [Edit.,
2868 2577 2965 2633 Ubi
2994 2578 3312 2643 meditabar,
3343 2576 3433 2632 ubi
3459 2576 3604 2632 enim
3639 2577 3839 2633 mentis

2256 2677 2339 2724 est
2364 2668 2643 2742 intentio];
2688 2671 2779 2726 hic
2818 2670 3193 2738 exercebatur,
3227 2671 3319 2727 ubi
3344 2667 3623 2742 ψει-εὕει
3660 2670 3840 2741 operis

2256 2758 2689 2829 frequentatione
2716 2760 2997 2831 proﬁcere.

2329 2850 2493 2905 Vens.
2509 2851 2595 2905 49.
2613 2881 2682 2891 -
2700 2850 2958 2905 Memento
2972 2852 3107 2906 verbi
3129 2853 3205 2905 :ui
3226 2868 3371 2907 servo
3391 2860 3502 2917 tuo,
3517 2852 3575 2906 in
3594 2850 3839 2923 quomilti

2257 2959 2400 3013 spem
2423 2942 2631 2997 dedisti.
2664 2941 2945 2997 Memento.
2975 2942 3129 3011 Quod
3159 2943 3310 3016 [Ms.,
3335 2942 3482 3015 cum]
3509 2942 3710 2999 dicitur
3732 2942 3841 2995 Deo

2258 3043 2535 3097 ntemento,
2573 3034 2781 3089 orantis
2808 3034 3152 3101 desiderium,
3179 3051 3286 3105 quo
3320 3035 3651 3108 promissum
3687 3048 3841 3089 acce-

2260 3124 2424 3179 lerari
2451 3126 2642 3195 poscit,
2673 3127 3003 3193 ostenditur;
3046 3126 3175 3199 [non
3210 3128 3373 3193 Deus,
3414 3126 3573 3197 quasi
3605 3142 3636 3181 a
3658 3140 3843 3181 recor-

2180 3204 2230 3270 C
2259 3218 2472 3273 datione
2493 3216 2772 3283 exciderit,
2798 3216 3162 3291 admonetur.]
3185 3217 3444 3273 Memento
3463 3232 3615 3289 ergo,
3639 3218 3836 3286 inquit,

2257 3292 2393 3362 v‘erbi
2423 3307 2499 3361 tui
2526 3322 2671 3362 servo
2707 3317 2830 3361 tuo:
2856 3307 2970 3361 Hoc
2993 3316 3097 3371 est,
3122 3307 3282 3376 imple
3309 3308 3636 3378 promissum
3665 3316 3839 3372 tuum,

2256 3399 2312 3452 in
2342 3414 2445 3471 quo
2482 3398 2610 3452 mihi
2638 3414 2780 3469 spem
2820 3397 3031 3463 dedisti,
3063 3398 3165 3454 hoc
3186 3407 3287 3464 est,
3316 3398 3370 3453 in
3398 3412 3505 3468 quo
3527 3396 3697 3453 verbo
3721 3412 3840 3468 spe-

2257 3507 2380 3546 rare
2406 3506 2493 3545 me
2521 3490 2719 3546 fecisti.

2330 3584 2489 3639 Vens.
2518 3582 2607 3636 50.
2635 3611 2703 3624 —-
2728 3581 2859 3636 Hac
2898 3598 2979 3636 me
3024 3581 3290 3636 consolata
3324 3589 3399 3636 est
3442 3581 3498 3634 in
3545 3577 3842 3633 humilitate

2256 3690 2393 3739 mea,
2421 3674 2545 3746 quia
2570 3672 2831 3744 eloquium
2855 3680 3001 3726 tuum
3043 3671 3314 3741 viviﬁcavit
3352 3686 3455 3725 me.
3499 3668 3839 3725 Consolatio-

2255 3783 2378 3827 ncm
2407 3767 2546 3822 inter
2570 3778 2840 3821 aerumnas
2871 3763 3051 3819 saeculi
3090 3763 3236 3817 dedit
3263 3777 3386 3832 spes
3416 3759 3547 3833 [Με.
3579 3759 3839 3818 Consola-

2257 3865 2369 3921 tum
2398 3857 2538 3911 inter
2564 3870 2833 3911 aerumnas
2872 3853 3055 3909 szeculi
3105 3868 3164 3910 se
3211 3852 3341 3908 dicit
3382 3851 3596 3924 spe...]
3648 3850 3842 3906 futura:

2255 3953 2398 4007 vitae.
2427 3949 2491 4004 In
2517 3948 2831 4012 humilitate,
2869 3948 2995 4017 quia
3037 3955 3226 4001 sancta
3256 3944 3511 4017 probatur
3539 3942 3839 4005 humilitas,

2255 4044 2435 4103 omnia
2460 4042 2723 4096 sustinere
2745 4040 3031 4109 patienter.
3063 4036 3200 4104 Quia
3222 4037 3483 4107 eloquium
3505 4046 3655 4089 tuum
3677 4033 3841 4104 viviﬁ-

2256 4136 2387 4195 caril
2414 4150 2518 4187 me.
2551 4132 2785 4187 Causam
2814 4131 2987 4186 reddit
3010 4144 3179 4201 quare
3218 4128 3497 4183 humilitas
3525 4124 3642 4194 ejus
3682 4124 3843 4180 fuerit

2256 4224 2551 4291 consolata,
2584 4224 2709 4295 quia
2748 4237 2874 4294 spes
2919 4218 3305 4278 consolationis
3334 4216 3571 4273 viviﬁcat
3601 4231 3729 4271 eum
3756 4214 3837 4269 af-

2256 4316 2480 4370 flictum.

2330 4408 2490 4463 Vens.
2512 4405 2601 4476 51.
2623 4435 2697 4447 -—
2723 4402 2943 4476 Superbi
2980 4403 3155 4473 inique
3190 4402 3411 4473 agebant
3451 4416 3838 4471 usquequaque,

2257 4515 2288 4552 a
2324 4497 2432 4568 lege
2479 4508 2651 4552 autem
2696 4505 2789 4550 tua
2815 4511 2917 4550 non
2938 4492 3211 4549 declinavi.
3251 4491 3471 4562 Superbi
3512 4491 3710 4562 inique.
3744 4489 3841 4545 Su-

577 4604 747 4659 usque
773 4590 841 4643 ad
880 4590 1040 4644 linem
1080 4589 1275 4644 litterae
1312 4605 1417 4644 non
1459 4588 1657 4646 habent
1702 4593 2153 4663 deprecationem,
2186 4571 2235 4631 ι)
2258 4589 2451 4657 perbos
2476 4586 2698 4657 intelligi
2729 4586 2840 4641 vult
2868 4593 3242 4656 persecutores
3273 4583 3576 4649 humilium,
3606 4583 3711 4637 hoc
3739 4591 3839 4645 est.

578 4679 672 4734 sed
703 4680 1084 4734 narrationem.
1117 4680 1376 4750 Superius
1400 4683 1535 4752 petit
1558 4690 1619 4737 ut
1646 4685 1936 4755 acciperet,
1977 4687 2066 4741 hic
2092 4688 2158 4742 de

575 4770 844 4842 perceptis
889 4773 1091 4841 gratias
1138 4774 1268 4844 agit.
1318 4772 1531 4847 Semper
1576 4791 1737 4833 omne
1775 4787 1987 4849 tempus
2036 4781 2157 4837 vitae

578 4864 859 4933 praesentis
886 4865 1122 4921 ostendit
1146 4884 1158 4919 :
1183 4866 1237 4920 in
1262 4867 1454 4923 seculo
1479 4884 1607 4924 vero
1631 4868 1871 4926 futurum
1901 4872 2157 4927 saeculum

579 4962 864 5011 monstrat.
894 4954 1026 5030 [Lex
1058 4958 1249 5031 (Edit.,
1278 4961 1447 5034 Haec)]
1473 4971 1670 5025 autem,
1705 4980 1867 5033 quam
1895 4973 2157 5034 perpetuo

578 5046 849 5103 custodire
882 5048 1171 5116 desiderat,
1224 5053 1461 5108 charitas
1513 5055 1819 5123 accipienda
1872 5064 1974 5120 est,
2028 5058 2155 5126 quia

578 5138 694 5209 ipsa
727 5147 812 5195 est
833 5140 1105 5211 plenitudo
1132 5143 1264 5214 legis
1289 5162 1300 5197 :
1324 5153 1380 5198 et
1406 5145 1743 5200 cessantibus
1771 5147 1981 5201 caeteris
2003 5163 2155 5201 man-

581 5230 722 5284 datis
749 5230 858 5286 SOla
882 5241 1166 5302 permanet
1200 5234 1252 5288 in
1275 5243 1556 5289 aeternum.

649 5323 813 5396 366
832 5326 994 5381 Vens.
1018 5325 1263 5381 ιὸ.·-Ει
1285 5327 1617 5382 ambulabam
1637 5328 1693 5383 in
1713 5326 2005 5394 latitudine,
2030 5331 2155 5398 quia

584 5416 838 5471 mandata
858 5426 952 5472 tua
976 5418 1247 5490 exquisivi.
1290 5418 1551 5474 Dilatatus
1581 5420 1722 5474 enim
1754 5436 1872 5474 sum
1898 5421 1949 5475 in
1978 5433 2153 5477 custos

580 5508 669 5562 (ba
693 5508 825 5579 legis
849 5517 976 5574 tum,
997 5510 1124 5580 quia
1154 5512 1407 5566 mandata
1434 5518 1526 5564 tua
1554 5511 1836 5579 exquisivi.
1867 5511 2158 5583 Diligenter

578 5610 645 5651 ea
675 5608 1024 5667 perscrutans
1050 5601 1120 5658 ad
1148 5602 1252 5659 hoc
1278 5602 1563 5675 exquisivi,
1593 5609 1653 5657 ut
1684 5602 1958 5657 crederem
1988 5611 2042 5658 et
2076 5605 2158 5660 in-

576 5687 897 5760 telligerem.

2258 4677 2452 4748 impios
2475 4687 2848 4747 persecutores
2872 4679 3108 4747 piorum,
3133 4686 3186 4733 et
3217 4677 3334 4731 ideo
3362 4674 3593 4746 subjecit
3618 4694 3630 4728 :
3662 4674 3704 4727 Α
3732 4672 3839 4744 lege

2259 4776 2430 4819 autem
2459 4775 2549 4821 tua
2577 4783 2680 4819 non
2709 4764 2985 4831 declinavi,
3005 4765 3132 4837 quia
3155 4767 3258 4821 hoc
3283 4780 3427 4820 eum-
3445 4762 3625 4820 facere
3651 4778 3838 4819 eorum

2257 4858 2560 4928 persecutio
2586 4857 2958 4927 compellebat.

2331 4947 2492 5002 Vens.
2521 4947 2608 5000 52.
2642 4976 2709 4987 —-
2734 4946 2936 5011 Memor
2971 4948 3048 5019 fni
3082 4948 3407 5020 judiciorum
3442 4956 3653 5001 tuorum
3684 4963 3717 4999 a
3742 4962 3838 4999 sa?-

2256 5039 2393 5105 culo,
2422 5039 2661 5104 Domine,
2701 5050 2749 5094 et
2786 5041 3084 5096 consolatus
3113 5058 3246 5096 sum.
3274 5040 3474 5094 Memor
3505 5036 3604 5103 fui,
3633 5055 3699 5093 ex
3732 5053 3837 5107 quo

2256 5145 2425 5203 genus
2451 5130 2743 5186 humanum
2771 5135 2997 5204 sumpsit
3028 5133 3326 5189 exordium.
3359 5132 3561 5188 Memor
3589 5130 3667 5185 fui
3692 5132 3839 5200 judi-

2255 5222 2458 5276 ciorum
2488 5230 2699 5276 tuorum
2725 5242 2737 5277 :
2766 5224 2833 5278 Et
2850 5226 2973 5295 quia
2993 5226 3213 5296 probavi
3236 5223 3377 5295 quod
3398 5239 3586 5278 omnes
3610 5224 3709 5277 vite
3733 5232 3838 5277 tua:

2257 5314 2629 5371 misericordia
2659 5324 2715 5370 et
2742 5318 2957 5381 veritas,
2989 5317 3407 5372 consolationem
3434 5317 3652 5388 accepi;
3683 5315 3839 5370 auxi-

2255 5404 2327 5459 lio
2369 5406 2555 5477 gratiae
2609 5415 2711 5462 tute
2755 5407 3061 5463 consolatus
3110 5424 3247 5463 sum.
3297 5405 3537 5462 Intellexi
3582 5424 3681 5477 per
3724 5407 3837 5475 spi-

2258 5497 2417 5552 ritum
2446 5508 2689 5553 sanctum
2712 5499 2853 5569 quod
2879 5506 2936 5553 tu
2967 5506 3225 5553 venturus
3256 5513 3375 5553 eras
3404 5498 3455 5552 in
3484 5511 3666 5551 carne.

2335 5588 2493 5646 Vens.
2534 5590 2618 5645 55.
2648 5622 2717 5631 —-
2755 5590 2985 5660 Defectio
3036 5591 3226 5645 animae
3269 5589 3418 5663 [Ms.,
3454 5587 3640 5662 animi]
3671 5587 3837 5641 tenuit

2261 5696 2341 5736 me
2379 5698 2474 5752 pro
2523 5681 2877 5754 peccatoribus
2930 5681 3403 5754 derelinquentibus
3446 5679 3608 5753 legem
3646 5690 3831 5751 «tuam.

657 5816 682 5844 ι
727 5806 847 5875 Ms.,
890 5808 1318 5883 Salisburgensis
1360 5811 1561 5869 omittit
1608 5811 1772 5868 verba
1817 5813 1971 5870 uncis
2008 5814 2282 5877 conclusa.
