4072 6340
202 371 292 433 605
326 402 327 405 η
1078 360 1479 425 EXEGETlGA.
1499 388 1569 401 --
1604 362 1757 419 EXPl

1861 355 2063 433 Troum
2098 363 2291 422 esse.
2328 362 2554 433 navie.
2594 384 2609 399 ι

3321 366 3425 426 606

201 484 299 549 vn;
325 476 573 534 Ecclesia:
597 473 845 530 allectum
868 474 1231 530 miserationis
1263 474 1515 540 ostendit,
1557 482 1616 529 ut
1650 476 1745 530 do-
1771 481 1823 539 Α
1846 492 1988 533 mus.
2012 476 2192 533 Funus
2210 485 2575 548 peccatorum,
2590 494 2698 535 non
2718 480 2786 535 ab
2804 494 2873 535 co
2891 480 3035 551 quod
3053 489 3178 538 sunt
3202 493 3427 553 peccata

196 573 290 631 teat
327 583 484 643 super
529 566 998 640 prasvaricationes
1032 566 1358 636 iniquorum.
1397 566 1627 624 Necesse
1665 576 1751 623 est

174 650 250 719 ἰιι
271 668 506 718 sanctum
535 659 709 714 virum
735 658 957 713 alterius
983 658 1135 727 culpa
1159 659 1459 725 contristet,
1491 659 1619 715 dum
1640 659 1750 715 ani—

195 767 300 815 mus
321 749 439 821 pius
461 748 643 807 salvos
659 748 777 804 ﬁeri
803 749 1083 805 universos
1110 749 1395 806 desiderat.

256 843 410 898 νω.
454 840 543 896 ει.
566 871 637 881 —
658 839 955 897 Cantabiles
996 841 1125 897 mihi
1161 850 1307 895 erant
1343 840 1750 912 jastiﬁeatioues

193 935 378 998 tumin
409 932 525 989 loco
548 933 979 1006 peregrinatimtis
1011 949 1159 988 mete.
1191 933 1325 989 Cum
1363 932 1582 1000 dicitur,
1614 933 1754 989 Cati--

192 1023 380 1089 labiles,
412 1021 682 1093 signiﬁcat
708 1021 1062 1093 psalmodiam
1108 1038 1231 1078 cum
1270 1037 1468 1091 magna
1520 1023 1751 1079 delecta—

192 1115 322 1190 tione
354 1114 734 1187 peragendam.
776 1113 978 1171 Cantus
1006 1114 1149 1169 enim
1176 1114 1513 1184 superelevat
1539 1113 1752 1171 labores

190 1213 239 1260 et
257 1202 428 1259 aufert
456 1203 636 1257 animo
659 1204 900 1258 taedium.
926 1202 983 1257 In
1013 1203 1131 1259 loco
1152 1204 1418 1260 iaculatus
1436 1205 1563 1271 mei,
1589 1205 1753 1276 signi-

191 1294 301 1370 ﬁcat
340 1294 490 1350 hunc
522 1294 812 1360 mundum,
852 1294 945 1349 ubi
982 1295 1357 1366 peregrinatur
1380 1295 1556 1351 onmis
1579 1297 1671 1365 qui
1696 1296 1752 1351 in

187 1384 401 1440 Domino
428 1383 643 1439 Christo
679 1383 908 1439 devotus
931 1392 1052 1440 est:
1083 1384 1317 1454 Expulso
1342 1386 1561 1454 quidem
1581 1386 1751 1440 Adam

189 1474 245 1529 de
258 1474 535 1545 paradiso,
555 1473 611 1528 in
633 1474 735 1529 hac
759 1483 902 1531 terra
929 1474 1218 1531 incolatum
1248 1475 1503 1547 gerimus.

251 1565 409 1621 Vnus.
454 1564 544 1620 55.
582 1594 652 1604 —
689 1564 892 1619 Memor
934 1565 1012 1636 fui
1059 1575 1207 1619 nocte
1258 1566 1479 1619 nominis
1505 1566 1605 1630 tui,
1648 1564 1757 1619 Do-

185 1656 331 1718 mine,
372 1665 421 1709 et
450 1656 702 1709 custodivi
724 1654 886 1726 legem
911 1665 1074 1710 tuam.
1116 1656 1338 1725 Oportet
1369 1657 1514 1711 enim
1550 1656 1755 1725 fragili-

187 1757 343 1803 tatem
392 1748 712 1819 humanam,
764 1764 889 1817 cum
926 1764 1160 1818 semper,
1214 1757 1328 1804 tum
1368 1750 1661 1818 impensius
1696 1750 1751 1803 in

1849 562 2171 625 declinatum
2190 578 2294 637 est,
2307 571 2403 626 sed
2421 572 2489 625 ab
2508 586 2573 626 eo
2592 570 2735 640 quod
2758 580 2886 627 sunt
2900 581 3232 643 peccatores.
3248 575 3428 634 Funes

1849 660 2030 731 itaque
2046 668 2391 732 peccatorum
2406 661 2784 732 impedimenta
2804 662 3302 739 suntinimicorum,
3314 667 3427 723 sive

1849 751 2187 822 spiritalium,
2210 753 2326 809 sive
2347 752 2664 820 carnalium.
2698 751 2828 825 [Sed
2857 753 3226 828 (Edit.,quaa)]
3255 755 3303 811 si
3326 756 3428 812 im-

1847 846 2051 917 plicant
2068 861 2285 916 corpus,
2306 860 2414 901 non
2436 845 2711 915 implicent
2729 845 2985 902 animam.
3011 845 3092 902 Ob
3112 862 3232 918 quae
3259 848 3427 919 impe-

1853 939 2085 1005 dimenta
2112 939 2213 993 iste
2232 937 2365 1007 legis
2383 937 2480 992 Dei
2496 952 2599 992 non
2618 946 2706 993 est
2723 937 2922 994 oblitus
2945 936 3098 1010 μαι,
3119 938 3179 994 In
3199 956 3306 1010 quo
3324 941 3424 998 iste

1850 1028 1986 1099 legis
2010 1028 2103 1083 Dei
2124 1045 2231 1085 non
2250 1037 2336 1085 est
2354 1028 2570 1084 oblitus.
2598 1067 2611 1083 .
2634 1027 2696 1100 .1,
2722 1029 2851 1099 quia
2874 1044 3054 1085 sermo
3087 1029 3186 1087 Dei
3210 1046 3318 1087 non
3343 1041 3427 1088 est

1854 1120 2127 1192 alligatus.

1896 1214 2086 1273 .Veus.
2112 1213 2199 1267 62.
2238 1243 2309 1253 —-
2337 1211 2515 1267 Media
2555 1223 2701 1268 nocte
2742 1215 3017 1286 surgebam
3059 1216 3129 1271 ad
3171 1217 3425 1287 conﬁten-

1852 1303 1977 1357 dum
2005 1303 2096 1357 tibi
2122 1319 2278 1371 super
2306 1302 2515 1373 judicia
2541 1304 2940 1373 justiﬁcationis
2969 1314 3093 1360 tuae.
3126 1306 3295 1361 Media
3323 1323 3427 1362 nox

1851 1393 2141 1464 profunda
2169 1393 2450 1448 tribulatio
2505 1402 2606 1457 est,
2656 1393 2781 1463 quia
2817 1408 2925 1448 non
2971 1396 3050 1449 sic
3091 1394 3430 1466 afﬂigebatnr

1856 1486 2051 1560 [Edit.,
2097 1486 2478 1558 eil‘ugabatur],
2509 1496 2569 1540 ut
2604 1501 2824 1557 surgere
2846 1504 2953 1544 non
2980 1488 3202 1544 valeret.
3236 1488 3431 1559 Sume-

1852 1580 1946 1635 bat
1969 1588 2147 1635 autem
2170 1589 2229 1636 ut
2259 1580 2608 1637 conﬁteretur
2635 1579 2768 1644 Deo,
2790 1578 2940 1648 justo
2962 1579 3165 1648 judicio
3193 1580 3308 1650 ejus
3337 1583 3430 1637 da-

1854 1678 1962 1729 tam
1991 1670 2367 1739 peccatoribus
2395 1677 2735 1740 potestatem,
2768 1684 2873 1739 qua
2901 1680 3114 1725 sanctos
3142 1687 3429 1740 perseque-

1855 1770 2064 1825 rentur,
2107 1774 2244 1829 quos
2273 1758 2489 1828 adjuvat
2513 1760 2685 1829 gratia
2716 1759 2835 1825 Dei,
2861 1768 2917 1814 ut
2950 1759 3251 1829 huiusmodi
3278 1776 3431 1815 excr-

186 1846 443 1894 nocturno
472 1847 732 1911 tempore,
766 1840 1083 1897 memoriam
1128 1839 1305 1896 facere
1347 1841 1610 1897 Dominici
1657 1858 1752 1897 no.
1780 1846 1829 1906 Β
1848 1853 1983 1909 cina
2008 1850 2250 1909 facerent
2278 1851 2554 1909 clariores.

182 1929 359 1996 minis,
387 1946 510 1987 cum
555 1940 648 1986 aut
692 1932 1062 1988 recordatione
1108 1932 1417 1987 divitiarum
1463 1934 1749 2003 premitur,

182 2026 267 2072 aut
306 2020 755 2092 concupiscentia
787 2021 907 2093 igne
931 2028 1214 2090 torquetur
1240 2039 1252 2075 :
1283 2029 1343 2083 et,
1360 2022 1627 2092 praecipue
1651 2023 1755 2078 hoc

179 2122 421 2175 exorare,
461 2119 519 2164 ut
543 2111 588 2165 si
623 2111 794 2182 legem
830 2111 925 2165 Dei
964 2112 1233 2165 custodire
1261 2111 1443 2181 coepit,
1477 2126 1544 2166 ne
1567 2112 1637 2167 ab
1665 2127 1754 2167 ea-

176 2199 290 2256 dem
319 2201 377 2257 in
408 2201 588 2274 aliquo
618 2203 921 2259 divellatur.

240 2290 408 2347 Vsus.
433 2291 519 2348 56.
550 2324 618 2335 —
642 2291 771 2348 Hae
800 2294 927 2347 mihi
957 2293 1099 2362 facta
1133 2304 1229 2357 est,
1262 2296 1385 2365 quia
1414 2293 1756 2365 justiﬁcatio-

172 2396 259 2437 nes
303 2391 429 2437 tuas
468 2383 739 2452 exquisivi.
768 2382 933 2437 Facta
960 2389 1044 2436 est
1072 2382 1202 2437 mihi
1247 2384 1364 2437 haec
1391 2382 1475 2436 lex
1517 2381 1757 2437 consola-

172 2470 244 2527 tio
280 2479 339 2528 et
379 2469 535 2545 [non]
565 2472 898 2538 scandalum,
926 2479 986 2527 ut
1010 2471 1319 2547 diligentius
1342 2471 1756 2542 iustiﬁcationes

167 2569 291 2617 tuas
317 2563 561 2618 scrutari
584 2562 837 2619 valerem.

236 2651 415 2713 Vnus.
445 2653 533 2708 57.
556 2653 833 2711 —Portio
880 2671 1016 2721 mea,
1066 2654 1303 2722 Domine,
1360 2656 1472 2710 dixi
1498 2655 1757 2709 custodire

172 2744 333 2817 legem
375 2753 550 2805 tuam.
597 2744 782 2803 Portio
822 2762 852 2801 a
894 2755 1051 2818 parte
1091 2747 1232 2801 dicta
1272 2755 1357 2802 cst
1381 2766 1394 2800 :
1422 2747 1565 2803 Illius
1613 2746 1757 2800 enim

173 2837 343 2906 partis
396 2851 605 2902 sumus,
667 2834 820 2905 cujus
865 2838 1230 2891 voluntatibus
1260 2838 1577 2900 obedimus;
1617 2835 1757 2889 unde

174 2926 367 2993 merito
386 2928 567 2999 portio
593 2928 805 2997 piorum
836 2929 996 3001 367
1024 2926 1168 2983 Deus
1197 2927 1413 2994 dicitur,
1448 2926 1577 2996 quia
1605 2924 1753 2996 regni

174 3017 282 3087 ejus
312 3027 444 3075 sunt
486 3019 561 3090 pii
604 3026 659 3075 et
699 3020 893 3075 sancti.
921 3018 1046 3073 Dixi
1091 3017 1349 3072 custodire
1384 3014 1546 3087 legem
1587 3023 1751 3067 tuam.

177 3115 315 3183 Dixi,
363 3114 423 3170 id
458 3124 565 3180 est,
595 3114 757 3170 statui
793 3121 955 3184 atque
985 3112 1216 3167 decrevi.
1253 3109 1403 3165 Felix
1431 3108 1521 3178 qui
1548 3106 1752 3177 portio-

1926 1945 2087 2000 Vsns.
2114 1944 2202 1999 65.
2229 1976 2301 1986 —
2323 1943 2593 2015 Partieeps
2626 1962 2718 2016 ego
2740 1962 2856 2003 sum
2879 1947 3107 2001 omnium
3136 1947 3425 2000 timentium

1854 2046 1925 2101 te,
1951 2046 1998 2091 et
2022 2035 2425 2091 custodientium
2452 2036 2704 2090 mandata
2733 2045 2847 2089 tua.
2880 2035 3036 2091 Modo
3063 2036 3288 2091 ecclesia
3312 2051 3434 2105 par—

1853 2128 2023 2197 ticeps
2048 2136 2135 2185 est
2156 2128 2224 2182 ad
2245 2127 2366 2183 illos
2389 2128 2482 2197 qui
2509 2127 2679 2185 Deum
2710 2127 2901 2185 timent
2925 2128 3119 2183 timore
3142 2134 3349 2193 sancto,
3378 2140 3435 2184 et

1855 2234 1952 2275 sua
1980 2219 2236 2274 mandata
2266 2218 2526 2289 implent:
2551 2219 2818 2288 particeps
2847 2227 2931 2273 est
2956 2233 3077 2274 cum
3102 2218 3207 2273 illis
3236 2219 3287 2273 in
3319 2232 3431 2288 spe,

1855 2309 1962 2373 ﬁde
1987 2318 2043 2365 et
2068 2311 2353 2365 charitate.

1926 2405 2090 2459 Vens.
2119 2402 2208 2458 64.
2232 2431 2303 2442 -
2323 2400 2687 2459 Misericordia
2729 2410 2845 2467 tua,
2888 2400 3140 2465 Domine,
3171 2399 3323 2471 plena
3360 2410 3435 2455 est

1857 2505 2016 2559 terra,
2038 2493 2445 2564 justiﬁeationes
2483 2501 2601 2546 tuas
2625 2492 2751 2545 doce
2776 2508 2876 2547 me.
2907 2491 3331 2553 Misericordiam
3359 2490 3438 2545 fe-

1857 2583 1948 2646 cit,
1975 2583 2190 2655 quando
2209 2582 2360 2636 venit
2377 2596 2475 2639 nos
2500 2582 2798 2646 redimere;
2824 2582 2947 2636 inde
2972 2590 3055 2646 est
3080 2580 3237 2650 plena
3266 2589 3429 2645 terra,
3456 2616 3457 2619 η

1858 2675 1981 2730 inde
2002 2683 2087 2730 est
2107 2681 2297 2730 sancta
2314 2673 2572 2729 Ecclesia.
2595 2672 3007 2741 Justiﬁcatiom
3026 2682 3150 2726 tuas
3168 2672 3295 2725 doce
3320 2687 3399 2725 me
3417 2689 3431 2733 ;

1856 2769 1971 2825 Hoc
1996 2777 2081 2823 est
2110 2774 2202 2823 tua
2228 2767 2502 2832 mandata,
2529 2773 2591 2821 ut
2622 2764 2712 2820 illa
2735 2764 3033 2835 intelligam
3052 2775 3108 2820 et
3126 2765 3435 2833 praedicem,

1857 2867 1911 2917 et
1936 2872 2102 2928 (mere
2120 2858 2393 2928 impleam.

1928 2952 2092 3010 Vsus.
2124 2952 2212 3007 65.
2233 2981 2306 2993 --
2326 2951 2624 3007 Bonitatem
2659 2949 2830 3020 fecisti
2856 2965 2975 3003 cum
2998 2964 3145 3003 servo
3168 2957 3258 3001 tuo
3277 2984 3295 3015 ,
3322 2946 3435 3001 Do-

1855 3044 2015 3107 mine,
2069 3042 2357 3097 secundum
2413 3039 2621 3098 verbum
2661 3047 2832 3093 tuum.
2885 3038 2998 3093 Vox
3047 3026 3330 3108 Propheta;
3380 3035 3436 3090 in

1856 3150 2085 3207 persona
2146 3133 2420 3190 Ecclesiae.
2483 3132 2787 3188 Bonitatem
2833 3130 3044 3197 fecisti,
3100 3126 3320 3199 quando
3375 3127 3433 3182 in

178 3223 296 3264 nem
334 3223 452 3264 non
488 3206 654 3262 habet
680 3206 859 3268 aliam,
892 3205 995 3261 nisi
1020 3203 1306 3259 Dominum
1332 3219 1346 3256 :
1377 3202 1467 3272 qui
1503 3200 1757 3263 honores,
1783 3208 1831 3272 α
1856 3200 2029 3285 'came
2053 3226 2270 3287 venis“.
2298 3234 2354 3281 ει
2379 3239 2481 3280 nos
2522 3224 2817 3278 redemisti.
2847 3222 2978 3289 Cum
3017 3237 3161 3286 um
3198 3230 3312 3285 mg,
3341 3234 3439 3290 ΡΟ,

176 3298 419 3365 divitias,
475 3298 794 3368 cupiditates
838 3311 946 3352 non
994 3302 1174 3359 amat,
1233 3294 1328 3349 sed
1390 3291 1757 3349 tantummodo

178 3388 360 3445 Deum.

240 3481 407 3538 Vsus.
436 3480 530 3536 58.
558 3511 628 3521 ——
653 3480 969 3552 Deprecatus
1011 3495 1128 3534 sum
1165 3477 1353 3547 faciem
1387 3486 1532 3533 tuam
1567 3476 1624 3533 in
1654 3482 1757 3529 toto

173 3575 325 3630 corde
362 3591 515 3641 meo,
552 3574 796 3629 miserere
828 3573 932 3627 mei
972 3571 1258 3626 secundum
1298 3568 1559 3639 eloquium
1587 3576 1757 3621 tuum.

176 3664 311 3721 Bene
349 3664 633 3733 Propheta
664 3660 757 3735 [in
801 3669 912 3718 toto
967 3658 1151 3732 corde]
1202 3660 1520 3728 deprecetur
1567 3654 1757 3708 faciem

177 3753 285 3821 Dei,
308 3756 403 3826 qui
442 3754 708 3810 mundum
733 3767 826 3809 cor
864 3767 923 3808 se
959 3751 1108 3806 novit
1154 3749 1373 3804 habere.
1424 3746 1572 3800 Beati
1616 3744 1759 3799 enim

86 3906 89 3913 ,
175 3840 363 3907 mundo
386 3845 587 3911 corde,
615 3844 862 3918 quoniam
894 3843 990 3914 ipsi
1018 3842 1185 3896 Deum
1211 3837 1471 3893 videbunt.
1516 3834 1761 3890 Miserere

178 3941 271 3999 mei
293 3938 597 3995 “modum
623 3936 884 4010 eloquium
906 3944 1071 3998 tuum,
1102 3948 1200 4003 per
1219 3931 1360 4001 quod
1381 3928 1675 3999 promisisti
1704 3933 1762 3980 ut

177 4038 524 4105 peceatorem
556 4028 611 4091 in
637 4033 864 4083 mortem
890 4039 999 4080 non
1023 4024 1302 4086 obrueres,
1335 4019 1429 4075 sed
1459 4016 1761 4090 misericor-

179 4120 314 4178 diter
341 4119 736 4178 consolareris.

243 4235 411 4292 Vsus.
440 4234 540 4291 69.
562 4252 631 4273 4-
657 4231 796 4297 Quia
846 4228 1065 4300 cogitavi
1111 4227 1220 4280 vias
1260 4241 1423 4289 meas,
1460 4232 1509 4277 et
1535 4223 1763 4279 converti

181 4324 325 4397 [Hs.,
367 4322 567 4395 auerti]
594 4321 747 4394 pedes
786 4334 928 4375 mea
952 4318 1011 4372 in
1035 4317 1330 4372 testimonia
1366 4326 1478 4370 tua.
1511 4312 1766 4369 Ordinem

1857 3318 1987 3391 pulo
2024 3317 2352 3373 Christiano.
2405 3314 2703 3372 Secundum
2739 3316 2946 3369 verbum
2972 3322 3161 3383 tuum;
3200 3312 3436 3367 Verbum

1857 3410 2038 3468 Patris
2072 3408 2240 3471 Filius
2274 3416 2378 3483 est.
2417 3406 2725 3461 Secundum
2765 3404 2987 3459 verbum
3020 3410 3276 3477 tuum,ut
3303 3417 3428 3472 pec-

1860 3511 2046 3560 cantes
2078 3500 2559 3572 [Ms.,peccantem
2586 3496 2693 3569 me]
2718 3512 2824 3551 non
2856 3496 2909 3549 in
2942 3495 3023 3548 ira
3062 3493 3304 3565 punitos,
3336 3492 3437 3546 sed

1860 3592 2230 3649 misericordia
2258 3589 2634 3645 consolareris.

1932 3684 2094 3740 Vsus.
2130 3682 2217 3737 66.
2248 3712 2316 3722 ο·-
2342 3680 2657 3746 Bonitatem,
2700 3688 2747 3733 et
2787 3678 3142 3749 disciplinam,
3186 3686 3235 3731 et
3273 3678 3442 3732 scien-

1862 3777 1991 3829 tiam
2015 3775 2141 3829 doce
2163 3790 2266 3839 me,
2294 3773 2419 3844 quia
2448 3771 2712 3826 mandatis
2733 3771 2836 3824 tuis
2864 3768 3083 3825 credidi.
3124 3770 3289 3845 Docet
3313 3784 3441 3839 ergo

1863 3867 2353 3930 Deusbouitatem,
2394 3863 2706 3933 iuspirando
2744 3860 3025 3917 cbaritatis
3067 3860 3435 3922 dulcedinem;

1863 3960 2019 4017 docet
2044 3958 2404 4028 disciplinam,
2426 3972 2553 4011 cum
2572 3956 2626 4009 in
2657 3953 3095 4009 tribulationibus
3120 3952 3437 4020 patientiam

1864 4052 2038 4108 dedit:
2063 4050 2223 4106 docet
2243 4048 2548 4112 scientiam,
2571 4062 2692 4101 cum
2723 4045 3037 4100 salutarium
3065 4045 3437 4096 mandatorum

1866 4148 1981 4219 ipse
2032 4143 2376 4212 cognoscitur
2428 4139 2661 4194 tributor
2710 4137 2860 4209 [Ms.,
2914 4132 3261 4205 adtributor],
3314 4134 3441 4202 quia

1867 4237 1922 4290 in
1957 4234 2227 4289 mandatis
2260 4232 2365 4293 tuis
2388 4230 2596 4288 credidi
2620 4244 2706 4284 me
2736 4228 2902 4283 vitam
2932 4227 3130 4282 habere
3160 4234 3436 4280 actemam.

1880 4356 1887 4365 θ
1938 4328 2100 4383 Vnus.
2132 4324 2220 4379 67.
2247 4354 2319 4365 —-
2350 4323 2671 4393 Priusquam
2707 4318 3035 4383 Itumiliarer,
3081 4333 3177 4388 ego
3216 4315 3438 4386 deliqui,

178 4416 429 4473 humanm
476 4410 905 4474 conversationis
940 4409 1195 4479 exponit:
1223 4408 1374 4477 prius
1416 4416 1500 4462 est
1534 4405 1678 4459 enim
1708 4411 1757 4459 ul

1865 4425 2137 4491 propterea
2155 4415 2415 4488 eloquium
2436 4422 2583 4469 tuum
2610 4410 2882 4467 custodiri.
2908 4408 3156 4481 [Propter
3183 4408 3439 4477 primum,

181 4511 552 4579 nosmetipsos
600 4518 906 4574 arguamus,
954 4509 1008 4554 et
1052 4502 1130 4554 sic
1171 4500 1237 4554 ad
1276 4499 1525 4553 mandata
1551 4496 1767 4550 Domini
1798 4568 1840 4579 _
1871 4509 2062 4579 inquit,
2104 4506 2361 4563 ἀεικωω
2398 4499 2711 4559 humiliatus
2757 4516 2895 4567 sum,
2935 4506 2989 4554 ei
3014 4512 3081 4553 ne
3108 4513 3325 4554 rursum
3346 4498 3445 4555 1m-

180 4568 505 4674 nmmos.
560 4568 871 4671 [οοέίιιινίι]
914 4596 1029 4651 vias
1069 4609 1197 4649 suas
1240 4592 1434 4665 [Edit.,
1479 4589 1673 4663 meas],
1713 4589 1757 4645 id

1869 4568 2065 4665 milier,
2106 4599 2377 4667 eloquium
2416 4604 2567 4651 tuum
2610 4591 2921 4663 custodivi.]
2969 4590 3043 4644 Ita
3080 4604 3177 4660 per
3212 4589 3443 4661 gratiam

178 4701 280 4760 est,
326 4703 497 4750 actus
544 4693 827 4753 bmuanos,
876 4686 970 4743 sed
1009 4686 1061 4742 ei
1101 4677 1320 4738 munitio
1371 4680 1761 4752 displicebant;

180 4782 463 4856 {ideoque}
518 4780 684 4852 pedes
734 4792 860 4834 suos
909 4774 1175 4831 convertit
1213 4772 1281 4827 ad
1324 4772 1627 4857 testimonia
1655 4770 1763 4825 Do-

180 4873 665 4948 Iainigradienda,
711 4871 765 4926 in
811 4869 1006 4940 quibus
1050 4867 1101 4925 si
1138 4867 1261 4939 quis
1306 4866 1559 4933 ambulat,
1610 4865 1765 4921 ﬁrma

180 4965 641 5037 habeth

254 5058 427 5114 γω.
452 5055 546 5111 60.
572 5083 643 5094 —-
666 5052 896 5107 Paratus
919 5066 1036 5105 sum
1062 5059 1115 5103 et
1136 5065 1239 5104 non
1268 5065 1384 5103 mm
1407 5048 1663 5111 turbatus,
1713 5058 1769 5101 ut

176 5150 489 5204 custodiam
531 5144 809 5222 mandata
832 5153 943 5198 tua.
986 5140 1212 5196 Paratus
1238 5155 1354 5194 sum
1383 5139 1450 5193 ad
1477 5138 1772 5207 praelicen-

1870 4704 2017 4752 tuam
2063 4689 2267 4761 profuit
2307 4688 2541 4758 experiri
2586 4700 2822 4750 coenam,
2854 4690 2913 4738 ut
2940 4682 3276 4752 acquirerem
3318 4682 3445 4736 obc-

1871 4784 2148 4843 dientiam.

1943 4878 2104 4935 Vsus.
2134 4875 2224 4932 68.
2245 4902 2320 4916 --
2344 4872 2524 4933 Bonus
2550 4886 2604 4927 es
2638 4880 2721 4936 tu,
2763 4870 3016 4935 Domine,
3043 4877 3092 4921 et
3129 4868 3182 4920 in
3214 4866 3444 4919 bonitate

1873 4979 1963 5023 tua
2002 4966 2128 5020 doce
2166 4982 2248 5020 me
2286 4963 2690 5037 justiﬁcationes
2717 4971 2855 5015 tuas.
2893 4960 3027 5026 Quia
3068 4972 3226 5028 nemo
3250 4955 3441 5025 bonus,

1874 5059 1983 5114 nisi
1999 5058 2143 5123 Deus
2170 5056 2337 5112 solus.
2360 5055 2501 5112 Vere
2529 5052 2641 5107 vult
2672 5060 2857 5109 autem
2894 5049 3073 5105 facere
3103 5044 3444 5115 justilicatio-

1873 5162 1972 5211 nes
1996 5148 2114 5214 Dei,
2141 5146 2355 5216 quando
2381 5159 2472 5200 eas
2497 5145 2613 5199 sine
2635 5140 2751 5211 ejus
2775 5143 3035 5197 suavitate
3079 5153 3185 5205 non
3227 5134 3342 5188 vult
3365 5133 3444 5187 di-

191 5240 340 5306 dum,
390 5254 511 5295 non
547 5251 667 5292 sum
711 5231 1051 5290 turbatusad
1079 5229 1479 5285 tribulationem
1505 5229 1773 5284 sustinen-
1874 5256 2044 5309 soere.
2127 5272 2140 5284 .

192 5330 313 5386 dam
368 5336 602 5400 propter
662 5326 973 5389 Christum,
1040 5329 1100 5376 ut
1159 5320 1457 5375 custodiam
1522 5320 1770 5387 mandata

1878 5375 1887 5384 .
1951 5332 2106 5387 Vsus.
2144 5330 2234 5385 69.
2260 5326 2709 5399 -Multipticata
2759 5334 2832 5379 est
2880 5339 3034 5393 super
3076 5336 3155 5374 me
3197 5317 3444 5387 adquiras

140 5416 147 5421 ’
191 5431 300 5478 tua.
340 5417 471 5481 NOn
512 5433 599 5475 me
632 5418 1092 5474 conturbaverunt
1128 5413 1306 5482 iniqua
1333 5411 1772 5480 exprobrantium
1878 5422 2237 5494 superborum,
2265 5436 2363 5490 ego
2387 5428 2561 5472 autem
2603 5419 2660 5470 in
2703 5425 2811 5470 toto
2838 5413 2990 5469 corde
3033 5427 3144 5481 meo
3182 5406 3450 5461 scrutabor

177 5512 393 5584 (iacula.

1885 5514 2134 5569 mandata
2173 5523 2284 5566 tua.
2338 5509 2741 5579 Multiplicatam
2792 5520 2951 5574 super
2992 5518 3050 5557 se
3094 5501 3221 5555 dicit
3260 5510 3443 5569 perse~

260 5604 435 5662 Vatis.
468 5600 560 5656 61.
590 5630 661 5642 -—
686 5597 863 5652 Fuues
902 5603 1233 5668 peccatorum
1279 5589 1614 5663 cireumplexi
1661 5600 1782 5646 sunt
1878 5606 2163 5677 ﬂuentium
2190 5603 2549 5672 iniquitatem,
2578 5605 2635 5653 et
2657 5597 2823 5668 338
2844 5596 2964 5651 ideo
2992 5594 3145 5664 petit,
3177 5606 3245 5645 ne
3267 5604 3452 5644 macu-

176 5707 298 5760 lis,
320 5702 372 5751 et
398 5692 573 5763 legem
596 5700 741 5757 tuam
765 5704 870 5744 non
896 5701 1011 5742 sum
1035 5682 1242 5741 oblitus.
1276 5681 1408 5738 Cum
1438 5681 1585 5747 dicit,
1609 5680 1757 5751 funes

1874 5700 2089 5759 daretur
2128 5697 2199 5752 ab
2235 5696 2333 5751 eis.
2363 5693 2478 5765 Ego
2508 5700 2680 5745 autem
2706 5690 2758 5742 in
2796 5697 2902 5742 toto
2928 5685 3081 5741 corde
3108 5700 3218 5737 meo
3240 5688 3447 5735 scruta-

196 5785 445 5842 ostendit
495 5790 573 5837 tot
607 5796 725 5838 esse
751 5780 995 5852 laqueos,
1048 5784 1180 5850 quot
1222 5783 1446 5848 peccata
1495 5774 1781 5831 committi-

1874 5794 1977 5851 ιον
1995 5791 2246 5848 mandato
2273 5796 2387 5856 tua,
2417 5793 2479 5845 ut
2496 5795 2758 5856 quantum
2780 5781 2855 5837 illi
2881 5777 3275 5839 contendebant
3293 5774 3447 5865 sedu-
