4066 6442
554 408 654 465 607

1393 393 1454 452 Β.
1495 395 1556 450 F.
1598 390 1826 448 ALBINI
1862 390 1993 447 SEU
2032 387 2306 446 ALCUINI
2343 387 2626 444 OPERUM
2662 387 2844 443 PARS
2880 386 2942 441 ιι.

3708 393 3811 450 608

554 535 678 577 cere
707 516 902 591 [Edit.,
949 510 1252 583 reducere],
1273 510 1505 565 'tantum
1545 507 1648 562 iste
1674 505 1948 560 videretur
1975 518 2129 557 man-
2156 507 2351 572 Amur
2392 502 2560 558 vitam
2599 509 2892 567 aeternam;
2941 501 3031 555 illa
3074 510 3256 557 autem
3305 504 3584 560 meditatio
3628 507 3816 566 beatos

555 610 697 668 datis
724 607 1018 665 Dominicis
1043 606 1338 660 adhaerere.

627 707 789 762 Vsus.
823 701 913 758 70.
932 729 1005 743 —-
1027 694 1375 767 Coagulatum
1411 701 1488 747 est
1532 692 1666 746 sicut
1703 689 1786 744 lac
1817 705 1908 742 cor
1929 702 2132 749 eorum,

557 814 656 868 ego
675 811 795 850 vero
821 791 983 862 legem
1022 798 1167 842 tuam
1208 784 1490 840 meditatus
1531 797 1668 836 sum.
1700 777 2052 849 Coagulatum
2078 775 2135 832 in

557 889 699 943 bono
724 893 778 940 et
799 885 852 937 in
879 881 1020 936 malo
1041 878 1298 948 ponitur;
1328 876 1420 930 hic
1446 881 1626 928 autem
1655 872 1709 926 in
1734 870 1874 924 malo
1896 869 2133 939 ponitur,

559 977 662 1032 hoc
703 981 786 1028 est
830 969 1078 1040 superbia
1109 966 1374 1021 malorum
1401 983 1413 1016 :
1440 964 1505 1018 de
1547 978 1651 1031 qua
1701 960 1948 1030 superius
1975 957 2132 1023 dixit,

559 1081 678 1136 quae
706 1077 855 1118 more
875 1060 1028 1114 lactis
1049 1059 1102 1112 in
1125 1055 1447 1112 crassiorem
1470 1052 1825 1109 substantiam
1845 1053 2137 1105 constricta

559 1163 679 1220 est;
718 1153 810 1208 sed
839 1151 998 1205 istum
1028 1165 1134 1204 non
1174 1155 1463 1218 potuerunt
1488 1161 1517 1198 a
1541 1144 1658 1211 lege
1697 1141 1908 1197 Domini
1953 1154 2137 1209 segre-

489 1247 492 1250 ’
560 1260 705 1317 gare,
735 1244 861 1314 quia
884 1244 997 1314 ipse
1011 1242 1098 1312 pia
1115 1240 1378 1312 sapientia
1401 1237 1552 1311 [Λίδη
1568 1234 1849 1308 patientia]
1867 1232 2141 1305 superavit

561 1353 674 1392 COS.

632 1429 794 1483 Vsus.
824 1423 912 1479 7i.
935 1452 1008 1464 —
1031 1424 1240 1478 Bonum
1275 1422 1404 1476 mihi
1441 1419 1580 1492 quod
1611 1418 1898 1473 humiliasti
1939 1432 2042 1480 me,
2083 1421 2142 1468 ut

557 1519 759 1574 discam
793 1514 1199 1587 justiﬁcationes
1227 1525 1366 1568 tuas.
1411 1513 1616 1566 Bonum
1663 1509 1814 1572 mihi,
1849 1507 1992 1578 quod
2021 1522 2139 1576 pte-

564 1626 691 1664 nam
727 1605 1041 1677 convertisti
1068 1604 1201 1660 mihi
1229 1605 1296 1659 ad
1326 1603 1680 1673 disciplinam,
1723 1609 1776 1653 et
1813 1598 2141 1653 humiliatio-

564 1716 689 1756 nem
740 1698 807 1752 ad
855 1697 1251 1751 eruditionem:
1283 1695 1407 1763 quia
1448 1691 1859 1762 justificationes
1907 1698 2029 1743 tuas
2068 1689 2142 1742 ita

563 1789 719 1858 cupio
747 1801 970 1841 noscere
1001 1782 1152 1857 [Ms.,
1185 1782 1388 1851 nosse],
1419 1793 1476 1837 ut
1502 1781 1719 1836 faciam.
1746 1780 1860 1834 Non
1892 1780 2032 1834 enim
2057 1787 2144 1833 est

2234 593 2386 661 facit,
2427 594 2519 664 qui
2549 593 2802 663 operibus
2849 594 3051 649 sanctis
3088 595 3349 650 caelorum
3387 611 3548 668 regna
3589 603 3817 672 conqui-

2235 693 2380 739 runt.

2305 778 2467 833 Vnus.
2521 775 3138 848 78.——Confundantur
3185 780 3396 850 superbi
3445 783 3572 852 quia
3622 781 3820 851 injuste

2233 866 2560 939 iniquitatem
2611 868 2842 937 fecerunt
2882 869 2936 922 in
2969 886 3071 934 me,
3093 885 3186 939 ego
3235 879 3408 924 autem
3452 873 3736 926 exercebar
3767 875 3820 928 in

2233 957 2498 1010 mandatis
2534 959 2658 1010 tuis.
2691 956 3120 1013 Confundantur.
3163 959 3420 1027 Quamvis
3467 963 3700 1016 saeviant
3731 979 3819 1018 su-

2233 1048 2408 1117 perbi,
2434 1056 2488 1101 et
2518 1048 2855 1116 iniquitatem
2896 1059 3192 1120 operantur
3223 1052 3275 1105 iu
3303 1062 3542 1117 sanctos,
3573 1055 3819 1111 Charitas

2236 1149 2418 1193 tamen
2457 1139 2669 1208 piorum
2715 1156 2820 1194 non
2867 1139 3185 1211 refrigescit,
3218 1149 3273 1196 et
3299 1143 3682 1197 mandatorum
3731 1143 3821 1199 Dei

2237 1229 2560 1284 exercitatio
2586 1245 2692 1284 non
2721 1231 2934 1286 desinit.

2213 1331 2226 1339 '
2308 1320 2469 1374 Vsus.
2505 1319 2592 1375 79.
2623 1319 3095 1375 -—Convertantur
3116 1323 3244 1376 mihi
3274 1323 3510 1377 timentes
3540 1333 3613 1389 te,
3650 1334 3701 1378 et
3732 1328 3822 1396 qui

2240 1420 2488 1464 noverunt
2532 1412 2827 1466 testimonia
2867 1422 2978 1466 tua.
3021 1413 3134 1467 Hoc
3175 1421 3258 1468 est
3284 1455 3299 1479 ,
3345 1423 3405 1469 ut
3458 1431 3545 1470 me
3601 1416 3824 1473 docente

2241 1512 2628 1570 cognoscentes
2653 1519 2716 1558 ea
2747 1504 2812 1558 ad
2838 1513 2891 1557 te
2913 1506 3157 1559 conversi
3178 1505 3328 1558 ﬁant.
3354 1505 3423 1558 Et
3451 1507 3543 1577 qui
3565 1519 3822 1562 noverunt

2239 1596 2532 1650 testimonia
2561 1605 2672 1659 tua,
2704 1609 2838 1662 quos
2862 1594 3018 1648 lectio
3042 1595 3258 1664 quidem
3283 1596 3461 1650 divina
3493 1597 3706 1662 imbuit,
3734 1600 3824 1654 sed

2243 1685 2471 1740 necdum
2499 1701 2632 1755 opus
2659 1685 2848 1738 salutis
2870 1684 3146 1738 instruxit.

2315 1775 2476 1829 Vsus.
2505 1775 2593 1828 80.
2620 1772 2839 1826 —Fiat
2891 1790 2978 1827 cor
3031 1791 3200 1828 meum
3247 1775 3667 1832 immaculatum.
3729 1778 3825 1835 Hic

563 1893 688 1933 vera
734 1877 959 1938 scientia
1002 1876 1057 1929 in
1107 1875 1306 1929 bonum
1352 1872 1504 1947 [Αἴθη
1551 1870 1720 1943 boni],
1781 1870 1888 1925 nisi
1925 1871 1994 1925 ad
2037 1871 2140 1925 hoc
2169 1849 2214 1909 Β
2245 1883 2461 1937 cor-pro
2493 1868 2673 1922 anima
2702 1867 2940 1936 ponitur,
2988 1881 3052 1920 ac
3079 1868 3122 1921 si
3153 1868 3316 1932 dicat,
3361 1867 3455 1921 fiat
3491 1869 3675 1924 anima
3703 1887 3819 1930 mea

565 1976 920 2040 cognoscatur
946 1965 1028 2038 [ut
1055 1965 1289 2038 agatur].

637 2063 801 2118 Vsus.
839 2061 926 2115 72.
950 2090 1021 2100 —
1047 2059 1252 2114 Bonum
1288 2058 1414 2112 mihi
1446 2056 1528 2111 lea:
1561 2057 1666 2110 oris
1695 2055 1772 2108 tui
1795 2070 1952 2124 super
1977 2053 2146 2108 millia

566 2154 685 2208 auri
707 2163 756 2208 et
781 2152 1002 2223 argenti.
1041 2150 1152 2206 Lex
1188 2151 1300 2206 oris
1347 2149 1441 2204 Dei
1486 2147 1733 2204 Christus
1767 2156 1868 2212 est,
1901 2146 1992 2215 qui
2038 2161 2148 2201 non

564 2243 711 2298 venit
751 2242 924 2314 legem
968 2241 1198 2306 solvere,
1239 2241 1334 2296 sed
1371 2238 1700 2308 adimplere;
1753 2252 1912 2307 quem
1956 2237 2149 2306 praevi-

567 2335 698 2390 dens
741 2335 1006 2404 propheta
1045 2349 1207 2403 super
1243 2347 1431 2388 omnes
1472 2332 1754 2385 thesauros
1793 2329 2144 2398 concupiscit,

565 2427 655 2495 qui
685 2423 836 2498 [Ms.,
865 2423 1014 2497 quia]
1042 2439 1148 2479 non
1185 2424 1360 2478 solum
1391 2422 1598 2478 amicos
1639 2421 1808 2490 diligi,
1857 2421 1953 2475 sed
1982 2419 2148 2474 etiam

568 2519 801 2574 inimicis
835 2519 1092 2588 praecepit
1119 2517 1343 2588 ignosci.

1001 2624 1114 2672 JOD,
1155 2623 1208 2661 ID
1241 2621 1338 2661 EST
1381 2619 1709 2659 PRINCIPIO].

638 2706 800 2761 Vsus.
825 2703 910 2757 75.
941 2731 1012 2743 —
1032 2699 1227 2754 Manus
1252 2707 1358 2752 tua:
1387 2697 1620 2767 fecerunt
1652 2711 1732 2750 me
1773 2705 1819 2749 et
1857 2693 2151 2765 plasmaue-

569 2806 689 2852 runt
712 2813 814 2860 me,
843 2795 912 2849 da
932 2794 1059 2847 mihi
1088 2789 1420 2852 intellectum,
1456 2798 1511 2843 ut
1534 2789 1734 2842 discam
1756 2785 2005 2840 mandata
2035 2796 2148 2840 tua.

573 2891 820 2962 Magnum
849 2896 933 2943 est
972 2886 1138 2951 enim,
1181 2892 1243 2939 ut
1267 2898 1326 2939 se
1353 2883 1514 2937 homo
1553 2881 1817 2950 intelligat
1853 2894 2014 2934 manu
2053 2877 2150 2933 Dei

572 2982 771 3037 factum
819 2979 1262 3050 plasmatumque,
1314 2981 1368 3029 ct
1415 2974 1480 3028 ad
1532 2972 1649 3041 ejus
1696 2971 1985 3041 imaginem
2032 2984 2152 3025 esse

575 3073 960 3143 compositum;
1000 3068 1143 3139 quod
1165 3067 1211 3122 si
1260 3065 1560 3136 agnoverit,
1605 3063 1882 3118 scientiam
1930 3073 2153 3131 poscere

572 3167 746 3231 debet,
774 3174 836 3219 ut
863 3161 1112 3217 mandata
1139 3157 1253 3228 ejus
1281 3157 1542 3228 intelligat
1561 3164 1616 3210 et
1639 3154 1929 3209 custodiat.
1963 3153 2152 3209 Manus

576 3257 787 3313 Domini
811 3256 984 3311 virtus
1009 3262 1065 3308 et
1099 3253 1361 3323 sapientia
1410 3249 1765 3319 intelligenda:
1805 3256 1946 3302 sunt.
1993 3245 2152 3300 Fece-

576 3359 697 3404 runt
743 3349 812 3403 ad
852 3347 1108 3410 animam,
1147 3344 1531 3416 plasmaverunt
1563 3342 1630 3396 ad
1663 3356 1858 3410 corpus
1894 3339 2148 3410 pertinet.

578 3442 646 3496 Et
673 3441 800 3511 quia
827 3439 1003 3494 anima
1026 3437 1314 3507 pretiosior
1343 3445 1426 3490 est
1452 3449 1701 3504 corpore,
1733 3433 1851 3490 ideo
1882 3432 2034 3503 prius
2057 3446 2153 3502 po-

578 3534 686 3588 suit
711 3532 966 3603 fecerunt.

652 3625 812 3681 Vsus.
840 3622 1021 3676 74.—
1046 3620 1150 3688 Qui
1192 3621 1369 3674 timent
1409 3627 1480 3685 te,
1520 3618 1765 3673 uidebunt
1805 3634 1886 3671 me
1923 3625 1971 3671 et
2007 3615 2156 3671 lwta-

581 3719 791 3782 buntur,
823 3717 946 3788 quia
974 3717 1030 3770 in
1050 3715 1204 3769 verba
1233 3724 1325 3768 tua
1350 3712 1728 3784 supersperavi.
1757 3711 1872 3766 Vox
1901 3709 2155 3766 Ecclesize

581 3809 696 3863 lucc
725 3806 876 3879 [Ms.,
925 3804 1050 3878 hoc]
1096 3812 1197 3870 est,
1244 3812 1303 3858 ut
1349 3803 1424 3859 illi
1473 3803 1564 3873 qui
1615 3802 1899 3857 Dominum
1940 3801 2152 3866 timent,

580 3903 797 3956 videant
821 3915 976 3954 suum
1003 3898 1334 3952 intellectum
1373 3905 1429 3950 et
1458 3894 1696 3949 laetitiam
1735 3894 1996 3958 habeant;
2028 3893 2155 3961 quia

583 3991 841 4055 Ecclesia,
869 3989 1084 4059 quando
1108 3988 1251 4042 videt
1275 3986 1407 4041 alios
1437 3987 1687 4040 mandata
1718 3983 1811 4039 Dei
1844 3985 2151 4047 observare,

583 4098 830 4152 magnam
858 4081 1096 4136 laetitiam
1131 4081 1329 4134 habet:
1361 4086 1544 4147 postea
1583 4077 1638 4130 in
1687 4076 1915 4130 invicem
1952 4075 2029 4128 sic
2061 4073 2155 4128 lae-

584 4173 859 4238 tabuntur,
905 4180 959 4227 et
993 4172 1082 4226 hic
1108 4179 1162 4224 et
1192 4172 1244 4225 in
1286 4169 1544 4223 futurum.
1580 4167 1716 4233 Quia
1751 4168 1806 4221 in
1835 4167 1985 4222 verbo
2018 4163 2154 4238 [tuo]

581 4281 757 4335 spero,
785 4266 837 4320 id
864 4274 965 4329 est,
998 4265 1049 4318 in
1081 4263 1296 4319 Christo
1324 4264 1498 4317 habeo
1526 4277 1695 4332 spem.

653 4357 814 4413 Vsus.
837 4355 926 4409 75.
947 4385 1017 4395 —
1039 4353 1287 4423 Cognovi,
1308 4353 1547 4416 Domine,
1571 4353 1694 4423 quia
1714 4353 1929 4423 aequitas
1946 4351 2157 4422 judicia

584 4456 697 4511 tua,
727 4455 773 4499 et
817 4446 871 4498 in
924 4445 1138 4498 veritate
1178 4452 1269 4497 tua
1309 4443 1599 4497 humiliasti
1651 4458 1748 4496 me.
1801 4443 1952 4509 Quod
2007 4443 2155 4507 dicit,

2247 1963 2363 2017 sine
2387 1969 2608 2032 peccato
2642 1960 2874 2015 mortali.
2901 1960 2965 2014 In
2987 1963 3089 2015 tuis
3106 1961 3602 2031 justiticationibus,
3645 1971 3701 2016 ut
3730 1981 3828 2018 non

2246 2051 2560 2121 confundor.
2613 2050 2727 2105 Hoc
2781 2059 2864 2106 est
2908 2057 2967 2104 ut
3020 2067 3129 2106 non
3175 2052 3403 2108 habeam
3453 2051 3825 2109 confusionem

2248 2144 2525 2198 interitum.
3165 2151 3177 2164 ‘

2318 2236 2482 2291 Vsus.
2513 2235 2600 2288 8L
2629 2266 2700 2276 —
2724 2235 2924 2305 Defecit
2950 2237 3008 2290 in
3036 2237 3269 2291 salutare
3301 2236 3444 2310 [Ms.,
3472 2238 3702 2293 salutari
3722 2239 3830 2311 tuo]

2247 2340 2394 2384 tuum
2449 2328 2624 2382 anima
2665 2346 2798 2392 mea,
2832 2338 2878 2382 et
2915 2329 2970 2382 in
3007 2331 3220 2384 verbum
3265 2339 3412 2384 tuum
3451 2333 3829 2402 super-speravi.

2247 2422 2352 2477 Iste
2401 2422 2661 2486 defectus,
2712 2437 2818 2476 non
2867 2423 2970 2477 fide
2998 2438 3056 2476 se
3081 2419 3362 2487 defecisse,
3408 2423 3703 2493 significat,
3744 2423 3833 2478 sed

2249 2517 2303 2572 in
2352 2525 2497 2570 tanta
2547 2515 2799 2570 desiderii
2849 2516 3217 2586 magnitudine
3261 2531 3319 2572 se
3364 2515 3651 2586 fatigatum
3689 2534 3837 2572 mon-

2251 2615 2404 2670 strat,
2434 2615 2492 2660 ut
2520 2606 2586 2660 ad
2611 2605 2878 2660 defectum
2905 2605 3272 2660 felicissimum
3293 2607 3626 2676 perveniret.
3664 2606 3731 2660 In
3759 2625 3837 2662 sa-

2251 2699 2458 2762 lutare,
2515 2697 2657 2767 quod
2706 2695 2968 2751 Hebraice
3015 2697 3214 2752 dicitur
3257 2695 3413 2752 Jesus
3452 2716 3465 2751 :
3510 2707 3559 2751 et
3608 2699 3665 2750 in
3716 2696 3839 2750 Ver-

2253 2792 2373 2845 bum
2409 2801 2590 2856 tuum,
2632 2789 2688 2844 id
2726 2798 2838 2856 est,
2878 2789 2934 2844 in
2975 2790 3353 2859 Unigenitum,
3405 2791 3498 2861 qui
3542 2798 3629 2846 est
3666 2793 3838 2845 virtus

2251 2881 2369 2936 Dei.

2322 2971 2486 3042 369
2504 2971 2666 3027 Vsus.
2686 2969 2774 3027 82.
2799 3001 2870 3011 —
2891 2971 3200 3040 Defecerunt
3220 2971 3358 3025 oculi
3379 2973 3478 3027 mei
3491 2973 3548 3026 in
3572 2971 3840 3043 eloquium

2255 3072 2421 3127 tuum,
2449 3063 2696 3127 dicentes,
2721 3063 2931 3132 quando
2965 3062 3314 3116 consolaberis
3343 3079 3442 3116 me.
3481 3062 3620 3118 Ecce
3652 3079 3846 3118 rursus

2203 3199 2220 3220 ,
2256 3153 2310 3207 ἱη
2334 3152 2524 3217 oculis,
2568 3153 2660 3208 sed
2686 3153 2872 3222 utique
2905 3154 3286 3217 interioribus,
3316 3151 3600 3207 laudabilis
3633 3161 3690 3207 et
3716 3154 3847 3210 felix

2254 3245 2342 3300 ille
2370 3244 2630 3308 defectus,
2678 3259 2783 3298 non
2813 3243 3032 3297 veniens
3061 3259 3126 3297 ex
3158 3243 3472 3298 infirmitate
3501 3245 3698 3307 animi,
3747 3245 3847 3300 sed

2252 3353 2318 3392 ex
2349 3335 2659 3390 fortitudine
2687 3334 2938 3389 desiderii
2961 3335 3012 3388 in
3037 3335 3358 3404 promissum
3385 3333 3514 3397 Dei;
3547 3335 3651 3388 hoc
3695 3335 3848 3388 enim

2254 3429 2330 3483 ait
2356 3429 2412 3482 in
2435 3427 2696 3498 eloquium
2729 3437 2876 3481 tuum
2901 3442 2918 3480 :
2952 3425 3134 3480 tandiu
3161 3426 3304 3479 enim
3331 3424 3460 3479 dicit
3484 3440 3541 3479 se
3572 3423 3847 3482 defectum

2251 3517 2558 3588 pertulisse,
2605 3517 2774 3571 donec
2798 3524 3107 3586 exspectata
3140 3515 3440 3568 incarnatio
3478 3514 3690 3568 Domini
3719 3529 3850 3568 cor-

2255 3609 2338 3664 dis
2363 3608 2667 3679 aspectibus
2695 3616 2999 3677 appareret.
3031 3605 3256 3672 Quando
3283 3605 3631 3660 consolaberis
3657 3622 3754 3670 me,
3791 3605 3850 3660 :‘d

2254 3712 2358 3768 est,
2405 3703 2618 3772 quando
2658 3701 2856 3765 veniet,
2888 3699 3028 3769 quod
3052 3700 3393 3769 promisisti?

2326 3797 2488 3851 Vsus.
2519 3797 2606 3851 83.
2637 3824 2708 3834 —
2739 3792 2877 3858 Quia
2905 3793 3075 3862 factus
3107 3810 3219 3847 sum
3249 3795 3382 3848 sicut
3410 3803 3524 3848 uter
3542 3795 3596 3848 in
3624 3794 3848 3864 pruina,

2247 3887 2655 3958 justiﬁcationes
2694 3895 2810 3938 tuas
2842 3901 2944 3938 non
2981 3901 3096 3938 sum
3119 3883 3325 3938 oblitus.
3360 3883 3614 3954 Superius
3637 3885 3853 3954 petive-

2259 3986 2342 4032 rat
2368 3976 2655 4039 consolari,
2691 3989 2836 4028 nunc
2863 3990 3080 4030 causam
3106 3975 3280 4028 reddit
3305 3975 3671 4029 subveniendi.
3713 3973 3854 4029 Uter

2258 4074 2402 4129 enim
2429 4087 2624 4141 corpus
2663 4070 2889 4125 mortale
2937 4069 3234 4139 significat,
3280 4069 3474 4138 pruina
3516 4067 3851 4122 beneﬁcium

2257 4162 2624 4220 conversionis
2661 4159 2856 4233 [Edit.,
2902 4156 3347 4230 conversationis]
3388 4158 3638 4213 ostendit.
3689 4155 3857 4210 Sicut

2259 4265 2439 4310 autem
2483 4265 2604 4308 uter
2636 4251 2834 4322 frigore
2877 4250 3085 4321 glaciali
3129 4249 3467 4304 contrahitur
3492 4289 3508 4314 ,
3542 4248 3620 4303 sic
3663 4248 3857 4304 carnis

2258 4358 2456 4405 nostrae
2485 4348 2752 4402 incentiva
2782 4346 3032 4400 vitiorum
3069 4343 3361 4398 afﬂictione
3409 4340 3733 4412 pmuitentite
3765 4349 3857 4396 te.

2260 4450 2513 4506 nuantur,
2563 4447 2623 4494 ut
2660 4437 3105 4508 justifieationum
3135 4436 3346 4492 Domini
3382 4450 3491 4490 non
3523 4432 3860 4490 obliviscan-

585 4535 896 4605 coguovisse
939 4549 996 4588 se
1037 4533 1239 4603 judicia
1289 4533 1521 4597 Domini,
1567 4532 1696 4586 illud
1731 4532 2020 4602 significat,
2052 4532 2156 4606 [ut]
2187 4550 2238 4612 υ
2263 4537 2367 4586 tur.

587 4627 857 4680 hominem
884 4625 1048 4679 animi
1098 4632 1304 4679 tumore
1331 4631 1644 4694 peccantem
1673 4623 2013 4678 humiliatum
2039 4641 2163 4680 cor-

589 4717 748 4784 rigat,
783 4722 838 4768 et
861 4714 1248 4784 supplicantem
1284 4715 1386 4769 sibi
1412 4713 1588 4768 divina
1622 4715 1990 4769 misericordia
2020 4717 2161 4770 reci-

587 4806 716 4873 piat.
749 4803 877 4871 Quis
903 4805 1044 4860 enim
1078 4805 1287 4860 dubitet
1314 4820 1536 4861 summa:
1567 4806 1837 4876 aequitatis
1867 4819 1986 4860 esse
2019 4805 2163 4873 judi—

588 4896 750 4961 cium,
776 4904 834 4950 ut
866 4896 957 4965 qui
981 4910 1077 4966 per
1099 4897 1408 4966 superbiam
1439 4895 1685 4966 deliquit,
1716 4897 1908 4953 devota
1944 4897 2162 4953 humili-

589 4998 696 5044 tate
726 4997 998 5062 purgetur.

664 5083 824 5138 Vsus.
857 5082 943 5136 76.
978 5111 1038 5124 -
1063 5079 1188 5136 Fiat
1230 5099 1366 5137 nunc
1412 5083 1773 5138 misericordia
1813 5092 1922 5148 tua,
1952 5091 2009 5136 ut
2035 5099 2161 5138 con-

589 5172 786 5228 soletur
819 5191 923 5240 me,
958 5173 1243 5228 secundum
1277 5173 1537 5244 eloquium
1567 5183 1714 5228 tuum
1738 5192 1883 5229 servo
1903 5185 2012 5229 tuo.
2042 5173 2164 5229 Fiat

590 5281 718 5336 ergo
741 5265 1109 5320 misericordia
1131 5273 1219 5318 tua
1242 5266 1532 5320 secundum
1553 5267 1964 5336 promissionem
1988 5275 2159 5333 tuam,

591 5365 653 5411 ut
679 5357 1030 5427 praesentibus
1053 5354 1365 5411 muneribus
1406 5356 1633 5424 accipiat
1673 5357 1914 5411 mortalis
1937 5358 2048 5411 vita
2075 5373 2162 5414 so-

590 5445 814 5513 latium,
863 5456 918 5501 et
963 5444 1140 5500 futura
1183 5444 1496 5500 teternitatis
1547 5445 1688 5501 bona
1741 5447 2015 5517 patienter
2060 5463 2162 5504 ex»

597 5545 824 5609 spectet.

662 5629 1042 5695 V'Eus._77.——
1072 5626 1290 5682 Veniant
1337 5628 1462 5682 mihi
1518 5627 1874 5684 miserationes
1921 5640 2055 5696 tuae,
2114 5640 2163 5686 et

594 5723 781 5786 uiuam,
808 5723 930 5794 quia
967 5723 1051 5777 lea:
1085 5731 1176 5776 tua
1213 5720 1479 5776 meditatio
1517 5739 1632 5776 mea
1680 5732 1774 5777 est.
1826 5705 2163 5780 sufﬁcienter

594 5824 907 5883 erpressum
947 5820 1050 5878 est,
1091 5812 1234 5882 quod
1275 5826 1373 5882 per
1413 5813 1838 5871 misericordiam
1868 5829 2164 5886 consequa-

2334 4621 2496 4678 V'Eus.
2526 4620 2615 4676 84.
2646 4649 2718 4660 —-
2748 4617 2885 4684 Quot
2921 4627 3041 4672 sunt
3069 4618 3179 4672 dies
3211 4619 3343 4672 servi
3377 4616 3476 4682 tui,
3501 4614 3713 4688 quando
3753 4613 3858 4683 fa-

2263 4714 2365 4768 cies
2407 4714 2471 4766 de
2494 4712 2913 4783 persequentibus
2952 4726 3031 4764 me
3059 4709 3368 4780 judicium?
3414 4707 3605 4763 Sciens
3628 4715 3860 4763 sancto-

2264 4819 2382 4858 rum
2414 4811 2586 4858 caelus
2614 4815 2784 4871 usque
2808 4801 2861 4855 in
2903 4800 3062 4856 finem
3093 4800 3273 4856 saeculi
3313 4801 3699 4856 tentationibus
3731 4800 3860 4855 dia-

2261 4893 2448 4950 bolicis
2475 4893 2714 4947 membra
2734 4891 2942 4947 Domini
2965 4892 3267 4962 subiacere,
3289 4891 3608 4962 interrogat,
3632 4892 3861 4960 quando

2263 4985 2494 5040 mundus
2538 4983 2638 5039 iste
2676 4985 2938 5047 finiretur,
2978 4992 3038 5037 ut
3071 4984 3137 5038 de
3182 4983 3639 5052 persecutoribus,
3688 4983 3741 5037 id
3767 4991 3859 5038 est

2263 5077 2496 5143 diabolo,
2526 5092 2648 5132 cum
2679 5075 2942 5131 ministris
2967 5086 3264 5147 praeparata
3289 5076 3422 5133 ultio
3469 5075 3853 5147 compleatur:

2262 5175 2317 5222 et
2341 5167 2674 5223 celeritatem
2705 5166 2870 5222 futuri
2892 5165 3337 5236 judiciioptabat,
3373 5167 3427 5221 in
3457 5182 3565 5236 quo
3584 5164 3704 5234 jam
3733 5168 3862 5224 bea-

2263 5263 2334 5329 tis
2359 5263 2464 5318 erit
2489 5263 2724 5332 requies,
2753 5269 2808 5316 et
2833 5261 3085 5333 gaudium
3119 5261 3233 5316 sine
3257 5259 3362 5315 ﬂne
3387 5275 3729 5315 mansurum.

2337 5351 2497 5407 Vsus.
2529 5350 2617 5407 85.
2647 5380 2717 5390 -
2747 5348 3112 5404 Narraverunt
3133 5351 3258 5404 mihi
3283 5349 3448 5422 iniqui
3477 5349 3858 5419 fabulationcs,

2262 5445 2353 5501 sed
2383 5461 2486 5498 non
2509 5453 2565 5497 ut
2607 5441 2691 5497 lex
2728 5446 2854 5508 tua,
2904 5441 3144 5496 Domine.
3192 5441 3575 5495 Narraverunt.
3619 5439 3860 5496 Fabulas

2264 5551 2524 5591 vanarum
2553 5533 2883 5604 opinionum,
2911 5533 3240 5588 delectabilis
3263 5532 3460 5602 eloquii
3487 5540 3604 5585 arte
3631 5545 3862 5602 compo-

2264 5632 2395 5688 sitas
2419 5630 2488 5685 ab
2510 5629 2726 5698 iniquis,
2754 5626 2884 5682 dicit
2915 5640 3034 5680 esse
3073 5635 3358 5690 narratas;
3399 5625 3493 5680 sed
3517 5623 3652 5678 nihil
3688 5638 3751 5678 se
3800 5624 3860 5678 in

2265 5726 2344 5781 eis
2372 5724 2503 5780 utile
2531 5723 2812 5793 reperisse,
2845 5721 2985 5775 sicut
3010 5720 3065 5774 in
3091 5719 3208 5791 lege
3236 5718 3468 5786 Domini,
3499 5717 3553 5772 in
3590 5731 3700 5786 qua
3726 5729 3862 5772 eum

2264 5817 2485 5880 veritas,
2521 5828 2631 5869 non
2660 5811 2826 5867 verba
2846 5807 3137 5867 delectant.
