4072 6340
195 323 289 381 609

1056 317 1469 378 EXEGETICA.
1508 346 1581 362 -—
1610 311 1978 373 EXPOSITIO
2011 314 2081 371 IN
2117 313 2316 373 PSAL.
2353 315 2578 391 CXVIII.

3362 316 3469 376 610

218 500 223 505 ε
253 435 409 493 Vens.
439 431 528 488 86.
554 460 628 476 --
656 431 850 489 Omnia
904 433 1159 490 mandata
1220 442 1314 489 tua
1367 433 1599 498 ueritas;
1666 430 1773 485 ini-
1798 434 1849 492 Α
1874 436 1931 483 ut
1959 430 2231 500 perderent
2269 449 2371 498 me,
2403 429 2701 487 testimonia
2734 437 2828 485 tua
2865 428 3117 487 intellexi.
3156 430 3343 504 Longo
3382 447 3472 489 me

194 527 275 601 qui
314 524 565 597 persecuti
612 533 734 579 sunt
767 541 860 599 me
884 566 901 592 ,
948 525 1145 596 adjuva
1192 542 1293 581 me.
1360 524 1560 581 Contra
1607 524 1778 579 haere-

195 619 410 675 ticorum
459 614 819 673 fabulationes
859 616 991 673 dicit
1013 617 1221 690 :omnia
1260 616 1514 673 mandata
1564 615 1781 671 Domini

195 723 302 765 esse
329 706 634 763 veritatem.
677 706 856 780 Iniqui
885 709 1141 780 persecuti
1167 718 1289 764 sunt
1316 725 1419 774 me,
1455 707 1663 764 scilicet
1688 707 1782 762 do-

194 799 350 857 cendo
390 812 670 870 perversa,
720 800 998 856 suadendo
1043 800 1218 868 falsa;
1270 816 1402 872 ergo
1432 796 1626 867 adjuva
1670 812 1776 863 me,

193 902 248 949 ut
273 899 473 949 certem
508 907 608 963 pro
638 893 868 948 veritate
895 901 986 947 tua
1016 908 1187 964 usque
1213 893 1282 949 ad
1310 901 1563 947 mortem.

258 986 419 1042 Vens.
453 984 543 1042 87.
573 1016 645 1027 -
674 984 849 1042 Paulo
872 987 1046 1042 minus
1073 993 1566 1041 consummaverunt
1614 999 1696 1037 me
1723 983 1781 1036 in

195 1088 356 1144 terra,
402 1094 495 1149 ego
537 1086 714 1133 autem
754 1095 859 1135 non
885 1077 1139 1151 dereliqui
1173 1078 1427 1133 mandata
1458 1087 1569 1130 tua.
1614 1075 1784 1131 Valde

192 1187 273 1227 me
298 1171 603 1241 corporalia
632 1172 765 1227 vitia
800 1171 855 1227 in
887 1180 1090 1228 terram
1123 1171 1519 1237 humiliassent,
1551 1169 1656 1224 nisi
1688 1184 1783 1225 cu-

192 1262 468 1319 stodissem
507 1263 763 1319 mandata
795 1264 995 1320 divina.

258 1353 421 1408 Vens.
451 1352 539 1409 88.
570 1384 642 1395 —
667 1352 969 1410 Secundum
994 1354 1413 1410 misericordiam
1455 1363 1624 1419 tuam,
1672 1351 1783 1407 Do-

191 1444 338 1509 mine,
364 1444 571 1514 vitri/ica
592 1462 710 1501 me:
755 1446 811 1501 in
844 1454 1104 1503 aeternam
1128 1447 1328 1512 vitam,
1381 1447 1509 1516 quia
1532 1447 1647 1518 jam
1675 1461 1781 1502 non

190 1537 314 1592 mihi
339 1537 486 1605 vivo,
528 1539 661 1594 vivit
699 1554 830 1596 vero
857 1541 911 1596 in
938 1556 1025 1596 me
1055 1540 1322 1597 Christus.
1377 1538 1447 1595 Ut
1488 1539 1782 1595 custodiam

190 1630 478 1685 testimonia
507 1632 613 1687 oris
639 1632 737 1686 tui.
787 1632 884 1689 Vel
904 1649 970 1689 ea
995 1649 1116 1707 qua:
1144 1634 1201 1688 iu
1224 1633 1342 1705 lege
1379 1634 1670 1694 mandasti.
1697 1632 1781 1687 vel

190 1717 273 1772 illa
313 1734 436 1788 quae
460 1719 515 1774 in
541 1719 847 1792 Evangeliis
876 1721 1171 1792 protulisti.

1882 522 2179 578 certamine
2216 522 2456 579 adversae
2499 528 2798 595 potestates
2843 521 3178 595 impugnant,
3230 523 3326 579 sed
3368 537 3471 596 ego

1881 611 2187 686 intelligens
2230 615 2541 672 testimonia
2584 624 2677 671 tua
2723 614 3149 672 consolationem
3181 614 3364 687 recepi
3403 628 3473 670 ex

1881 720 1984 763 eis.

1880 838 1892 849 .
1956 799 2116 855 Vens.
2144 798 2235 857 96.
2262 831 2334 842 —
2362 798 2546 856 Omnis
2571 798 3035 855 consummationis
3058 797 3164 853 vidi
3189 798 3369 869 ﬁnem,
3392 795 3476 854 la-

1881 897 1994 943 tum
2034 891 2346 946 mandatum
2370 901 2518 945 tuum
2553 891 2730 945 nimis.
2778 888 3312 945 Consummationem
3344 886 3480 943 dicit

1880 984 2122 1040 omnium
2152 984 2415 1040 virtutum
2462 984 2838 1055 completivam
2872 981 3282 1054 perfectionem,
3324 978 3480 1050 cujus

1883 1072 2007 1129 ﬁnis
2041 1083 2127 1131 est
2162 1074 2444 1141 Christus,
2498 1090 2660 1146 quem
2697 1074 2967 1132 credendo
3012 1072 3262 1145 prmvidit
3290 1080 3479 1128 ventu-

1882 1184 2025 1235 rum,
2058 1167 2210 1239 cujus
2254 1176 2310 1225 et
2344 1169 2587 1225 mandati
2629 1168 2967 1225 latitudinem
2998 1167 3247 1223 miratur.
3284 1164 3342 1220 In
3370 1180 3479 1235 quo

1883 1260 2138 1316 nimirum
2188 1261 2512 1317 charitatem
2560 1259 2870 1332 signiﬁcat,
2904 1275 3025 1330 qua:
3073 1274 3171 1314 sua
3198 1256 3482 1312 latitudine

1882 1352 2064 1407 omnia
2099 1350 2354 1406 mandata
2378 1351 2434 1407 in
2464 1366 2523 1407 se
2552 1350 2950 1421 complectitur.
2983 1349 3119 1405 Nam
3143 1364 3268 1405 cum
3296 1347 3480 1404 omnia

1882 1442 2137 1497 mandata
2170 1441 2447 1508 ﬁnientur,
2478 1442 2594 1511 ipsa
2620 1439 2735 1497 sola
2773 1440 2827 1495 in
2856 1450 3120 1496 aeternum
3146 1438 3407 1495 manebit.
3509 1444 3514 1450 ‘

1950 1534 2114 1589 Vens.
2157 1532 2247 1588 97.
2298 1562 2369 1572 -—
2413 1531 2688 1598 Quomodo
2737 1530 2899 1586 dilexi
2947 1530 3109 1603 legem
3155 1540 3330 1596 tuam,
3373 1528 3483 1583 Do-

1882 1625 2069 1679 mine?
2123 1633 2233 1679 tota
2282 1624 2369 1678 die
2394 1623 2666 1678 meditatio
2712 1638 2828 1677 mea
2869 1631 2964 1677 est.
3008 1620 3286 1689 Quomodo
3320 1617 3483 1675 dilexi

1883 1720 2059 1792 legem
2086 1720 2270 1775 tuam?
2302 1719 2415 1785 Sic,
2443 1717 2639 1790 inquit,
2673 1717 2839 1773 dilexi
2868 1717 3040 1789 legem
3070 1715 3212 1779 ﬁdei,
3247 1729 3366 1786 quae
3387 1727 3486 1783 per

255 1811 421 1867 Vens.
456 1812 546 1869 89.
577 1843 649 1853 —
685 1812 754 1868 In
781 1823 1052 1879 aeternum,
1098 1815 1345 1881 Domine,
1394 1815 1604 1870 verbum
1632 1824 1781 1869 tuum
1812 1803 1860 1863 Β
1888 1815 2228 1872 dilectionem
2257 1822 2537 1886 operatur,
2585 1822 2647 1870 ut
2688 1820 2801 1870 tota
2827 1812 2933 1877 die,
2970 1811 3027 1866 id
3072 1818 3156 1866 est
3195 1804 3309 1865 toto
3345 1815 3485 1863 tem-

189 1912 453 1973 permanet
494 1905 552 1958 in
595 1903 741 1960 coelo.
791 1904 932 1960 Dicit
964 1907 1191 1961 verbum
1220 1907 1433 1963 Domini
1461 1922 1784 1978 permanere

189 1995 241 2049 in
278 1995 435 2060 coelo,
471 1996 526 2052 id
568 2004 653 2053 est
698 1997 753 2052 in
784 1997 1005 2065 sanctis,
1050 2014 1186 2069 quos
1219 2000 1285 2055 de
1314 2007 1495 2055 morte
1543 1997 1675 2053 facit
1704 1997 1785 2052 vi-

188 2104 335 2156 vere,
375 2100 432 2148 et
468 2092 535 2148 de
562 2092 907 2149 tribulatione
932 2094 1206 2165 gaudere;
1247 2094 1361 2150 sive
1389 2095 1443 2148 in
1471 2093 1785 2149 ccelestibus

186 2182 497 2249 virtutibus,
536 2199 658 2255 qua:
692 2184 809 2254 ejus
840 2201 1054 2257 semper
1080 2186 1339 2241 insistunt
1365 2185 1690 2241 ministerio.

253 2275 423 2331 Vens.
456 2274 546 2331 90.
568 2306 643 2317 —
667 2274 735 2330 In
772 2275 1022 2330 sarculum
1048 2276 1228 2331 swculi
1270 2277 1459 2331 veritas
1503 2285 1618 2341 tua,
1663 2276 1782 2346 [αγις

180 2365 323 2423 dasti
349 2377 549 2422 terram
571 2377 619 2421 et
646 2377 934 2438 permanet.
978 2366 1246 2421 Strculum
1274 2366 1450 2436 legem
1473 2373 1528 2420 et
1554 2366 1788 2435 prophe-

179 2467 301 2526 tas;
334 2457 523 2513 seaculi
548 2457 816 2527 signiﬁcat
842 2458 1133 2530 Evangelia
1168 2466 1223 2513 et
1251 2457 1545 2528 apostolos,
1588 2458 1642 2512 in
1669 2459 1789 2527 qui-

174 2549 284 2607 bus
313 2559 403 2605 est
427 2550 646 2614 veritas,
690 2565 811 2619 quae
845 2557 926 2605 est
951 2548 1201 2605 Christus
1236 2549 1533 2605 Dominus:
1585 2558 1788 2604 terram

180 2650 393 2707 autem,
437 2642 541 2696 hoc
568 2648 651 2697 est
675 2641 966 2696 humanam
1000 2651 1269 2707 naturam,
1302 2658 1369 2699 ex
1420 2651 1573 2713 parte
1618 2651 1788 2698 totum

182 2733 522 2805 signiﬁcans,
553 2734 608 2788 in
635 2733 837 2787 sanctis
863 2731 1128 2799 fundavit,
1173 2742 1232 2788 ut
1259 2735 1314 2788 in
1341 2749 1437 2789 sua
1467 2733 1788 2789 credulitate

182 2834 583 2898 permaneant:
631 2826 757 2895 quia
804 2824 910 2881 nisi
960 2826 1076 2896 ipse
1116 2826 1418 2893 fundasset,
1466 2844 1574 2883 non
1603 2828 1791 2883 crede-

185 2925 325 2982 rent,
371 2932 477 2974 nec
524 2923 950 2989 permanerent:
999 2916 1237 2987 fundasti
1263 2927 1459 2973 terram
1495 2928 1545 2973 et
1580 2904 1811 2990 perma-i

189 3017 293 3063 net.

1883 1921 2040 1977 pore,
2072 1905 2359 1962 meditatio
2387 1919 2509 1959 mea
2534 1903 2625 1958 sit.

1956 2016 2122 2072 Vens.
2139 2016 2303 2072 98.—~
2315 2013 2743 2086 Superinimieos
2758 2029 2899 2069 meos
2921 2010 3227 2084 prudentem
3250 2024 3333 2063 me
3360 2005 3491 2078 feci-

1884 2107 1952 2161 sti
1978 2107 2229 2162 mandato
2267 2116 2378 2168 tuo,
2425 2107 2553 2178 quia
2594 2105 2651 2159 in
2694 2116 2945 2161 teternum
2974 2104 3101 2158 mihi
3128 2111 3224 2158 est.
3274 2099 3488 2157 Inimici

1884 2200 2161 2270 propheta:
2174 2198 2344 2254 Judaei
2369 2206 2518 2264 sunt,
2539 2197 2631 2267 qui
2654 2196 3007 2266 spiritualiter
3026 2210 3133 2251 non
3151 2194 3487 2265 intelligunt:

1860 2288 2083 2358 quibus
2120 2289 2531 2359 prudentiorem
2558 2288 2827 2357 Propheta
2868 2303 2930 2343 se
2956 2286 3120 2352 dicit,
3166 2288 3293 2356 quia
3322 2285 3376 2338 in
3402 2283 3490 2339 his

1889 2379 2161 2435 mandatis
2209 2395 2330 2449 quae
2360 2380 2416 2434 in
2446 2387 2712 2449 aeternum
2739 2385 2939 2444 servat,
2988 2383 3275 2433 venturum
3304 2375 3489 2431 Domi-

1887 2485 2018 2524 num
2046 2448 2326 2539 praevidet.
2620 2448 2655 2481 ⁸

1962 2562 2127 2617 Vens.
2157 2561 2246 2617 99.
2287 2590 2359 2601 —
2393 2558 2566 2633 Super
2611 2577 2790 2617 omnes
2832 2560 3074 2615 docentes
3119 2575 3201 2614 me
3237 2558 3490 2627 intellexi,

1887 2656 2014 2727 quia
2058 2655 2358 2709 testimonia
2398 2664 2492 2708 tua
2528 2654 2798 2709 meditatio
2846 2669 2962 2707 mea
3011 2660 3108 2707 est.
3160 2651 3307 2719 Quos
3334 2666 3494 2722 supe-

1888 2746 2022 2802 riori
2075 2762 2236 2802 versu
2285 2745 2536 2801 inimicos
2582 2745 2760 2812 dixit,
2809 2745 2900 2800 hic
2944 2745 3194 2800 doctores
3230 2742 3487 2814 appellat,

1890 2839 2179 2911 magistros
2218 2837 2424 2894 scilicet
2454 2838 2759 2893 Pharisaeos
2786 2837 3093 2909 designans,
3118 2838 3211 2907 qui
3236 2852 3293 2892 se
3313 2837 3381 2891 ad
3406 2837 3496 2891 lit-

1890 2938 2063 2985 teram
2090 2936 2336 2984 tenentes
2356 2928 2650 2997 spiritalem
2678 2926 3091 2999 intelligentiam
3123 2926 3489 2999 negligebant.

1889 3024 2113 3080 Talibus
2160 3038 2291 3095 ergo
2340 3022 2653 3078 doctoribus
2696 3022 2896 3077 cohors
2942 3021 3255 3093 evangelica
3301 3019 3496 3076 melius

255 3101 427 3156 Vens.
460 3099 550 3155 91.
582 3130 656 3141 -
683 3097 1028 3155 Ordinatione
1049 3109 1142 3155 tua
1178 3109 1469 3172 perseverat
1500 3100 1629 3166 dies,
1660 3118 1790 3173 quo-

1900 3114 2166 3188 intelligit,
2215 3114 2362 3186 quia,
2393 3114 2755 3185 pravitatibus
2781 3128 2969 3169 eorum
2997 3112 3292 3183 repudiatis
3319 3153 3335 3177 ,
3378 3111 3492 3166 sin-

188 3193 331 3248 niam
371 3193 555 3247 omnia
582 3192 811 3247 serviunt
840 3192 953 3247 tibi.
1001 3192 1223 3260 Quoties
1269 3193 1529 3264 singulari
1561 3210 1789 3250 numero
1813 3168 1866 3236 c
1894 3224 2077 3264 ceram
2102 3207 2407 3263 doctrinam
2447 3207 2660 3262 Domini
2694 3221 2793 3276 per
2820 3206 3225 3261 meditationem
3253 3205 3496 3260 resumo-

188 3284 299 3341 dies
325 3284 578 3357 ponitur,
601 3293 863 3340 venturus
892 3283 981 3339 ille
1017 3285 1397 3356 sempiternus,
1429 3285 1522 3356 qui
1552 3286 1668 3341 sine
1694 3303 1792 3341 no-

187 3382 268 3429 cte
296 3383 404 3441 est,
461 3373 837 3445 significatur;
884 3384 1013 3431 tunc
1055 3374 1133 3430 illi
1180 3377 1361 3432 omnia
1408 3376 1648 3445 subjecta
1678 3393 1795 3433 ser-

187 3464 369 3522 viunt:
408 3466 660 3522 serviunt
684 3474 740 3522 et
778 3466 1096 3534 adversarii,
1133 3468 1261 3524 licet
1291 3486 1398 3525 non
1432 3479 1642 3540 sponte,
1668 3471 1794 3525 dum

188 3559 426 3617 damnati
478 3574 671 3630 ptenas
712 3574 981 3630 perennes
1018 3576 1117 3616 suo
1149 3560 1309 3632 jussu
1336 3562 1533 3618 merito
1564 3562 1798 3619 sustine-

187 3650 337 3709 bunt.

253 3745 422 3801 Vens.
459 3744 554 3802 92.
583 3776 655 3787 ——
687 3745 809 3802 Nisi
828 3748 968 3821 quod
995 3748 1079 3805 lea:
1114 3758 1208 3806 tua
1242 3750 1511 3807 meditatio
1547 3768 1662 3806 mea
1699 3761 1794 3817 est,

190 3831 306 3895 tunc
336 3841 488 3912 forte
528 3841 797 3913 periissem
824 3844 881 3899 in
914 3844 1208 3900 humilitate
1253 3837 1390 3900 mea.
1443 3845 1607 3901 Beata
1648 3844 1801 3915 plebs

190 3945 499 4007 martyrum
527 3935 583 3991 in
604 3945 756 3993 tanta
780 3946 1175 3995 tormentorum
1197 3939 1573 3996 humiliatione
1601 3938 1798 3996 afﬁicta

190 4027 401 4092 asserit,
446 4041 515 4082 se
533 4040 693 4095 posse
718 4028 919 4098 perire,
947 4029 1052 4084 nisi
1080 4027 1214 4100 legis
1239 4030 1520 4085 meditatio
1548 4031 1801 4087 subveni-

192 4126 270 4173 ret
302 4118 665 4186 consolando,
718 4137 839 4191 quae
866 4120 1041 4175 dixit:
1088 4120 1239 4176 Beati
1262 4122 1351 4189 qui
1391 4122 1800 4192 persecutionem

190 4214 493 4283 patiuntur.
545 4215 655 4270 Lex
686 4213 789 4270 ista
825 4213 958 4270 ﬁdes
999 4221 1101 4280 est,
1153 4229 1274 4284 qua:
1316 4229 1416 4285 per
1459 4214 1802 4269 dilectionem

192 4316 492 4375 operatur:
521 4307 575 4361 in
590 4305 746 4377 cujus
771 4305 1123 4362 meditatione
1148 4321 1494 4378 permanens,
1526 4321 1624 4376 per
1645 4304 1802 4361 auxi—

191 4396 316 4454 lium
344 4397 551 4472 gratiae
579 4407 686 4454 tuze
710 4405 1071 4469 promeretur,
1105 4404 1165 4452 ut
1198 4398 1255 4453 in
1281 4396 1687 4453 tribulationum
1707 4396 1805 4453 hu-

191 4490 423 4546 militate
454 4505 570 4546 non
592 4498 779 4561 pereat
804 4489 860 4544 in
889 4498 1175 4546 aeternum.

262 4584 429 4640 Vens.
457 4582 554 4639 93.
576 4612 649 4624 —-
672 4582 743 4638 In
769 4592 1021 4637 wternum
1047 4600 1153 4638 non
1174 4582 1452 4640 obliviscar
1466 4584 1805 4655 justiﬁcotio-

194 4690 280 4729 nes
304 4685 454 4742 tuas,
502 4676 627 4746 quia
669 4675 727 4730 in
762 4675 887 4746 ipsis
919 4675 1191 4745 viviﬁcasti
1236 4693 1339 4731 me.
1383 4674 1806 4732 Justiﬁcationes

194 4768 323 4825 dicit
348 4769 561 4843 legales
588 4770 995 4826 observationes
1019 4771 1120 4847 sub
1143 4772 1357 4837 umbra,
1404 4785 1526 4841 qua:
1558 4770 1807 4828 veritatis

197 4860 398 4919 indicio
451 4862 620 4937 μη,
661 4863 884 4937 indicia]
931 4873 1174 4921 venturae
1206 4864 1558 4936 perfectionis
1603 4862 1809 4920 beneﬁ-

196 4953 337 5010 cium
360 4956 727 5028 przcstabant.
769 4954 881 5011 Has
902 4971 1035 5028 ergo
1053 4955 1475 5026 justiﬁcationes
1500 4971 1609 5013 non
1638 4955 1807 5011 debe-
1834 5010 1837 5013 λ

197 5060 317 5103 mus
363 5047 659 5115 oblivisci,
711 5065 832 5120 quae
879 5050 1038 5106 nobis
1082 5048 1205 5106 ﬁdei
1244 5056 1299 5106 et
1340 5050 1467 5106 vitae
1510 5047 1810 5120 primordia

198 5140 603 5208 pra-stiterunt.
1140 5140 1142 5143 ’

268 5231 444 5288 Vens.
481 5230 573 5288 94.
598 5262 672 5273 -—
699 5231 841 5289 Tuus
883 5250 999 5289 sum
1023 5249 1137 5306 ego,
1186 5234 1390 5291 salvum
1421 5251 1523 5293 me.
1539 5234 1650 5306 fac,
1678 5250 1811 5305 quo-

201 5321 344 5377 niam
372 5322 794 5394 justiﬁcationes
817 5335 936 5380 tuas
959 5326 1232 5397 acquisiui.
1264 5327 1376 5397 Ego
1404 5335 1527 5382 tuus
1552 5324 1808 5391 famulus,

201 5421 255 5466 et
285 5421 347 5468 tu
386 5414 540 5469 Deus
580 5431 750 5480 meus,
798 5433 828 5471 a
864 5426 918 5473 te
955 5433 1121 5488 posco
1151 5418 1392 5473 salvari:
1432 5419 1558 5490 quia
1599 5417 1812 5474 vanitas

201 5514 310 5557 non
337 5512 425 5560 est
462 5505 601 5560 mihi
647 5505 802 5574 ille,
828 5509 955 5578 quia
994 5519 1184 5565 venter
1220 5526 1326 5566 non
1353 5520 1437 5567 est
1464 5510 1595 5566 mihi
1623 5509 1809 5583 Deus],

202 5606 304 5652 nec
334 5610 464 5651 sum
497 5595 641 5652 inani
686 5600 870 5668 gloriae
912 5600 1147 5668 deditus,
1200 5603 1295 5660 sed
1333 5584 1813 5674 justiﬁcationibus

205 5686 334 5743 tuis.

274 5780 455 5854 370
478 5782 643 5843 Vens.
671 5785 760 5844 95.
800 5819 871 5831 —-
897 5788 986 5848 Me
1024 5800 1447 5865 exspectaverunt
1491 5802 1811 5864 peceatores,

1894 3302 2109 3356 niorum
2136 3298 2254 3369 ejus
2294 3300 2592 3356 secundum
2637 3298 2923 3354 veritatem
2968 3298 3298 3355 intellectam
3340 3296 3495 3370 [Ms.,

1897 3389 2227 3464 intellectus]
2260 3391 2490 3461 accepit.

1969 3483 2135 3539 Vens.
2166 3482 2291 3538 100.
2318 3513 2391 3524 -—-
2430 3482 2603 3555 Super
2643 3483 2872 3538 seniores
2900 3480 3155 3550 intellexi,
3192 3483 3319 3554 quia
3344 3498 3498 3538 mau—

1898 3574 2026 3629 data
2054 3583 2147 3628 tua
2181 3574 2417 3645 quaesivi.
2458 3572 2648 3629 Melius
2676 3573 2862 3643 utique
2886 3573 3116 3645 populus
3146 3590 3320 3630 novus
3346 3573 3501 3629 intel-

1898 3666 2050 3731 lexit,
2092 3666 2184 3736 qui
2231 3668 2469 3738 suscepit
2501 3665 2779 3723 Christum
2824 3666 2942 3737 ejus
2984 3669 3237 3723 mandata
3281 3667 3501 3740 perqui-

1900 3759 2090 3826 rendo,
2128 3775 2289 3830 quam
2317 3758 2590 3823 Judaicus,
2624 3759 2716 3830 qui
2742 3774 2867 3815 eum
2894 3758 3276 3817 mortiﬁcando
3301 3745 3502 3817 occidit

1903 3851 2056 3926 [Ms.,
2092 3851 2530 3907 mortiﬁcaudum
2559 3850 2835 3923 credidit].

1973 3945 2137 4000 Vens.
2177 3943 2301 3997 lOl.
2338 3973 2409 3982 —
2438 3942 2516 3996 Ab
2565 3942 2708 3997 omni
2745 3942 2829 3996 via
2876 3939 3020 3996 mala
3063 3941 3305 4013 prohibui
3346 3939 3500 4012 pedes

1900 4053 2059 4101 meos,
2093 4044 2150 4090 ut
2186 4034 2479 4090 custodiam
2520 4033 2674 4088 verba
2716 4042 2827 4087 tua.
2878 4030 2963 4087 Ab
2999 4033 3147 4087 omni
3197 4032 3282 4086 via
3315 4031 3497 4097 mala;

1902 4129 2270 4184 membrorum
2308 4133 2393 4182 est
2426 4126 2543 4180 haec
2589 4140 2717 4189 vox,
2766 4139 2877 4179 non
2929 4123 3142 4193 capitis.
3199 4120 3317 4178 Non
3354 4122 3500 4176 enim

1903 4220 2019 4290 ipse
2057 4218 2307 4274 Salvator
2327 4216 2574 4287 corporis
2609 4214 2734 4270 ullis
2768 4214 3221 4285 concupiscentiis
3245 4214 3503 4286 pulsaba-

1904 4322 2011 4379 tur,
2061 4319 2122 4367 ut
2156 4311 2207 4368 ei
2245 4325 2469 4367 necesse
2501 4317 2647 4365 esset
2689 4308 2854 4379 pedes
2896 4322 3023 4363 suos
3068 4298 3359 4363 custodire.
3410 4306 3503 4363 Sic

1903 4406 2049 4462 enim
2088 4405 2258 4461 verba
2292 4402 2388 4459 Dei
2423 4417 2710 4474 possumus
2749 4401 3044 4469 custodire,
3092 4401 3139 4457 si
3176 4408 3299 4473 post
3328 4402 3500 4457 malas

1906 4505 2121 4554 nostras
2142 4495 2610 4567 concupiscentias
2630 4511 2736 4551 non
2761 4509 2973 4551 eamus.

1979 4592 2141 4647 Vens.
2173 4589 2297 4652 102.
2327 4620 2401 4631 -
2426 4590 2470 4644 Α
2490 4590 2715 4661 judiciis
2766 4590 2871 4645 tuis
2913 4605 3019 4644 non
3055 4587 3335 4655 declinavi,
3381 4588 3505 4660 quia

1906 4695 1964 4741 tu
1993 4684 2157 4757 legem
2184 4683 2404 4756 posuisti
2432 4682 2583 4736 mihi.
2638 4682 2720 4737 Tu
2754 4682 2927 4752 legem
2957 4679 3232 4752 Evangelii
3276 4678 3507 4751 posuisti

1905 4779 2039 4834 mihi
2072 4796 2085 4833 :
2131 4778 2222 4833 illa
2251 4778 2395 4832 enim
2440 4774 2677 4830 Mosaica
2707 4774 2796 4829 lex
2844 4773 3171 4845 pzedagogus
3203 4772 3346 4839 fuit;
3400 4772 3504 4828 ista

1906 4873 2076 4930 totius
2104 4871 2297 4945 [Edit.,
2338 4870 2452 4926 Lex
2496 4869 2773 4942 Evangelii
2800 4868 3023 4925 libertas
3057 4866 3247 4939 totius]
3274 4866 3508 4937 plenitu-

1907 4965 2051 5022 dinis
2078 4964 2304 5021 donavit
2335 4961 2610 5020 effectum.
2658 4961 2850 5019 Merito
2871 4976 3001 5033 ergo
3032 4968 3253 5016 sanctus
3277 4955 3507 5028 populus

1908 5056 1977 5113 de
2025 5056 2131 5113 hac
2181 5054 2299 5126 lege
2347 5048 2617 5124 gaudebat
2639 5093 2656 5122 ,
2712 5067 2879 5124 quam
2933 5049 3205 5110 credendo
3254 5060 3508 5117 suscepe-

1908 5159 2017 5207 rat.
3486 5178 3491 5187 .

1986 5241 2146 5297 Vens.
2179 5238 2305 5296 105.
2330 5269 2403 5281 -
2427 5238 2602 5307 Quam
2629 5236 2809 5294 dulcia
2841 5236 3082 5310 faucibus
3123 5234 3252 5290 meis
3297 5231 3507 5304 eloquia

1910 5343 2026 5400 tua,
2062 5332 2318 5399 Domine,
2360 5348 2518 5406 super
2555 5331 2658 5387 mel
2699 5340 2749 5387 et
2792 5330 2970 5402 favum
2999 5328 3081 5383 ori
3117 5342 3250 5382 meo.
3296 5323 3507 5379 Fauces

1911 5428 2055 5482 enim
2082 5424 2263 5481 cordis
2304 5439 2502 5480 arcana
2545 5422 2877 5496 signiﬁcant,
2920 5419 3013 5476 ubi
3038 5415 3251 5489 eloquia
3291 5411 3505 5471 Domini

1912 5519 2230 5590 spiritaliter
2254 5517 2630 5588 intelliguntur
2647 5523 2704 5573 et
2727 5505 3059 5588 diliguntur.
3079 5509 3181 5568 Mel
3209 5517 3294 5566 est
3319 5511 3505 5580 aperta
3561 5536 3566 5540 ί

1913 5613 2179 5680 doctrina,
2209 5611 2363 5669 favus
2385 5619 2616 5668 secreta.

1986 5706 2150 5762 Vens.
2180 5701 2305 5759 104.
2330 5731 2405 5744 --
2424 5703 2471 5758 Α
2494 5699 2762 5757 mandatis
2789 5698 2894 5756 tuis
2915 5697 3147 5755 intellexi
3171 5694 3321 5771 [quia
3341 5694 3506 5751 homo

1914 5798 1985 5854 ad
2010 5795 2348 5855 occultorum
2375 5792 2697 5867 sapientiam
2740 5807 2840 5865 per
2874 5789 3236 5850 obedientiam
3260 5785 3511 5861 pervenit
