4066 6506
431 416 449 435 Ι
521 468 669 529 611

1370 462 1431 525 Β.
1462 418 1533 525 ⁸Ῑτ.
1575 465 1802 525 ALBINI
1841 462 1971 522 SEU
2014 458 2292 523 ALCUlNl
2326 461 2616 521 OPERUM
2650 462 2927 521 PARS“.

2336 203 2366 235 ο

3688 464 3805 520 612

519 589 919 663 mandatorum]
956 589 1238 660 Propterea
1288 584 1509 657 [inquit]
1551 585 1672 639 odio
1711 584 1872 639 habui
1899 594 2109 637 omnem
2129 582 2180 642 Α
2206 580 2350 636 data.
2392 581 2460 637 In
2484 591 2733 638 teternum
2759 590 2969 655 propter
2994 581 3383 637 retributionem
3403 580 3529 638 vitae
3558 588 3801 652 aeternae,

521 679 658 740 sient
687 684 997 755 iniquitatis.
1046 680 1277 735 Necesse
1303 678 1558 734 ost-enim
1595 683 1658 733 ut
1697 675 1875 733 oderit
1906 673 2113 745 iniqui»

520 787 690 836 tatem
718 795 903 835 amore
923 777 1165 846 justitiae.

528 894 537 904 τ
590 862 756 926 Vens.
782 860 905 925 105.
933 897 1006 909 —-
1031 867 1270 921 Lucerna
1298 865 1514 937 pedibus
1538 866 1677 921 meis
1698 866 1907 921 uerbum
1934 872 2102 929 tuum,

520 962 778 1026 Domine,
825 971 872 1014 et
903 960 1075 1014 lumen
1104 958 1299 1013 seruilis
1324 958 1471 1013 meis.
1526 957 1585 1013 Si
1630 958 1685 1011 in
1728 954 1886 1025 hujus
1923 953 2117 1011 surculi

522 1054 770 1109 noctibus
806 1052 861 1105 in
890 1049 1046 1105 nobis
1072 1051 1221 1105 verbi
1252 1050 1347 1103 Dei
1393 1049 1567 1104 luceat
1592 1047 1794 1112 lumen,
1825 1062 1930 1101 non
1966 1045 2119 1099 inci-‘

523 1148 651 1203 dent
682 1143 832 1216 [Ms.,
871 1142 1147 1215 incedunt]
1172 1143 1337 1212 pedes
1363 1142 1536 1197 nostri
1564 1141 1621 1194 in
1648 1140 1870 1210 laqueos
1899 1136 2104 1194 funium

522 1250 587 1291 ac
610 1235 909 1304 praecipitia
936 1234 1235 1299 tovearum,
1289 1248 1410 1300 quae
1438 1246 1630 1287 manus
1658 1232 1790 1286 artis
1827 1229 2107 1284 diabolicae

522 1324 577 1379 in
607 1323 807 1378 nostris
835 1322 1173 1379 oﬂ‘endiculis
1213 1322 1556 1392 praeparavit.
1596 1320 1665 1375 Et
1709 1319 1883 1373 lumen
1910 1318 2106 1371 semitis

522 1417 670 1481 meis,
692 1424 753 1471 ut
779 1417 881 1472 hoc
906 1417 1108 1473 lumine
1132 1422 1424 1487 praeeunte,
1460 1413 1588 1469 dum
1610 1414 1733 1469 vitae
1762 1412 1918 1467 istius
1940 1410 2104 1465 semi—

521 1515 605 1563 tas
646 1509 924 1581 gradimur
942 1548 959 1575 ,
989 1510 1057 1564 ad
1086 1508 1231 1564 illam
1269 1522 1388 1578 qua:
1414 1521 1542 1562 vera
1566 1506 1657 1560 via
1686 1512 1770 1561 est
1797 1545 1811 1569 ,
1841 1502 2106 1574 perduca—

524 1617 668 1657 mur.
1648 1612 1651 1615 λ

592 1695 754 1751 Vens.
788 1695 909 1751 106.
943 1726 1018 1740 --
1054 1694 1241 1751 Juraui
1290 1705 1341 1751 et
1386 1694 1549 1749 statui
1602 1693 1887 1748 custodire
1898 1692 2108 1763 judicia

514 1786 739 1856 iustitia:
783 1795 905 1841 tum.
960 1786 1146 1842 Iuravi
1193 1793 1373 1841 autem
1413 1784 1698 1857 appellavit
1740 1783 2108 1854 juramentum

521 1880 665 1949 quod
709 1881 898 1935 statuit
923 1895 1021 1950 per
1049 1888 1470 1946 sacramentum,
1521 1880 1645 1949 quia
1677 1879 1752 1932 ita
1781 1878 1940 1932 debet
1987 1889 2107 1930 esse

522 1984 675 2026 mens
710 1970 815 2025 ﬁxa
846 1972 900 2026 in
930 1972 1295 2027 custodiendis
1321 1970 1531 2039 iudiciis
1553 1970 1777 2039 justitiae
1807 1969 1925 2035 Dei,
1952 1974 2011 2022 ut
2036 1966 2106 2022 sit
2134 1943 2181 2004 Β

522 2063 743 2119 omnino
764 2078 865 2134 pro
880 2062 1150 2132 juratione
1181 2062 1325 2132 quod
1347 2062 1555 2118 statuit.

594 2172 754 2228 Vens.
788 2172 909 2228 107.
942 2201 1012 2214 --
1047 2172 1373 2227 Humiliatus
1409 2188 1524 2227 sum
1570 2187 1957 2243 usquequaque,
1993 2169 2105 2224 Do-

522 2264 680 2331 mine,
711 2264 915 2334 ciui/ica
935 2281 1016 2319 me
1040 2265 1326 2320 secundum
1354 2266 1564 2320 verbum
1588 2273 1755 2318 tuum.
1791 2264 1987 2319 Didicit
2009 2264 2109 2319 hu-

523 2355 831 2423 militatem,
878 2372 1041 2428 quam
1080 2357 1327 2413 Christus
1363 2356 1569 2421 docuit,
1618 2357 1708 2427 qui
1743 2357 1891 2413 mitis
1932 2365 2015 2412 est
2054 2363 2111 2412 et

523 2448 741 2503 humilis
767 2449 947 2503 corde.
998 2449 1123 2504 Ideo
1163 2463 1306 2503 nunc
1345 2448 1695 2533 Qprecatur,
1739 2457 1799 2503 ιιι
1837 2448 1977 2505 sicut
2020 2447 2111 2503 ille

520 2550 643 2609 post
669 2540 1027 2595 humilitatem
1054 2541 1243 2596 formae
1274 2540 1484 2596 servilis
1522 2541 1788 2598 exaltatus
1813 2550 1897 2597 est
1921 2541 1976 2595 in
1997 2540 2111 2611 glo-

523 2627 658 2687 riam
684 2633 780 2687 Dei
802 2632 1002 2699 Patris,
1046 2633 1120 2688 ita
1146 2642 1201 2687 et
1224 2634 1326 2689 iste
1351 2634 1419 2689 ab
1458 2632 1558 2688 hac
1582 2634 1887 2689 humilitate
1914 2647 2107 2704 corpo-

524 2738 619 2779 rea
645 2724 701 2779 in
731 2724 899 2779 vitam
930 2724 1289 2781 transferatur
1321 2733 1600 2781 aeternam.

592 2836 755 2892 Vens.
794 2835 916 2891 108.
943 2868 1017 2877 —
1056 2833 1364 2892 Voluntaria
1389 2838 1495 2892 oris
1520 2837 1622 2892 mei
1649 2835 1971 2910 beneplacita
2000 2837 2106 2909 fac,

522 2925 764 2991 Domine,
789 2934 835 2981 et
852 2924 1063 2996 judicia
1089 2936 1181 2981 tua
1212 2927 1339 2981 doce
1363 2944 1462 2982 me.
1504 2928 1621 2984 Vox
1658 2927 1940 2996 Ecclesiae;
1975 2944 2039 2985 ac
2064 2928 2110 2984 si

523 3014 685 3081 dicat,
732 3024 856 3072 vota
901 3031 1046 3082 mea,
1092 3028 1212 3087 quae
1246 3018 1343 3072 tibi
1369 3016 1569 3081 offero,
1602 3019 1936 3088 beneplacita
1965 3017 2141 3093 [tibi],

524 3106 649 3172 sint,
696 3108 751 3164 id
775 3116 877 3177 est,
924 3096 1291 3179 acceptabilia'
1323 3118 1378 3165 et
1406 3110 1765 3167 delectabilia.
1810 3109 1879 3165 Et
1898 3111 2112 3183 judicia

526 3207 618 3254 tua
644 3200 771 3255 doce
795 3216 896 3268 me,
941 3201 1046 3258 hoc
1077 3206 1181 3269 est,
1212 3209 1308 3257 tua
1332 3202 1609 3269 mandata,
1652 3209 1713 3257 ut
1737 3202 2030 3277 intelligam
2058 3209 2112 3256 et

527 3292 801 3362 impleam.

592 3405 751 3475 371
787 3402 950 3462 Vens.
980 3406 1102 3465 109.
1132 3439 1207 3450 —
1228 3408 1421 3464 Anima
1449 3426 1568 3465 mea
1610 3413 1667 3466 in
1707 3409 1949 3465 manibus
1985 3413 2115 3466 meis

526 3496 673 3570 [δίδη
721 3497 847 3571 tuis]
878 3516 1100 3571 semper,
1135 3512 1185 3555 et
1223 3501 1386 3575 legem
1423 3512 1568 3558 tuam
1618 3519 1720 3557 non
1748 3519 1865 3556 sum
1902 3502 2112 3558 oblitus.

523 3589 799 3649 Justorum
845 3596 990 3651 enim
1027 3598 1221 3654 anima:
1250 3598 1306 3654 in
1340 3615 1504 3654 manu
1543 3599 1638 3654 Dei
1682 3606 1826 3663 sunt,
1875 3598 1929 3654 in
1964 3595 2118 3666 cuius

525 3700 688 3739 malm
715 3702 900 3742 sumus
926 3682 1079 3760 [Ms.,
1128 3689 1276 3764 sunt]
1307 3699 1361 3745 et
1396 3706 1494 3746 nos
1536 3700 1590 3746 et
1617 3705 1894 3746 sermones
1919 3689 2112 3745 nostri.

525 3772 594 3830 Et
619 3774 781 3848 legem
804 3787 970 3845 tuam,
1015 3780 1213 3850 inquit,
1240 3798 1345 3838 non
1369 3799 1486 3837 sum
1506 3781 1716 3837 oblitus.
1748 3782 2025 3852 Tanquam
2049 3781 2117 3835 ad

510 3872 633 3923 'non
662 3870 1082 3961 obliviscendum
1109 3872 1204 3928 Dei
1247 3874 1425 3946 legem
1453 3874 1508 3931 in
1533 3876 1781 3931 manibus
1807 3874 1975 3943 ipsius
2016 3874 2113 3928 ad—

519 3963 740 4034 juvetur
762 3965 879 4037 ejus
901 3969 1180 4024 memoria.

603 4078 759 4134 Vens.
793 4080 914 4134 110.
947 4111 1019 4121 —
1050 4080 1343 4136 Posuerunt
1382 4092 1682 4153 peceatores
1711 4082 1928 4155 laqueos
1963 4082 2111 4135 mihi.

528 4168 684 4243 Quos
711 4172 978 4243 laqueos?
1005 4189 1162 4229 secus
1186 4174 1328 4230 viam
1357 4175 1562 4244 positos
1586 4183 1639 4230 et
1686 4174 1840 4247 [Λίδη
1867 4176 2011 4246 quod
2039 4176 2116 4230 la-

528 4284 698 4339 queus
721 4282 878 4324 secus
903 4267 1045 4322 viam
1073 4266 1292 4337 ponitur
1319 4266 1466 4338 et...]
1497 4269 1541 4321 si
1580 4283 1829 4337 egressus
1854 4267 2020 4323 fueris
2051 4269 2118 4323 de

526 4361 638 4426 via,
667 4360 817 4415 cadis
844 4361 900 4415 in
925 4358 1166 4427 laqueos.
1213 4356 1354 4424 Quid
1377 4366 1502 4413 sunt
1543 4358 1632 4412 isti
1663 4358 1860 4427 laquei,
1901 4359 2003 4414 nisi
2034 4376 2119 4414 re-

526 4453 728 4508 tiacula
776 4450 933 4524 [Ms.,
982 4449 1273 4521 tendicula]
1327 4450 1568 4514 diaboli,
1616 4450 1699 4503 vel
1746 4451 2116 4521 suggestiones

530 4543 829 4601 daemonis?
862 4530 1015 4597 Vitia
1046 4540 1210 4594 etiam
1243 4547 1299 4595 et
1342 4550 1563 4609 peccata
1598 4550 1823 4610 possunt
1867 4542 2111 4613 intelligi.

2140 3304 2188 3368 Ω

2207 682 2267 730 ut
2304 675 2449 731 illam
2478 690 2692 731 merear
2719 675 3016 748 percipere.

2279 766 2439 824 Vens.
2475 767 2597 823 115.
2638 797 2710 808 --
2753 766 2970 840 Iniquus
3014 768 3135 823 odio
3170 767 3330 823 habui
3365 770 3415 821 et
3448 765 3618 841 legem
3655 776 3802 823 tuam

2206 859 2389 914 dilexi.
2442 859 2579 914 Cum
2614 859 2861 916 dixisset.
2898 862 3103 932 iniquos
3133 859 3252 915 odio
3298 860 3495 931 habui,
3540 860 3727 931 posuit
3751 871 3827 931 et.

2208 966 2394 1021 quare,
2421 950 2685 1018 addendo,
2717 961 2767 1007 et
2792 952 2954 1023 legem
2982 963 3125 1007 tuam
3159 952 3343 1019 dilexi,
3372 963 3433 1009 ut
3457 952 3804 1011 demonstra-

2207 1051 2291 1099 ret
2315 1059 2422 1099 non
2448 1059 2507 1100 se
2530 1044 2581 1099 in
2608 1044 2916 1101 hominibus
2942 1044 3141 1114 iniquis
3164 1044 3343 1100 odisse
3374 1048 3652 1111 naturam,
3677 1045 3802 1117 quia

2207 1137 2455 1193 homines
2475 1146 2638 1204 sunt;
2670 1137 2761 1194 sed
2787 1137 3152 1208 iniquitatem,
3181 1137 3304 1208 quia
3333 1136 3487 1207 tegis,
3518 1137 3695 1210 quam
3716 1139 3803 1195 di-

2207 1230 2342 1301 ligit,
2376 1229 2583 1285 inimici
2611 1238 2756 1285 sunt.

2279 1323 2441 1379 Vens.
2469 1322 2589 1376 114.
2615 1322 2934 1391 —Adiutor
2975 1330 3025 1376 et
3060 1329 3328 1393 susceptor
3353 1338 3499 1377 meus
3543 1338 3601 1379 es
3638 1328 3721 1389 tu,
3757 1324 3827 1379 e't'

2206 1415 2263 1469 in
2308 1411 2518 1468 verbum
2548 1421 2697 1467 tuum
2744 1415 3122 1486 supersperavi.
3162 1410 3391 1485 Adjutor
3428 1408 3484 1470 in
3525 1417 3805 1488 prtesenti,

2208 1514 2487 1573 susceptor
2522 1505 2578 1560 in
2614 1504 2814 1561 futuro.
2857 1505 2927 1561 Et
2954 1507 3011 1561 in
3050 1506 3231 1562 Verbo
3260 1512 3355 1561 tuo
3401 1507 3660 1578 sperabo,
3708 1507 3810 1563 hoc

2207 1610 2306 1667 est,
2338 1601 2393 1655 in
2414 1599 2652 1664 Christo,
2685 1596 2808 1667 quia
2833 1597 3075 1653 Verbum
3099 1594 3279 1651 Patris
3304 1596 3475 1655 Filius
3503 1606 3608 1655 est.
3714 1594 3719 1598 ’

2280 1695 2441 1749 Vens.
2473 1690 2597 1745 115.
2614 1720 2686 1730 —
2712 1686 3003 1754 Declinate,
3030 1704 3063 1742 a
3083 1703 3165 1742 me
3188 1687 3429 1759 maligni,
3455 1698 3504 1747 et
3533 1689 3811 1746 scrutabor

2207 1787 2457 1842 mandata
2487 1785 2583 1839 Dei
2608 1784 2729 1838 mei.
2760 1780 2975 1853 Maligni
3002 1781 3092 1838 hic
3114 1784 3240 1836 sunt
3271 1781 3565 1851 daemones,
3602 1782 3734 1837 vitia
3758 1792 3811 1838 et

2207 1885 2426 1947 peccata
2450 1917 2464 1942 ,
2505 1873 2590 1929 vel
2631 1870 2956 1929 adversaria:
2989 1877 3324 1941 potestates:
3360 1867 3500 1938 Quia
3528 1872 3659 1928 dum
3713 1872 3813 1944 ipsi

2208 1969 2306 2025 tibi
2344 1966 2643 2023 tendiculas
2670 1971 2997 2035 praeparant,
3028 1972 3085 2019 et
3120 1963 3493 2035 suggestiones
3518 1964 3809 2036 pessimus,

2208 2070 2316 2117 non
2350 2068 2504 2132 potes
2547 2058 2776 2114 scrutari
2800 2057 3055 2112 mandata
3081 2057 3179 2112 Del
3218 2056 3321 2124 tui,
3350 2064 3412 2113 ut
3433 2057 3527 2115 illa
3549 2059 3695 2115 bene
3732 2058 3811 2114 in-

2208 2151 2438 2223 telligas.
2489 2149 2597 2205 Sed
2625 2148 2669 2204 si
2711 2148 2949 2204 volueris
2985 2149 3363 2221 pcenitentiam
3401 2165 3586 2237 agere,
3634 2166 3815 2226 segre-

2210 2259 2339 2317 gare
2367 2250 2418 2298 te
2438 2242 2607 2297 habes
2641 2243 2710 2297 ab
2736 2240 2955 2297 illorum
2980 2242 3277 2298 consortio.

2280 2334 2443 2391 Vens.
2478 2332 2686 2404 1164—
2700 2332 2919 2405 Suscipe
2938 2348 3040 2401 me,
3062 2332 3349 2388 secundum
3368 2329 3640 2407 eloquium
3666 2346 3814 2395 tuum

2209 2439 2258 2485 et
2295 2428 2460 2485 vivam
2482 2468 2496 2493 ,
2536 2434 2585 2482 et
2616 2443 2718 2481 non
2740 2424 3035 2496 confundas
3063 2438 3145 2480 me
3167 2426 3651 2505 ab.e:rspectatione
3676 2448 3811 2487 meo.

2209 2525 2326 2581 Vox
2337 2520 2589 2577 Ecclesiae
2599 2520 2833 2591 optantis
2845 2526 2905 2573 ut
2915 2519 3101 2574 veniat
3111 2533 3340 2590 sponsus
3354 2526 3407 2574 et
3418 2521 3683 2593 suscipiat
3696 2538 3815 2581 eam

2211 2630 2462 2687 sponsam
2488 2614 2609 2678 sibi,
2641 2612 2782 2669 sicut
2806 2612 3057 2684 promisit
3078 2613 3133 2668 in
3159 2613 3373 2684 eloquio
3395 2614 3811 2689 prophetarum.

2211 2708 2283 2763 Et
2307 2710 2473 2763 vivam
2499 2706 2554 2761 in
2572 2704 2805 2775 justitia,
2837 2707 2964 2776 quia
2990 2706 3151 2763 modo
3179 2715 3428 2764 mortuus
3451 2724 3573 2766 sum
3604 2711 3662 2765 in
3689 2728 3814 2784 pec-

2212 2802 2368 2859 catis.
2399 2801 2468 2856 Et
2495 2818 2598 2856 non
2621 2792 2915 2871 confundas
2955 2818 3057 2867 me,
3090 2801 3136 2859 si
3166 2801 3258 2858 ille
3285 2817 3444 2875 quem
3473 2815 3741 2879 exspecto
3764 2817 3816 2865 et

2212 2895 2536 2968 promisisti,
2564 2894 2746 2949 veniat
2770 2894 2923 2948 mihi.

2243 2992 2249 2997 ’
2284 2986 2447 3041 Vens.
2474 2984 2599 3051 ~117.
2628 3015 2699 3025 --
2727 2983 2936 3055 Adjuva
2963 3002 3066 3041 me.
3094 2984 3370 3043 Auxilium
3398 2997 3594 3060 rogat;
3627 3002 3678 3046 et
3708 2993 3814 3048 sal-

2214 3093 2305 3131 vus
2339 3093 2426 3129 ero
2458 3076 2512 3130 in
2542 3076 2742 3141 anima,
2788 3077 2833 3132 si
2859 3077 3076 3133 veneris
3102 3087 3156 3133 et
3185 3095 3272 3135 me
3294 3079 3541 3149 adjuves,
3576 3094 3629 3138 et
3650 3070 3837 3143 medi-r

2210 3164 2367 3233 tabor
2392 3165 2449 3218 in
2473 3166 2575 3218 tuis
2594 3165 3067 3236 justiﬁcationibus
3104 3185 3326 3239 semper,
3364 3172 3482 3227 sine
3517 3168 3648 3230 line.

2289 3255 2450 3310 Vens.
2492 3255 2613 3311 118.
2644 3287 2714 3295 —
2742 3254 2994 3327 Sprevisti
3021 3273 3197 3313 omnes
3237 3258 3558 3319 discedentes
3589 3284 3623 3318 (ι
3644 3269 3813 3337 Justi-

2217 3348 2305 3401 tiis
2332 3347 2456 3413 tuis,
2489 3348 2613 3418 quia
2632 3348 2834 3418 injuste
2862 3344 3108 3419 cogitatio
3130 3366 3332 3405 eorum.
3366 3350 3715 3412 Declaratum
3738 3367 3817 3415 est

2216 3452 2314 3492 cur
2362 3440 2738 3494 assumebatur
2789 3435 3234 3506 justiﬁcationum
3284 3441 3496 3500 Domini
3559 3442 3816 3518 frequens

2216 3532 2514 3599 meditatio,
2561 3534 2815 3603 quoniam
2861 3540 3191 3602 spernuntur
3235 3552 3265 3591 a
3303 3534 3550 3605 Domino,
3607 3534 3706 3613 qui
3751 3546 3816 3602 ab

2216 3624 2333 3693 ejus
2353 3623 2739 3694 justilicatione
2775 3625 3077 3683 discedunt.
3124 3626 3451 3687 Justiﬁcatio
3494 3642 3583 3689 est
3612 3652 3812 3706 pecca-

2217 3726 2396 3774 torum
2431 3733 2565 3787 pura
2594 3717 2861 3773 confessio
2890 3720 3156 3776 Domino:
3206 3721 3308 3789 Qui
3337 3723 3429 3779 tali
3470 3741 3530 3782 se
3572 3730 3814 3786 remedio

2217 3812 2413 3868 salvari
2436 3810 2563 3883 [Με.
2583 3852 2598 3877 ,
2622 3811 2835 3884 sanare]
2865 3812 3187 3884 despiciunt,
3214 3816 3415 3889 injusta
3436 3821 3702 3893 cogitatio
3730 3839 3817 3883 eo-

2217 3920 2338 3959 rum
2363 3910 2464 3958 est.

2285 3996 2450 4051 Vens.
2484 3995 2603 4050 119.
2634 4026 2703 4035 -—-
2734 3994 3178 4055 Prwvaricatores
3208 3998 3443 4074 reputavi
3492 4020 3675 4062 omnes
3701 4025 3816 4076 pec.

2216 4098 2416 4144 catores
2447 4096 2623 4154 terrae,
2668 4088 2785 4143 ideo
2806 4089 2969 4145 dilexi
2993 4093 3169 4147 omnia
3200 4093 3495 4149 testimonia
3518 4106 3633 4152 tua.
3689 4095 3815 4157 Hau:

2216 4181 2361 4236 enim
2390 4179 2521 4235 dicit
2546 4178 2815 4249 Propheta
2845 4181 2899 4235 in
2925 4197 3154 4252 persona
3183 4183 3459 4251 Ecclesia),
3510 4188 3640 4257 quia
3693 4200 3815 4245 ante

2217 4272 2508 4327 adventum
2542 4270 2743 4327 Christi
2770 4275 3191 4343 praevaricantes
3226 4284 3405 4338 erant,
3435 4279 3562 4348 quia
3596 4280 3700 4336 sub
3723 4281 3814 4336 dc-

2215 4368 2329 4424 bito
2354 4368 2697 4433 tenebantur,
2733 4375 2952 4439 propter
2978 4368 3479 4438 praevaricationem
3518 4373 3687 4443 primi
3717 4375 3815 4429 ho~

2216 4458 2380 4514 minis
2421 4458 2573 4513 Adae.
2626 4457 2741 4513 Non
2769 4474 2961 4514 omnes
2990 4468 3305 4530 peccatores
3343 4461 3812 4534 praevaricatores,

2210 4549 2313 4604 sed
2341 4564 2530 4604 omnes
2581 4549 3027 4618 praevaricatores
3077 4559 3412 4620 peccatores.
3470 4551 3603 4610 Ideo
3654 4557 3815 4614 dilexi

530 4639 597 4694 Et
635 4640 688 4693 in
726 4635 988 4701 mandatis
1020 4636 1123 4690 tuis
1157 4650 1261 4690 non
1288 4636 1477 4690 erravi.
1509 4635 1627 4691 Vox
1669 4635 1942 4699 Ecclesiae.
1999 4633 2115 4687 Non

2220 4638 2515 4695 testimonia
2539 4648 2633 4693 tua
2655 4681 2669 4705 ,
2706 4655 2775 4695 ne
2805 4641 2858 4695 in
2881 4642 2967 4697 his
2990 4643 3376 4714 prmvaricator
3399 4660 3716 4716 appaream.

528 4729 708 4786 erravi
756 4745 787 4784 a
850 4727 1119 4785 mandatis
1176 4726 1282 4782 tuis
1304 4768 1318 4792 ,
1373 4727 1467 4782 sed
1517 4728 1755 4784 consisto
1808 4727 1869 4797 in
1918 4741 2114 4796 opera-

532 4826 699 4881 tione.

601 4916 764 4974 Vens.
797 4915 919 4970 111.
945 4943 1017 4955 --
1053 4912 1378 4969 Hiereditate
1399 4913 1649 4985 acquisiui
1693 4913 1989 4969 testimonia
2024 4920 2116 4965 tua

528 5012 585 5069 in
606 5018 879 5074 aeternum,
910 5007 1157 5078 quoniam
1179 5005 1459 5065 exsultatio,
1489 5004 1661 5060 cordis
1685 5004 1785 5057 mei
1811 5011 1950 5058 sunt.
2000 5000 2113 5056 Tua

531 5101 838 5165 testimonia
879 5108 937 5155 et
964 5107 1053 5155 tua
1078 5106 1375 5169 praecepta,
1408 5099 1513 5160 hoc
1537 5106 1641 5161 est,
1681 5111 1800 5167 mea
1831 5094 2117 5153 haereditas
2148 5126 2153 5137 ι

531 5195 588 5252 in
622 5203 902 5259 aeternum,
934 5202 990 5247 et
1015 5194 1106 5249 hic
1125 5200 1181 5247 et
1204 5192 1259 5246 in
1289 5190 1489 5246 futuro.
1524 5190 1659 5257 Quia
1687 5190 1971 5246 exsultatio
1997 5204 2117 5243 coro

532 5285 617 5343 dis
648 5286 752 5341 mei
777 5292 903 5341 sunt
935 5292 1036 5340 tua
1075 5283 1383 5343 testimonia
1408 5321 1424 5347 ,
1461 5282 1567 5338 hoc
1608 5289 1693 5337 est
1712 5322 1733 5347 ,
1775 5290 1894 5337 mea
1940 5280 2117 5336 exsul-

531 5375 702 5442 tatio,
740 5375 867 5446 quia
909 5374 1148 5431 Ecclesia
1191 5373 1249 5428 in
1288 5372 1557 5429 mandatis
1581 5371 1678 5427 Dei
1721 5371 2017 5431 delectatur
2062 5380 2155 5427 et;

533 5466 789 5523 exsultat.

570 5597 575 5601 ο
604 5560 768 5615 Vens.
796 5558 918 5613 112.
946 5536 1300 5621 -——_lnclinaui
1323 5571 1413 5613 cor
1436 5571 1625 5610 meum.
1674 5555 1792 5612 Non
1823 5554 1899 5612 fui
1928 5568 2116 5628 super-

531 5652 651 5715 bus,
678 5651 772 5705 sed
804 5649 1056 5705 humilis:
1104 5655 1159 5702 et
1184 5647 1304 5702 ideo
1332 5646 1582 5702 inclinavi
1606 5662 1702 5704 cor
1729 5664 1930 5714 meum,
1978 5657 2039 5705 ut
2062 5658 2117 5707 te

532 5740 928 5813 iutelligerem;
960 5739 1086 5808 quia
1122 5738 1342 5807 superbi
1388 5753 1496 5794 non
1525 5738 1784 5805 inclinant
1809 5756 1903 5796 cor
1927 5741 1983 5797 in
2010 5742 2112 5797 hu-

533 5835 833 5895 militatem.
864 5834 946 5887 Ad
970 5833 1101 5903 quid
1125 5831 1380 5887 inclinavi
1406 5847 1502 5888 cor
1530 5833 1743 5888 meum?
1768 5833 1907 5889 Dicit
1934 5834 2118 5890 Eccle-

533 5929 612 5988 sia
640 5946 652 5980 :
688 5928 754 5981 ad
784 5924 1052 5995 faciendas
1070 5923 1477 5993 justiﬁrationes
1508 5936 1645 5994 tuas,
1680 5925 1780 5981 hoc
1809 5936 1909 5991 est,
1963 5944 2114 5981 man-

2285 4733 2449 4788 Vens.
2479 4732 2601 4787 120.
2631 4762 2702 4773 —-
2725 4732 2895 4805 lnfige
2926 4734 3112 4788 timore
3140 4744 3228 4789 tuo
3254 4751 3436 4790 carnes
3471 4754 3640 4806 meas,
3669 4758 3702 4797 a
3722 4742 3814 4811 ju-

2216 4826 2367 4881 dieiis
2401 4826 2538 4880 enim
2563 4825 2667 4880 tuis
2696 4825 2867 4879 timui.
2908 4825 3085 4882 Metuo
3111 4826 3351 4882 futurum
3372 4825 3664 4899 judicium,
3694 4831 3812 4889 ideo

2216 4917 2365 4972 cruci
2398 4925 2505 4970 ῑιιερ
2553 4914 2828 4987 conﬁgens
2867 4931 3058 4972 omnes
3097 4918 3564 4990 concupiscentias
3607 4924 3809 4988 carnis,

2217 5007 2313 5061 tibi
2335 5006 2643 5069 convivere,
2671 5005 2768 5060 tibi
2792 5004 3097 5079 [commori,
3125 5009 3222 5063 tibi
3243 5010 3567 5080 consepellri
3585 5024 3810 5084 paratus

2216 5112 2356 5164 sum,
2388 5104 2451 5152 ut
2470 5097 2523 5151 in
2550 5096 2733 5165 futuro
2760 5097 2881 5171 tibi]
2907 5099 3088 5154 vivere
3114 5116 3345 5157 merear.

2286 5192 2447 5248 Vens.
2482 5190 2603 5244 121.
2624 5220 2697 5230 -
2724 5189 2854 5245 Feci
2864 5191 3130 5263 judicium
3158 5204 3205 5248 et
3222 5180 3511 5264 justitiam,
3540 5214 3603 5254 ne
3629 5202 3809 5259 tradas

2216 5296 2297 5338 me
2330 5282 2753 5355 persequentibus
2796 5281 2942 5357 [Ms.,
2990 5284 3463 5361 calumniantibus]
3496 5300 3610 5345 me.
3655 5290 3810 5351 Facit

2216 5383 2398 5432 autem
2425 5375 2710 5446 judicium,
2753 5377 2999 5447 quisquis
3024 5384 3214 5434 contra
3258 5394 3317 5435 se
3335 5376 3565 5450 iudicat,
3599 5390 3655 5440 et
3686 5402 3809 5457 pra-

2215 5470 2413 5525 vitates
2440 5483 2568 5525 suas
2597 5477 2726 5526 ante
2754 5485 2981 5526 examen
3007 5470 3219 5526 Domini
3260 5468 3406 5542 justa
3435 5480 3808 5535 exsecratione

2216 5564 2578 5620 condemnat:
2619 5573 2675 5619 et
2711 5563 2977 5635 justitiam
3010 5562 3237 5620 facimus
3279 5569 3497 5637 quando
3533 5586 3632 5641 per
3648 5570 3808 5644 justi-

2217 5654 2346 5708 tiam
2372 5667 2474 5708 nos
2495 5651 2819 5720 judicamus,
2852 5651 3069 5721 quando
3093 5653 3412 5713 delictorum
3446 5655 3804 5734 [nostrorum]

2208 5744 2421 5816 judices
2445 5742 2598 5817 [Ms.,
2620 5741 2884 5816 vindices]
2913 5759 3116 5799 sumus.
3143 5744 3285 5801 Petit
3307 5763 3437 5805 vero
3464 5765 3533 5807 ne
3562 5753 3805 5809 tradatur
3842 5746 3845 5749 ’

2214 5836 2614 5908 peccatoribus.
2671 5837 2762 5905 qui
2808 5844 3029 5905 peccata
3063 5840 3357 5896 damnavit.
3410 5842 3803 5916 Perseqnentes

2217 5941 2396 5988 autem
2444 5938 2567 5984 sunt
2601 5929 2845 5984 diabolus
2870 5928 3031 5999 372
3074 5945 3195 5983 cum
3240 5932 3504 5991 ministris
3539 5937 3671 6003 suis,
3707 5935 3802 6006 qui
