4072 6340
250 402 344 460 615

1050 370 1458 460 manuus.
1503 433 1571 444 .-
1612 400 1973 461 EXPOSITIO
2013 404 2079 459 IN
2114 398 2308 460 PSAL.
2349 396 2609 495 cxvm._

3383 401 3486 459 614

248 534 337 576 nos
364 514 625 573 indefessa
647 512 852 573 malitia
880 525 1300 587 persequuntur.
1332 516 1468 573 Hinc
1487 520 1651 573 etiam
1672 536 1802 588 quo-
1825 520 1881 583 Α
1907 537 2031 575 nem
2094 519 2326 584 factum,
2384 518 2661 591 Virginem
2711 516 3004 587 peperisse,
3058 526 3235 571 mutos
3278 518 3485 573 locutos

245 611 362 667 tidie
384 624 632 681 rogamus
657 606 915 666 admoniti
956 608 1228 667 dicentes:
1275 609 1359 665 Ne
1394 611 1613 673 inducas
1638 628 1730 666 nos
1749 612 1805 666 in

243 702 582 757 tentationem.

305 794 457 849 Vsus.
489 791 609 849 122.
638 823 708 832 —
731 792 949 866 Suscipe
978 793 1126 867 [δίδη
1165 795 1316 870 elige]
1345 814 1551 855 servum
1573 806 1722 852 tuum
1747 798 1804 852 in

241 888 435 952 bonum,
466 902 571 940 non
596 885 978 941 calumniantur
1001 905 1081 941 me
1107 889 1332 960 superbi.
1367 891 1589 959 Suscipe
1610 903 1716 955 me,
1748 889 1807 945 id

236 989 328 1045 est,
370 993 435 1035 ne
464 979 541 1035 illi
566 978 839 1050 impellant
860 988 918 1036 ut
944 981 1132 1036 cadam
1163 980 1215 1039 in
1259 979 1476 1047 malum,
1512 991 1565 1035 tu
1591 981 1803 1049 suscipe

237 1070 284 1124 in
322 1070 513 1127 bonum
559 1068 713 1143 [Hs.,
763 1071 817 1125 in
861 1070 1046 1144 bono].
1085 1070 1162 1126 Illi
1211 1074 1609 1128 calumniantur
1647 1073 1798 1147 [Ms.,

234 1159 643 1237 calumnientur]
674 1160 728 1216 in
758 1163 1031 1234 superbia,
1064 1172 1121 1218 tu
1147 1160 1202 1218 in
1232 1162 1533 1220 humilitate
1554 1164 1798 1235 defende,

234 1265 284 1310 ut
309 1269 414 1310 non
437 1254 568 1309 mihi
594 1264 827 1310 noceant
853 1256 1135 1312 calumnia:
1162 1255 1537 1327 superborum.

294 1344 450 1400 Vens.
503 1344 628 1403 125.
670 1373 745 1383 —
786 1341 940 1399 Oculi
986 1346 1088 1400 mei
1134 1344 1431 1415 defecerunt
1472 1345 1528 1400 in
1571 1345 1801 1403 salutare

228 1446 387 1503 tuum,
414 1444 463 1489 et
488 1430 543 1489 in
568 1434 829 1507 eloquium
840 1434 1065 1507 justitiie
1096 1444 1219 1492 tute.
1258 1432 1437 1508 [Oculi
1466 1432 1588 1509 mei]
1612 1434 1665 1489 in
1690 1434 1803 1491 elo-

226 1528 402 1599 quium
424 1525 651 1601 justitize
674 1522 790 1601 Dei,
839 1528 944 1584 hoc
975 1536 1081 1597 est,
1111 1528 1167 1585 in
1204 1528 1616 1601 promissionem
1647 1526 1803 1585 Chri-

226 1618 307 1675 sti.
349 1616 621 1675 Defecisse
648 1616 782 1675 dixit
814 1619 997 1675 oculos
1045 1619 1223 1675 cordis
1255 1618 1379 1675 sui:
1418 1635 1525 1674 non
1555 1619 1679 1690 quia
1719 1619 1801 1672 in-

226 1709 384 1765 tentio
412 1709 771 1766 desiderantis
799 1711 960 1766 animi
999 1711 1142 1767 victa
1162 1711 1522 1775 succubuerit,
1554 1710 1645 1764 sed
1673 1709 1799 1780 quia

224 1802 272 1856 in
292 1802 748 1870 exspectationem
761 1802 950 1873 gratim
965 1801 1059 1856 Dei
1073 1810 1182 1856 toto
1199 1802 1393 1856 mentis
1408 1802 1599 1855 ardore
1626 1809 1799 1855 trans-

1908 632 2027 672 esse
2054 635 2067 669 :
2110 618 2225 671 hrec
2253 624 2434 671 autem
2460 614 2640 669 omnia
2668 611 2927 684 parvulis,
2976 610 3030 665 id
3067 619 3149 666 est
3178 611 3473 667 humilibus

1906 715 2164 776 praestant
2188 723 2381 778 purum
2405 705 2756 761 intellectum.

1978 794 2138 853 Vens.
2172 796 2294 853 151.
2316 827 2388 838 —-
2414 794 2485 852 0s
2507 812 2676 851 meum
2698 812 2878 868 aperui
2915 802 2962 851 et
2993 795 3186 849 attraxi
3219 796 3480 867 spiritum,

1904 888 2028 959 quia
2054 887 2304 943 mandata
2333 897 2427 943 tua
2449 886 2828 942 desiderabam.
2853 884 2927 942 Os
2946 902 3124 941 meum
3150 887 3335 957 aperui
3363 902 3485 941 con-

1906 974 2125 1047 fitendo,
2159 979 2276 1036 sine
2305 987 2355 1036 te
2387 980 2463 1035 nil
2497 997 2583 1035 me
2621 996 2780 1051 posse
2809 998 2824 1047 ;
2866 988 2921 1035 et
2953 980 3150 1036 attraxi
3181 979 3234 1033 in
3267 995 3350 1035 me
3376 980 3485 1050 spi-

1905 1069 2065 1122 ritum
2097 1069 2302 1141 gratiie,
2348 1084 2446 1141 per
2494 1086 2651 1142 quem
2683 1070 2893 1126 conﬁdo
2944 1068 3137 1144 [Edit.,
3183 1068 3485 1142 considero]

1904 1158 2126 1230 implere
2167 1174 2255 1216 me
2283 1175 2441 1233 posse
2476 1175 2596 1233 quae
2623 1160 3016 1228 desiderabam,
3049 1162 3101 1217 id
3122 1169 3204 1217 est
3230 1162 3483 1217 mandata

1906 1259 2018 1309 tua.

1974 1340 2136 1398 Vsus.
2168 1341 2288 1399 152.
2317 1374 2386 1384 —
2409 1342 2594 1415 Aspice
2621 1344 2677 1398 in
2698 1362 2777 1399 me
2804 1354 2851 1399 et
2874 1345 3114 1403 miserere
3143 1346 3265 1409 mei,
3295 1358 3483 1399 secun-

1900 1431 2025 1487 dum
2041 1432 2309 1503 judicium
2335 1433 2663 1506 diligentiam
2683 1452 2867 1489 nomen
2890 1444 3057 1491 tuum.
3083 1434 3138 1490 ld
3160 1444 3262 1502 est,
3286 1452 3480 1492 secun-

1902 1526 2029 1581 dum
2049 1524 2313 1594 judicium
2346 1527 2486 1598 quod
2508 1526 2564 1582 in
2592 1543 2686 1584 eos
2714 1525 2887 1583 fecisti
2914 1528 3003 1598 qui
3035 1527 3261 1599 diligunt
3284 1544 3479 1587 nomen

1902 1625 2070 1671 tuum.
2105 1616 2366 1685 Quoniam
2398 1628 2454 1674 ut
2483 1618 2827 1690 diligeremus
2867 1619 3019 1692 [Μεη
3070 1621 3367 1693 diligerent.
3398 1662 3409 1674 .
3440 1620 3479 1692 .]

1903 1718 1975 1774 te,
2006 1710 2155 1779 prius
2190 1710 2425 1765 dilexisti
2455 1728 2552 1766 nos
2582 1711 2732 1785 [Ms.,
2781 1711 2920 1785 eos].
2971 1711 3239 1767 Iudicium
3285 1714 3481 1783 quippe

1901 1810 1983 1856 est
2013 1802 2241 1865 Domini,
2281 1813 2341 1858 ut
2376 1819 2570 1859 nomen
2601 1820 2759 1859 suum
2798 1805 2978 1875 palam
3019 1803 3202 1873 faciat,
3238 1812 3294 1860 et
3322 1806 3485 1861 mise-

221 1895 357 1950 ierit.
399 1892 621 1950 Iustitia
647 1903 826 1949 autem
848 1892 992 1969 [Dei]
1024 1909 1185 1965 quam
1214 1893 1349 1949 dixit
1373 1934 1387 1960 ,
1424 1891 1670 1948 Christus
1690 1899 1791 1957 est,
1827 1873 1873 1935 Β
1901 1892 2189 1949 ricordiam
2220 1895 2502 1971 largiatur.

219 1985 304 2056 qui
325 1984 507 2056 justos
538 1985 687 2040 facit.

284 2078 447 2133 Vens.
485 2076 607 2131 124.
630 2107 700 2117 -—
728 2072 841 2130 Fac
866 2093 983 2129 cum
1025 2092 1169 2131 servo
1199 2084 1289 2128 tuo
1327 2074 1611 2129 secundum
1643 2074 1792 2128 mise-

213 2170 496 2224 ricordiam
520 2179 690 2237 tuam,
717 2178 774 2224 ut
797 2169 909 2242 ipse
936 2177 1059 2224 vota
1088 2184 1204 2224 mea
1228 2168 1471 2240 perﬁciat
1496 2186 1507 2221 :
1541 2166 1607 2220 Et
1626 2167 1793 2237 justi-

204 2262 480 2334 ﬁcationes
506 2273 629 2319 tuas
657 2265 781 2318 doce
814 2280 912 2329 me,
943 2270 1000 2316 ut
1029 2277 1215 2316 eﬂl'llm
1246 2261 1623 2324 humilitatem,
1656 2260 1796 2313 sicut

202 2357 404 2427 smpius
428 2355 637 2426 optavi,
668 2355 867 2427 possim
898 2355 1198 2409 advertere.

275 2449 439 2503 Vsus.
474 2445 601 2500 125.
634 2476 702 2485 —
727 2446 918 2501 Servus
952 2454 1072 2499 tuus
1105 2460 1221 2498 sum
1245 2460 1355 2515 ego,
1397 2441 1466 2496 da
1492 2442 1617 2495 mihi
1644 2440 1797 2495 intel-

195 2538 415 2604 lectum,
456 2545 515 2590 ut
545 2535 712 2591 sciam
753 2535 1045 2591 testimonia
1088 2544 1200 2588 tua.
1250 2534 1297 2588 Α
1333 2541 1384 2589 te
1410 2548 1471 2588 ea
1514 2533 1716 2588 discam
1740 2539 1794 2586 et

197 2642 301 2683 non
330 2629 401 2683 ab
431 2627 710 2685 haereticis
734 2626 818 2682 vel
844 2625 1061 2682 Judaeis.
1095 2623 1230 2693 Quia
1268 2623 1474 2679 nullum
1498 2624 1629 2678 mihi
1655 2632 1789 2677 tem—

198 2736 295 2788 pus
330 2727 418 2775 est
446 2721 519 2775 ab
552 2719 943 2775 exercitatione
994 2716 1187 2794 [Edit.,
1237 2715 1655 2788 exspectatione]
1686 2722 1793 2770 tuae

199 2813 486 2869 servitutis
510 2812 768 2868 otiosum.

264 2905 433 2960 Vsus.
476 2902 605 2958 126.
631 2932 701 2943 —
726 2901 947 2975 Tempus
973 2901 1097 2957 bene
1127 2900 1377 2975 faciendi,
1413 2900 1656 2966 Domine,
1684 2900 1793 2955 dis-

201 2999 507 3068 sipaverunt
536 2995 701 3067 legem
729 3004 895 3050 tuam.
948 2994 1117 3051 Judaei
1143 2995 1349 3066 utique,
1402 2994 1494 3068 qui
1523 3010 1641 3049 eam
1677 2994 1787 3064 spi-

204 3088 429 3142 ritaliter
483 3102 597 3141 non
658 3086 1057 3142 intellexerunt.
1139 3084 1245 3141 Sed
1308 3084 1486 3142 veniet
1558 3093 1784 3155 tempus,

150 3220 163 3226 -
204 3179 411 3249 quando
450 3175 668 3233 occulta
715 3176 856 3232 illius
896 3177 1151 3233 Dominus
1198 3175 1362 3232 faciet
1404 3175 1785 3248 praedicatione

202 3270 506 3342 evangelica
533 3270 791 3325 reserari.

266 3364 428 3420 Vsus.
456 3364 583 3419 127.
614 3395 685 3404 —
708 3363 836 3419 Ideo
860 3364 1021 3419 dilexi
1040 3366 1290 3419 mandata
1312 3374 1401 3418 tua
1423 3378 1578 3434 super
1598 3378 1787 3415 aurum

201 3456 537 3527 ettopazion.
595 3454 749 3510 Sicut
798 3456 942 3511 enim
968 3470 1156 3510 aurum
1186 3464 1499 3511 cunctorum
1542 3452 1787 3509 metallo-

200 3562 310 3601 rum
354 3547 632 3620 praecellit
656 3547 910 3617 pretium,
956 3549 1031 3604 ita
1066 3548 1326 3619 topazius,
1375 3546 1614 3602 omnium
1643 3559 1789 3617 gem-

198 3652 402 3693 marum
426 3639 483 3694 in
516 3654 579 3695 se
602 3639 887 3693 continens
909 3638 1385 3708 pulchritudinem,
1410 3637 1648 3691 omnium
1673 3634 1791 3688 vin-

198 3732 263 3786 cit
314 3734 581 3790 honores.
643 3732 768 3788 Ideo
812 3733 1076 3803 Propheta
1124 3747 1287 3803 super
1333 3732 1447 3787 hzec
1489 3730 1668 3787 omnia
1694 3729 1791 3783 Dei

195 3827 443 3882 mandata
477 3824 688 3897 diligit,
732 3825 858 3896 quia
887 3825 942 3880 in
972 3825 1057 3881 his
1082 3825 1368 3880 adventum
1414 3823 1644 3888 Domini,
1699 3822 1790 3892 qui

196 3918 444 3973 mundum
512 3918 901 3987 redempturus
927 3924 1010 3973 est
1031 3958 1045 3981 ,
1077 3917 1490 3987 prrenuntiatum
1523 3914 1789 3984 intelligit.

259 4009 419 4067 Vens.
456 4010 586 4067 128.
614 4007 992 4079 —-Propterea
1021 4008 1091 4062 ad
1116 4008 1290 4062 omnia
1318 4007 1566 4061 mandata
1594 4014 1688 4059 tua
1711 4002 1793 4057 di-

194 4100 410 4171 rigebar,
453 4115 676 4156 omnem
703 4099 841 4154 viam
876 4099 1110 4169 iniquam
1132 4097 1251 4151 odio
1278 4096 1458 4151 habui.
1500 4094 1604 4175 Qui
1632 4108 1793 4163 super

193 4201 374 4246 aurum
402 4200 459 4247 et
487 4204 746 4263 gemmas
790 4187 962 4261 legem
1002 4187 1213 4241 Domini
1253 4185 1521 4256 diligebat,
1571 4197 1795 4238 necesse

190 4279 288 4338 fuit
313 4291 374 4339 ut
407 4285 479 4341 ad
508 4282 706 4339 omnia
750 4281 1003 4337 mandata
1031 4278 1145 4349 ejus
1182 4279 1520 4335 rectissimus
1560 4292 1789 4349 appare-

194 4384 290 4443 ret,
321 4385 376 4434 et
403 4378 623 4434 odisset
656 4388 965 4446 perversam
993 4373 1162 4440 viam,
1210 4374 1334 4443 quia
1377 4370 1574 4427 meruit
1607 4384 1792 4425 amare

188 4471 576 4525 rectissimam.
623 4467 815 4538 Iniqua
846 4465 1109 4537 siquidem
1133 4468 1221 4521 via
1247 4474 1348 4532 est,
1398 4481 1517 4535 quae
1544 4481 1643 4521 nos
1668 4480 1792 4534 per-

1969 1985 2130 2042 γωδ.
2163 1986 2283 2042 155.
2313 2018 2385 2028 -
2412 1988 2634 2043 Gressus
2678 2005 2816 2044 meos
2845 1988 3013 2060 dirige
3046 1988 3331 2045 secundum
3369 1988 3480 2045 elo-

1895 2077 2073 2148 quium
2097 2088 2264 2145 tuum,
2312 2090 2360 2135 et
2389 2099 2491 2136 non
2518 2081 2814 2135 dominetur
2854 2082 2957 2137 mei
2984 2083 3151 2137 omnis
3195 2083 3477 2153 iniustitia.

1896 2169 2129 2225 Gressus
2155 2172 2305 2243 quid,
2352 2173 2456 2228 nisi
2487 2172 2590 2247 [ut]
2620 2174 2715 2228 Dei
2736 2182 3024 2245 praecepta,
3060 2190 3177 2244 qum
3209 2168 3479 2245 [imponit]

1891 2260 2149 2329 jubendo,
2178 2261 2386 2330 impleri
2412 2261 2577 2318 faciat
2601 2262 2898 2332 adjuvando
2919 2263 2941 2316 ?
2964 2260 3194 2318 Gressus
3217 2263 3484 2332 signiﬁcat

1895 2359 2072 2404 motus
2090 2352 2282 2405 animae
2308 2367 2321 2404 :
2353 2352 2452 2406 bos
2474 2361 2657 2407 sancta
2679 2354 2872 2408 cohors
2897 2354 3187 2408 secundum
3210 2354 3481 2423 eloquium

1894 2442 2103 2497 Domini
2128 2445 2363 2512 postulat
2388 2445 2569 2515 dirigi,
2614 2446 2706 2515 qui
2736 2456 2944 2501 rectum
2974 2448 3076 2502 iter
3100 2457 3404 2502 monstrant
3428 2456 3484 2503 et

1895 2533 2149 2586 mandant
2179 2534 2405 2605 ingredi.
2439 2534 2508 2588 Et
2539 2554 2642 2590 non
2683 2537 2980 2592 dominetur
3005 2539 3106 2592 mei
3134 2537 3322 2610 [Edit.,
3354 2548 3479 2594 ut...

1893 2626 1947 2678 in
1968 2624 2062 2696 eis]
2094 2625 2393 2695 injustitia;
2434 2626 2589 2680 scivit
2616 2627 2758 2681 enim
2791 2627 2931 2697 quod
2959 2627 3013 2681 in
3055 2628 3157 2682 hac
3185 2629 3292 2682 vita
3327 2629 3481 2697 peni-

1895 2725 1982 2771 tus
2022 2717 2231 2772 excludi
2280 2733 2386 2772 non
2430 2724 2660 2787 poterat,
2711 2718 2865 2789 cujus
2913 2717 3163 2773 videlicet
3207 2718 3481 2774 dominum

1896 2804 2047 2878 [Ms.’,
2079 2806 2397 2879 dominium]
2427 2808 2642 2863 sibimet
2664 2809 2894 2863 subdere
2924 2817 3192 2878 precatur.

1968 2898 2127 2952 Vens.
2163 2899 2283 2956 154.
2313 2928 2385 2937 —
2415 2897 2632 2952 Redime
2661 2914 2740 2951 me
2788 2915 2819 2951 a
2867 2898 3144 2953 calumniis
3191 2899 3493 2971 hominum,

1893 3000 1949 3044 nt
1978 2991 2269 3046 custodiam
2308 2992 2557 3046 mandata
2584 3001 2695 3046 tua.
2735 2991 2814 3047 Tu
2843 3008 2941 3064 age
2970 2991 3164 3064 [Edit.,
3193 2992 3374 3065 tange]
3400 2995 3493 3063 in:

1893 3082 2012 3139 fuso
2041 3085 2233 3154 spiritu
2262 3094 2380 3155 tuo,
2416 3098 2485 3139 ne
2518 3098 2602 3140 me
2629 3085 2907 3140 calumnia:
2951 3085 3227 3139 hominum
3260 3084 3481 3140 terrori-

1891 3176 1989 3229 bus
2014 3176 2252 3241 vincant,
2303 3183 2357 3231 et
2390 3192 2421 3229 a
2454 3175 2560 3229 tuis
2606 3176 2874 3230 mandatis
2903 3175 3064 3247 373
3099 3176 3167 3229 ad
3195 3192 3292 3231 sua
3338 3174 3477 3230 mala

1812 3241 1860 3305 (ἶ
1888 3264 2131 3321 facienda
2170 3264 2327 3339 [Ms.,
2380 3265 2546 3338 facta]
2579 3266 2879 3321 traducant.
3020 3241 3174 3322 enim
3219 3269 3321 3324 hoc
3366 3284 3479 3324 me-

1890 3374 2014 3413 cum
2047 3357 2245 3429 egeris,
2287 3358 2431 3414 inter
2474 3358 2618 3429 ipsas
2647 3358 2945 3415 calumnias
2981 3360 3279 3415 custodiam
3326 3375 3477 3415 man-

1890 3448 2013 3503 data
2040 3456 2151 3503 tua.

1960 3541 2123 3595 Vsus.
2152 3539 2274 3596 155.
2305 3569 2378 3582 --
2405 3537 2643 3608 Faciem,
2672 3542 2866 3613 inquit,
2888 3552 3032 3597 tuam
3054 3542 3297 3596 illumina
3320 3557 3477 3612 super

1888 3646 2089 3688 servum
2118 3642 2285 3699 tuum,
2311 3633 2366 3689 id
2401 3642 2506 3700 est,
2526 3644 2673 3690 tuam
2702 3635 3005 3702 manifesta,
3033 3635 3398 3691 subveniendo
3418 3640 3475 3690 et

1890 3731 2223 3803 opitulando,
2253 3731 2620 3803 praesentiam.
2657 3731 2729 3788 Et
2774 3733 2902 3789 doce
2955 3749 3035 3787 me
3068 3731 3475 3803 justiﬁcationes

1890 3830 2041 3888 tuas;
2072 3822 2225 3888 doce,
2255 3822 2441 3894 utique
2466 3830 2526 3877 ut
2557 3822 2777 3879 faciam.

1962 3914 2125 3968 Vens.
2156 3913 2279 3969 156.
2308 3944 2380 3955 --
2420 3914 2611 3969 Exitus
2661 3931 2921 3985 aquarum
2964 3914 3287 3968 deduxerunt
3337 3911 3476 3966 oculi

1891 4007 2015 4072 mei,
2041 4007 2166 4076 quia
2196 4021 2300 4059 non
2322 4005 2677 4059 custodierunt
2704 4004 2867 4075 legem
2893 4014 3057 4058 tuam.
3094 4005 3293 4058 Veram
3328 4018 3472 4057 scm-

1890 4110 1989 4167 per
2017 4096 2130 4166 agit
2152 4095 2528 4165 paenitentiam
2559 4095 2647 4149 hic
2678 4101 2919 4157 sanctus,
2953 4103 3131 4149 etnon
3151 4100 3333 4147 cessat
3376 4093 3477 4147 llu-

1892 4185 2032 4240 entis
2052 4183 2421 4255 lacrymarum
2445 4184 2664 4253 antiqua
2692 4184 2886 4238 delicta
2916 4184 3213 4250 diluere,ut
3237 4190 3291 4236 tu
3316 4182 3474 4238 intel-

1891 4277 2047 4349 ligas,
2080 4276 2181 4331 nisi
2210 4291 2397 4331 veram
2423 4275 2793 4347 pmnitentiam
2823 4276 3020 4347 egeris,
3056 4277 3150 4331 tibi
3183 4274 3344 4332 facile
3366 4292 3473 4332 non

1893 4370 2087 4426 dimitti
2118 4384 2238 4440 qua:
2265 4368 2524 4441 gesseris.
2556 4369 2694 4424 Vera
2715 4375 2801 4423 est
2822 4368 2965 4424 enim
2988 4368 3303 4438 poenitentia
3331 4369 3473 4441 jugi—

1893 4471 1976 4519 ter
2002 4461 2217 4518 ﬂetibus
2245 4462 2537 4519 commissa
2574 4462 2802 4526 diluere,
2827 4468 2883 4516 et
2911 4461 3092 4516 abluta
3110 4476 3215 4516 non
3247 4461 3468 4516 iterare.

193 4560 330 4618 ducit
359 4566 429 4619 ad
454 4564 594 4618 vitia
622 4578 642 4629 ;
686 4570 835 4616 recta
864 4568 1040 4616 autem
1063 4560 1344 4625 virtutum,
1374 4575 1494 4631 qua:
1517 4560 1676 4615 nobis
1702 4560 1787 4613 in-

1964 4573 2421 4663 Vsus.157,158.
2453 4573 2732 4628 —Justus
2782 4590 2857 4639 es,
2898 4572 3140 4638 Domine,
3191 4582 3239 4627 et
3279 4583 3474 4627 rectum

190 4651 518 4725 dulgentiam
552 4663 611 4709 et
635 4652 870 4707 salutem
905 4651 1113 4706 tribuit.

256 4745 418 4804 Vens.
451 4746 586 4803 129.
636 4771 711 4784 -ο
753 4741 1023 4797 Hirabilia
1064 4742 1358 4796 testimonia
1388 4750 1499 4805 tua,
1549 4739 1788 4805 Domine,

190 4835 301 4891 ideo
320 4848 568 4893 scrutata
601 4843 685 4891 est
704 4851 766 4889 ea
793 4835 971 4889 anima
991 4851 1126 4888 mea.
1158 4833 1293 4889 Vide
1324 4832 1377 4887 in
1409 4833 1493 4887 his
1516 4832 1658 4885 aliud
1684 4830 1788 4902 agi,

192 4927 327 4986 aliud
361 4930 622 5004 ﬁgurari.
655 4927 908 4999 Ideoque,
959 4927 1101 4997 quod
1129 4926 1262 4981 mihi
1290 4925 1484 4979 mirum
1520 4933 1621 4990 est,
1658 4923 1793 5003 dili-

191 5022 400 5090 gentius
427 5027 791 5094 perscrutor,
841 5025 902 5074 ut
927 5026 1120 5074 cuncta
1168 5024 1222 5072 te
1249 5016 1557 5072 declarante
1596 5029 1794 5086 cogno-

188 5127 353 5170 suam.

256 5208 421 5264 Vens.
454 5208 589 5263 150.
633 5234 709 5249 -—
737 5203 1038 5259 Declaratio
1082 5217 1382 5257 sermonum
1416 5209 1625 5255 tuorum
1668 5198 1791 5252 illu-

192 5298 349 5354 minat
374 5317 483 5367 me,
539 5309 593 5354 et
640 5295 957 5351 intellectum
986 5293 1077 5348 dat
1106 5292 1363 5364 parvulis.
1414 5291 1613 5346 Sancta
1641 5289 1791 5359 plebs

188 5392 314 5448 dicit
338 5407 397 5448 se
426 5392 802 5449 illuminatam
830 5387 1191 5443 declaratioue
1214 5398 1520 5441 sermonum
1552 5381 1788 5452 Domini,

188 5486 370 5557 utique
397 5486 797 5558 prophetarum
825 5481 1057 5546 Domini,
1083 5480 1174 5551 qui
1198 5480 1286 5534 diu
1310 5479 1608 5535 absconditi
1635 5486 1787 5534 sunt:

191 5573 258 5630 Ut
280 5588 403 5632 est:
439 5578 587 5632 Ecce
619 5576 765 5646 virgo
791 5576 1061 5646 concipiet,
1088 5574 1191 5629 etc.
1222 5572 1381 5646 (Isa.,
1417 5589 1513 5640 vn,
1545 5573 1656 5646 14.)
1681 5574 1785 5629 Et:

200 5666 396 5726 Videbit
442 5671 628 5725 omnis
670 5685 792 5723 caro
826 5668 1058 5725 salutare
1099 5667 1231 5733 Dei,
1278 5675 1382 5723 etc.
1411 5667 1561 5739 (Luc.
1594 5685 1676 5733 ιιι,
1710 5668 1785 5739 6).

187 5759 335 5818 Nunc
363 5778 467 5833 per
514 5761 815 5816 adventum
846 5759 1075 5822 Domini,
1128 5758 1232 5814 illis
1278 5758 1618 5814 sermonibus
1653 5758 1789 5815 actis

187 5860 239 5907 et
260 5854 578 5925 completis,
624 5850 923 5906 illuminata
954 5851 1127 5905 cernit
1152 5851 1351 5916 omnia,
1399 5851 1633 5907 Verbum
1672 5868 1782 5908 car-

1886 4656 2151 4736 judicium
2179 4676 2345 4720 tuum.
2377 4664 2643 4719 Mandasti
2664 4665 2927 4735 justitiam
2963 4664 3256 4718 testimonia
3288 4674 3402 4729 tua,
3426 4673 3472 4718 et

1891 4748 2158 4813 ueritatem
2173 4766 2320 4811 tuam
2342 4758 2515 4812 nimis.
2548 4754 2740 4827 Magna
2769 4763 2855 4810 est
2876 4756 3020 4810 enim
3049 4755 3103 4810 in
3128 4764 3359 4827 utroque
3385 4757 3473 4826 ju-

1891 4847 2038 4902 stitia
2078 4848 2197 4913 Dei,
2240 4856 2555 4917 rectumque
2597 4845 2882 4917 judicium,
2938 4862 3046 4918 quo
3093 4856 3149 4902 et
3196 4848 3470 4918 peccaturi

1890 4952 2049 5006 ptena
2070 4937 2400 5001 decernitur,
2432 4943 2489 4991 et
2519 4935 2802 5006 pmnitenti
2818 4935 3139 5007 justiﬁcatio
3159 4953 3266 4992 non
3307 4937 3472 4992 dene-

1893 5034 2070 5097 gatur.
2090 5026 2265 5080 Nimis
2283 5026 2351 5079 ad
2369 5030 2659 5094 utrumque
2680 5025 2934 5095 pertinet,
2958 5026 3069 5081 sive
3094 5026 3161 5082 ad
3176 5024 3468 5098 justitiam,

1891 5121 2005 5175 sive
2035 5121 2101 5175 ad
2125 5121 2427 5175 veritatem.

1962 5214 2125 5267 Vsus.
2152 5213 2273 5267 159.
2304 5242 2376 5252 —
2396 5210 2674 5267 Tabescere
2695 5228 2775 5266 me
2796 5213 2916 5282 fecit
2940 5210 3077 5266 zelus
3101 5211 3287 5266 domus
3338 5220 3466 5277 tua',

1889 5303 2012 5375 quia
2036 5301 2182 5356 obliti
2210 5310 2331 5357 sunt
2364 5301 2515 5357 verba
2544 5311 2636 5356 tua
2656 5302 2856 5356 inimici
2878 5303 2996 5356 mei.
3025 5302 3183 5359 Zelus
3201 5301 3302 5356 iste
3324 5319 3469 5355 amo-

1890 5396 1967 5451 ris
1988 5402 2094 5461 est,
2116 5410 2223 5450 non
2249 5395 2449 5451 laboris
2478 5410 2491 5449 :
2526 5404 2715 5451 sancta
2738 5396 2881 5453 enim
2907 5395 3249 5451 aemulatione
3287 5396 3469 5450 inimi-

1890 5502 1984 5543 cos
2018 5502 2144 5543 suos
2168 5486 2283 5542 vult
2307 5502 2426 5543 esse
2467 5495 2780 5553 correctos;
2837 5486 3024 5544 dolens
3069 5495 3126 5542 et
3163 5488 3468 5552 tabescens,

1891 5581 2032 5651 quod
2058 5579 2208 5635 obliti
2233 5580 2342 5634 sint
2366 5578 2654 5635 verborum
2680 5576 2797 5633 Dei.

1960 5670 2123 5726 Vens.
2157 5669 2272 5725 140.
2304 5702 2375 5711 ——
2399 5667 2630 5740 Ignitum
2665 5668 2924 5737 eloquium
2953 5677 3099 5725 tuum
3128 5669 3467 5733 vehementer,

1890 5773 1935 5816 et
1964 5777 2140 5816 servus
2161 5770 2283 5814 tuus
2312 5759 2495 5814 dilexit
2527 5757 2678 5812 illud.
2703 5756 2837 5823 Quia
2858 5760 3000 5815 sicut
3026 5769 3309 5815 peccatum
3341 5777 3470 5814 cou-

1891 5852 2076 5918 sumit,
2104 5852 2178 5906 ita
2209 5858 2547 5921 peccantem,
2580 5850 2625 5904 si
2648 5856 3014 5916 convertatur,
3048 5850 3333 5907 illuminat.
3358 5851 3466 5910 Iste
