  <div class='ocr_page' id='page_1' title='image "/cluster/home/n/w/nwhite01/storage/ocr_20150623/100/hvd.32044024239972/313.png"; bbox 0 0 4066 6444; ppageno 0'>
   <div class='ocr_carea' id='block_1_1' title="bbox 538 384 643 442">
    <p class='ocr_par' dir='ltr' id='par_1_1' title="bbox 538 384 643 442">
     <span class='ocr_line' id='line_1_1' title="bbox 538 384 643 442; baseline -0.019 0"><span class='ocrx_word' id='word_1_1' title='bbox 538 384 643 442; x_wconf 81' lang='grc'><strong>615</strong></span> 
     </span>
    </p>
   </div>
   <div class='ocr_carea' id='block_1_2' title="bbox 1395 338 2951 428">
    <p class='ocr_par' dir='ltr' id='par_1_2' title="bbox 1395 338 2951 428">
     <span class='ocr_line' id='line_1_2' title="bbox 1395 338 2951 428; baseline -0.006 -1"><span class='ocrx_word' id='word_1_2' title='bbox 1395 372 1458 427; x_wconf 92' lang='lat' dir='ltr'><strong>B.</strong></span> <span class='ocrx_word' id='word_1_3' title='bbox 1496 370 1559 428; x_wconf 63' lang='grc' dir='ltr'><strong>ιη’.</strong></span> <span class='ocrx_word' id='word_1_4' title='bbox 1598 369 1827 428; x_wconf 81' lang='lat' dir='ltr'><strong>ALBlNl</strong></span> <span class='ocrx_word' id='word_1_5' title='bbox 1866 368 2000 428; x_wconf 73' lang='lat' dir='ltr'><strong>seu</strong></span> <span class='ocrx_word' id='word_1_6' title='bbox 2033 363 2312 425; x_wconf 78' lang='lat' dir='ltr'><strong>ALCUlNl</strong></span> <span class='ocrx_word' id='word_1_7' title='bbox 2348 338 2635 422; x_wconf 74' lang='lat' dir='ltr'><strong>orenuu</strong></span> <span class='ocrx_word' id='word_1_8' title='bbox 2670 361 2853 421; x_wconf 79' lang='lat' dir='ltr'><strong>PARS</strong></span> <span class='ocrx_word' id='word_1_9' title='bbox 2887 360 2951 420; x_wconf 92' lang='grc' dir='ltr'>ιι.</span> 
     </span>
    </p>
   </div>
   <div class='ocr_carea' id='block_1_3' title="bbox 3720 354 3822 412">
    <p class='ocr_par' dir='ltr' id='par_1_3' title="bbox 3720 354 3822 412">
     <span class='ocr_line' id='line_1_3' title="bbox 3720 354 3822 412; baseline 0.01 -1"><span class='ocrx_word' id='word_1_10' title='bbox 3720 354 3822 412; x_wconf 77' lang='grc'><strong>616</strong></span> 
     </span>
    </p>
   </div>
   <div class='ocr_carea' id='block_1_4' title="bbox 540 472 3824 569">
    <p class='ocr_par' dir='ltr' id='par_1_4' title="bbox 540 472 3824 569">
     <span class='ocr_line' id='line_1_4' title="bbox 540 472 3824 569; baseline 0.001 -16"><span class='ocrx_word' id='word_1_11' title='bbox 540 495 679 569; x_wconf 92' lang='lat' dir='ltr'><strong>ignis</strong></span> <span class='ocrx_word' id='word_1_12' title='bbox 701 505 883 551; x_wconf 82' lang='lat' dir='ltr'><strong>sermo</strong></span> <span class='ocrx_word' id='word_1_13' title='bbox 905 489 1106 549; x_wconf 75' lang='lat' dir='ltr'><strong>Christi</strong></span> <span class='ocrx_word' id='word_1_14' title='bbox 1133 495 1240 555; x_wconf 89' lang='lat' dir='ltr'><strong>est,</strong></span> <span class='ocrx_word' id='word_1_15' title='bbox 1262 487 1330 543; x_wconf 92' lang='lat' dir='ltr'><strong>de</strong></span> <span class='ocrx_word' id='word_1_16' title='bbox 1356 501 1466 558; x_wconf 87' lang='lat' dir='ltr'><strong>quo</strong></span> <span class='ocrx_word' id='word_1_17' title='bbox 1484 487 1652 542; x_wconf 89' lang='lat' dir='ltr'><strong>dicit:</strong></span> <span class='ocrx_word' id='word_1_18' title='bbox 1677 485 1859 558; x_wconf 84' lang='lat' dir='ltr'><strong><em>Ignem</em></strong></span> <span class='ocrx_word' id='word_1_19' title='bbox 1879 487 1992 542; x_wconf 77' lang='lat' dir='ltr'><strong>veni</strong></span> <span class='ocrx_word' id='word_1_20' title='bbox 2007 487 2127 540; x_wconf 88' lang='lat' dir='ltr'><strong>mit-</strong></span> <span class='ocrx_word' id='word_1_21' title='bbox 2153 487 2203 546; x_wconf 77' lang='grc' dir='ltr'><strong>Δ</strong></span> <span class='ocrx_word' id='word_1_22' title='bbox 2228 479 2305 535; x_wconf 68' lang='lat' dir='ltr'><strong>fis</strong></span> <span class='ocrx_word' id='word_1_23' title='bbox 2342 479 2530 537; x_wconf 69' lang='grc' dir='ltr'><strong>Ῑκειιοε</strong></span> <span class='ocrx_word' id='word_1_24' title='bbox 2551 480 2702 547; x_wconf 60' lang='lat' dir='ltr'><strong>fac“,</strong></span> <span class='ocrx_word' id='word_1_25' title='bbox 2738 496 2805 535; x_wconf 65' lang='lat' dir='ltr'><strong>ex</strong></span> <span class='ocrx_word' id='word_1_26' title='bbox 2835 475 3063 549; x_wconf 69' lang='grc' dir='ltr'><strong>θοΡίῖνίε</strong></span> <span class='ocrx_word' id='word_1_27' title='bbox 3089 474 3313 541; x_wconf 51' lang='lat' dir='ltr'><strong>liberos,</strong></span> <span class='ocrx_word' id='word_1_28' title='bbox 3333 487 3401 529; x_wconf 63' lang='grc'><strong>⁸⁸</strong></span> <span class='ocrx_word' id='word_1_29' title='bbox 3461 472 3824 569; x_wconf 43' lang='grc' dir='ltr'><strong>ωῨΪωίδηνθ</strong></span> 
     </span>
    </p>
   </div>
   <div class='ocr_carea' id='block_1_5' title="bbox 539 576 2118 656">
    <p class='ocr_par' dir='ltr' id='par_1_5' title="bbox 539 576 2118 656">
     <span class='ocr_line' id='line_1_5' title="bbox 539 576 2118 656; baseline -0.008 -12"><span class='ocrx_word' id='word_1_30' title='bbox 539 597 648 644; x_wconf 88' lang='lat' dir='ltr'><strong>tere</strong></span> <span class='ocrx_word' id='word_1_31' title='bbox 674 588 731 642; x_wconf 86' lang='lat' dir='ltr'><strong>in</strong></span> <span class='ocrx_word' id='word_1_32' title='bbox 755 597 985 652; x_wconf 88' lang='lat' dir='ltr'><strong>terram;</strong></span> <span class='ocrx_word' id='word_1_33' title='bbox 1032 583 1158 656; x_wconf 82' lang='lat' dir='ltr'><strong>quid</strong></span> <span class='ocrx_word' id='word_1_34' title='bbox 1178 590 1351 636; x_wconf 87' lang='lat' dir='ltr'><strong>autem</strong></span> <span class='ocrx_word' id='word_1_35' title='bbox 1367 578 1504 645; x_wconf 83' lang='lat' dir='ltr'><strong>volo,</strong></span> <span class='ocrx_word' id='word_1_36' title='bbox 1536 581 1637 634; x_wconf 83' lang='lat' dir='ltr'><strong>nisi</strong></span> <span class='ocrx_word' id='word_1_37' title='bbox 1663 588 1719 634; x_wconf 90' lang='lat' dir='ltr'><strong>ut</strong></span> <span class='ocrx_word' id='word_1_38' title='bbox 1750 583 1934 634; x_wconf 78' lang='lat' dir='ltr'><strong><em>ardeat</em></strong></span> <span class='ocrx_word' id='word_1_39' title='bbox 1967 576 2118 651; x_wconf 87' lang='lat' dir='ltr'><strong>(Luc.</strong></span> 
     </span>
    </p>
   </div>
   <div class='ocr_carea' id='block_1_6' title="bbox 537 673 2122 754">
    <p class='ocr_par' dir='ltr' id='par_1_6' title="bbox 537 673 2122 754">
     <span class='ocr_line' id='line_1_6' title="bbox 537 673 2122 754; baseline -0.004 -18"><span class='ocrx_word' id='word_1_40' title='bbox 537 696 641 748; x_wconf 81' lang='lat' dir='ltr'><strong>xu,</strong></span> <span class='ocrx_word' id='word_1_41' title='bbox 661 679 791 754; x_wconf 65' lang='lat'><strong>49)?</strong></span> <span class='ocrx_word' id='word_1_42' title='bbox 819 678 974 736; x_wconf 84' lang='lat' dir='ltr'><strong>Hunc</strong></span> <span class='ocrx_word' id='word_1_43' title='bbox 1003 679 1180 750; x_wconf 80' lang='lat' dir='ltr'><strong>ignem</strong></span> <span class='ocrx_word' id='word_1_44' title='bbox 1211 675 1340 732; x_wconf 90' lang='lat' dir='ltr'><strong>dicit</strong></span> <span class='ocrx_word' id='word_1_45' title='bbox 1361 690 1420 731; x_wconf 89' lang='lat' dir='ltr'><strong>se</strong></span> <span class='ocrx_word' id='word_1_46' title='bbox 1462 674 1736 741; x_wconf 81' lang='lat' dir='ltr'><strong>dilexisse,</strong></span> <span class='ocrx_word' id='word_1_47' title='bbox 1787 675 1914 746; x_wconf 85' lang='lat' dir='ltr'><strong>quia</strong></span> <span class='ocrx_word' id='word_1_48' title='bbox 1952 673 2122 729; x_wconf 78' lang='lat' dir='ltr'><strong>vitam</strong></span> 
     </span>
    </p>
   </div>
   <div class='ocr_carea' id='block_1_7' title="bbox 538 765 2119 839">
    <p class='ocr_par' dir='ltr' id='par_1_7' title="bbox 538 765 2119 839">
     <span class='ocr_line' id='line_1_7' title="bbox 538 765 2119 839; baseline -0.007 -10"><span class='ocrx_word' id='word_1_49' title='bbox 538 771 770 839; x_wconf 79' lang='lat' dir='ltr'><strong>confert,</strong></span> <span class='ocrx_word' id='word_1_50' title='bbox 820 780 879 828; x_wconf 92' lang='lat' dir='ltr'><strong>et</strong></span> <span class='ocrx_word' id='word_1_51' title='bbox 929 771 1189 826; x_wconf 88' lang='lat' dir='ltr'><strong>honorem</strong></span> <span class='ocrx_word' id='word_1_52' title='bbox 1214 767 1619 837; x_wconf 90' lang='lat' dir='ltr'><strong>remediumque</strong></span> <span class='ocrx_word' id='word_1_53' title='bbox 1638 765 1826 839; x_wconf 85' lang='lat' dir='ltr'><strong>generi</strong></span> <span class='ocrx_word' id='word_1_54' title='bbox 1863 765 2119 820; x_wconf 89' lang='lat' dir='ltr'><strong>humano.</strong></span> 
     </span>
    </p>
   </div>
   <div class='ocr_carea' id='block_1_8' title="bbox 608 859 2121 929">
    <p class='ocr_par' dir='ltr' id='par_1_8' title="bbox 608 859 2121 929">
     <span class='ocr_line' id='line_1_8' title="bbox 608 859 2121 929; baseline -0.007 -6"><span class='ocrx_word' id='word_1_55' title='bbox 608 867 771 923; x_wconf 74' lang='lat' dir='ltr'><strong>Vens.</strong></span> <span class='ocrx_word' id='word_1_56' title='bbox 804 865 925 920; x_wconf 85' lang='grc'><strong>141.</strong></span> <span class='ocrx_word' id='word_1_57' title='bbox 948 890 1020 906; x_wconf 92' lang='grc'><strong><em>-</em></strong></span> <span class='ocrx_word' id='word_1_58' title='bbox 1043 859 1437 917; x_wconf 81' lang='lat' dir='ltr'><strong>Adolescentiar</strong></span> <span class='ocrx_word' id='word_1_59' title='bbox 1462 876 1578 914; x_wconf 81' lang='lat' dir='ltr'><strong>sum</strong></span> <span class='ocrx_word' id='word_1_60' title='bbox 1606 875 1700 929; x_wconf 86' lang='lat' dir='ltr'><strong>ego</strong></span> <span class='ocrx_word' id='word_1_61' title='bbox 1712 867 1762 913; x_wconf 89' lang='lat' dir='ltr'><strong>et</strong></span> <span class='ocrx_word' id='word_1_62' title='bbox 1774 866 2121 929; x_wconf 77' lang='lat' dir='ltr'><strong>contemptus,</strong></span> 
     </span>
    </p>
   </div>
   <div class='ocr_carea' id='block_1_9' title="bbox 529 948 2124 1030">
    <p class='ocr_par' dir='ltr' id='par_1_9' title="bbox 529 948 2124 1030">
     <span class='ocr_line' id='line_1_9' title="bbox 529 948 2124 1030; baseline -0.007 -17"><span class='ocrx_word' id='word_1_63' title='bbox 529 957 934 1030; x_wconf 77' lang='lat' dir='ltr'><strong>justi/icationes</strong></span> <span class='ocrx_word' id='word_1_64' title='bbox 954 964 1071 1009; x_wconf 84' lang='lat' dir='ltr'><strong>tuas</strong></span> <span class='ocrx_word' id='word_1_65' title='bbox 1100 968 1206 1007; x_wconf 88' lang='lat' dir='ltr'><strong>non</strong></span> <span class='ocrx_word' id='word_1_66' title='bbox 1232 968 1348 1006; x_wconf 84' lang='lat' dir='ltr'><strong>sum</strong></span> <span class='ocrx_word' id='word_1_67' title='bbox 1374 949 1584 1006; x_wconf 77' lang='lat' dir='ltr'><strong>oblitus.</strong></span> <span class='ocrx_word' id='word_1_68' title='bbox 1615 948 1763 1004; x_wconf 86' lang='lat' dir='ltr'><strong>Bene</strong></span> <span class='ocrx_word' id='word_1_69' title='bbox 1787 949 1878 1004; x_wconf 91' lang='lat' dir='ltr'><strong>hic</strong></span> <span class='ocrx_word' id='word_1_70' title='bbox 1895 948 2124 1004; x_wconf 91' lang='lat' dir='ltr'><strong>duorum</strong></span> 
     </span>
    </p>
   </div>
   <div class='ocr_carea' id='block_1_10' title="bbox 535 1039 2125 1121">
    <p class='ocr_par' dir='ltr' id='par_1_10' title="bbox 535 1039 2125 1121">
     <span class='ocr_line' id='line_1_10' title="bbox 535 1039 2125 1121; baseline -0.008 -17"><span class='ocrx_word' id='word_1_71' title='bbox 535 1048 855 1121; x_wconf 91' lang='lat' dir='ltr'><strong>p0pulorum</strong></span> <span class='ocrx_word' id='word_1_72' title='bbox 879 1044 1194 1117; x_wconf 74' lang='lat' dir='ltr'><strong>intelligitur</strong></span> <span class='ocrx_word' id='word_1_73' title='bbox 1227 1041 1550 1115; x_wconf 82' lang='lat' dir='ltr'><strong>significatio</strong></span> <span class='ocrx_word' id='word_1_74' title='bbox 1580 1059 1592 1095; x_wconf 90' lang='lat'><strong>:</strong></span> <span class='ocrx_word' id='word_1_75' title='bbox 1620 1041 1747 1111; x_wconf 88' lang='lat' dir='ltr'><strong>quia</strong></span> <span class='ocrx_word' id='word_1_76' title='bbox 1790 1039 1975 1111; x_wconf 90' lang='lat' dir='ltr'><strong>junior</strong></span> <span class='ocrx_word' id='word_1_77' title='bbox 2024 1052 2125 1110; x_wconf 86' lang='lat' dir='ltr'><strong>po-</strong></span> 
     </span>
    </p>
   </div>
   <div class='ocr_carea' id='block_1_11' title="bbox 534 1130 2127 1211">
    <p class='ocr_par' dir='ltr' id='par_1_11' title="bbox 534 1130 2127 1211">
     <span class='ocr_line' id='line_1_11' title="bbox 534 1130 2127 1211; baseline -0.006 -17"><span class='ocrx_word' id='word_1_78' title='bbox 534 1140 693 1211; x_wconf 89' lang='lat' dir='ltr'><strong>pulus</strong></span> <span class='ocrx_word' id='word_1_79' title='bbox 723 1147 1065 1209; x_wconf 84' lang='lat' dir='ltr'><strong>contemptus</strong></span> <span class='ocrx_word' id='word_1_80' title='bbox 1093 1143 1179 1192; x_wconf 92' lang='lat' dir='ltr'><strong>est</strong></span> <span class='ocrx_word' id='word_1_81' title='bbox 1201 1151 1234 1190; x_wconf 90' lang='lat' dir='ltr'><strong>a</strong></span> <span class='ocrx_word' id='word_1_82' title='bbox 1268 1135 1494 1206; x_wconf 84' lang='lat' dir='ltr'><strong>majore,</strong></span> <span class='ocrx_word' id='word_1_83' title='bbox 1524 1133 1618 1205; x_wconf 87' lang='lat' dir='ltr'><strong>qui</strong></span> <span class='ocrx_word' id='word_1_84' title='bbox 1642 1141 1847 1198; x_wconf 91' lang='lat' dir='ltr'><strong>tamen,</strong></span> <span class='ocrx_word' id='word_1_85' title='bbox 1874 1130 1973 1187; x_wconf 90' lang='lat' dir='ltr'><strong>Dei</strong></span> <span class='ocrx_word' id='word_1_86' title='bbox 2002 1146 2127 1202; x_wconf 87' lang='lat' dir='ltr'><strong>gra-</strong></span> 
     </span>
    </p>
   </div>
   <div class='ocr_carea' id='block_1_12' title="bbox 534 1224 1808 1299">
    <p class='ocr_par' dir='ltr' id='par_1_12' title="bbox 534 1224 1808 1299">
     <span class='ocr_line' id='line_1_12' title="bbox 534 1224 1808 1299; baseline -0.006 -14"><span class='ocrx_word' id='word_1_87' title='bbox 534 1229 613 1286; x_wconf 91' lang='lat' dir='ltr'><strong>tia</strong></span> <span class='ocrx_word' id='word_1_88' title='bbox 637 1231 892 1295; x_wconf 88' lang='lat' dir='ltr'><strong>donante,</strong></span> <span class='ocrx_word' id='word_1_89' title='bbox 925 1228 1182 1285; x_wconf 89' lang='lat' dir='ltr'><strong>mandata</strong></span> <span class='ocrx_word' id='word_1_90' title='bbox 1213 1227 1331 1299; x_wconf 87' lang='lat' dir='ltr'><strong>ejus</strong></span> <span class='ocrx_word' id='word_1_91' title='bbox 1354 1241 1463 1282; x_wconf 91' lang='lat' dir='ltr'><strong>non</strong></span> <span class='ocrx_word' id='word_1_92' title='bbox 1483 1234 1568 1281; x_wconf 90' lang='lat' dir='ltr'><strong>est</strong></span> <span class='ocrx_word' id='word_1_93' title='bbox 1589 1224 1808 1280; x_wconf 89' lang='lat' dir='ltr'><strong>oblitus.</strong></span> 
     </span>
    </p>
   </div>
   <div class='ocr_carea' id='block_1_13' title="bbox 606 1317 2126 1399">
    <p class='ocr_par' dir='ltr' id='par_1_13' title="bbox 606 1317 2126 1399">
     <span class='ocr_line' id='line_1_13' title="bbox 606 1317 2126 1399; baseline -0.009 -18"><span class='ocrx_word' id='word_1_94' title='bbox 606 1324 769 1381; x_wconf 75' lang='lat' dir='ltr'><strong>Vsns.</strong></span> <span class='ocrx_word' id='word_1_95' title='bbox 806 1322 931 1378; x_wconf 74' lang='grc'><strong>142.</strong></span> <span class='ocrx_word' id='word_1_96' title='bbox 952 1353 1026 1363; x_wconf 91' lang='lat'><strong>-</strong></span> <span class='ocrx_word' id='word_1_97' title='bbox 1056 1321 1279 1399; x_wconf 71' lang='lat' dir='ltr'><strong>Iustitia</strong></span> <span class='ocrx_word' id='word_1_98' title='bbox 1307 1329 1398 1373; x_wconf 90' lang='lat' dir='ltr'><strong>tua</strong></span> <span class='ocrx_word' id='word_1_99' title='bbox 1423 1318 1637 1389; x_wconf 87' lang='lat' dir='ltr'><strong>justitia</strong></span> <span class='ocrx_word' id='word_1_100' title='bbox 1674 1317 1731 1370; x_wconf 86' lang='lat' dir='ltr'><strong>in</strong></span> <span class='ocrx_word' id='word_1_101' title='bbox 1774 1324 2049 1379; x_wconf 79' lang='lat' dir='ltr'><strong>ceternum,</strong></span> <span class='ocrx_word' id='word_1_102' title='bbox 2076 1320 2126 1368; x_wconf 91' lang='lat' dir='ltr'><strong>et</strong></span> 
     </span>
    </p>
   </div>
   <div class='ocr_carea' id='block_1_14' title="bbox 533 1407 2123 1474">
    <p class='ocr_par' dir='ltr' id='par_1_14' title="bbox 533 1407 2123 1474">
     <span class='ocr_line' id='line_1_14' title="bbox 533 1407 2123 1474; baseline -0.009 0"><span class='ocrx_word' id='word_1_103' title='bbox 533 1417 617 1474; x_wconf 78' lang='lat' dir='ltr'><strong>lea;</strong></span> <span class='ocrx_word' id='word_1_104' title='bbox 645 1428 737 1472; x_wconf 90' lang='lat' dir='ltr'><strong>tua</strong></span> <span class='ocrx_word' id='word_1_105' title='bbox 777 1416 986 1471; x_wconf 79' lang='lat' dir='ltr'><strong>veritas.</strong></span> <span class='ocrx_word' id='word_1_106' title='bbox 1018 1412 1243 1469; x_wconf 85' lang='lat' dir='ltr'><strong>Justitia</strong></span> <span class='ocrx_word' id='word_1_107' title='bbox 1286 1409 1500 1466; x_wconf 88' lang='lat' dir='ltr'><strong>Domini</strong></span> <span class='ocrx_word' id='word_1_108' title='bbox 1541 1417 1724 1463; x_wconf 89' lang='lat' dir='ltr'><strong>manet</strong></span> <span class='ocrx_word' id='word_1_109' title='bbox 1755 1407 1808 1462; x_wconf 92' lang='lat' dir='ltr'><strong>in</strong></span> <span class='ocrx_word' id='word_1_110' title='bbox 1838 1415 2123 1471; x_wconf 60' lang='lat' dir='ltr'><strong>aeternum,</strong></span> 
     </span>
    </p>
   </div>
   <div class='ocr_carea' id='block_1_15' title="bbox 532 1497 2126 1579">
    <p class='ocr_par' dir='ltr' id='par_1_15' title="bbox 532 1497 2126 1579">
     <span class='ocr_line' id='line_1_15' title="bbox 532 1497 2126 1579; baseline -0.009 -14"><span class='ocrx_word' id='word_1_111' title='bbox 532 1519 588 1566; x_wconf 84' lang='lat' dir='ltr'><strong>et</strong></span> <span class='ocrx_word' id='word_1_112' title='bbox 612 1509 704 1579; x_wconf 91' lang='lat' dir='ltr'><strong>qui</strong></span> <span class='ocrx_word' id='word_1_113' title='bbox 733 1506 1107 1576; x_wconf 88' lang='lat' dir='ltr'><strong>custoditejus</strong></span> <span class='ocrx_word' id='word_1_114' title='bbox 1136 1503 1443 1565; x_wconf 83' lang='lat' dir='ltr'><strong>veritatem,</strong></span> <span class='ocrx_word' id='word_1_115' title='bbox 1472 1508 1674 1556; x_wconf 65' lang='lat' dir='ltr'><strong>aeterna</strong></span> <span class='ocrx_word' id='word_1_116' title='bbox 1707 1497 1966 1554; x_wconf 81' lang='lat' dir='ltr'><strong>felicitate</strong></span> <span class='ocrx_word' id='word_1_117' title='bbox 1991 1513 2126 1570; x_wconf 91' lang='lat' dir='ltr'><strong>gau-</strong></span> 
     </span>
    </p>
   </div>
   <div class='ocr_carea' id='block_1_16' title="bbox 533 1590 2128 1668">
    <p class='ocr_par' dir='ltr' id='par_1_16' title="bbox 533 1590 2128 1668">
     <span class='ocr_line' id='line_1_16' title="bbox 533 1590 2128 1668; baseline -0.006 -14"><span class='ocrx_word' id='word_1_118' title='bbox 533 1599 698 1657; x_wconf 87' lang='lat' dir='ltr'><strong>debit.</strong></span> <span class='ocrx_word' id='word_1_119' title='bbox 745 1596 899 1652; x_wconf 83' lang='lat' dir='ltr'><strong>Hanc</strong></span> <span class='ocrx_word' id='word_1_120' title='bbox 935 1594 1164 1668; x_wconf 91' lang='lat' dir='ltr'><strong>populus</strong></span> <span class='ocrx_word' id='word_1_121' title='bbox 1194 1592 1537 1649; x_wconf 88' lang='lat' dir='ltr'><strong>Christianus</strong></span> <span class='ocrx_word' id='word_1_122' title='bbox 1583 1591 1865 1656; x_wconf 80' lang='lat' dir='ltr'><strong>intellexit,</strong></span> <span class='ocrx_word' id='word_1_123' title='bbox 1903 1599 1959 1644; x_wconf 90' lang='lat' dir='ltr'><strong>et</strong></span> <span class='ocrx_word' id='word_1_124' title='bbox 2007 1590 2128 1645; x_wconf 91' lang='lat' dir='ltr'><strong>ideo</strong></span> 
     </span>
    </p>
   </div>
   <div class='ocr_carea' id='block_1_17' title="bbox 532 1683 2124 1760">
    <p class='ocr_par' dir='ltr' id='par_1_17' title="bbox 532 1683 2124 1760">
     <span class='ocr_line' id='line_1_17' title="bbox 532 1683 2124 1760; baseline -0.006 -13"><span class='ocrx_word' id='word_1_125' title='bbox 532 1693 763 1747; x_wconf 76' lang='lat' dir='ltr'><strong>veritate</strong></span> <span class='ocrx_word' id='word_1_126' title='bbox 791 1689 1091 1760; x_wconf 91' lang='lat' dir='ltr'><strong>completus</strong></span> <span class='ocrx_word' id='word_1_127' title='bbox 1124 1694 1228 1753; x_wconf 91' lang='lat' dir='ltr'><strong>est,</strong></span> <span class='ocrx_word' id='word_1_128' title='bbox 1259 1700 1380 1757; x_wconf 67' lang='lat' dir='ltr'><strong>qua:</strong></span> <span class='ocrx_word' id='word_1_129' title='bbox 1407 1695 1490 1740; x_wconf 88' lang='lat' dir='ltr'><strong>est</strong></span> <span class='ocrx_word' id='word_1_130' title='bbox 1548 1683 1800 1740; x_wconf 89' lang='lat' dir='ltr'><strong>Christus</strong></span> <span class='ocrx_word' id='word_1_131' title='bbox 1845 1683 2124 1750; x_wconf 89' lang='lat' dir='ltr'><strong>Dominus,</strong></span> 
     </span>
    </p>
   </div>
   <div class='ocr_carea' id='block_1_18' title="bbox 535 1775 1736 1852">
    <p class='ocr_par' dir='ltr' id='par_1_18' title="bbox 535 1775 1736 1852">
     <span class='ocr_line' id='line_1_18' title="bbox 535 1775 1736 1852; baseline -0.007 -16"><span class='ocrx_word' id='word_1_132' title='bbox 535 1782 626 1852; x_wconf 89' lang='lat' dir='ltr'><strong>qui</strong></span> <span class='ocrx_word' id='word_1_133' title='bbox 667 1780 803 1835; x_wconf 84' lang='lat' dir='ltr'><strong>dixit</strong></span> <span class='ocrx_word' id='word_1_134' title='bbox 834 1797 847 1831; x_wconf 91' lang='lat'>:</span> <span class='ocrx_word' id='word_1_135' title='bbox 891 1777 1006 1848; x_wconf 86' lang='lat' dir='ltr'><strong>Ego</strong></span> <span class='ocrx_word' id='word_1_136' title='bbox 1035 1794 1153 1831; x_wconf 83' lang='lat' dir='ltr'><strong>sum</strong></span> <span class='ocrx_word' id='word_1_137' title='bbox 1187 1777 1293 1841; x_wconf 90' lang='lat' dir='ltr'><strong>via,</strong></span> <span class='ocrx_word' id='word_1_138' title='bbox 1331 1776 1521 1830; x_wconf 80' lang='lat' dir='ltr'><strong>veritas</strong></span> <span class='ocrx_word' id='word_1_139' title='bbox 1541 1784 1589 1828; x_wconf 88' lang='lat' dir='ltr'><strong>et</strong></span> <span class='ocrx_word' id='word_1_140' title='bbox 1612 1775 1736 1829; x_wconf 78' lang='lat' dir='ltr'><strong>vita.</strong></span> 
     </span>
    </p>
   </div>
   <div class='ocr_carea' id='block_1_19' title="bbox 2225 564 3825 642">
    <p class='ocr_par' dir='ltr' id='par_1_19' title="bbox 2225 564 3825 642">
     <span class='ocr_line' id='line_1_19' title="bbox 2225 564 3825 642; baseline -0.006 -14"><span class='ocrx_word' id='word_1_141' title='bbox 2225 587 2344 629; x_wconf 88' lang='lat' dir='ltr'><strong>vos.</strong></span> <span class='ocrx_word' id='word_1_142' title='bbox 2379 572 2684 630; x_wconf 88' lang='lat' dir='ltr'><strong>Secundum</strong></span> <span class='ocrx_word' id='word_1_143' title='bbox 2723 572 2990 642; x_wconf 82' lang='lat' dir='ltr'><strong>judicium</strong></span> <span class='ocrx_word' id='word_1_144' title='bbox 3022 579 3191 635; x_wconf 89' lang='lat' dir='ltr'><strong>tuum,</strong></span> <span class='ocrx_word' id='word_1_145' title='bbox 3238 582 3347 639; x_wconf 92' lang='lat' dir='ltr'><strong>quo</strong></span> <span class='ocrx_word' id='word_1_146' title='bbox 3390 564 3825 637; x_wconf 82' lang='lat' dir='ltr'><strong>supplicantibus</strong></span> 
     </span>
    </p>
   </div>
   <div class='ocr_carea' id='block_1_20' title="bbox 2223 661 3826 738">
    <p class='ocr_par' dir='ltr' id='par_1_20' title="bbox 2223 661 3826 738">
     <span class='ocr_line' id='line_1_20' title="bbox 2223 661 3826 738; baseline -0.004 -17"><span class='ocrx_word' id='word_1_147' title='bbox 2223 667 2406 738; x_wconf 85' lang='lat' dir='ltr'><strong>parcis</strong></span> <span class='ocrx_word' id='word_1_148' title='bbox 2438 684 2451 720; x_wconf 92' lang='lat'><strong>:</strong></span> <span class='ocrx_word' id='word_1_149' title='bbox 2482 667 2747 722; x_wconf 80' lang='lat' dir='ltr'><strong>viviﬁcari</strong></span> <span class='ocrx_word' id='word_1_150' title='bbox 2773 666 2918 720; x_wconf 90' lang='lat' dir='ltr'><strong>enim</strong></span> <span class='ocrx_word' id='word_1_151' title='bbox 2942 678 3052 719; x_wconf 91' lang='lat' dir='ltr'><strong>non</strong></span> <span class='ocrx_word' id='word_1_152' title='bbox 3078 671 3279 734; x_wconf 88' lang='lat' dir='ltr'><strong>potest,</strong></span> <span class='ocrx_word' id='word_1_153' title='bbox 3310 661 3416 718; x_wconf 88' lang='lat' dir='ltr'><strong>nisi</strong></span> <span class='ocrx_word' id='word_1_154' title='bbox 3442 661 3535 731; x_wconf 88' lang='lat' dir='ltr'><strong>qui</strong></span> <span class='ocrx_word' id='word_1_155' title='bbox 3557 661 3615 716; x_wconf 90' lang='lat' dir='ltr'><strong>in</strong></span> <span class='ocrx_word' id='word_1_156' title='bbox 3629 674 3826 732; x_wconf 85' lang='lat' dir='ltr'><strong>sepro-</strong></span> 
     </span>
    </p>
   </div>
   <div class='ocr_carea' id='block_1_21' title="bbox 2224 758 2944 829">
    <p class='ocr_par' dir='ltr' id='par_1_21' title="bbox 2224 758 2944 829">
     <span class='ocr_line' id='line_1_21' title="bbox 2224 758 2944 829; baseline -0.003 -17"><span class='ocrx_word' id='word_1_157' title='bbox 2224 758 2403 829; x_wconf 89' lang='lat' dir='ltr'><strong>priam</strong></span> <span class='ocrx_word' id='word_1_158' title='bbox 2440 773 2546 814; x_wconf 90' lang='lat' dir='ltr'><strong>non</strong></span> <span class='ocrx_word' id='word_1_159' title='bbox 2572 758 2737 815; x_wconf 87' lang='lat' dir='ltr'><strong>habet</strong></span> <span class='ocrx_word' id='word_1_160' title='bbox 2753 758 2944 813; x_wconf 86' lang='lat' dir='ltr'><strong>vitam.</strong></span> 
     </span>
    </p>
   </div>
   <div class='ocr_carea' id='block_1_22' title="bbox 2300 850 3825 921">
    <p class='ocr_par' dir='ltr' id='par_1_22' title="bbox 2300 850 3825 921">
     <span class='ocr_line' id='line_1_22' title="bbox 2300 850 3825 921; baseline -0.003 -15"><span class='ocrx_word' id='word_1_161' title='bbox 2300 850 2465 906; x_wconf 76' lang='lat' dir='ltr'><strong>Vens.</strong></span> <span class='ocrx_word' id='word_1_162' title='bbox 2490 850 2614 906; x_wconf 82' lang='grc'><strong>150.</strong></span> <span class='ocrx_word' id='word_1_163' title='bbox 2642 880 2717 892; x_wconf 94' lang='grc'><strong><em>-</em></strong></span> <span class='ocrx_word' id='word_1_164' title='bbox 2741 850 3304 921; x_wconf 79' lang='lat' dir='ltr'><strong>Appropinquaverunt</strong></span> <span class='ocrx_word' id='word_1_165' title='bbox 3350 852 3721 917; x_wconf 71' lang='lat' dir='ltr'><strong>persequentes</strong></span> <span class='ocrx_word' id='word_1_166' title='bbox 3747 861 3825 901; x_wconf 82' lang='lat' dir='ltr'><strong>me</strong></span> 
     </span>
    </p>
   </div>
   <div class='ocr_carea' id='block_1_23' title="bbox 2225 941 3828 1020">
    <p class='ocr_par' dir='ltr' id='par_1_23' title="bbox 2225 941 3828 1020">
     <span class='ocr_line' id='line_1_23' title="bbox 2225 941 3828 1020; baseline -0.001 -20"><span class='ocrx_word' id='word_1_167' title='bbox 2225 945 2499 1018; x_wconf 85' lang='lat' dir='ltr'><strong>iniquitati</strong></span> <span class='ocrx_word' id='word_1_168' title='bbox 2543 946 2695 1020; x_wconf 84' lang='lat' dir='ltr'><strong>[Ms.,</strong></span> <span class='ocrx_word' id='word_1_169' title='bbox 2720 944 3044 1019; x_wconf 83' lang='lat' dir='ltr'><strong>iniquitate],</strong></span> <span class='ocrx_word' id='word_1_170' title='bbox 3067 963 3101 1000; x_wconf 82' lang='grc' dir='ltr'><em>α</em></span> <span class='ocrx_word' id='word_1_171' title='bbox 3123 945 3233 1016; x_wconf 85' lang='lat' dir='ltr'><strong><em>lege</em></strong></span> <span class='ocrx_word' id='word_1_172' title='bbox 3260 954 3436 1000; x_wconf 88' lang='lat' dir='ltr'><strong>autem</strong></span> <span class='ocrx_word' id='word_1_173' title='bbox 3457 954 3550 998; x_wconf 90' lang='lat' dir='ltr'><strong>tua</strong></span> <span class='ocrx_word' id='word_1_174' title='bbox 3566 941 3724 1012; x_wconf 84' lang='lat' dir='ltr'><strong>longe</strong></span> <span class='ocrx_word' id='word_1_175' title='bbox 3749 942 3828 1011; x_wconf 77' lang='lat' dir='ltr'><strong>fa-</strong></span> 
     </span>
    </p>
   </div>
   <div class='ocr_carea' id='block_1_24' title="bbox 2227 1024 3826 1109">
    <p class='ocr_par' dir='ltr' id='par_1_24' title="bbox 2227 1024 3826 1109">
     <span class='ocr_line' id='line_1_24' title="bbox 2227 1024 3826 1109; baseline -0.003 -18"><span class='ocrx_word' id='word_1_176' title='bbox 2227 1024 2297 1091; x_wconf 77' lang='lat' dir='ltr'><strong>cti</strong></span> <span class='ocrx_word' id='word_1_177' title='bbox 2319 1048 2458 1092; x_wconf 76' lang='lat' dir='ltr'><strong>sunt.</strong></span> <span class='ocrx_word' id='word_1_178' title='bbox 2484 1038 2637 1093; x_wconf 88' lang='lat' dir='ltr'><strong>Tunc</strong></span> <span class='ocrx_word' id='word_1_179' title='bbox 2664 1036 3099 1109; x_wconf 88' lang='lat' dir='ltr'><strong>appropinquant</strong></span> <span class='ocrx_word' id='word_1_180' title='bbox 3130 1031 3590 1108; x_wconf 86' lang='lat' dir='ltr'><strong>[persequentes],</strong></span> <span class='ocrx_word' id='word_1_181' title='bbox 3612 1032 3826 1102; x_wconf 86' lang='lat' dir='ltr'><strong>quando</strong></span> 
     </span>
    </p>
   </div>
   <div class='ocr_carea' id='block_1_25' title="bbox 2227 1127 3826 1201">
    <p class='ocr_par' dir='ltr' id='par_1_25' title="bbox 2227 1127 3826 1201">
     <span class='ocr_line' id='line_1_25' title="bbox 2227 1127 3826 1201; baseline -0.003 -16"><span class='ocrx_word' id='word_1_182' title='bbox 2227 1144 2399 1201; x_wconf 88' lang='lat' dir='ltr'><strong>usque</strong></span> <span class='ocrx_word' id='word_1_183' title='bbox 2430 1131 2499 1187; x_wconf 91' lang='lat' dir='ltr'><strong>ad</strong></span> <span class='ocrx_word' id='word_1_184' title='bbox 2526 1146 2748 1186; x_wconf 90' lang='lat' dir='ltr'><strong>carnem</strong></span> <span class='ocrx_word' id='word_1_185' title='bbox 2770 1128 3124 1186; x_wconf 89' lang='lat' dir='ltr'><strong>cruciandam</strong></span> <span class='ocrx_word' id='word_1_186' title='bbox 3155 1127 3599 1199; x_wconf 83' lang='lat' dir='ltr'><strong>perimendamve</strong></span> <span class='ocrx_word' id='word_1_187' title='bbox 3639 1138 3826 1196; x_wconf 81' lang='lat' dir='ltr'><strong>perve-</strong></span> 
     </span>
    </p>
   </div>
   <div class='ocr_carea' id='block_1_26' title="bbox 2228 1218 3823 1293">
    <p class='ocr_par' dir='ltr' id='par_1_26' title="bbox 2228 1218 3823 1293">
     <span class='ocr_line' id='line_1_26' title="bbox 2228 1218 3823 1293; baseline -0.002 -17"><span class='ocrx_word' id='word_1_188' title='bbox 2228 1222 2418 1277; x_wconf 90' lang='lat' dir='ltr'><strong>niunt:</strong></span> <span class='ocrx_word' id='word_1_189' title='bbox 2454 1224 2550 1278; x_wconf 89' lang='lat' dir='ltr'><strong>sed</strong></span> <span class='ocrx_word' id='word_1_190' title='bbox 2581 1232 2784 1293; x_wconf 90' lang='lat' dir='ltr'><strong>quanto</strong></span> <span class='ocrx_word' id='word_1_191' title='bbox 2811 1222 3106 1279; x_wconf 88' lang='lat' dir='ltr'><strong>viciniores</strong></span> <span class='ocrx_word' id='word_1_192' title='bbox 3135 1229 3262 1276; x_wconf 92' lang='lat' dir='ltr'><strong>sunt</strong></span> <span class='ocrx_word' id='word_1_193' title='bbox 3300 1227 3693 1291; x_wconf 86' lang='lat' dir='ltr'><strong>persequentes</strong></span> <span class='ocrx_word' id='word_1_194' title='bbox 3721 1218 3823 1283; x_wconf 83' lang='lat' dir='ltr'><strong>isti,</strong></span> 
     </span>
    </p>
   </div>
   <div class='ocr_carea' id='block_1_27' title="bbox 2229 1312 3311 1386">
    <p class='ocr_par' dir='ltr' id='par_1_27' title="bbox 2229 1312 3311 1386">
     <span class='ocr_line' id='line_1_27' title="bbox 2229 1312 3311 1386; baseline -0.002 -19"><span class='ocrx_word' id='word_1_195' title='bbox 2229 1319 2381 1368; x_wconf 89' lang='lat' dir='ltr'><strong>tanto</strong></span> <span class='ocrx_word' id='word_1_196' title='bbox 2405 1313 2678 1386; x_wconf 76' lang='lat' dir='ltr'><strong>longiores</strong></span> <span class='ocrx_word' id='word_1_197' title='bbox 2708 1322 2834 1369; x_wconf 90' lang='lat' dir='ltr'><strong>sunt</strong></span> <span class='ocrx_word' id='word_1_198' title='bbox 2873 1329 2904 1368; x_wconf 90' lang='lat' dir='ltr'><strong>a</strong></span> <span class='ocrx_word' id='word_1_199' title='bbox 2926 1312 3043 1384; x_wconf 87' lang='lat' dir='ltr'><strong>lege</strong></span> <span class='ocrx_word' id='word_1_200' title='bbox 3065 1312 3311 1384; x_wconf 67' lang='lat' dir='ltr'><strong>justitiaz.</strong></span> 
     </span>
    </p>
   </div>
   <div class='ocr_carea' id='block_1_28' title="bbox 2309 1406 3825 1477">
    <p class='ocr_par' dir='ltr' id='par_1_28' title="bbox 2309 1406 3825 1477">
     <span class='ocr_line' id='line_1_28' title="bbox 2309 1406 3825 1477; baseline -0.003 -10"><span class='ocrx_word' id='word_1_201' title='bbox 2309 1410 2473 1467; x_wconf 69' lang='lat' dir='ltr'><strong>Vens.</strong></span> <span class='ocrx_word' id='word_1_202' title='bbox 2507 1407 2629 1462; x_wconf 84' lang='grc'><strong>151.</strong></span> <span class='ocrx_word' id='word_1_203' title='bbox 2662 1438 2734 1448; x_wconf 89' lang='grc'><strong><em>-</em></strong></span> <span class='ocrx_word' id='word_1_204' title='bbox 2762 1406 2940 1477; x_wconf 85' lang='lat' dir='ltr'><strong>Prope</strong></span> <span class='ocrx_word' id='word_1_205' title='bbox 2969 1424 3025 1462; x_wconf 78' lang='lat' dir='ltr'><strong>es</strong></span> <span class='ocrx_word' id='word_1_206' title='bbox 3054 1417 3133 1473; x_wconf 86' lang='lat' dir='ltr'><strong>tu,</strong></span> <span class='ocrx_word' id='word_1_207' title='bbox 3171 1407 3416 1473; x_wconf 86' lang='lat' dir='ltr'><strong>Domine,</strong></span> <span class='ocrx_word' id='word_1_208' title='bbox 3444 1416 3493 1462; x_wconf 89' lang='lat' dir='ltr'><strong>et</strong></span> <span class='ocrx_word' id='word_1_209' title='bbox 3522 1424 3711 1462; x_wconf 82' lang='lat' dir='ltr'><strong>omnes</strong></span> <span class='ocrx_word' id='word_1_210' title='bbox 3732 1409 3825 1463; x_wconf 82' lang='lat' dir='ltr'><strong>vite</strong></span> 
     </span>
    </p>
   </div>
   <div class='ocr_carea' id='block_1_29' title="bbox 2229 1498 3825 1571">
    <p class='ocr_par' dir='ltr' id='par_1_29' title="bbox 2229 1498 3825 1571">
     <span class='ocr_line' id='line_1_29' title="bbox 2229 1498 3825 1571; baseline -0.004 -11"><span class='ocrx_word' id='word_1_211' title='bbox 2229 1514 2335 1560; x_wconf 80' lang='lat' dir='ltr'><strong>tute</strong></span> <span class='ocrx_word' id='word_1_212' title='bbox 2354 1502 2567 1557; x_wconf 80' lang='lat' dir='ltr'><strong>veritas.</strong></span> <span class='ocrx_word' id='word_1_213' title='bbox 2596 1499 2799 1556; x_wconf 87' lang='lat' dir='ltr'><strong>Contra</strong></span> <span class='ocrx_word' id='word_1_214' title='bbox 2824 1498 2973 1553; x_wconf 86' lang='lat' dir='ltr'><strong>illam</strong></span> <span class='ocrx_word' id='word_1_215' title='bbox 2988 1500 3393 1571; x_wconf 80' lang='lat' dir='ltr'><strong>proximitatem</strong></span> <span class='ocrx_word' id='word_1_216' title='bbox 3402 1499 3825 1570; x_wconf 85' lang='lat' dir='ltr'><strong>persecutionis,</strong></span> 
     </span>
    </p>
   </div>
   <div class='ocr_carea' id='block_1_30' title="bbox 2229 1592 3826 1657">
    <p class='ocr_par' dir='ltr' id='par_1_30' title="bbox 2229 1592 3826 1657">
     <span class='ocr_line' id='line_1_30' title="bbox 2229 1592 3826 1657; baseline -0.005 -4"><span class='ocrx_word' id='word_1_217' title='bbox 2229 1595 2564 1653; x_wconf 81' lang='lat' dir='ltr'><strong>vicinitatem</strong></span> <span class='ocrx_word' id='word_1_218' title='bbox 2590 1592 2805 1648; x_wconf 91' lang='lat' dir='ltr'><strong>Domini</strong></span> <span class='ocrx_word' id='word_1_219' title='bbox 2831 1593 2935 1648; x_wconf 87' lang='lat' dir='ltr'><strong>sibi</strong></span> <span class='ocrx_word' id='word_1_220' title='bbox 2966 1593 3099 1648; x_wconf 90' lang='lat' dir='ltr'><strong>dicit</strong></span> <span class='ocrx_word' id='word_1_221' title='bbox 3124 1592 3446 1657; x_wconf 88' lang='lat' dir='ltr'><strong>remedium,</strong></span> <span class='ocrx_word' id='word_1_222' title='bbox 3473 1593 3623 1647; x_wconf 89' lang='lat' dir='ltr'><strong>unde</strong></span> <span class='ocrx_word' id='word_1_223' title='bbox 3643 1592 3826 1647; x_wconf 91' lang='lat' dir='ltr'><strong>salutis</strong></span> 
     </span>
    </p>
   </div>
   <div class='ocr_carea' id='block_1_31' title="bbox 2233 1682 3825 1756">
    <p class='ocr_par' dir='ltr' id='par_1_31' title="bbox 2233 1682 3825 1756">
     <span class='ocr_line' id='line_1_31' title="bbox 2233 1682 3825 1756; baseline -0.004 -11"><span class='ocrx_word' id='word_1_224' title='bbox 2233 1688 2496 1746; x_wconf 78' lang='lat' dir='ltr'><strong>auxilium</strong></span> <span class='ocrx_word' id='word_1_225' title='bbox 2522 1693 2752 1741; x_wconf 83' lang='lat' dir='ltr'><strong>noverat</strong></span> <span class='ocrx_word' id='word_1_226' title='bbox 2774 1692 3086 1748; x_wconf 88' lang='lat' dir='ltr'><strong>venturum,</strong></span> <span class='ocrx_word' id='word_1_227' title='bbox 3117 1700 3222 1740; x_wconf 90' lang='lat' dir='ltr'><strong>non</strong></span> <span class='ocrx_word' id='word_1_228' title='bbox 3241 1682 3382 1756; x_wconf 89' lang='lat' dir='ltr'><strong>[per]</strong></span> <span class='ocrx_word' id='word_1_229' title='bbox 3398 1684 3613 1739; x_wconf 85' lang='lat' dir='ltr'><strong>itineris</strong></span> <span class='ocrx_word' id='word_1_230' title='bbox 3630 1684 3825 1749; x_wconf 90' lang='lat' dir='ltr'><strong>locum,</strong></span> 
     </span>
    </p>
   </div>
   <div class='ocr_carea' id='block_1_32' title="bbox 2236 1776 3831 1851">
    <p class='ocr_par' dir='ltr' id='par_1_32' title="bbox 2236 1776 3831 1851">
     <span class='ocr_line' id='line_1_32' title="bbox 2236 1776 3831 1851; baseline -0.004 -14"><span class='ocrx_word' id='word_1_231' title='bbox 2236 1782 2331 1838; x_wconf 89' lang='lat' dir='ltr'><strong>sed</strong></span> <span class='ocrx_word' id='word_1_232' title='bbox 2356 1795 2455 1851; x_wconf 89' lang='lat' dir='ltr'><strong>per</strong></span> <span class='ocrx_word' id='word_1_233' title='bbox 2482 1779 2768 1834; x_wconf 81' lang='lat' dir='ltr'><strong>veritatem</strong></span> <span class='ocrx_word' id='word_1_234' title='bbox 2799 1776 3183 1832; x_wconf 90' lang='lat' dir='ltr'><strong>mandatorum</strong></span> <span class='ocrx_word' id='word_1_235' title='bbox 3206 1777 3301 1832; x_wconf 91' lang='lat' dir='ltr'><strong>Dei</strong></span> <span class='ocrx_word' id='word_1_236' title='bbox 3327 1776 3585 1833; x_wconf 86' lang='lat' dir='ltr'><strong>cordibus</strong></span> <span class='ocrx_word' id='word_1_237' title='bbox 3615 1784 3831 1832; x_wconf 86' lang='lat' dir='ltr'><strong>sancto-</strong></span> 
     </span>
    </p>
   </div>
   <div class='ocr_carea' id='block_1_33' title="bbox 608 1855 2653 1942">
    <p class='ocr_par' dir='ltr' id='par_1_33' title="bbox 608 1855 2653 1942">
     <span class='ocr_line' id='line_1_33' title="bbox 608 1855 2653 1942; baseline -0.001 -18"><span class='ocrx_word' id='word_1_238' title='bbox 608 1873 771 1927; x_wconf 78' lang='lat' dir='ltr'><strong>Vnns.</strong></span> <span class='ocrx_word' id='word_1_239' title='bbox 796 1871 921 1927; x_wconf 77' lang='grc'><strong>145.</strong></span> <span class='ocrx_word' id='word_1_240' title='bbox 950 1901 1022 1911; x_wconf 94' lang='grc'><strong><em>-</em></strong></span> <span class='ocrx_word' id='word_1_241' title='bbox 1060 1869 1351 1925; x_wconf 86' lang='lat' dir='ltr'><strong>Tributatio</strong></span> <span class='ocrx_word' id='word_1_242' title='bbox 1379 1878 1427 1923; x_wconf 89' lang='lat' dir='ltr'><strong>et</strong></span> <span class='ocrx_word' id='word_1_243' title='bbox 1448 1868 2011 1940; x_wconf 79' lang='lat' dir='ltr'><strong>angustiainvenerunt</strong></span> <span class='ocrx_word' id='word_1_244' title='bbox 2025 1884 2125 1933; x_wconf 90' lang='lat' dir='ltr'><strong>me,</strong></span> <span class='ocrx_word' id='word_1_245' title='bbox 2161 1855 2209 1914; x_wconf 80' lang='grc' dir='ltr'><strong>Β</strong></span> <span class='ocrx_word' id='word_1_246' title='bbox 2236 1890 2357 1928; x_wconf 80' lang='lat' dir='ltr'><strong>rum</strong></span> <span class='ocrx_word' id='word_1_247' title='bbox 2381 1872 2653 1942; x_wconf 84' lang='lat' dir='ltr'><strong>illapsam.</strong></span> 
     </span>
    </p>
   </div>
   <div class='ocr_carea' id='block_1_34' title="bbox 536 1959 2128 2020">
    <p class='ocr_par' dir='ltr' id='par_1_34' title="bbox 536 1959 2128 2020">
     <span class='ocr_line' id='line_1_34' title="bbox 536 1959 2128 2020; baseline -0.004 0"><span class='ocrx_word' id='word_1_248' title='bbox 536 1964 791 2020; x_wconf 83' lang='lat' dir='ltr'><strong>mandata</strong></span> <span class='ocrx_word' id='word_1_249' title='bbox 811 1973 902 2017; x_wconf 89' lang='lat' dir='ltr'><strong>tua</strong></span> <span class='ocrx_word' id='word_1_250' title='bbox 929 1962 1201 2017; x_wconf 81' lang='lat' dir='ltr'><strong>meditatio</strong></span> <span class='ocrx_word' id='word_1_251' title='bbox 1234 1978 1351 2016; x_wconf 88' lang='lat' dir='ltr'><strong>mea</strong></span> <span class='ocrx_word' id='word_1_252' title='bbox 1377 1971 1475 2016; x_wconf 81' lang='lat' dir='ltr'><strong>est.</strong></span> <span class='ocrx_word' id='word_1_253' title='bbox 1515 1959 1734 2015; x_wconf 65' lang='lat' dir='ltr'><strong>Saevitia</strong></span> <span class='ocrx_word' id='word_1_254' title='bbox 1781 1960 2128 2015; x_wconf 87' lang='lat' dir='ltr'><strong>inimicorum</strong></span> 
     </span>
    </p>
   </div>
   <div class='ocr_carea' id='block_1_35' title="bbox 535 2052 2130 2126">
    <p class='ocr_par' dir='ltr' id='par_1_35' title="bbox 535 2052 2130 2126">
     <span class='ocr_line' id='line_1_35' title="bbox 535 2052 2130 2126; baseline -0.003 -14"><span class='ocrx_word' id='word_1_255' title='bbox 535 2054 701 2112; x_wconf 84' lang='lat' dir='ltr'><strong>infert</strong></span> <span class='ocrx_word' id='word_1_256' title='bbox 720 2055 846 2110; x_wconf 88' lang='lat' dir='ltr'><strong>huic</strong></span> <span class='ocrx_word' id='word_1_257' title='bbox 860 2054 1064 2126; x_wconf 89' lang='lat' dir='ltr'><strong>juniori</strong></span> <span class='ocrx_word' id='word_1_258' title='bbox 1093 2053 1519 2120; x_wconf 84' lang='lat' dir='ltr'><strong>tribulationem,</strong></span> <span class='ocrx_word' id='word_1_259' title='bbox 1552 2053 1647 2108; x_wconf 89' lang='lat' dir='ltr'><strong>sed</strong></span> <span class='ocrx_word' id='word_1_260' title='bbox 1661 2069 1768 2108; x_wconf 92' lang='lat' dir='ltr'><strong>non</strong></span> <span class='ocrx_word' id='word_1_261' title='bbox 1781 2054 1982 2108; x_wconf 85' lang='lat' dir='ltr'><strong>amittit</strong></span> <span class='ocrx_word' id='word_1_262' title='bbox 2001 2052 2130 2108; x_wconf 83' lang='lat' dir='ltr'><strong>cha-</strong></span> 
     </span>
    </p>
   </div>
   <div class='ocr_carea' id='block_1_36' title="bbox 537 2144 2126 2217">
    <p class='ocr_par' dir='ltr' id='par_1_36' title="bbox 537 2144 2126 2217">
     <span class='ocr_line' id='line_1_36' title="bbox 537 2144 2126 2217; baseline -0.003 -14"><span class='ocrx_word' id='word_1_263' title='bbox 537 2148 774 2203; x_wconf 79' lang='lat' dir='ltr'><strong>ritatem.</strong></span> <span class='ocrx_word' id='word_1_264' title='bbox 808 2146 1085 2202; x_wconf 79' lang='lat' dir='ltr'><strong>Meditatio</strong></span> <span class='ocrx_word' id='word_1_265' title='bbox 1114 2146 1259 2201; x_wconf 89' lang='lat' dir='ltr'><strong>enim</strong></span> <span class='ocrx_word' id='word_1_266' title='bbox 1289 2146 1459 2217; x_wconf 89' lang='lat' dir='ltr'><strong>ipsius</strong></span> <span class='ocrx_word' id='word_1_267' title='bbox 1498 2145 1754 2199; x_wconf 86' lang='lat' dir='ltr'><strong>mandata</strong></span> <span class='ocrx_word' id='word_1_268' title='bbox 1805 2152 1934 2198; x_wconf 89' lang='lat' dir='ltr'><strong>sunt</strong></span> <span class='ocrx_word' id='word_1_269' title='bbox 1987 2144 2083 2198; x_wconf 82' lang='lat' dir='ltr'><strong>Dci</strong></span> <span class='ocrx_word' id='word_1_270' title='bbox 2113 2162 2126 2199; x_wconf 91' lang='lat'>:</span> 
     </span>
    </p>
   </div>
   <div class='ocr_carea' id='block_1_37' title="bbox 537 2238 2132 2313">
    <p class='ocr_par' dir='ltr' id='par_1_37' title="bbox 537 2238 2132 2313">
     <span class='ocr_line' id='line_1_37' title="bbox 537 2238 2132 2313; baseline -0.004 -15"><span class='ocrx_word' id='word_1_271' title='bbox 537 2258 606 2298; x_wconf 85' lang='lat' dir='ltr'><strong>ex</strong></span> <span class='ocrx_word' id='word_1_272' title='bbox 643 2242 837 2313; x_wconf 89' lang='lat' dir='ltr'><strong>quibus</strong></span> <span class='ocrx_word' id='word_1_273' title='bbox 890 2242 996 2305; x_wconf 90' lang='lat' dir='ltr'><strong>his,</strong></span> <span class='ocrx_word' id='word_1_274' title='bbox 1050 2241 1146 2313; x_wconf 91' lang='lat' dir='ltr'><strong>qui</strong></span> <span class='ocrx_word' id='word_1_275' title='bbox 1192 2256 1319 2296; x_wconf 90' lang='lat' dir='ltr'><strong>eum</strong></span> <span class='ocrx_word' id='word_1_276' title='bbox 1370 2240 1623 2305; x_wconf 87' lang='lat' dir='ltr'><strong>oderunt,</strong></span> <span class='ocrx_word' id='word_1_277' title='bbox 1671 2238 2017 2294; x_wconf 89' lang='lat' dir='ltr'><strong>dilectionem</strong></span> <span class='ocrx_word' id='word_1_278' title='bbox 2045 2253 2132 2292; x_wconf 86' lang='lat' dir='ltr'><strong>re-</strong></span> 
     </span>
    </p>
   </div>
   <div class='ocr_carea' id='block_1_38' title="bbox 536 2334 755 2405">
    <p class='ocr_par' dir='ltr' id='par_1_38' title="bbox 536 2334 755 2405">
     <span class='ocr_line' id='line_1_38' title="bbox 536 2334 755 2405; baseline 0 -17"><span class='ocrx_word' id='word_1_279' title='bbox 536 2334 755 2405; x_wconf 84' lang='lat' dir='ltr'><strong>pendet.</strong></span> 
     </span>
    </p>
   </div>
   <div class='ocr_carea' id='block_1_39' title="bbox 608 2427 2129 2500">
    <p class='ocr_par' dir='ltr' id='par_1_39' title="bbox 608 2427 2129 2500">
     <span class='ocr_line' id='line_1_39' title="bbox 608 2427 2129 2500; baseline -0.002 -15"><span class='ocrx_word' id='word_1_280' title='bbox 608 2429 774 2485; x_wconf 75' lang='lat' dir='ltr'><strong>Vens.</strong></span> <span class='ocrx_word' id='word_1_281' title='bbox 800 2427 926 2483; x_wconf 77' lang='grc'><strong>144.</strong></span> <span class='ocrx_word' id='word_1_282' title='bbox 949 2458 1021 2470; x_wconf 93' lang='grc'><strong><em>-</em></strong></span> <span class='ocrx_word' id='word_1_283' title='bbox 1047 2427 1298 2500; x_wconf 63' lang='grc' dir='ltr'><strong>[Εᾳιιὶιαδ</strong></span> <span class='ocrx_word' id='word_1_284' title='bbox 1318 2428 1617 2484; x_wconf 80' lang='lat' dir='ltr'><strong>testimonia</strong></span> <span class='ocrx_word' id='word_1_285' title='bbox 1639 2437 1732 2483; x_wconf 86' lang='lat' dir='ltr'><strong>tua</strong></span> <span class='ocrx_word' id='word_1_286' title='bbox 1757 2429 1813 2483; x_wconf 90' lang='lat' dir='ltr'><strong>in</strong></span> <span class='ocrx_word' id='word_1_287' title='bbox 1854 2436 2129 2496; x_wconf 80' lang='lat' dir='ltr'><strong>wternum,</strong></span> 
     </span>
    </p>
   </div>
   <div class='ocr_carea' id='block_1_40' title="bbox 543 2518 2136 2592">
    <p class='ocr_par' dir='ltr' id='par_1_40' title="bbox 543 2518 2136 2592">
     <span class='ocr_line' id='line_1_40' title="bbox 543 2518 2136 2592; baseline -0.001 -18"><span class='ocrx_word' id='word_1_288' title='bbox 543 2519 863 2575; x_wconf 88' lang='lat' dir='ltr'><strong>intellectum</strong></span> <span class='ocrx_word' id='word_1_289' title='bbox 885 2520 955 2574; x_wconf 88' lang='lat' dir='ltr'><strong>da</strong></span> <span class='ocrx_word' id='word_1_290' title='bbox 972 2521 1123 2587; x_wconf 84' lang='lat' dir='ltr'><strong>mihi,</strong></span> <span class='ocrx_word' id='word_1_291' title='bbox 1146 2531 1193 2574; x_wconf 87' lang='lat' dir='ltr'><strong>et</strong></span> <span class='ocrx_word' id='word_1_292' title='bbox 1216 2522 1403 2576; x_wconf 84' lang='lat' dir='ltr'><strong>vivam.</strong></span> <span class='ocrx_word' id='word_1_293' title='bbox 1423 2520 1658 2576; x_wconf 89' lang='lat' dir='ltr'><strong>Pulchre</strong></span> <span class='ocrx_word' id='word_1_294' title='bbox 1686 2529 1809 2591; x_wconf 91' lang='lat' dir='ltr'><strong>post</strong></span> <span class='ocrx_word' id='word_1_295' title='bbox 1831 2518 1911 2592; x_wconf 82' lang='grc' dir='ltr'><strong>[Μ</strong></span> <span class='ocrx_word' id='word_1_296' title='bbox 1916 2537 1987 2586; x_wconf 86' lang='lat' dir='ltr'><strong>s.,</strong></span> <span class='ocrx_word' id='word_1_297' title='bbox 2005 2535 2136 2574; x_wconf 89' lang='lat' dir='ltr'><strong>con-</strong></span> 
     </span>
    </p>
   </div>
   <div class='ocr_carea' id='block_1_41' title="bbox 541 2610 2131 2684">
    <p class='ocr_par' dir='ltr' id='par_1_41' title="bbox 541 2610 2131 2684">
     <span class='ocr_line' id='line_1_41' title="bbox 541 2610 2131 2684; baseline -0.001 -18"><span class='ocrx_word' id='word_1_298' title='bbox 541 2610 648 2684; x_wconf 89' lang='lat' dir='ltr'><strong>tra]</strong></span> <span class='ocrx_word' id='word_1_299' title='bbox 674 2611 1049 2666; x_wconf 89' lang='lat' dir='ltr'><strong>tribulationes</strong></span> <span class='ocrx_word' id='word_1_300' title='bbox 1081 2620 1137 2667; x_wconf 87' lang='lat' dir='ltr'><strong>et</strong></span> <span class='ocrx_word' id='word_1_301' title='bbox 1160 2612 1457 2682; x_wconf 87' lang='lat' dir='ltr'><strong>angustias,</strong></span> <span class='ocrx_word' id='word_1_302' title='bbox 1496 2628 1617 2683; x_wconf 63' lang='lat' dir='ltr'><strong>quae</strong></span> <span class='ocrx_word' id='word_1_303' title='bbox 1641 2610 1961 2682; x_wconf 88' lang='lat' dir='ltr'><strong>temporalia</strong></span> <span class='ocrx_word' id='word_1_304' title='bbox 1986 2619 2131 2676; x_wconf 87' lang='lat' dir='ltr'><strong>sunt,</strong></span> 
     </span>
    </p>
   </div>
   <div class='ocr_carea' id='block_1_42' title="bbox 539 2702 2136 2776">
    <p class='ocr_par' dir='ltr' id='par_1_42' title="bbox 539 2702 2136 2776">
     <span class='ocr_line' id='line_1_42' title="bbox 539 2702 2136 2776; baseline -0.001 -17"><span class='ocrx_word' id='word_1_305' title='bbox 539 2706 719 2776; x_wconf 87' lang='lat' dir='ltr'><strong>posita</strong></span> <span class='ocrx_word' id='word_1_306' title='bbox 748 2713 832 2760; x_wconf 91' lang='lat' dir='ltr'><strong>est</strong></span> <span class='ocrx_word' id='word_1_307' title='bbox 879 2706 1105 2775; x_wconf 71' lang='lat' dir='ltr'><strong>aequitas</strong></span> <span class='ocrx_word' id='word_1_308' title='bbox 1165 2706 1221 2759; x_wconf 90' lang='lat' dir='ltr'><strong>in</strong></span> <span class='ocrx_word' id='word_1_309' title='bbox 1273 2714 1534 2760; x_wconf 55' lang='lat' dir='ltr'><strong>aeternum</strong></span> <span class='ocrx_word' id='word_1_310' title='bbox 1592 2719 1715 2759; x_wconf 91' lang='lat' dir='ltr'><strong>esse</strong></span> <span class='ocrx_word' id='word_1_311' title='bbox 1755 2702 2136 2758; x_wconf 87' lang='lat' dir='ltr'><strong>mandatorum</strong></span> 
     </span>
    </p>
   </div>
   <div class='ocr_carea' id='block_1_43' title="bbox 544 2794 2137 2868">
    <p class='ocr_par' dir='ltr' id='par_1_43' title="bbox 544 2794 2137 2868">
     <span class='ocr_line' id='line_1_43' title="bbox 544 2794 2137 2868; baseline 0 -19"><span class='ocrx_word' id='word_1_312' title='bbox 544 2794 741 2868; x_wconf 72' lang='lat' dir='ltr'><strong>[Edit.,</strong></span> <span class='ocrx_word' id='word_1_313' title='bbox 797 2794 1136 2868; x_wconf 87' lang='lat' dir='ltr'><strong>mandatum]</strong></span> <span class='ocrx_word' id='word_1_314' title='bbox 1193 2796 1310 2861; x_wconf 85' lang='lat' dir='ltr'><strong>Dei,</strong></span> <span class='ocrx_word' id='word_1_315' title='bbox 1361 2805 1421 2850; x_wconf 92' lang='lat' dir='ltr'><strong>ut</strong></span> <span class='ocrx_word' id='word_1_316' title='bbox 1470 2795 1569 2849; x_wconf 88' lang='lat' dir='ltr'><strong>tali</strong></span> <span class='ocrx_word' id='word_1_317' title='bbox 1614 2810 1710 2866; x_wconf 90' lang='lat' dir='ltr'><strong>spe</strong></span> <span class='ocrx_word' id='word_1_318' title='bbox 1760 2795 2137 2865; x_wconf 88' lang='lat' dir='ltr'><strong>unusquisque</strong></span> 
     </span>
    </p>
   </div>
   <div class='ocr_carea' id='block_1_44' title="bbox 545 2885 2136 2958">
    <p class='ocr_par' dir='ltr' id='par_1_44' title="bbox 545 2885 2136 2958">
     <span class='ocr_line' id='line_1_44' title="bbox 545 2885 2136 2958; baseline -0.003 -16"><span class='ocrx_word' id='word_1_319' title='bbox 545 2897 942 2955; x_wconf 82' lang='lat' dir='ltr'><strong>contemneret,</strong></span> <span class='ocrx_word' id='word_1_320' title='bbox 972 2902 1091 2957; x_wconf 70' lang='lat' dir='ltr'><strong>qua:</strong></span> <span class='ocrx_word' id='word_1_321' title='bbox 1122 2887 1442 2958; x_wconf 87' lang='lat' dir='ltr'><strong>temporalia</strong></span> <span class='ocrx_word' id='word_1_322' title='bbox 1464 2903 1588 2942; x_wconf 90' lang='lat' dir='ltr'><strong>esse</strong></span> <span class='ocrx_word' id='word_1_323' title='bbox 1616 2888 1865 2942; x_wconf 88' lang='lat' dir='ltr'><strong>sentiret.</strong></span> <span class='ocrx_word' id='word_1_324' title='bbox 1906 2886 1985 2940; x_wconf 90' lang='lat' dir='ltr'><strong>Da</strong></span> <span class='ocrx_word' id='word_1_325' title='bbox 2007 2885 2136 2939; x_wconf 86' lang='lat' dir='ltr'><strong>mihi</strong></span> 
     </span>
    </p>
   </div>
   <div class='ocr_carea' id='block_1_45' title="bbox 542 2978 2136 3051">
    <p class='ocr_par' dir='ltr' id='par_1_45' title="bbox 542 2978 2136 3051">
     <span class='ocr_line' id='line_1_45' title="bbox 542 2978 2136 3051; baseline -0.002 -17"><span class='ocrx_word' id='word_1_326' title='bbox 542 2978 882 3047; x_wconf 89' lang='lat' dir='ltr'><strong>intellectum,</strong></span> <span class='ocrx_word' id='word_1_327' title='bbox 908 2980 1115 3051; x_wconf 88' lang='lat' dir='ltr'><strong>utique,</strong></span> <span class='ocrx_word' id='word_1_328' title='bbox 1144 2987 1207 3033; x_wconf 89' lang='lat' dir='ltr'><strong>ut</strong></span> <span class='ocrx_word' id='word_1_329' title='bbox 1226 2980 1410 3035; x_wconf 91' lang='lat' dir='ltr'><strong>mundi</strong></span> <span class='ocrx_word' id='word_1_330' title='bbox 1467 2980 1624 3035; x_wconf 87' lang='lat' dir='ltr'><strong>istius</strong></span> <span class='ocrx_word' id='word_1_331' title='bbox 1669 2979 1913 3051; x_wconf 89' lang='lat' dir='ltr'><strong>pericula</strong></span> <span class='ocrx_word' id='word_1_332' title='bbox 1954 2988 2136 3033; x_wconf 80' lang='lat' dir='ltr'><strong>trans-</strong></span> 
     </span>
    </p>
   </div>
   <div class='ocr_carea' id='block_1_46' title="bbox 543 3072 2137 3145">
    <p class='ocr_par' dir='ltr' id='par_1_46' title="bbox 543 3072 2137 3145">
     <span class='ocr_line' id='line_1_46' title="bbox 543 3072 2137 3145; baseline -0.001 -16"><span class='ocrx_word' id='word_1_333' title='bbox 543 3072 691 3129; x_wconf 90' lang='lat' dir='ltr'><strong>itura</strong></span> <span class='ocrx_word' id='word_1_334' title='bbox 720 3083 776 3128; x_wconf 89' lang='lat' dir='ltr'><strong>et</strong></span> <span class='ocrx_word' id='word_1_335' title='bbox 805 3078 1153 3145; x_wconf 83' lang='lat' dir='ltr'><strong>temporanea</strong></span> <span class='ocrx_word' id='word_1_336' title='bbox 1175 3073 1490 3144; x_wconf 85' lang='lat' dir='ltr'><strong>intelligam.</strong></span> <span class='ocrx_word' id='word_1_337' title='bbox 1515 3073 1737 3130; x_wconf 85' lang='lat' dir='ltr'><strong>Viviﬁca</strong></span> <span class='ocrx_word' id='word_1_338' title='bbox 1758 3090 1868 3141; x_wconf 91' lang='lat' dir='ltr'><strong>me,</strong></span> <span class='ocrx_word' id='word_1_339' title='bbox 1903 3089 2001 3144; x_wconf 89' lang='lat' dir='ltr'><strong>spe</strong></span> <span class='ocrx_word' id='word_1_340' title='bbox 2025 3073 2137 3129; x_wconf 92' lang='lat' dir='ltr'><strong>sci-</strong></span> 
     </span>
    </p>
   </div>
   <div class='ocr_carea' id='block_1_47' title="bbox 543 3163 1292 3221">
    <p class='ocr_par' dir='ltr' id='par_1_47' title="bbox 543 3163 1292 3221">
     <span class='ocr_line' id='line_1_47' title="bbox 543 3163 1292 3221; baseline -0.001 -1"><span class='ocrx_word' id='word_1_341' title='bbox 543 3163 671 3221; x_wconf 86' lang='lat' dir='ltr'><strong>licet</strong></span> <span class='ocrx_word' id='word_1_342' title='bbox 693 3166 891 3221; x_wconf 71' lang='lat' dir='ltr'><strong>futurte</strong></span> <span class='ocrx_word' id='word_1_343' title='bbox 907 3166 1292 3221; x_wconf 88' lang='lat' dir='ltr'><strong>retributionis.</strong></span> 
     </span>
    </p>
   </div>
   <div class='ocr_carea' id='block_1_48' title="bbox 2306 1962 3831 2035">
    <p class='ocr_par' dir='ltr' id='par_1_48' title="bbox 2306 1962 3831 2035">
     <span class='ocr_line' id='line_1_48' title="bbox 2306 1962 3831 2035; baseline -0.002 -15"><span class='ocrx_word' id='word_1_344' title='bbox 2306 1965 2471 2020; x_wconf 77' lang='lat' dir='ltr'><strong>Vens.</strong></span> <span class='ocrx_word' id='word_1_345' title='bbox 2498 1963 2619 2018; x_wconf 72' lang='grc'><strong>152.</strong></span> <span class='ocrx_word' id='word_1_346' title='bbox 2650 1993 2722 2004; x_wconf 93' lang='grc'><strong><em>-</em></strong></span> <span class='ocrx_word' id='word_1_347' title='bbox 2750 1962 2916 2018; x_wconf 86' lang='lat' dir='ltr'><strong>Initio</strong></span> <span class='ocrx_word' id='word_1_348' title='bbox 2931 1963 3150 2035; x_wconf 78' lang='lat' dir='ltr'><strong>cognovi</strong></span> <span class='ocrx_word' id='word_1_349' title='bbox 3168 1963 3232 2019; x_wconf 86' lang='lat' dir='ltr'><strong>de</strong></span> <span class='ocrx_word' id='word_1_350' title='bbox 3245 1964 3831 2035; x_wconf 82' lang='lat' dir='ltr'><strong>testimoniistuis,quia</strong></span> 
     </span>
    </p>
   </div>
   <div class='ocr_carea' id='block_1_49' title="bbox 2236 2057 3831 2128">
    <p class='ocr_par' dir='ltr' id='par_1_49' title="bbox 2236 2057 3831 2128">
     <span class='ocr_line' id='line_1_49' title="bbox 2236 2057 3831 2128; baseline -0.001 -15"><span class='ocrx_word' id='word_1_351' title='bbox 2236 2060 2293 2113; x_wconf 91' lang='lat' dir='ltr'><strong>in</strong></span> <span class='ocrx_word' id='word_1_352' title='bbox 2311 2068 2561 2114; x_wconf 68' lang='lat' dir='ltr'><strong>a’ternum</strong></span> <span class='ocrx_word' id='word_1_353' title='bbox 2600 2057 2836 2128; x_wconf 79' lang='lat' dir='ltr'><strong>fundasti</strong></span> <span class='ocrx_word' id='word_1_354' title='bbox 2866 2074 2949 2112; x_wconf 89' lang='lat' dir='ltr'><strong>ea.</strong></span> <span class='ocrx_word' id='word_1_355' title='bbox 2995 2058 3125 2124; x_wconf 65' lang='lat' dir='ltr'><strong>Quae</strong></span> <span class='ocrx_word' id='word_1_356' title='bbox 3174 2066 3300 2113; x_wconf 89' lang='lat' dir='ltr'><strong>sunt</strong></span> <span class='ocrx_word' id='word_1_357' title='bbox 3344 2059 3448 2115; x_wconf 89' lang='lat' dir='ltr'><strong>ista</strong></span> <span class='ocrx_word' id='word_1_358' title='bbox 3494 2060 3831 2124; x_wconf 86' lang='lat' dir='ltr'><strong>testimonia,</strong></span> 
     </span>
    </p>
   </div>
   <div class='ocr_carea' id='block_1_50' title="bbox 2236 2149 3832 2225">
    <p class='ocr_par' dir='ltr' id='par_1_50' title="bbox 2236 2149 3832 2225">
     <span class='ocr_line' id='line_1_50' title="bbox 2236 2149 3832 2225; baseline 0 -20"><span class='ocrx_word' id='word_1_359' title='bbox 2236 2150 2341 2205; x_wconf 90' lang='lat' dir='ltr'><strong>nisi</strong></span> <span class='ocrx_word' id='word_1_360' title='bbox 2372 2150 2568 2220; x_wconf 90' lang='lat' dir='ltr'><strong>quibus</strong></span> <span class='ocrx_word' id='word_1_361' title='bbox 2596 2157 2827 2204; x_wconf 80' lang='lat' dir='ltr'><strong>testatus</strong></span> <span class='ocrx_word' id='word_1_362' title='bbox 2852 2156 2938 2204; x_wconf 91' lang='lat' dir='ltr'><strong>est</strong></span> <span class='ocrx_word' id='word_1_363' title='bbox 2976 2149 3141 2215; x_wconf 88' lang='lat' dir='ltr'><strong>Deus,</strong></span> <span class='ocrx_word' id='word_1_364' title='bbox 3197 2150 3452 2206; x_wconf 89' lang='lat' dir='ltr'><strong>daturum</strong></span> <span class='ocrx_word' id='word_1_365' title='bbox 3493 2167 3554 2207; x_wconf 88' lang='lat' dir='ltr'><strong>se</strong></span> <span class='ocrx_word' id='word_1_366' title='bbox 3602 2150 3832 2225; x_wconf 79' lang='lat' dir='ltr'><strong>[regem]</strong></span> 
     </span>
    </p>
   </div>
   <div class='ocr_carea' id='block_1_51' title="bbox 2239 2240 3834 2315">
    <p class='ocr_par' dir='ltr' id='par_1_51' title="bbox 2239 2240 3834 2315">
     <span class='ocr_line' id='line_1_51' title="bbox 2239 2240 3834 2315; baseline -0.001 -17"><span class='ocrx_word' id='word_1_367' title='bbox 2239 2256 2572 2313; x_wconf 89' lang='lat' dir='ltr'><strong>regnumque</strong></span> <span class='ocrx_word' id='word_1_368' title='bbox 2598 2241 2723 2297; x_wconf 82' lang='lat' dir='ltr'><strong>filiis</strong></span> <span class='ocrx_word' id='word_1_369' title='bbox 2753 2240 2913 2315; x_wconf 79' lang='lat' dir='ltr'><strong>[suis]</strong></span> <span class='ocrx_word' id='word_1_370' title='bbox 2942 2244 3335 2313; x_wconf 82' lang='lat' dir='ltr'><strong>sempiternum</strong></span> <span class='ocrx_word' id='word_1_371' title='bbox 3361 2244 3385 2296; x_wconf 85' lang='lat'><strong>?</strong></span> <span class='ocrx_word' id='word_1_372' title='bbox 3428 2243 3494 2297; x_wconf 86' lang='lat' dir='ltr'><strong>Et</strong></span> <span class='ocrx_word' id='word_1_373' title='bbox 3539 2244 3668 2299; x_wconf 88' lang='lat' dir='ltr'><strong>ideo</strong></span> <span class='ocrx_word' id='word_1_374' title='bbox 3722 2244 3834 2314; x_wconf 87' lang='lat' dir='ltr'><strong>ipsa</strong></span> 
     </span>
    </p>
   </div>
   <div class='ocr_carea' id='block_1_52' title="bbox 2238 2333 3836 2407">
    <p class='ocr_par' dir='ltr' id='par_1_52' title="bbox 2238 2333 3836 2407">
     <span class='ocr_line' id='line_1_52' title="bbox 2238 2333 3836 2407; baseline 0.003 -19"><span class='ocrx_word' id='word_1_375' title='bbox 2238 2335 2549 2389; x_wconf 89' lang='lat' dir='ltr'><strong>testimonia</strong></span> <span class='ocrx_word' id='word_1_376' title='bbox 2585 2334 2639 2389; x_wconf 89' lang='lat' dir='ltr'><strong>in</strong></span> <span class='ocrx_word' id='word_1_377' title='bbox 2665 2343 2930 2390; x_wconf 66' lang='lat' dir='ltr'><strong>aeternum</strong></span> <span class='ocrx_word' id='word_1_378' title='bbox 2979 2333 3207 2389; x_wconf 86' lang='lat' dir='ltr'><strong>fundata</strong></span> <span class='ocrx_word' id='word_1_379' title='bbox 3238 2352 3250 2388; x_wconf 92' lang='lat'>:</span> <span class='ocrx_word' id='word_1_380' title='bbox 3281 2336 3540 2405; x_wconf 88' lang='lat' dir='ltr'><strong>quoniam</strong></span> <span class='ocrx_word' id='word_1_381' title='bbox 3590 2336 3648 2391; x_wconf 91' lang='lat' dir='ltr'><strong>id</strong></span> <span class='ocrx_word' id='word_1_382' title='bbox 3696 2337 3836 2407; x_wconf 91' lang='lat' dir='ltr'><strong>quod</strong></span> 
     </span>
    </p>
   </div>
   <div class='ocr_carea' id='block_1_53' title="bbox 2238 2425 3833 2498">
    <p class='ocr_par' dir='ltr' id='par_1_53' title="bbox 2238 2425 3833 2498">
     <span class='ocr_line' id='line_1_53' title="bbox 2238 2425 3833 2498; baseline 0.001 -17"><span class='ocrx_word' id='word_1_383' title='bbox 2238 2426 2508 2498; x_wconf 90' lang='lat' dir='ltr'><strong>promisit,</strong></span> <span class='ocrx_word' id='word_1_384' title='bbox 2537 2433 2801 2481; x_wconf 71' lang='lat' dir='ltr'><strong>aeternum</strong></span> <span class='ocrx_word' id='word_1_385' title='bbox 2827 2435 2939 2491; x_wconf 90' lang='lat' dir='ltr'><strong>est;</strong></span> <span class='ocrx_word' id='word_1_386' title='bbox 2973 2427 3229 2497; x_wconf 88' lang='lat' dir='ltr'><strong>quoniam</strong></span> <span class='ocrx_word' id='word_1_387' title='bbox 3259 2425 3678 2482; x_wconf 83' lang='lat' dir='ltr'><strong>fundamentum</strong></span> <span class='ocrx_word' id='word_1_388' title='bbox 3710 2443 3833 2497; x_wconf 91' lang='lat' dir='ltr'><strong>pro-</strong></span> 
     </span>
    </p>
   </div>
   <div class='ocr_carea' id='block_1_54' title="bbox 2240 2514 3837 2589">
    <p class='ocr_par' dir='ltr' id='par_1_54' title="bbox 2240 2514 3837 2589">
     <span class='ocr_line' id='line_1_54' title="bbox 2240 2514 3837 2589; baseline 0.001 -18"><span class='ocrx_word' id='word_1_389' title='bbox 2240 2515 2512 2571; x_wconf 88' lang='lat' dir='ltr'><strong>missionis</strong></span> <span class='ocrx_word' id='word_1_390' title='bbox 2539 2514 2915 2582; x_wconf 84' lang='lat' dir='ltr'><strong>estChristus,</strong></span> <span class='ocrx_word' id='word_1_391' title='bbox 2967 2517 3021 2572; x_wconf 91' lang='lat' dir='ltr'><strong>in</strong></span> <span class='ocrx_word' id='word_1_392' title='bbox 3051 2531 3159 2586; x_wconf 90' lang='lat' dir='ltr'><strong>quo</strong></span> <span class='ocrx_word' id='word_1_393' title='bbox 3198 2516 3361 2588; x_wconf 89' lang='lat' dir='ltr'><strong>hujus</strong></span> <span class='ocrx_word' id='word_1_394' title='bbox 3389 2518 3505 2589; x_wconf 90' lang='lat' dir='ltr'><strong>spei</strong></span> <span class='ocrx_word' id='word_1_395' title='bbox 3520 2518 3837 2573; x_wconf 83' lang='lat' dir='ltr'><strong>testimonia</strong></span> 
     </span>
    </p>
   </div>
   <div class='ocr_carea' id='block_1_55' title="bbox 2239 2608 3835 2682">
    <p class='ocr_par' dir='ltr' id='par_1_55' title="bbox 2239 2608 3835 2682">
     <span class='ocr_line' id='line_1_55' title="bbox 2239 2608 3835 2682; baseline 0.001 -19"><span class='ocrx_word' id='word_1_396' title='bbox 2239 2625 2370 2665; x_wconf 89' lang='lat' dir='ltr'><strong>vera</strong></span> <span class='ocrx_word' id='word_1_397' title='bbox 2409 2618 2569 2674; x_wconf 87' lang='lat' dir='ltr'><strong>sunt,</strong></span> <span class='ocrx_word' id='word_1_398' title='bbox 2610 2623 2730 2680; x_wconf 67' lang='lat' dir='ltr'><strong>qua:</strong></span> <span class='ocrx_word' id='word_1_399' title='bbox 2756 2608 2846 2664; x_wconf 93' lang='lat' dir='ltr'><strong>hic</strong></span> <span class='ocrx_word' id='word_1_400' title='bbox 2887 2609 2958 2663; x_wconf 86' lang='lat' dir='ltr'><strong>ab</strong></span> <span class='ocrx_word' id='word_1_401' title='bbox 2993 2610 3150 2665; x_wconf 73' lang='lat' dir='ltr'><strong>initio</strong></span> <span class='ocrx_word' id='word_1_402' title='bbox 3194 2611 3513 2682; x_wconf 77' lang='lat' dir='ltr'><strong>cognovisse</strong></span> <span class='ocrx_word' id='word_1_403' title='bbox 3564 2626 3627 2666; x_wconf 87' lang='lat' dir='ltr'><strong>se</strong></span> <span class='ocrx_word' id='word_1_404' title='bbox 3686 2610 3835 2676; x_wconf 88' lang='lat' dir='ltr'><strong>dicit,</strong></span> 
     </span>
    </p>
   </div>
   <div class='ocr_carea' id='block_1_56' title="bbox 2241 2702 3837 2775">
    <p class='ocr_par' dir='ltr' id='par_1_56' title="bbox 2241 2702 3837 2775">
     <span class='ocr_line' id='line_1_56' title="bbox 2241 2702 3837 2775; baseline -0.001 -18"><span class='ocrx_word' id='word_1_405' title='bbox 2241 2704 2370 2775; x_wconf 88' lang='lat' dir='ltr'><strong>quia</strong></span> <span class='ocrx_word' id='word_1_406' title='bbox 2398 2704 2579 2757; x_wconf 89' lang='lat' dir='ltr'><strong>verbis</strong></span> <span class='ocrx_word' id='word_1_407' title='bbox 2602 2702 2863 2759; x_wconf 79' lang='lat' dir='ltr'><strong>Ecclesiae</strong></span> <span class='ocrx_word' id='word_1_408' title='bbox 2884 2703 3146 2772; x_wconf 88' lang='lat' dir='ltr'><strong>loquitur,</strong></span> <span class='ocrx_word' id='word_1_409' title='bbox 3169 2719 3289 2773; x_wconf 72' lang='lat' dir='ltr'><strong>quzc</strong></span> <span class='ocrx_word' id='word_1_410' title='bbox 3316 2704 3385 2758; x_wconf 87' lang='lat' dir='ltr'><strong>ab</strong></span> <span class='ocrx_word' id='word_1_411' title='bbox 3411 2704 3570 2759; x_wconf 89' lang='lat' dir='ltr'><strong>initio</strong></span> <span class='ocrx_word' id='word_1_412' title='bbox 3621 2703 3837 2775; x_wconf 87' lang='lat' dir='ltr'><strong>generis</strong></span> 
     </span>
    </p>
   </div>
   <div class='ocr_carea' id='block_1_57' title="bbox 2242 2793 3548 2865">
    <p class='ocr_par' dir='ltr' id='par_1_57' title="bbox 2242 2793 3548 2865">
     <span class='ocr_line' id='line_1_57' title="bbox 2242 2793 3548 2865; baseline 0 -16"><span class='ocrx_word' id='word_1_413' title='bbox 2242 2794 2464 2849; x_wconf 87' lang='lat' dir='ltr'><strong>humani</strong></span> <span class='ocrx_word' id='word_1_414' title='bbox 2500 2803 2691 2849; x_wconf 80' lang='lat' dir='ltr'><strong>exorta</strong></span> <span class='ocrx_word' id='word_1_415' title='bbox 2712 2793 2874 2849; x_wconf 88' lang='lat' dir='ltr'><strong>nullis</strong></span> <span class='ocrx_word' id='word_1_416' title='bbox 2893 2794 3333 2865; x_wconf 86' lang='lat' dir='ltr'><strong>generationibus</strong></span> <span class='ocrx_word' id='word_1_417' title='bbox 3359 2794 3548 2851; x_wconf 88' lang='lat' dir='ltr'><strong>defuit.</strong></span> 
     </span>
    </p>
   </div>
   <div class='ocr_carea' id='block_1_58' title="bbox 2314 2885 3840 2963">
    <p class='ocr_par' dir='ltr' id='par_1_58' title="bbox 2314 2885 3840 2963">
     <span class='ocr_line' id='line_1_58' title="bbox 2314 2885 3840 2963; baseline 0.003 -21"><span class='ocrx_word' id='word_1_418' title='bbox 2314 2888 2478 2942; x_wconf 73' lang='lat' dir='ltr'><strong>Vens.</strong></span> <span class='ocrx_word' id='word_1_419' title='bbox 2506 2886 2624 2941; x_wconf 84' lang='grc'><strong>155.</strong></span> <span class='ocrx_word' id='word_1_420' title='bbox 2675 2917 2747 2928; x_wconf 91' lang='lat'><strong><em>—</em></strong></span> <span class='ocrx_word' id='word_1_421' title='bbox 2792 2885 2920 2941; x_wconf 83' lang='lat' dir='ltr'><strong>Vide</strong></span> <span class='ocrx_word' id='word_1_422' title='bbox 2973 2886 3318 2943; x_wconf 85' lang='lat' dir='ltr'><strong>humilitatem</strong></span> <span class='ocrx_word' id='word_1_423' title='bbox 3370 2906 3562 2955; x_wconf 89' lang='lat' dir='ltr'><strong>meam,</strong></span> <span class='ocrx_word' id='word_1_424' title='bbox 3614 2900 3665 2944; x_wconf 88' lang='lat' dir='ltr'><strong>et</strong></span> <span class='ocrx_word' id='word_1_425' title='bbox 3704 2893 3840 2963; x_wconf 82' lang='lat' dir='ltr'><strong>eripe</strong></span> 
     </span>
    </p>
   </div>
   <div class='ocr_carea' id='block_1_59' title="bbox 2242 2977 3836 3050">
    <p class='ocr_par' dir='ltr' id='par_1_59' title="bbox 2242 2977 3836 3050">
     <span class='ocr_line' id='line_1_59' title="bbox 2242 2977 3836 3050; baseline 0.004 -18"><span class='ocrx_word' id='word_1_426' title='bbox 2242 2995 2344 3044; x_wconf 89' lang='lat' dir='ltr'><strong>me,</strong></span> <span class='ocrx_word' id='word_1_427' title='bbox 2375 2979 2499 3050; x_wconf 83' lang='lat' dir='ltr'><strong>quia</strong></span> <span class='ocrx_word' id='word_1_428' title='bbox 2526 2977 2690 3050; x_wconf 82' lang='lat' dir='ltr'><strong>legem</strong></span> <span class='ocrx_word' id='word_1_429' title='bbox 2710 2990 2857 3034; x_wconf 88' lang='lat' dir='ltr'><strong>tuam</strong></span> <span class='ocrx_word' id='word_1_430' title='bbox 2889 2998 2993 3036; x_wconf 87' lang='lat' dir='ltr'><strong>non</strong></span> <span class='ocrx_word' id='word_1_431' title='bbox 3021 2998 3139 3036; x_wconf 84' lang='lat' dir='ltr'><strong>sum</strong></span> <span class='ocrx_word' id='word_1_432' title='bbox 3170 2981 3383 3036; x_wconf 85' lang='lat' dir='ltr'><strong>oblitus.</strong></span> <span class='ocrx_word' id='word_1_433' title='bbox 3407 2981 3562 3049; x_wconf 85' lang='lat' dir='ltr'><strong>Quod</strong></span> <span class='ocrx_word' id='word_1_434' title='bbox 3589 2984 3682 3038; x_wconf 88' lang='lat' dir='ltr'><strong>hic</strong></span> <span class='ocrx_word' id='word_1_435' title='bbox 3706 2985 3836 3049; x_wconf 79' lang='lat' dir='ltr'><strong>ride,</strong></span> 
     </span>
    </p>
   </div>
   <div class='ocr_carea' id='block_1_60' title="bbox 2244 3071 3839 3144">
    <p class='ocr_par' dir='ltr' id='par_1_60' title="bbox 2244 3071 3839 3144">
     <span class='ocr_line' id='line_1_60' title="bbox 2244 3071 3839 3144; baseline 0.003 -20"><span class='ocrx_word' id='word_1_436' title='bbox 2244 3071 2340 3136; x_wconf 85' lang='lat' dir='ltr'><strong>ait,</strong></span> <span class='ocrx_word' id='word_1_437' title='bbox 2371 3072 2438 3125; x_wconf 93' lang='lat' dir='ltr'><strong>ad</strong></span> <span class='ocrx_word' id='word_1_438' title='bbox 2464 3080 2735 3142; x_wconf 86' lang='lat' dir='ltr'><strong>martyres</strong></span> <span class='ocrx_word' id='word_1_439' title='bbox 2761 3072 2997 3141; x_wconf 78' lang='lat' dir='ltr'><strong>pertinet</strong></span> <span class='ocrx_word' id='word_1_440' title='bbox 3026 3071 3179 3144; x_wconf 59' lang='grc' dir='ltr'><strong>μη,</strong></span> <span class='ocrx_word' id='word_1_441' title='bbox 3204 3074 3347 3142; x_wconf 91' lang='lat' dir='ltr'><strong>quod</strong></span> <span class='ocrx_word' id='word_1_442' title='bbox 3375 3074 3466 3128; x_wconf 89' lang='lat' dir='ltr'><strong>hic</strong></span> <span class='ocrx_word' id='word_1_443' title='bbox 3502 3072 3723 3128; x_wconf 88' lang='lat' dir='ltr'><strong>videtur</strong></span> <span class='ocrx_word' id='word_1_444' title='bbox 3774 3074 3839 3129; x_wconf 89' lang='lat' dir='ltr'><strong>ad</strong></span> 
     </span>
    </p>
   </div>
   <div class='ocr_carea' id='block_1_61' title="bbox 2246 3163 3840 3239">
    <p class='ocr_par' dir='ltr' id='par_1_61' title="bbox 2246 3163 3840 3239">
     <span class='ocr_line' id='line_1_61' title="bbox 2246 3163 3840 3239; baseline 0.004 -23"><span class='ocrx_word' id='word_1_445' title='bbox 2246 3172 2517 3235; x_wconf 79' lang='lat' dir='ltr'><strong>martyres</strong></span> <span class='ocrx_word' id='word_1_446' title='bbox 2548 3163 2869 3235; x_wconf 88' lang='lat' dir='ltr'><strong>pertinere],</strong></span> <span class='ocrx_word' id='word_1_447' title='bbox 2894 3180 3123 3236; x_wconf 90' lang='lat' dir='ltr'><strong>quorum</strong></span> <span class='ocrx_word' id='word_1_448' title='bbox 3150 3181 3346 3237; x_wconf 89' lang='lat' dir='ltr'><strong>corpus</strong></span> <span class='ocrx_word' id='word_1_449' title='bbox 3381 3166 3636 3239; x_wconf 87' lang='lat' dir='ltr'><strong>atlligitur</strong></span> <span class='ocrx_word' id='word_1_450' title='bbox 3678 3179 3737 3222; x_wconf 93' lang='lat' dir='ltr'><strong>ut</strong></span> <span class='ocrx_word' id='word_1_451' title='bbox 3765 3169 3840 3223; x_wconf 85' lang='lat' dir='ltr'><strong>vi—</strong></span> 
     </span>
    </p>
   </div>
   <div class='ocr_carea' id='block_1_62' title="bbox 616 3236 3837 3331">
    <p class='ocr_par' dir='ltr' id='par_1_62' title="bbox 616 3236 3837 3331">
     <span class='ocr_line' id='line_1_62' title="bbox 616 3236 3837 3331; baseline 0.001 -18"><span class='ocrx_word' id='word_1_452' title='bbox 616 3258 779 3313; x_wconf 78' lang='lat' dir='ltr'><strong>Vnns.</strong></span> <span class='ocrx_word' id='word_1_453' title='bbox 803 3257 926 3312; x_wconf 86' lang='grc'><strong>145.</strong></span> <span class='ocrx_word' id='word_1_454' title='bbox 949 3289 1022 3299; x_wconf 91' lang='grc'><strong><em>-</em></strong></span> <span class='ocrx_word' id='word_1_455' title='bbox 1044 3256 1280 3314; x_wconf 85' lang='lat' dir='ltr'><strong>Clamavi</strong></span> <span class='ocrx_word' id='word_1_456' title='bbox 1308 3260 1365 3314; x_wconf 86' lang='lat' dir='ltr'><strong>in</strong></span> <span class='ocrx_word' id='word_1_457' title='bbox 1392 3269 1500 3315; x_wconf 90' lang='lat' dir='ltr'><strong>toto</strong></span> <span class='ocrx_word' id='word_1_458' title='bbox 1552 3261 1707 3317; x_wconf 91' lang='lat' dir='ltr'><strong>corde</strong></span> <span class='ocrx_word' id='word_1_459' title='bbox 1744 3278 1880 3327; x_wconf 90' lang='lat' dir='ltr'><strong>meo,</strong></span> <span class='ocrx_word' id='word_1_460' title='bbox 1945 3260 2139 3316; x_wconf 80' lang='lat' dir='ltr'><strong>exaudi</strong></span> <span class='ocrx_word' id='word_1_461' title='bbox 2169 3236 2211 3299; x_wconf 65' lang='grc' dir='ltr'>Ο</span> <span class='ocrx_word' id='word_1_462' title='bbox 2246 3259 2371 3313; x_wconf 88' lang='lat' dir='ltr'><strong>litas</strong></span> <span class='ocrx_word' id='word_1_463' title='bbox 2410 3259 2698 3329; x_wconf 88' lang='lat' dir='ltr'><strong>pecudum.</strong></span> <span class='ocrx_word' id='word_1_464' title='bbox 2733 3256 2991 3328; x_wconf 88' lang='lat' dir='ltr'><strong>Sequitur</strong></span> <span class='ocrx_word' id='word_1_465' title='bbox 3020 3279 3031 3313; x_wconf 90' lang='lat'>:</span> <span class='ocrx_word' id='word_1_466' title='bbox 3066 3260 3135 3313; x_wconf 89' lang='lat' dir='ltr'><strong>Et</strong></span> <span class='ocrx_word' id='word_1_467' title='bbox 3164 3236 3304 3331; x_wconf 86' lang='lat' dir='ltr'><strong>eripe</strong></span> <span class='ocrx_word' id='word_1_468' title='bbox 3320 3236 3584 3325; x_wconf 77' lang='lat' dir='ltr'><strong>me,unde</strong></span> <span class='ocrx_word' id='word_1_469' title='bbox 3600 3262 3837 3329; x_wconf 88' lang='lat' dir='ltr'><strong>scilicet,</strong></span> 
     </span>
    </p>
   </div>
   <div class='ocr_carea' id='block_1_63' title="bbox 544 3347 2145 3425">
    <p class='ocr_par' dir='ltr' id='par_1_63' title="bbox 544 3347 2145 3425">
     <span class='ocr_line' id='line_1_63' title="bbox 544 3347 2145 3425; baseline 0.003 -23"><span class='ocrx_word' id='word_1_470' title='bbox 544 3364 648 3414; x_wconf 88' lang='lat' dir='ltr'><strong>me,</strong></span> <span class='ocrx_word' id='word_1_471' title='bbox 669 3347 915 3416; x_wconf 88' lang='lat' dir='ltr'><strong>Domine,</strong></span> <span class='ocrx_word' id='word_1_472' title='bbox 925 3350 1339 3421; x_wconf 77' lang='lat' dir='ltr'><strong>justiﬁcationes</strong></span> <span class='ocrx_word' id='word_1_473' title='bbox 1361 3361 1480 3407; x_wconf 82' lang='lat' dir='ltr'><strong>tuas</strong></span> <span class='ocrx_word' id='word_1_474' title='bbox 1509 3356 1793 3425; x_wconf 85' lang='lat' dir='ltr'><strong>requiram.</strong></span> <span class='ocrx_word' id='word_1_475' title='bbox 1825 3352 1981 3408; x_wconf 84' lang='lat' dir='ltr'><strong>Hunc</strong></span> <span class='ocrx_word' id='word_1_476' title='bbox 2031 3353 2145 3408; x_wconf 89' lang='lat' dir='ltr'><strong>cla-</strong></span> 
     </span>
    </p>
   </div>
   <div class='ocr_carea' id='block_1_64' title="bbox 545 3446 2144 3520">
    <p class='ocr_par' dir='ltr' id='par_1_64' title="bbox 545 3446 2144 3520">
     <span class='ocr_line' id='line_1_64' title="bbox 545 3446 2144 3520; baseline 0.003 -22"><span class='ocrx_word' id='word_1_477' title='bbox 545 3456 754 3498; x_wconf 63' lang='lat' dir='ltr'><strong>morem</strong></span> <span class='ocrx_word' id='word_1_478' title='bbox 776 3457 884 3498; x_wconf 91' lang='lat' dir='ltr'><strong>non</strong></span> <span class='ocrx_word' id='word_1_479' title='bbox 913 3459 1188 3514; x_wconf 73' lang='lat' dir='ltr'><strong>corporeae</strong></span> <span class='ocrx_word' id='word_1_480' title='bbox 1216 3446 1385 3512; x_wconf 86' lang='lat' dir='ltr'><strong>vocis,</strong></span> <span class='ocrx_word' id='word_1_481' title='bbox 1414 3448 1510 3503; x_wconf 90' lang='lat' dir='ltr'><strong>sed</strong></span> <span class='ocrx_word' id='word_1_482' title='bbox 1538 3448 1736 3503; x_wconf 90' lang='lat' dir='ltr'><strong>mentis</strong></span> <span class='ocrx_word' id='word_1_483' title='bbox 1750 3446 2008 3520; x_wconf 80' lang='lat' dir='ltr'><strong>spiritalis</strong></span> <span class='ocrx_word' id='word_1_484' title='bbox 2022 3462 2144 3502; x_wconf 90' lang='lat' dir='ltr'><strong>esse</strong></span> 
     </span>
    </p>
   </div>
   <div class='ocr_carea' id='block_1_65' title="bbox 547 3537 2144 3610">
    <p class='ocr_par' dir='ltr' id='par_1_65' title="bbox 547 3537 2144 3610">
     <span class='ocr_line' id='line_1_65' title="bbox 547 3537 2144 3610; baseline 0.003 -21"><span class='ocrx_word' id='word_1_485' title='bbox 547 3549 691 3606; x_wconf 60' lang='lat' dir='ltr'><strong>saepe</strong></span> <span class='ocrx_word' id='word_1_486' title='bbox 710 3537 1152 3604; x_wconf 87' lang='lat' dir='ltr'><strong>memoravimus,</strong></span> <span class='ocrx_word' id='word_1_487' title='bbox 1185 3554 1282 3609; x_wconf 90' lang='lat' dir='ltr'><strong>per</strong></span> <span class='ocrx_word' id='word_1_488' title='bbox 1311 3539 1615 3610; x_wconf 86' lang='lat' dir='ltr'><strong>qucmjusti</strong></span> <span class='ocrx_word' id='word_1_489' title='bbox 1646 3557 1677 3595; x_wconf 91' lang='lat' dir='ltr'><strong>a</strong></span> <span class='ocrx_word' id='word_1_490' title='bbox 1705 3540 1816 3595; x_wconf 89' lang='lat' dir='ltr'><strong>Deo</strong></span> <span class='ocrx_word' id='word_1_491' title='bbox 1842 3541 2144 3595; x_wconf 81' lang='lat' dir='ltr'><strong>exaudiun-</strong></span> 
     </span>
    </p>
   </div>
   <div class='ocr_carea' id='block_1_66' title="bbox 548 3631 2144 3705">
    <p class='ocr_par' dir='ltr' id='par_1_66' title="bbox 548 3631 2144 3705">
     <span class='ocr_line' id='line_1_66' title="bbox 548 3631 2144 3705; baseline 0.004 -24"><span class='ocrx_word' id='word_1_492' title='bbox 548 3634 642 3682; x_wconf 92' lang='lat' dir='ltr'><strong>tur</strong></span> <span class='ocrx_word' id='word_1_493' title='bbox 672 3647 684 3682; x_wconf 88' lang='lat'><strong>:</strong></span> <span class='ocrx_word' id='word_1_494' title='bbox 725 3631 817 3698; x_wconf 92' lang='lat' dir='ltr'><strong>qui</strong></span> <span class='ocrx_word' id='word_1_495' title='bbox 843 3631 1114 3700; x_wconf 71' lang='lat' dir='ltr'><strong>praecipue</strong></span> <span class='ocrx_word' id='word_1_496' title='bbox 1141 3646 1329 3687; x_wconf 89' lang='lat' dir='ltr'><strong>eorum</strong></span> <span class='ocrx_word' id='word_1_497' title='bbox 1353 3632 1507 3705; x_wconf 78' lang='lat' dir='ltr'><strong>[Ms.,</strong></span> <span class='ocrx_word' id='word_1_498' title='bbox 1536 3634 1621 3688; x_wconf 90' lang='lat' dir='ltr'><strong>vel</strong></span> <span class='ocrx_word' id='word_1_499' title='bbox 1651 3633 1740 3688; x_wconf 86' lang='lat' dir='ltr'><strong>ille</strong></span> <span class='ocrx_word' id='word_1_500' title='bbox 1765 3634 2020 3704; x_wconf 89' lang='lat' dir='ltr'><strong>precibus</strong></span> <span class='ocrx_word' id='word_1_501' title='bbox 2052 3649 2144 3688; x_wconf 89' lang='lat' dir='ltr'><strong>eo-</strong></span> 
     </span>
    </p>
   </div>
   <div class='ocr_carea' id='block_1_67' title="bbox 553 3716 2144 3791">
    <p class='ocr_par' dir='ltr' id='par_1_67' title="bbox 553 3716 2144 3791">
     <span class='ocr_line' id='line_1_67' title="bbox 553 3716 2144 3791; baseline 0.004 -20"><span class='ocrx_word' id='word_1_502' title='bbox 553 3716 699 3791; x_wconf 89' lang='lat' dir='ltr'><strong>rum]</strong></span> <span class='ocrx_word' id='word_1_503' title='bbox 721 3718 871 3788; x_wconf 91' lang='lat' dir='ltr'><strong>pium</strong></span> <span class='ocrx_word' id='word_1_504' title='bbox 899 3721 1087 3791; x_wconf 83' lang='lat' dir='ltr'><strong>pandit</strong></span> <span class='ocrx_word' id='word_1_505' title='bbox 1107 3721 1381 3778; x_wconf 77' lang='lat' dir='ltr'><strong>affectum.</strong></span> <span class='ocrx_word' id='word_1_506' title='bbox 1410 3724 1838 3779; x_wconf 80' lang='lat' dir='ltr'><strong>Justiﬁcationes</strong></span> <span class='ocrx_word' id='word_1_507' title='bbox 1865 3734 2046 3780; x_wconf 92' lang='lat' dir='ltr'><strong>autem</strong></span> <span class='ocrx_word' id='word_1_508' title='bbox 2061 3725 2144 3779; x_wconf 90' lang='lat' dir='ltr'><strong>di-</strong></span> 
     </span>
    </p>
   </div>
   <div class='ocr_carea' id='block_1_68' title="bbox 553 3809 2145 3886">
    <p class='ocr_par' dir='ltr' id='par_1_68' title="bbox 553 3809 2145 3886">
     <span class='ocr_line' id='line_1_68' title="bbox 553 3809 2145 3886; baseline 0.004 -22"><span class='ocrx_word' id='word_1_509' title='bbox 553 3809 652 3875; x_wconf 90' lang='lat' dir='ltr'><strong>cit,</strong></span> <span class='ocrx_word' id='word_1_510' title='bbox 678 3825 785 3865; x_wconf 91' lang='lat' dir='ltr'><strong>non</strong></span> <span class='ocrx_word' id='word_1_511' title='bbox 817 3812 1000 3867; x_wconf 67' lang='lat' dir='ltr'><strong>saeculi</strong></span> <span class='ocrx_word' id='word_1_512' title='bbox 1020 3813 1237 3869; x_wconf 87' lang='lat' dir='ltr'><strong>divitias</strong></span> <span class='ocrx_word' id='word_1_513' title='bbox 1278 3830 1338 3870; x_wconf 91' lang='lat' dir='ltr'><strong>se</strong></span> <span class='ocrx_word' id='word_1_514' title='bbox 1360 3816 1677 3884; x_wconf 84' lang='lat' dir='ltr'><strong>exquirere;</strong></span> <span class='ocrx_word' id='word_1_515' title='bbox 1711 3831 1887 3886; x_wconf 91' lang='lat' dir='ltr'><strong>neque</strong></span> <span class='ocrx_word' id='word_1_516' title='bbox 1916 3816 1985 3871; x_wconf 90' lang='lat' dir='ltr'><strong>ad</strong></span> <span class='ocrx_word' id='word_1_517' title='bbox 2018 3831 2145 3871; x_wconf 90' lang='lat' dir='ltr'><strong>nos-</strong></span> 
     </span>
    </p>
   </div>
   <div class='ocr_carea' id='block_1_69' title="bbox 551 3901 1732 3975">
    <p class='ocr_par' dir='ltr' id='par_1_69' title="bbox 551 3901 1732 3975">
     <span class='ocr_line' id='line_1_69' title="bbox 551 3901 1732 3975; baseline 0.004 -20"><span class='ocrx_word' id='word_1_518' title='bbox 551 3901 751 3957; x_wconf 87' lang='lat' dir='ltr'><strong>cendas</strong></span> <span class='ocrx_word' id='word_1_519' title='bbox 804 3908 1035 3969; x_wconf 89' lang='lat' dir='ltr'><strong>tantum,</strong></span> <span class='ocrx_word' id='word_1_520' title='bbox 1064 3906 1162 3961; x_wconf 89' lang='lat' dir='ltr'><strong>sed</strong></span> <span class='ocrx_word' id='word_1_521' title='bbox 1186 3905 1254 3960; x_wconf 91' lang='lat' dir='ltr'><strong>ad</strong></span> <span class='ocrx_word' id='word_1_522' title='bbox 1280 3905 1579 3975; x_wconf 87' lang='lat' dir='ltr'><strong>implendas</strong></span> <span class='ocrx_word' id='word_1_523' title='bbox 1617 3922 1732 3961; x_wconf 89' lang='lat' dir='ltr'><strong>eas.</strong></span> 
     </span>
    </p>
   </div>
   <div class='ocr_carea' id='block_1_70' title="bbox 623 3992 2143 4070">
    <p class='ocr_par' dir='ltr' id='par_1_70' title="bbox 623 3992 2143 4070">
     <span class='ocr_line' id='line_1_70' title="bbox 623 3992 2143 4070; baseline 0.003 -22"><span class='ocrx_word' id='word_1_524' title='bbox 623 3992 783 4050; x_wconf 73' lang='lat' dir='ltr'><strong>Vens.</strong></span> <span class='ocrx_word' id='word_1_525' title='bbox 818 3993 941 4049; x_wconf 84' lang='grc'><strong>146.</strong></span> <span class='ocrx_word' id='word_1_526' title='bbox 966 4026 1038 4037; x_wconf 90' lang='grc'><strong><em>-</em></strong></span> <span class='ocrx_word' id='word_1_527' title='bbox 1065 3992 1301 4051; x_wconf 86' lang='lat' dir='ltr'><strong>Clamavi</strong></span> <span class='ocrx_word' id='word_1_528' title='bbox 1324 3997 1393 4049; x_wconf 86' lang='lat' dir='ltr'><strong>ad</strong></span> <span class='ocrx_word' id='word_1_529' title='bbox 1419 4005 1467 4051; x_wconf 89' lang='lat' dir='ltr'><strong>te</strong></span> <span class='ocrx_word' id='word_1_530' title='bbox 1486 4037 1501 4062; x_wconf 95' lang='lat'><strong>,</strong></span> <span class='ocrx_word' id='word_1_531' title='bbox 1528 3996 1730 4052; x_wconf 76' lang='lat' dir='ltr'><strong>salvum</strong></span> <span class='ocrx_word' id='word_1_532' title='bbox 1785 4015 1868 4053; x_wconf 89' lang='lat' dir='ltr'><strong>me</strong></span> <span class='ocrx_word' id='word_1_533' title='bbox 1924 3999 2033 4070; x_wconf 81' lang='lat' dir='ltr'><strong>fac,</strong></span> <span class='ocrx_word' id='word_1_534' title='bbox 2086 4006 2143 4052; x_wconf 90' lang='lat' dir='ltr'><strong>ut</strong></span> 
     </span>
    </p>
   </div>
   <div class='ocr_carea' id='block_1_71' title="bbox 553 4084 2144 4143">
    <p class='ocr_par' dir='ltr' id='par_1_71' title="bbox 553 4084 2144 4143">
     <span class='ocr_line' id='line_1_71' title="bbox 553 4084 2144 4143; baseline 0.003 -6"><span class='ocrx_word' id='word_1_535' title='bbox 553 4084 849 4138; x_wconf 88' lang='lat' dir='ltr'><strong>custodiam</strong></span> <span class='ocrx_word' id='word_1_536' title='bbox 879 4085 1132 4139; x_wconf 87' lang='lat' dir='ltr'><strong>mandata</strong></span> <span class='ocrx_word' id='word_1_537' title='bbox 1151 4094 1263 4139; x_wconf 87' lang='lat' dir='ltr'><strong>tua.</strong></span> <span class='ocrx_word' id='word_1_538' title='bbox 1298 4084 1453 4141; x_wconf 86' lang='lat' dir='ltr'><strong>Nunc</strong></span> <span class='ocrx_word' id='word_1_539' title='bbox 1481 4086 1821 4142; x_wconf 88' lang='lat' dir='ltr'><strong>demonstrat</strong></span> <span class='ocrx_word' id='word_1_540' title='bbox 1845 4089 2144 4143; x_wconf 88' lang='lat' dir='ltr'><strong>clamorem</strong></span> 
     </span>
    </p>
   </div>
   <div class='ocr_carea' id='block_1_72' title="bbox 550 4174 2147 4246">
    <p class='ocr_par' dir='ltr' id='par_1_72' title="bbox 550 4174 2147 4246">
     <span class='ocr_line' id='line_1_72' title="bbox 550 4174 2147 4246; baseline 0.001 -15"><span class='ocrx_word' id='word_1_541' title='bbox 550 4175 801 4245; x_wconf 86' lang='lat' dir='ltr'><strong>superius</strong></span> <span class='ocrx_word' id='word_1_542' title='bbox 830 4175 898 4231; x_wconf 93' lang='lat' dir='ltr'><strong>ad</strong></span> <span class='ocrx_word' id='word_1_543' title='bbox 929 4175 1099 4231; x_wconf 89' lang='lat' dir='ltr'><strong>Deum</strong></span> <span class='ocrx_word' id='word_1_544' title='bbox 1138 4174 1391 4243; x_wconf 78' lang='lat' dir='ltr'><strong>effusum,</strong></span> <span class='ocrx_word' id='word_1_545' title='bbox 1420 4177 1524 4233; x_wconf 85' lang='lat' dir='ltr'><strong>hoc</strong></span> <span class='ocrx_word' id='word_1_546' title='bbox 1546 4188 1648 4246; x_wconf 90' lang='lat' dir='ltr'><strong>est,</strong></span> <span class='ocrx_word' id='word_1_547' title='bbox 1679 4180 1997 4235; x_wconf 90' lang='lat' dir='ltr'><strong>utanimam</strong></span> <span class='ocrx_word' id='word_1_548' title='bbox 2037 4180 2147 4235; x_wconf 82' lang='lat' dir='ltr'><strong>sal-</strong></span> 
     </span>
    </p>
   </div>
   <div class='ocr_carea' id='block_1_73' title="bbox 550 4264 2146 4347">
    <p class='ocr_par' dir='ltr' id='par_1_73' title="bbox 550 4264 2146 4347">
     <span class='ocr_line' id='line_1_73' title="bbox 550 4264 2146 4347; baseline 0.003 -28"><span class='ocrx_word' id='word_1_549' title='bbox 550 4280 619 4319; x_wconf 90' lang='lat' dir='ltr'><strong>va</strong></span> <span class='ocrx_word' id='word_1_550' title='bbox 646 4264 771 4321; x_wconf 77' lang='lat' dir='ltr'><strong>fidei</strong></span> <span class='ocrx_word' id='word_1_551' title='bbox 792 4266 1003 4321; x_wconf 89' lang='lat' dir='ltr'><strong>ratione</strong></span> <span class='ocrx_word' id='word_1_552' title='bbox 1032 4266 1334 4332; x_wconf 89' lang='lat' dir='ltr'><strong>roboraret,</strong></span> <span class='ocrx_word' id='word_1_553' title='bbox 1365 4276 1422 4321; x_wconf 90' lang='lat' dir='ltr'><strong>et</strong></span> <span class='ocrx_word' id='word_1_554' title='bbox 1450 4269 1666 4339; x_wconf 88' lang='lat' dir='ltr'><strong>corpori</strong></span> <span class='ocrx_word' id='word_1_555' title='bbox 1692 4277 1978 4347; x_wconf 75' lang='lat' dir='ltr'><strong>praestaret</strong></span> <span class='ocrx_word' id='word_1_556' title='bbox 2000 4269 2146 4324; x_wconf 88' lang='lat' dir='ltr'><strong>sani-</strong></span> 
     </span>
    </p>
   </div>
   <div class='ocr_carea' id='block_1_74' title="bbox 554 4357 2146 4428">
    <p class='ocr_par' dir='ltr' id='par_1_74' title="bbox 554 4357 2146 4428">
     <span class='ocr_line' id='line_1_74' title="bbox 554 4357 2146 4428; baseline 0.006 -19"><span class='ocrx_word' id='word_1_557' title='bbox 554 4363 744 4421; x_wconf 89' lang='lat' dir='ltr'><strong>tatem,</strong></span> <span class='ocrx_word' id='word_1_558' title='bbox 773 4370 964 4411; x_wconf 87' lang='lat' dir='ltr'><strong>revera</strong></span> <span class='ocrx_word' id='word_1_559' title='bbox 991 4357 1199 4428; x_wconf 89' lang='lat' dir='ltr'><strong>utique,</strong></span> <span class='ocrx_word' id='word_1_560' title='bbox 1222 4366 1283 4412; x_wconf 91' lang='lat' dir='ltr'><strong>ut</strong></span> <span class='ocrx_word' id='word_1_561' title='bbox 1307 4358 1520 4413; x_wconf 87' lang='lat' dir='ltr'><strong>Domini</strong></span> <span class='ocrx_word' id='word_1_562' title='bbox 1568 4361 1827 4416; x_wconf 90' lang='lat' dir='ltr'><strong>mandata</strong></span> <span class='ocrx_word' id='word_1_563' title='bbox 1869 4364 2146 4419; x_wconf 88' lang='lat' dir='ltr'><strong>custodire</strong></span> 
     </span>
    </p>
   </div>
   <div class='ocr_carea' id='block_1_75' title="bbox 553 4446 744 4516">
    <p class='ocr_par' dir='ltr' id='par_1_75' title="bbox 553 4446 744 4516">
     <span class='ocr_line' id='line_1_75' title="bbox 553 4446 744 4516; baseline 0 -16"><span class='ocrx_word' id='word_1_564' title='bbox 553 4446 744 4516; x_wconf 88' lang='lat' dir='ltr'><strong>possit.</strong></span> 
     </span>
    </p>
   </div>
   <div class='ocr_carea' id='block_1_76' title="bbox 624 4537 2140 4615">
    <p class='ocr_par' dir='ltr' id='par_1_76' title="bbox 624 4537 2140 4615">
     <span class='ocr_line' id='line_1_76' title="bbox 624 4537 2140 4615; baseline 0.006 -22"><span class='ocrx_word' id='word_1_565' title='bbox 624 4538 784 4593; x_wconf 79' lang='lat' dir='ltr'><strong>Vens.</strong></span> <span class='ocrx_word' id='word_1_566' title='bbox 813 4538 935 4593; x_wconf 87' lang='grc'><strong>147.</strong></span> <span class='ocrx_word' id='word_1_567' title='bbox 962 4569 1032 4583; x_wconf 92' lang='grc'><strong><em>-</em></strong></span> <span class='ocrx_word' id='word_1_568' title='bbox 1052 4537 1290 4595; x_wconf 76' lang='lat' dir='ltr'><strong>Prteveni</strong></span> <span class='ocrx_word' id='word_1_569' title='bbox 1331 4541 1388 4594; x_wconf 89' lang='lat' dir='ltr'><strong>in</strong></span> <span class='ocrx_word' id='word_1_570' title='bbox 1419 4542 1747 4609; x_wconf 83' lang='lat' dir='ltr'><strong>maturitate,</strong></span> <span class='ocrx_word' id='word_1_571' title='bbox 1788 4554 1837 4599; x_wconf 92' lang='lat' dir='ltr'><strong>et</strong></span> <span class='ocrx_word' id='word_1_572' title='bbox 1896 4545 2140 4615; x_wconf 87' lang='lat' dir='ltr'><strong>clamavi,</strong></span> 
     </span>
    </p>
   </div>
   <div class='ocr_carea' id='block_1_77' title="bbox 2244 3350 3843 3424">
    <p class='ocr_par' dir='ltr' id='par_1_77' title="bbox 2244 3350 3843 3424">
     <span class='ocr_line' id='line_1_77' title="bbox 2244 3350 3843 3424; baseline 0.002 -19"><span class='ocrx_word' id='word_1_573' title='bbox 2244 3350 2350 3405; x_wconf 90' lang='lat' dir='ltr'><strong>nisi</strong></span> <span class='ocrx_word' id='word_1_574' title='bbox 2375 3352 2441 3405; x_wconf 88' lang='lat' dir='ltr'><strong>de</strong></span> <span class='ocrx_word' id='word_1_575' title='bbox 2462 3365 2749 3420; x_wconf 76' lang='lat' dir='ltr'><strong>ptenarum</strong></span> <span class='ocrx_word' id='word_1_576' title='bbox 2787 3351 3096 3421; x_wconf 88' lang='lat' dir='ltr'><strong>urgentium</strong></span> <span class='ocrx_word' id='word_1_577' title='bbox 3138 3353 3462 3408; x_wconf 76' lang='lat' dir='ltr'><strong>necessitate</strong></span> <span class='ocrx_word' id='word_1_578' title='bbox 3510 3361 3568 3407; x_wconf 84' lang='lat' dir='ltr'><strong>et</strong></span> <span class='ocrx_word' id='word_1_579' title='bbox 3594 3354 3661 3407; x_wconf 89' lang='lat' dir='ltr'><strong>de</strong></span> <span class='ocrx_word' id='word_1_580' title='bbox 3700 3355 3843 3424; x_wconf 71' lang='lat' dir='ltr'><strong>peri-</strong></span> 
     </span>
    </p>
   </div>
   <div class='ocr_carea' id='block_1_78' title="bbox 2245 3443 3842 3518">
    <p class='ocr_par' dir='ltr' id='par_1_78' title="bbox 2245 3443 3842 3518">
     <span class='ocr_line' id='line_1_78' title="bbox 2245 3443 3842 3518; baseline 0.003 -19"><span class='ocrx_word' id='word_1_581' title='bbox 2245 3443 2367 3499; x_wconf 93' lang='lat' dir='ltr'><strong>culo</strong></span> <span class='ocrx_word' id='word_1_582' title='bbox 2396 3445 2624 3500; x_wconf 89' lang='lat' dir='ltr'><strong>mortis?</strong></span> <span class='ocrx_word' id='word_1_583' title='bbox 2644 3444 2844 3518; x_wconf 85' lang='lat' dir='ltr'><strong>Legem</strong></span> <span class='ocrx_word' id='word_1_584' title='bbox 2872 3463 3001 3502; x_wconf 88' lang='lat' dir='ltr'><strong>vero</strong></span> <span class='ocrx_word' id='word_1_585' title='bbox 3027 3448 3114 3502; x_wconf 91' lang='lat' dir='ltr'><strong>hic</strong></span> <span class='ocrx_word' id='word_1_586' title='bbox 3141 3449 3286 3503; x_wconf 90' lang='lat' dir='ltr'><strong>illam</strong></span> <span class='ocrx_word' id='word_1_587' title='bbox 3311 3450 3637 3505; x_wconf 82' lang='lat' dir='ltr'><strong>sententiam</strong></span> <span class='ocrx_word' id='word_1_588' title='bbox 3684 3451 3842 3516; x_wconf 74' lang='lat' dir='ltr'><strong>eicit,</strong></span> 
     </span>
    </p>
   </div>
   <div class='ocr_carea' id='block_1_79' title="bbox 2244 3538 3843 3616">
    <p class='ocr_par' dir='ltr' id='par_1_79' title="bbox 2244 3538 3843 3616">
     <span class='ocr_line' id='line_1_79' title="bbox 2244 3538 3843 3616; baseline 0.004 -24"><span class='ocrx_word' id='word_1_589' title='bbox 2244 3553 2364 3608; x_wconf 67' lang='lat' dir='ltr'><strong>qua:</strong></span> <span class='ocrx_word' id='word_1_590' title='bbox 2395 3540 2469 3592; x_wconf 88' lang='lat' dir='ltr'><strong>ait</strong></span> <span class='ocrx_word' id='word_1_591' title='bbox 2493 3557 2504 3591; x_wconf 89' lang='lat'>:</span> <span class='ocrx_word' id='word_1_592' title='bbox 2539 3538 2722 3595; x_wconf 83' lang='lat' dir='ltr'><strong>Omnis</strong></span> <span class='ocrx_word' id='word_1_593' title='bbox 2751 3542 2842 3611; x_wconf 87' lang='lat' dir='ltr'><strong>qui</strong></span> <span class='ocrx_word' id='word_1_594' title='bbox 2870 3559 2925 3596; x_wconf 82' lang='lat' dir='ltr'><strong>se</strong></span> <span class='ocrx_word' id='word_1_595' title='bbox 2946 3545 3167 3608; x_wconf 69' lang='lat' dir='ltr'><strong>exultat,</strong></span> <span class='ocrx_word' id='word_1_596' title='bbox 3190 3542 3580 3609; x_wconf 84' lang='lat' dir='ltr'><strong>humiliabitur,</strong></span> <span class='ocrx_word' id='word_1_597' title='bbox 3605 3553 3651 3597; x_wconf 83' lang='lat' dir='ltr'><strong>et</strong></span> <span class='ocrx_word' id='word_1_598' title='bbox 3673 3545 3767 3616; x_wconf 85' lang='lat' dir='ltr'><strong>qui</strong></span> <span class='ocrx_word' id='word_1_599' title='bbox 3788 3560 3843 3598; x_wconf 88' lang='lat' dir='ltr'><strong>se</strong></span> 
     </span>
    </p>
   </div>
   <div class='ocr_carea' id='block_1_80' title="bbox 2244 3631 3844 3709">
    <p class='ocr_par' dir='ltr' id='par_1_80' title="bbox 2244 3631 3844 3709">
     <span class='ocr_line' id='line_1_80' title="bbox 2244 3631 3844 3709; baseline 0.007 -25"><span class='ocrx_word' id='word_1_600' title='bbox 2244 3631 2509 3697; x_wconf 87' lang='lat' dir='ltr'><strong>humiliat,</strong></span> <span class='ocrx_word' id='word_1_601' title='bbox 2537 3631 2858 3688; x_wconf 73' lang='lat' dir='ltr'><strong>exaltabitur</strong></span> <span class='ocrx_word' id='word_1_602' title='bbox 2878 3633 3031 3707; x_wconf 89' lang='lat' dir='ltr'><strong>(Luc.</strong></span> <span class='ocrx_word' id='word_1_603' title='bbox 3055 3651 3170 3701; x_wconf 74' lang='lat' dir='ltr'><strong>xxv,</strong></span> <span class='ocrx_word' id='word_1_604' title='bbox 3187 3636 3298 3709; x_wconf 88' lang='grc'><strong>11).</strong></span> <span class='ocrx_word' id='word_1_605' title='bbox 3323 3635 3477 3692; x_wconf 85' lang='lat' dir='ltr'><strong>Hanc</strong></span> <span class='ocrx_word' id='word_1_606' title='bbox 3491 3651 3551 3692; x_wconf 89' lang='lat' dir='ltr'><strong>se</strong></span> <span class='ocrx_word' id='word_1_607' title='bbox 3569 3635 3706 3693; x_wconf 71' lang='lat' dir='ltr'><strong>(icit</strong></span> <span class='ocrx_word' id='word_1_608' title='bbox 3733 3653 3844 3695; x_wconf 90' lang='lat' dir='ltr'><strong>non</strong></span> 
     </span>
    </p>
   </div>
   <div class='ocr_carea' id='block_1_81' title="bbox 2244 3725 3121 3796">
    <p class='ocr_par' dir='ltr' id='par_1_81' title="bbox 2244 3725 3121 3796">
     <span class='ocr_line' id='line_1_81' title="bbox 2244 3725 3121 3796; baseline 0.006 -17"><span class='ocrx_word' id='word_1_609' title='bbox 2244 3725 2470 3779; x_wconf 89' lang='lat' dir='ltr'><strong>oblitum</strong></span> <span class='ocrx_word' id='word_1_610' title='bbox 2518 3742 2689 3796; x_wconf 90' lang='lat' dir='ltr'><strong>usque</strong></span> <span class='ocrx_word' id='word_1_611' title='bbox 2706 3728 2760 3781; x_wconf 92' lang='lat' dir='ltr'><strong>in</strong></span> <span class='ocrx_word' id='word_1_612' title='bbox 2783 3727 2947 3782; x_wconf 87' lang='lat' dir='ltr'><strong>ﬁnem</strong></span> <span class='ocrx_word' id='word_1_613' title='bbox 2976 3730 3121 3784; x_wconf 71' lang='lat' dir='ltr'><strong>vitaa.</strong></span> 
     </span>
    </p>
   </div>
   <div class='ocr_carea' id='block_1_82' title="bbox 2317 3817 3845 3891">
    <p class='ocr_par' dir='ltr' id='par_1_82' title="bbox 2317 3817 3845 3891">
     <span class='ocr_line' id='line_1_82' title="bbox 2317 3817 3845 3891; baseline 0.007 -19"><span class='ocrx_word' id='word_1_614' title='bbox 2317 3818 2482 3889; x_wconf 69' lang='lat' dir='ltr'><strong>Vens.</strong></span> <span class='ocrx_word' id='word_1_615' title='bbox 2520 3817 2642 3872; x_wconf 84' lang='grc'><strong>154.</strong></span> <span class='ocrx_word' id='word_1_616' title='bbox 2676 3850 2745 3859; x_wconf 93' lang='grc'><strong>-</strong></span> <span class='ocrx_word' id='word_1_617' title='bbox 2783 3819 2981 3875; x_wconf 83' lang='lat' dir='ltr'><strong>Judica</strong></span> <span class='ocrx_word' id='word_1_618' title='bbox 3008 3821 3277 3891; x_wconf 87' lang='lat' dir='ltr'><strong>judicium</strong></span> <span class='ocrx_word' id='word_1_619' title='bbox 3315 3839 3509 3890; x_wconf 88' lang='lat' dir='ltr'><strong>meum,</strong></span> <span class='ocrx_word' id='word_1_620' title='bbox 3562 3834 3612 3878; x_wconf 91' lang='lat' dir='ltr'><strong>et</strong></span> <span class='ocrx_word' id='word_1_621' title='bbox 3645 3827 3845 3883; x_wconf 75' lang='lat' dir='ltr'><strong>redime</strong></span> 
     </span>
    </p>
   </div>
   <div class='ocr_carea' id='block_1_83' title="bbox 2245 3909 3845 3988">
    <p class='ocr_par' dir='ltr' id='par_1_83' title="bbox 2245 3909 3845 3988">
     <span class='ocr_line' id='line_1_83' title="bbox 2245 3909 3845 3988; baseline 0.008 -28"><span class='ocrx_word' id='word_1_622' title='bbox 2245 3923 2347 3971; x_wconf 87' lang='lat' dir='ltr'><strong>me,</strong></span> <span class='ocrx_word' id='word_1_623' title='bbox 2370 3917 2584 3980; x_wconf 83' lang='lat' dir='ltr'><strong>propter</strong></span> <span class='ocrx_word' id='word_1_624' title='bbox 2603 3909 2869 3982; x_wconf 85' lang='lat' dir='ltr'><strong>eloquium</strong></span> <span class='ocrx_word' id='word_1_625' title='bbox 2908 3920 3057 3965; x_wconf 87' lang='lat' dir='ltr'><strong>tuum</strong></span> <span class='ocrx_word' id='word_1_626' title='bbox 3089 3913 3291 3982; x_wconf 75' lang='lat' dir='ltr'><strong>vivi/ica</strong></span> <span class='ocrx_word' id='word_1_627' title='bbox 3321 3930 3421 3968; x_wconf 87' lang='lat' dir='ltr'><strong>me.</strong></span> <span class='ocrx_word' id='word_1_628' title='bbox 3453 3912 3701 3971; x_wconf 84' lang='lat' dir='ltr'><strong>Judicavi</strong></span> <span class='ocrx_word' id='word_1_629' title='bbox 3741 3934 3845 3988; x_wconf 76' lang='lat' dir='ltr'><strong>ego</strong></span> 
     </span>
    </p>
   </div>
   <div class='ocr_carea' id='block_1_84' title="bbox 2245 3997 3845 4075">
    <p class='ocr_par' dir='ltr' id='par_1_84' title="bbox 2245 3997 3845 4075">
     <span class='ocr_line' id='line_1_84' title="bbox 2245 3997 3845 4075; baseline 0.008 -25"><span class='ocrx_word' id='word_1_630' title='bbox 2245 3997 2383 4051; x_wconf 87' lang='lat' dir='ltr'><strong>nihil</strong></span> <span class='ocrx_word' id='word_1_631' title='bbox 2409 4014 2495 4053; x_wconf 78' lang='lat' dir='ltr'><strong>me</strong></span> <span class='ocrx_word' id='word_1_632' title='bbox 2522 4001 2664 4054; x_wconf 89' lang='lat' dir='ltr'><strong>scire</strong></span> <span class='ocrx_word' id='word_1_633' title='bbox 2689 4000 2797 4055; x_wconf 90' lang='lat' dir='ltr'><strong>nisi</strong></span> <span class='ocrx_word' id='word_1_634' title='bbox 2818 3999 3049 4075; x_wconf 87' lang='lat' dir='ltr'><strong>[Jesum]</strong></span> <span class='ocrx_word' id='word_1_635' title='bbox 3078 4001 3485 4074; x_wconf 90' lang='lat' dir='ltr'><strong>Christum,qui</strong></span> <span class='ocrx_word' id='word_1_636' title='bbox 3519 4007 3587 4062; x_wconf 88' lang='lat' dir='ltr'><strong>ad</strong></span> <span class='ocrx_word' id='word_1_637' title='bbox 3624 4009 3845 4065; x_wconf 74' lang='lat' dir='ltr'><strong>redem-</strong></span> 
     </span>
    </p>
   </div>
   <div class='ocr_carea' id='block_1_85' title="bbox 2244 4090 3846 4174">
    <p class='ocr_par' dir='ltr' id='par_1_85' title="bbox 2244 4090 3846 4174">
     <span class='ocr_line' id='line_1_85' title="bbox 2244 4090 3846 4174; baseline 0.009 -30"><span class='ocrx_word' id='word_1_638' title='bbox 2244 4090 2485 4160; x_wconf 87' lang='lat' dir='ltr'><strong>ptionem</strong></span> <span class='ocrx_word' id='word_1_639' title='bbox 2518 4092 2701 4147; x_wconf 90' lang='lat' dir='ltr'><strong>mundi</strong></span> <span class='ocrx_word' id='word_1_640' title='bbox 2730 4094 2916 4149; x_wconf 83' lang='lat' dir='ltr'><strong>venire</strong></span> <span class='ocrx_word' id='word_1_641' title='bbox 2942 4096 3247 4165; x_wconf 88' lang='lat' dir='ltr'><strong>promissus</strong></span> <span class='ocrx_word' id='word_1_642' title='bbox 3261 4105 3345 4152; x_wconf 89' lang='lat' dir='ltr'><strong>est</strong></span> <span class='ocrx_word' id='word_1_643' title='bbox 3374 4116 3386 4152; x_wconf 90' lang='lat'>:</span> <span class='ocrx_word' id='word_1_644' title='bbox 3408 4099 3563 4169; x_wconf 80' lang='lat' dir='ltr'><strong>juxta</strong></span> <span class='ocrx_word' id='word_1_645' title='bbox 3586 4101 3690 4156; x_wconf 88' lang='lat' dir='ltr'><strong>hoc</strong></span> <span class='ocrx_word' id='word_1_646' title='bbox 3712 4117 3846 4174; x_wconf 79' lang='lat' dir='ltr'><strong>ergo</strong></span> 
     </span>
    </p>
   </div>
   <div class='ocr_carea' id='block_1_86' title="bbox 2240 4180 3847 4260">
    <p class='ocr_par' dir='ltr' id='par_1_86' title="bbox 2240 4180 3847 4260">
     <span class='ocr_line' id='line_1_86' title="bbox 2240 4180 3847 4260; baseline 0.009 -25"><span class='ocrx_word' id='word_1_647' title='bbox 2240 4180 2503 4252; x_wconf 89' lang='lat' dir='ltr'><strong>judicium</strong></span> <span class='ocrx_word' id='word_1_648' title='bbox 2526 4190 2631 4255; x_wconf 87' lang='lat' dir='ltr'><strong>ego</strong></span> <span class='ocrx_word' id='word_1_649' title='bbox 2669 4200 2700 4238; x_wconf 92' lang='lat' dir='ltr'><strong>a</strong></span> <span class='ocrx_word' id='word_1_650' title='bbox 2731 4193 2781 4240; x_wconf 93' lang='lat' dir='ltr'><strong>te</strong></span> <span class='ocrx_word' id='word_1_651' title='bbox 2802 4186 3045 4241; x_wconf 83' lang='lat' dir='ltr'><strong>viviﬁcer</strong></span> <span class='ocrx_word' id='word_1_652' title='bbox 3106 4188 3161 4242; x_wconf 92' lang='lat' dir='ltr'><strong>in</strong></span> <span class='ocrx_word' id='word_1_653' title='bbox 3191 4187 3421 4260; x_wconf 88' lang='lat' dir='ltr'><strong>eloquiis</strong></span> <span class='ocrx_word' id='word_1_654' title='bbox 3449 4192 3578 4246; x_wconf 89' lang='lat' dir='ltr'><strong>tuis.</strong></span> <span class='ocrx_word' id='word_1_655' title='bbox 3630 4192 3847 4249; x_wconf 82' lang='lat' dir='ltr'><strong>Redime</strong></span> 
     </span>
    </p>
   </div>
   <div class='ocr_carea' id='block_1_87' title="bbox 2248 4277 3846 4349">
    <p class='ocr_par' dir='ltr' id='par_1_87' title="bbox 2248 4277 3846 4349">
     <span class='ocr_line' id='line_1_87' title="bbox 2248 4277 3846 4349; baseline 0.009 -21"><span class='ocrx_word' id='word_1_656' title='bbox 2248 4291 2351 4340; x_wconf 90' lang='lat' dir='ltr'><strong>me,</strong></span> <span class='ocrx_word' id='word_1_657' title='bbox 2367 4290 2527 4345; x_wconf 91' lang='lat' dir='ltr'><strong>quem</strong></span> <span class='ocrx_word' id='word_1_658' title='bbox 2547 4277 2814 4332; x_wconf 88' lang='lat' dir='ltr'><strong>redimere</strong></span> <span class='ocrx_word' id='word_1_659' title='bbox 2828 4293 2933 4332; x_wconf 92' lang='lat' dir='ltr'><strong>non</strong></span> <span class='ocrx_word' id='word_1_660' title='bbox 2958 4290 3198 4349; x_wconf 87' lang='lat' dir='ltr'><strong>poteras,</strong></span> <span class='ocrx_word' id='word_1_661' title='bbox 3224 4282 3328 4336; x_wconf 90' lang='lat' dir='ltr'><strong>nisi</strong></span> <span class='ocrx_word' id='word_1_662' title='bbox 3342 4284 3679 4340; x_wconf 87' lang='lat' dir='ltr'><strong>credentem.</strong></span> <span class='ocrx_word' id='word_1_663' title='bbox 3706 4285 3846 4342; x_wconf 88' lang='lat' dir='ltr'><strong>Pro-</strong></span> 
     </span>
    </p>
   </div>
   <div class='ocr_carea' id='block_1_88' title="bbox 2245 4369 3843 4452">
    <p class='ocr_par' dir='ltr' id='par_1_88' title="bbox 2245 4369 3843 4452">
     <span class='ocr_line' id='line_1_88' title="bbox 2245 4369 3843 4452; baseline 0.009 -29"><span class='ocrx_word' id='word_1_664' title='bbox 2245 4379 2362 4441; x_wconf 86' lang='lat' dir='ltr'><strong>pter</strong></span> <span class='ocrx_word' id='word_1_665' title='bbox 2374 4369 2636 4442; x_wconf 86' lang='lat' dir='ltr'><strong>eloquium</strong></span> <span class='ocrx_word' id='word_1_666' title='bbox 2651 4381 2801 4428; x_wconf 88' lang='lat' dir='ltr'><strong>tuum</strong></span> <span class='ocrx_word' id='word_1_667' title='bbox 2815 4374 3017 4445; x_wconf 77' lang='lat' dir='ltr'><strong>viri/ica</strong></span> <span class='ocrx_word' id='word_1_668' title='bbox 3042 4392 3141 4430; x_wconf 91' lang='lat' dir='ltr'><strong>me.</strong></span> <span class='ocrx_word' id='word_1_669' title='bbox 3167 4373 3300 4431; x_wconf 83' lang='lat' dir='ltr'><strong>Illud</strong></span> <span class='ocrx_word' id='word_1_670' title='bbox 3322 4378 3533 4435; x_wconf 88' lang='lat' dir='ltr'><strong>scilicet</strong></span> <span class='ocrx_word' id='word_1_671' title='bbox 3543 4380 3843 4452; x_wconf 85' lang='lat' dir='ltr'><strong>eloquium,</strong></span> 
     </span>
    </p>
   </div>
   <div class='ocr_carea' id='block_1_89' title="bbox 2246 4463 3847 4537">
    <p class='ocr_par' dir='ltr' id='par_1_89' title="bbox 2246 4463 3847 4537">
     <span class='ocr_line' id='line_1_89' title="bbox 2246 4463 3847 4537; baseline 0.007 -19"><span class='ocrx_word' id='word_1_672' title='bbox 2246 4463 2338 4518; x_wconf 85' lang='lat' dir='ltr'><strong>ubi</strong></span> <span class='ocrx_word' id='word_1_673' title='bbox 2382 4466 2693 4534; x_wconf 87' lang='lat' dir='ltr'><strong>promittit:</strong></span> <span class='ocrx_word' id='word_1_674' title='bbox 2745 4465 2850 4533; x_wconf 84' lang='lat' dir='ltr'><strong>Qui</strong></span> <span class='ocrx_word' id='word_1_675' title='bbox 2878 4468 3043 4522; x_wconf 87' lang='lat' dir='ltr'><strong>credit</strong></span> <span class='ocrx_word' id='word_1_676' title='bbox 3075 4470 3132 4524; x_wconf 87' lang='lat' dir='ltr'><strong>in</strong></span> <span class='ocrx_word' id='word_1_677' title='bbox 3162 4486 3243 4524; x_wconf 91' lang='lat' dir='ltr'><strong>me</strong></span> <span class='ocrx_word' id='word_1_678' title='bbox 3268 4511 3283 4537; x_wconf 95' lang='lat'><strong>,</strong></span> <span class='ocrx_word' id='word_1_679' title='bbox 3334 4487 3440 4526; x_wconf 87' lang='lat' dir='ltr'><strong>non</strong></span> <span class='ocrx_word' id='word_1_680' title='bbox 3484 4474 3745 4528; x_wconf 83' lang='lat' dir='ltr'><strong>morietur</strong></span> <span class='ocrx_word' id='word_1_681' title='bbox 3786 4477 3847 4530; x_wconf 82' lang='lat' dir='ltr'><strong>in</strong></span> 
     </span>
    </p>
   </div>
   <div class='ocr_carea' id='block_1_90' title="bbox 2254 4567 2527 4611">
    <p class='ocr_par' dir='ltr' id='par_1_90' title="bbox 2254 4567 2527 4611">
     <span class='ocr_line' id='line_1_90' title="bbox 2254 4567 2527 4611; baseline 0.004 -1"><span class='ocrx_word' id='word_1_682' title='bbox 2254 4567 2527 4611; x_wconf 69' lang='lat' dir='ltr'><strong>(uernum.</strong></span> 
     </span>
    </p>
   </div>
   <div class='ocr_carea' id='block_1_91' title="bbox 559 4609 3847 4737">
    <p class='ocr_par' dir='ltr' id='par_1_91' title="bbox 559 4609 3847 4737">
     <span class='ocr_line' id='line_1_91' title="bbox 559 4609 3847 4737; baseline 0.012 -55"><span class='ocrx_word' id='word_1_683' title='bbox 559 4629 614 4682; x_wconf 90' lang='lat' dir='ltr'><strong>in</strong></span> <span class='ocrx_word' id='word_1_684' title='bbox 637 4628 789 4683; x_wconf 80' lang='lat' dir='ltr'><strong>verba</strong></span> <span class='ocrx_word' id='word_1_685' title='bbox 814 4639 907 4684; x_wconf 89' lang='lat' dir='ltr'><strong>tua</strong></span> <span class='ocrx_word' id='word_1_686' title='bbox 925 4633 1305 4702; x_wconf 82' lang='lat' dir='ltr'><strong>supersperavi.</strong></span> <span class='ocrx_word' id='word_1_687' title='bbox 1325 4632 1896 4708; x_wconf 87' lang='lat' dir='ltr'><strong>Immaturitasitaque</strong></span> <span class='ocrx_word' id='word_1_688' title='bbox 1917 4609 2145 4696; x_wconf 52' lang='lat' dir='ltr'><strong>noctur;</strong></span> <span class='ocrx_word' id='word_1_689' title='bbox 2180 4609 2230 4667; x_wconf 74' lang='grc' dir='ltr'><strong>ο</strong></span> <span class='ocrx_word' id='word_1_690' title='bbox 2260 4609 2266 4610; x_wconf 13' lang='grc'><strong><em>⁷</em></strong></span> <span class='ocrx_word' id='word_1_691' title='bbox 2326 4609 2487 4706; x_wconf 51' lang='grc' dir='ltr'>Ῠιιιιε.</span> <span class='ocrx_word' id='word_1_692' title='bbox 2659 4684 2731 4694; x_wconf 90' lang='grc'><strong>-</strong></span> <span class='ocrx_word' id='word_1_693' title='bbox 2752 4652 2928 4727; x_wconf 83' lang='lat' dir='ltr'><strong>Longe</strong></span> <span class='ocrx_word' id='word_1_694' title='bbox 2955 4666 3031 4711; x_wconf 79' lang='lat' dir='ltr'><strong>est</strong></span> <span class='ocrx_word' id='word_1_695' title='bbox 3061 4674 3092 4710; x_wconf 92' lang='lat' dir='ltr'><strong>a</strong></span> <span class='ocrx_word' id='word_1_696' title='bbox 3116 4659 3476 4729; x_wconf 77' lang='lat' dir='ltr'><strong>peccatoribus</strong></span> <span class='ocrx_word' id='word_1_697' title='bbox 3503 4662 3674 4728; x_wconf 79' lang='lat' dir='ltr'><strong>salus,</strong></span> <span class='ocrx_word' id='word_1_698' title='bbox 3721 4666 3847 4737; x_wconf 76' lang='lat' dir='ltr'><strong>quia</strong></span> 
     </span>
    </p>
   </div>
   <div class='ocr_carea' id='block_1_92' title="bbox 561 4725 2144 4807">
    <p class='ocr_par' dir='ltr' id='par_1_92' title="bbox 561 4725 2144 4807">
     <span class='ocr_line' id='line_1_92' title="bbox 561 4725 2144 4807; baseline 0.008 -33"><span class='ocrx_word' id='word_1_699' title='bbox 561 4737 690 4775; x_wconf 89' lang='lat' dir='ltr'><strong>num</strong></span> <span class='ocrx_word' id='word_1_700' title='bbox 719 4729 928 4792; x_wconf 90' lang='lat' dir='ltr'><strong>tempus</strong></span> <span class='ocrx_word' id='word_1_701' title='bbox 956 4732 1060 4791; x_wconf 90' lang='lat' dir='ltr'><strong>est,</strong></span> <span class='ocrx_word' id='word_1_702' title='bbox 1087 4725 1230 4794; x_wconf 87' lang='lat' dir='ltr'><strong>quod</strong></span> <span class='ocrx_word' id='word_1_703' title='bbox 1268 4742 1375 4782; x_wconf 89' lang='lat' dir='ltr'><strong>non</strong></span> <span class='ocrx_word' id='word_1_704' title='bbox 1400 4739 1485 4784; x_wconf 87' lang='lat' dir='ltr'><strong>est</strong></span> <span class='ocrx_word' id='word_1_705' title='bbox 1517 4737 1814 4798; x_wconf 89' lang='lat' dir='ltr'><strong>maturum,</strong></span> <span class='ocrx_word' id='word_1_706' title='bbox 1844 4733 1897 4787; x_wconf 88' lang='lat' dir='ltr'><strong>id</strong></span> <span class='ocrx_word' id='word_1_707' title='bbox 1928 4743 2012 4789; x_wconf 92' lang='lat' dir='ltr'><strong>est</strong></span> <span class='ocrx_word' id='word_1_708' title='bbox 2044 4752 2144 4807; x_wconf 78' lang='lat' dir='ltr'><strong>op-</strong></span> 
     </span>
    </p>
   </div>
   <div class='ocr_carea' id='block_1_93' title="bbox 553 4817 2145 4894">
    <p class='ocr_par' dir='ltr' id='par_1_93' title="bbox 553 4817 2145 4894">
     <span class='ocr_line' id='line_1_93' title="bbox 553 4817 2145 4894; baseline 0.011 -30"><span class='ocrx_word' id='word_1_709' title='bbox 553 4822 865 4883; x_wconf 90' lang='lat' dir='ltr'><strong>portunum,</strong></span> <span class='ocrx_word' id='word_1_710' title='bbox 898 4823 958 4869; x_wconf 93' lang='lat' dir='ltr'><strong>ut</strong></span> <span class='ocrx_word' id='word_1_711' title='bbox 983 4825 1147 4887; x_wconf 87' lang='lat' dir='ltr'><strong>agant</strong></span> <span class='ocrx_word' id='word_1_712' title='bbox 1199 4817 1401 4889; x_wconf 90' lang='lat' dir='ltr'><strong>aliquid</strong></span> <span class='ocrx_word' id='word_1_713' title='bbox 1447 4821 1737 4893; x_wconf 88' lang='lat' dir='ltr'><strong>vigilando,</strong></span> <span class='ocrx_word' id='word_1_714' title='bbox 1782 4827 1926 4894; x_wconf 89' lang='lat' dir='ltr'><strong>quod</strong></span> <span class='ocrx_word' id='word_1_715' title='bbox 1979 4828 2145 4881; x_wconf 88' lang='lat' dir='ltr'><strong>etiam</strong></span> 
     </span>
    </p>
   </div>
   <div class='ocr_carea' id='block_1_94' title="bbox 558 4904 2141 4989">
    <p class='ocr_par' dir='ltr' id='par_1_94' title="bbox 558 4904 2141 4989">
     <span class='ocr_line' id='line_1_94' title="bbox 558 4904 2141 4989; baseline 0.011 -33"><span class='ocrx_word' id='word_1_716' title='bbox 558 4904 714 4975; x_wconf 89' lang='lat' dir='ltr'><strong>vulgo</strong></span> <span class='ocrx_word' id='word_1_717' title='bbox 749 4904 856 4959; x_wconf 90' lang='lat' dir='ltr'><strong>dici</strong></span> <span class='ocrx_word' id='word_1_718' title='bbox 876 4905 1032 4973; x_wconf 89' lang='lat' dir='ltr'><strong>solet,</strong></span> <span class='ocrx_word' id='word_1_719' title='bbox 1061 4909 1193 4964; x_wconf 86' lang='lat' dir='ltr'><strong>hora</strong></span> <span class='ocrx_word' id='word_1_720' title='bbox 1224 4911 1553 4982; x_wconf 87' lang='lat' dir='ltr'><strong>importuna.</strong></span> <span class='ocrx_word' id='word_1_721' title='bbox 1582 4915 1778 4970; x_wconf 82' lang='lat' dir='ltr'><strong>Vetera</strong></span> <span class='ocrx_word' id='word_1_722' title='bbox 1806 4918 1939 4972; x_wconf 84' lang='lat' dir='ltr'><strong>vitia</strong></span> <span class='ocrx_word' id='word_1_723' title='bbox 1984 4919 2141 4989; x_wconf 89' lang='lat' dir='ltr'><strong>pudi-</strong></span> 
     </span>
    </p>
   </div>
   <div class='ocr_carea' id='block_1_95' title="bbox 557 4994 2146 5076">
    <p class='ocr_par' dir='ltr' id='par_1_95' title="bbox 557 4994 2146 5076">
     <span class='ocr_line' id='line_1_95' title="bbox 557 4994 2146 5076; baseline 0.011 -27"><span class='ocrx_word' id='word_1_724' title='bbox 557 4995 687 5049; x_wconf 73' lang='lat' dir='ltr'><strong>cztia</strong></span> <span class='ocrx_word' id='word_1_725' title='bbox 708 4994 931 5064; x_wconf 89' lang='lat' dir='ltr'><strong>juvenili</strong></span> <span class='ocrx_word' id='word_1_726' title='bbox 954 5002 1238 5071; x_wconf 65' lang='lat' dir='ltr'><strong>prmvenit,</strong></span> <span class='ocrx_word' id='word_1_727' title='bbox 1268 5004 1361 5075; x_wconf 85' lang='lat' dir='ltr'><strong>qui</strong></span> <span class='ocrx_word' id='word_1_728' title='bbox 1387 5021 1488 5076; x_wconf 90' lang='lat' dir='ltr'><strong>per</strong></span> <span class='ocrx_word' id='word_1_729' title='bbox 1515 5010 1886 5063; x_wconf 89' lang='lat' dir='ltr'><strong>maturitatem</strong></span> <span class='ocrx_word' id='word_1_730' title='bbox 1940 5012 2146 5068; x_wconf 86' lang='lat' dir='ltr'><strong>vivacis</strong></span> 
     </span>
    </p>
   </div>
   <div class='ocr_carea' id='block_1_96' title="bbox 559 5092 2072 5170">
    <p class='ocr_par' dir='ltr' id='par_1_96' title="bbox 559 5092 2072 5170">
     <span class='ocr_line' id='line_1_96' title="bbox 559 5092 2072 5170; baseline 0.01 -24"><span class='ocrx_word' id='word_1_731' title='bbox 559 5092 724 5149; x_wconf 91' lang='lat' dir='ltr'><strong>animi</strong></span> <span class='ocrx_word' id='word_1_732' title='bbox 752 5111 1028 5168; x_wconf 90' lang='lat' dir='ltr'><strong>nunquam</strong></span> <span class='ocrx_word' id='word_1_733' title='bbox 1057 5114 1207 5170; x_wconf 90' lang='lat' dir='ltr'><strong>spem</strong></span> <span class='ocrx_word' id='word_1_734' title='bbox 1233 5115 1389 5157; x_wconf 89' lang='lat' dir='ltr'><strong>suam</strong></span> <span class='ocrx_word' id='word_1_735' title='bbox 1412 5119 1444 5157; x_wconf 91' lang='lat' dir='ltr'><strong>a</strong></span> <span class='ocrx_word' id='word_1_736' title='bbox 1475 5104 1658 5160; x_wconf 86' lang='lat' dir='ltr'><strong>verbis</strong></span> <span class='ocrx_word' id='word_1_737' title='bbox 1685 5105 1780 5160; x_wconf 85' lang='lat' dir='ltr'><strong>Dei</strong></span> <span class='ocrx_word' id='word_1_738' title='bbox 1812 5117 2072 5162; x_wconf 87' lang='lat' dir='ltr'><strong>removet.</strong></span> 
     </span>
    </p>
   </div>
   <div class='ocr_carea' id='block_1_97' title="bbox 632 5184 2144 5264">
    <p class='ocr_par' dir='ltr' id='par_1_97' title="bbox 632 5184 2144 5264">
     <span class='ocr_line' id='line_1_97' title="bbox 632 5184 2144 5264; baseline 0.009 -25"><span class='ocrx_word' id='word_1_739' title='bbox 632 5184 792 5242; x_wconf 73' lang='lat' dir='ltr'><strong>Vens.</strong></span> <span class='ocrx_word' id='word_1_740' title='bbox 829 5187 1411 5247; x_wconf 73' lang='lat' dir='ltr'><strong>M8.——Prtevenerunt</strong></span> <span class='ocrx_word' id='word_1_741' title='bbox 1441 5193 1581 5247; x_wconf 89' lang='lat' dir='ltr'><strong>oculi</strong></span> <span class='ocrx_word' id='word_1_742' title='bbox 1610 5195 1709 5248; x_wconf 87' lang='lat' dir='ltr'><strong>mei</strong></span> <span class='ocrx_word' id='word_1_743' title='bbox 1730 5194 1799 5248; x_wconf 86' lang='lat' dir='ltr'><strong>ad</strong></span> <span class='ocrx_word' id='word_1_744' title='bbox 1828 5195 2144 5264; x_wconf 85' lang='lat' dir='ltr'><strong>tediluculo,</strong></span> 
     </span>
    </p>
   </div>
   <div class='ocr_carea' id='block_1_98' title="bbox 559 5278 2146 5359">
    <p class='ocr_par' dir='ltr' id='par_1_98' title="bbox 559 5278 2146 5359">
     <span class='ocr_line' id='line_1_98' title="bbox 559 5278 2146 5359; baseline 0.009 -28"><span class='ocrx_word' id='word_1_745' title='bbox 559 5286 616 5331; x_wconf 89' lang='lat' dir='ltr'><strong>ut</strong></span> <span class='ocrx_word' id='word_1_746' title='bbox 647 5278 931 5336; x_wconf 89' lang='lat' dir='ltr'><strong>meditarer</strong></span> <span class='ocrx_word' id='word_1_747' title='bbox 957 5280 1166 5354; x_wconf 83' lang='lat' dir='ltr'><strong>eloquia</strong></span> <span class='ocrx_word' id='word_1_748' title='bbox 1200 5292 1312 5338; x_wconf 87' lang='lat' dir='ltr'><strong>tua.</strong></span> <span class='ocrx_word' id='word_1_749' title='bbox 1337 5282 1456 5339; x_wconf 86' lang='lat' dir='ltr'><strong>Non</strong></span> <span class='ocrx_word' id='word_1_750' title='bbox 1520 5301 1644 5341; x_wconf 90' lang='lat' dir='ltr'><strong>eum</strong></span> <span class='ocrx_word' id='word_1_751' title='bbox 1691 5286 1779 5341; x_wconf 82' lang='lat' dir='ltr'><strong>lux</strong></span> <span class='ocrx_word' id='word_1_752' title='bbox 1831 5298 2146 5359; x_wconf 85' lang='lat' dir='ltr'><strong>soporatum</strong></span> 
     </span>
    </p>
   </div>
   <div class='ocr_carea' id='block_1_99' title="bbox 560 5372 2151 5446">
    <p class='ocr_par' dir='ltr' id='par_1_99' title="bbox 560 5372 2151 5446">
     <span class='ocr_line' id='line_1_99' title="bbox 560 5372 2151 5446; baseline 0.008 -21"><span class='ocrx_word' id='word_1_753' title='bbox 560 5372 782 5442; x_wconf 89' lang='lat' dir='ltr'><strong>reperit,</strong></span> <span class='ocrx_word' id='word_1_754' title='bbox 810 5373 907 5428; x_wconf 90' lang='lat' dir='ltr'><strong>sed</strong></span> <span class='ocrx_word' id='word_1_755' title='bbox 936 5374 1248 5446; x_wconf 88' lang='lat' dir='ltr'><strong>vigilantem</strong></span> <span class='ocrx_word' id='word_1_756' title='bbox 1270 5384 1508 5441; x_wconf 90' lang='lat' dir='ltr'><strong>strenue,</strong></span> <span class='ocrx_word' id='word_1_757' title='bbox 1533 5386 1589 5432; x_wconf 88' lang='lat' dir='ltr'><strong>et</strong></span> <span class='ocrx_word' id='word_1_758' title='bbox 1611 5379 1760 5434; x_wconf 89' lang='lat' dir='ltr'><strong>circa</strong></span> <span class='ocrx_word' id='word_1_759' title='bbox 1814 5381 1992 5436; x_wconf 87' lang='lat' dir='ltr'><strong>divina</strong></span> <span class='ocrx_word' id='word_1_760' title='bbox 2038 5383 2151 5438; x_wconf 89' lang='lat' dir='ltr'><strong>elo-</strong></span> 
     </span>
    </p>
   </div>
   <div class='ocr_carea' id='block_1_100' title="bbox 561 5464 2143 5539">
    <p class='ocr_par' dir='ltr' id='par_1_100' title="bbox 561 5464 2143 5539">
     <span class='ocr_line' id='line_1_100' title="bbox 561 5464 2143 5539; baseline 0.008 -21"><span class='ocrx_word' id='word_1_761' title='bbox 561 5464 709 5534; x_wconf 88' lang='lat' dir='ltr'><strong>quia,</strong></span> <span class='ocrx_word' id='word_1_762' title='bbox 733 5464 1014 5521; x_wconf 92' lang='lat' dir='ltr'><strong>oculorum</strong></span> <span class='ocrx_word' id='word_1_763' title='bbox 1045 5467 1368 5539; x_wconf 89' lang='lat' dir='ltr'><strong>spiritalium</strong></span> <span class='ocrx_word' id='word_1_764' title='bbox 1410 5469 1727 5536; x_wconf 88' lang='lat' dir='ltr'><strong>intentione,</strong></span> <span class='ocrx_word' id='word_1_765' title='bbox 1774 5474 2143 5532; x_wconf 89' lang='lat' dir='ltr'><strong>meditantem.</strong></span> 
     </span>
    </p>
   </div>
   <div class='ocr_carea' id='block_1_101' title="bbox 630 5554 2147 5637">
    <p class='ocr_par' dir='ltr' id='par_1_101' title="bbox 630 5554 2147 5637">
     <span class='ocr_line' id='line_1_101' title="bbox 630 5554 2147 5637; baseline -0.003 -11"><span class='ocrx_word' id='word_1_766' title='bbox 630 5554 796 5628; x_wconf 57' lang='lat'><strong>375-</strong></span> <span class='ocrx_word' id='word_1_767' title='bbox 824 5555 985 5612; x_wconf 76' lang='lat' dir='ltr'><strong>Vnns.</strong></span> <span class='ocrx_word' id='word_1_768' title='bbox 1013 5557 1137 5613; x_wconf 87' lang='grc'><strong>149.</strong></span> <span class='ocrx_word' id='word_1_769' title='bbox 1169 5589 1241 5600; x_wconf 88' lang='lat'><strong>—-</strong></span> <span class='ocrx_word' id='word_1_770' title='bbox 1292 5557 1677 5637; x_wconf 12' lang='lat' dir='ltr'><strong>Vocem‘meam</strong></span> <span class='ocrx_word' id='word_1_771' title='bbox 1710 5565 1924 5629; x_wconf 76' lang='lat' dir='ltr'><strong>exaudi,</strong></span> <span class='ocrx_word' id='word_1_772' title='bbox 1957 5566 2147 5622; x_wconf 89' lang='lat' dir='ltr'><strong>Domi-</strong></span> 
     </span>
    </p>
   </div>
   <div class='ocr_carea' id='block_1_102' title="bbox 563 5642 2149 5727">
    <p class='ocr_par' dir='ltr' id='par_1_102' title="bbox 563 5642 2149 5727">
     <span class='ocr_line' id='line_1_102' title="bbox 563 5642 2149 5727; baseline 0.008 -28"><span class='ocrx_word' id='word_1_773' title='bbox 563 5661 649 5711; x_wconf 86' lang='lat' dir='ltr'><strong>ne,</strong></span> <span class='ocrx_word' id='word_1_774' title='bbox 671 5646 955 5702; x_wconf 83' lang='lat' dir='ltr'><strong>secundum</strong></span> <span class='ocrx_word' id='word_1_775' title='bbox 980 5648 1394 5703; x_wconf 81' lang='lat' dir='ltr'><strong>misericordiam</strong></span> <span class='ocrx_word' id='word_1_776' title='bbox 1425 5642 1589 5717; x_wconf 88' lang='lat' dir='ltr'><strong>tuam,</strong></span> <span class='ocrx_word' id='word_1_777' title='bbox 1617 5662 1664 5705; x_wconf 89' lang='lat' dir='ltr'><strong>et</strong></span> <span class='ocrx_word' id='word_1_778' title='bbox 1694 5654 1980 5710; x_wconf 78' lang='lat' dir='ltr'><strong>secundum</strong></span> <span class='ocrx_word' id='word_1_779' title='bbox 1993 5657 2149 5727; x_wconf 88' lang='lat' dir='ltr'><strong>judi-</strong></span> 
     </span>
    </p>
   </div>
   <div class='ocr_carea' id='block_1_103' title="bbox 565 5734 2148 5806">
    <p class='ocr_par' dir='ltr' id='par_1_103' title="bbox 565 5734 2148 5806">
     <span class='ocr_line' id='line_1_103' title="bbox 565 5734 2148 5806; baseline 0.01 -17"><span class='ocrx_word' id='word_1_780' title='bbox 565 5734 704 5789; x_wconf 84' lang='lat' dir='ltr'><strong>cium</strong></span> <span class='ocrx_word' id='word_1_781' title='bbox 731 5745 880 5790; x_wconf 87' lang='lat' dir='ltr'><strong>tuum</strong></span> <span class='ocrx_word' id='word_1_782' title='bbox 903 5737 1106 5806; x_wconf 80' lang='lat' dir='ltr'><strong>vivi/ica</strong></span> <span class='ocrx_word' id='word_1_783' title='bbox 1144 5755 1243 5793; x_wconf 93' lang='lat' dir='ltr'><strong>me.</strong></span> <span class='ocrx_word' id='word_1_784' title='bbox 1270 5738 1470 5795; x_wconf 81' lang='lat' dir='ltr'><strong>Defluit</strong></span> <span class='ocrx_word' id='word_1_785' title='bbox 1516 5740 1571 5795; x_wconf 88' lang='lat' dir='ltr'><strong>in</strong></span> <span class='ocrx_word' id='word_1_786' title='bbox 1595 5742 1742 5799; x_wconf 90' lang='lat' dir='ltr'><strong>nullo</strong></span> <span class='ocrx_word' id='word_1_787' title='bbox 1772 5744 1991 5803; x_wconf 90' lang='lat' dir='ltr'><strong>homine</strong></span> <span class='ocrx_word' id='word_1_788' title='bbox 2024 5763 2148 5806; x_wconf 91' lang='lat' dir='ltr'><strong>esse</strong></span> 
     </span>
    </p>
   </div>
   <div class='ocr_carea' id='block_1_104' title="bbox 565 5825 2148 5907">
    <p class='ocr_par' dir='ltr' id='par_1_104' title="bbox 565 5825 2148 5907">
     <span class='ocr_line' id='line_1_104' title="bbox 565 5825 2148 5907; baseline 0.013 -27"><span class='ocrx_word' id='word_1_789' title='bbox 565 5827 1024 5895; x_wconf 74' lang='lat' dir='ltr'><strong>prtesumendum,</strong></span> <span class='ocrx_word' id='word_1_790' title='bbox 1049 5829 1153 5885; x_wconf 90' lang='lat' dir='ltr'><strong>nisi</strong></span> <span class='ocrx_word' id='word_1_791' title='bbox 1173 5828 1229 5886; x_wconf 88' lang='lat' dir='ltr'><strong>in</strong></span> <span class='ocrx_word' id='word_1_792' title='bbox 1252 5829 1366 5887; x_wconf 89' lang='lat' dir='ltr'><strong>sola</strong></span> <span class='ocrx_word' id='word_1_793' title='bbox 1386 5830 1481 5888; x_wconf 89' lang='lat' dir='ltr'><strong>Dei</strong></span> <span class='ocrx_word' id='word_1_794' title='bbox 1502 5833 1727 5904; x_wconf 88' lang='lat' dir='ltr'><strong>pietate,</strong></span> <span class='ocrx_word' id='word_1_795' title='bbox 1755 5825 1876 5907; x_wconf 73' lang='lat' dir='ltr'><strong>quae</strong></span> <span class='ocrx_word' id='word_1_796' title='bbox 1889 5853 1956 5895; x_wconf 81' lang='lat' dir='ltr'><strong>ex</strong></span> <span class='ocrx_word' id='word_1_797' title='bbox 1980 5828 2148 5901; x_wconf 66' lang='lat' dir='ltr'><strong>mise-</strong></span> 
     </span>
    </p>
   </div>
   <div class='ocr_carea' id='block_1_105' title="bbox 2244 4739 3848 4823">
    <p class='ocr_par' dir='ltr' id='par_1_105' title="bbox 2244 4739 3848 4823">
     <span class='ocr_line' id='line_1_105' title="bbox 2244 4739 3848 4823; baseline 0.012 -33"><span class='ocrx_word' id='word_1_798' title='bbox 2244 4739 2651 4810; x_wconf 78' lang='lat' dir='ltr'><strong>justiﬁcationes</strong></span> <span class='ocrx_word' id='word_1_799' title='bbox 2680 4751 2799 4797; x_wconf 85' lang='lat' dir='ltr'><strong>tuas</strong></span> <span class='ocrx_word' id='word_1_800' title='bbox 2830 4760 2935 4798; x_wconf 89' lang='lat' dir='ltr'><strong>non</strong></span> <span class='ocrx_word' id='word_1_801' title='bbox 2959 4747 3340 4817; x_wconf 73' lang='lat' dir='ltr'><strong>exquisierunt.</strong></span> <span class='ocrx_word' id='word_1_802' title='bbox 3373 4749 3490 4806; x_wconf 86' lang='lat' dir='ltr'><strong>Hoc</strong></span> <span class='ocrx_word' id='word_1_803' title='bbox 3531 4756 3848 4823; x_wconf 76' lang='lat' dir='ltr'><strong>specialiter</strong></span> 
     </span>
    </p>
   </div>
   <div class='ocr_carea' id='block_1_106' title="bbox 2254 4831 3845 4912">
    <p class='ocr_par' dir='ltr' id='par_1_106' title="bbox 2254 4831 3845 4912">
     <span class='ocr_line' id='line_1_106' title="bbox 2254 4831 3845 4912; baseline 0.013 -29"><span class='ocrx_word' id='word_1_804' title='bbox 2254 4831 2656 4902; x_wconf 87' lang='lat' dir='ltr'><strong>intelligendum</strong></span> <span class='ocrx_word' id='word_1_805' title='bbox 2680 4835 2893 4891; x_wconf 59' lang='lat' dir='ltr'><strong>aestimo</strong></span> <span class='ocrx_word' id='word_1_806' title='bbox 2914 4838 2980 4892; x_wconf 91' lang='lat' dir='ltr'><strong>de</strong></span> <span class='ocrx_word' id='word_1_807' title='bbox 3007 4836 3230 4905; x_wconf 67' lang='lat' dir='ltr'><strong>Iudaeis,</strong></span> <span class='ocrx_word' id='word_1_808' title='bbox 3261 4842 3353 4911; x_wconf 90' lang='lat' dir='ltr'><strong>qui</strong></span> <span class='ocrx_word' id='word_1_809' title='bbox 3380 4842 3640 4909; x_wconf 88' lang='lat' dir='ltr'><strong>salutem,</strong></span> <span class='ocrx_word' id='word_1_810' title='bbox 3670 4848 3845 4912; x_wconf 84' lang='lat' dir='ltr'><strong>idest,</strong></span> 
     </span>
    </p>
   </div>
   <div class='ocr_carea' id='block_1_107' title="bbox 2252 4924 3846 5003">
    <p class='ocr_par' dir='ltr' id='par_1_107' title="bbox 2252 4924 3846 5003">
     <span class='ocr_line' id='line_1_107' title="bbox 2252 4924 3846 5003; baseline 0.009 -24"><span class='ocrx_word' id='word_1_811' title='bbox 2252 4924 2539 4979; x_wconf 85' lang='lat' dir='ltr'><strong>Dominum</strong></span> <span class='ocrx_word' id='word_1_812' title='bbox 2566 4924 2926 4995; x_wconf 85' lang='lat' dir='ltr'><strong>Salvatorem,</strong></span> <span class='ocrx_word' id='word_1_813' title='bbox 2965 4945 2996 4983; x_wconf 89' lang='lat' dir='ltr'><strong>a</strong></span> <span class='ocrx_word' id='word_1_814' title='bbox 3027 4946 3085 4986; x_wconf 89' lang='lat' dir='ltr'><strong>se</strong></span> <span class='ocrx_word' id='word_1_815' title='bbox 3128 4932 3339 5003; x_wconf 90' lang='lat' dir='ltr'><strong>longius</strong></span> <span class='ocrx_word' id='word_1_816' title='bbox 3387 4934 3695 4992; x_wconf 82' lang='lat' dir='ltr'><strong>etl&#39;ecerunt</strong></span> <span class='ocrx_word' id='word_1_817' title='bbox 3741 4954 3846 4994; x_wconf 85' lang='lat' dir='ltr'><strong>non</strong></span> 
     </span>
    </p>
   </div>
   <div class='ocr_carea' id='block_1_108' title="bbox 2251 5019 3849 5102">
    <p class='ocr_par' dir='ltr' id='par_1_108' title="bbox 2251 5019 3849 5102">
     <span class='ocr_line' id='line_1_108' title="bbox 2251 5019 3849 5102; baseline 0.009 -29"><span class='ocrx_word' id='word_1_818' title='bbox 2251 5019 2524 5073; x_wconf 64' lang='lat' dir='ltr'><strong>credendo</strong></span> <span class='ocrx_word' id='word_1_819' title='bbox 2552 5020 2633 5085; x_wconf 86' lang='lat' dir='ltr'><strong>ei;</strong></span> <span class='ocrx_word' id='word_1_820' title='bbox 2663 5022 2755 5090; x_wconf 90' lang='lat' dir='ltr'><strong>qui</strong></span> <span class='ocrx_word' id='word_1_821' title='bbox 2780 5024 3103 5080; x_wconf 88' lang='lat' dir='ltr'><strong>testimoniis</strong></span> <span class='ocrx_word' id='word_1_822' title='bbox 3140 5042 3245 5081; x_wconf 90' lang='lat' dir='ltr'><strong>non</strong></span> <span class='ocrx_word' id='word_1_823' title='bbox 3268 5029 3642 5093; x_wconf 79' lang='lat' dir='ltr'><strong>crediderunt,</strong></span> <span class='ocrx_word' id='word_1_824' title='bbox 3659 5033 3712 5087; x_wconf 91' lang='lat' dir='ltr'><strong>in</strong></span> <span class='ocrx_word' id='word_1_825' title='bbox 3727 5032 3849 5102; x_wconf 87' lang='lat' dir='ltr'><strong>qni-</strong></span> 
     </span>
    </p>
   </div>
   <div class='ocr_carea' id='block_1_109' title="bbox 2249 5110 3843 5181">
    <p class='ocr_par' dir='ltr' id='par_1_109' title="bbox 2249 5110 3843 5181">
     <span class='ocr_line' id='line_1_109' title="bbox 2249 5110 3843 5181; baseline 0.01 -18"><span class='ocrx_word' id='word_1_826' title='bbox 2249 5110 2351 5163; x_wconf 86' lang='lat' dir='ltr'><strong>bus</strong></span> <span class='ocrx_word' id='word_1_827' title='bbox 2380 5110 2758 5181; x_wconf 65' lang='lat' dir='ltr'><strong>prictiguratus</strong></span> <span class='ocrx_word' id='word_1_828' title='bbox 2808 5122 2893 5169; x_wconf 89' lang='lat' dir='ltr'><strong>est</strong></span> <span class='ocrx_word' id='word_1_829' title='bbox 2935 5115 3197 5173; x_wconf 80' lang='lat' dir='ltr'><strong>adventus</strong></span> <span class='ocrx_word' id='word_1_830' title='bbox 3256 5118 3470 5175; x_wconf 85' lang='lat' dir='ltr'><strong>Domini</strong></span> <span class='ocrx_word' id='word_1_831' title='bbox 3517 5121 3843 5179; x_wconf 76' lang='lat' dir='ltr'><strong>Salvatoris.</strong></span> 
     </span>
    </p>
   </div>
   <div class='ocr_carea' id='block_1_110' title="bbox 2249 5201 3821 5288">
    <p class='ocr_par' dir='ltr' id='par_1_110' title="bbox 2249 5201 3821 5288">
     <span class='ocr_line' id='line_1_110' title="bbox 2249 5201 3821 5288; baseline 0.01 -31"><span class='ocrx_word' id='word_1_832' title='bbox 2249 5201 2373 5257; x_wconf 90' lang='lat' dir='ltr'><strong>ldeo</strong></span> <span class='ocrx_word' id='word_1_833' title='bbox 2396 5217 2426 5255; x_wconf 92' lang='lat' dir='ltr'><strong>a</strong></span> <span class='ocrx_word' id='word_1_834' title='bbox 2459 5202 2632 5258; x_wconf 88' lang='lat' dir='ltr'><strong>salute</strong></span> <span class='ocrx_word' id='word_1_835' title='bbox 2647 5203 2806 5276; x_wconf 88' lang='lat' dir='ltr'><strong>longe</strong></span> <span class='ocrx_word' id='word_1_836' title='bbox 2844 5205 2974 5261; x_wconf 89' lang='lat' dir='ltr'><strong>facti</strong></span> <span class='ocrx_word' id='word_1_837' title='bbox 2997 5216 3145 5272; x_wconf 91' lang='lat' dir='ltr'><strong>sunt,</strong></span> <span class='ocrx_word' id='word_1_838' title='bbox 3182 5211 3275 5280; x_wconf 90' lang='lat' dir='ltr'><strong>qui</strong></span> <span class='ocrx_word' id='word_1_839' title='bbox 3299 5224 3632 5284; x_wconf 90' lang='lat' dir='ltr'><strong>respuerunt</strong></span> <span class='ocrx_word' id='word_1_840' title='bbox 3658 5225 3821 5288; x_wconf 76' lang='lat' dir='ltr'><strong>aucto</strong></span> 
     </span>
    </p>
   </div>
   <div class='ocr_carea' id='block_1_111' title="bbox 2249 5292 2600 5350">
    <p class='ocr_par' dir='ltr' id='par_1_111' title="bbox 2249 5292 2600 5350">
     <span class='ocr_line' id='line_1_111' title="bbox 2249 5292 2600 5350; baseline 0.006 -2"><span class='ocrx_word' id='word_1_841' title='bbox 2249 5308 2367 5348; x_wconf 90' lang='lat' dir='ltr'><strong>rem</strong></span> <span class='ocrx_word' id='word_1_842' title='bbox 2391 5292 2600 5350; x_wconf 85' lang='lat' dir='ltr'><strong>salutis.</strong></span> 
     </span>
    </p>
   </div>
   <div class='ocr_carea' id='block_1_112' title="bbox 2321 5386 3846 5468">
    <p class='ocr_par' dir='ltr' id='par_1_112' title="bbox 2321 5386 3846 5468">
     <span class='ocr_line' id='line_1_112' title="bbox 2321 5386 3846 5468; baseline 0.01 -28"><span class='ocrx_word' id='word_1_843' title='bbox 2321 5386 2486 5441; x_wconf 75' lang='lat' dir='ltr'><strong>Vens.</strong></span> <span class='ocrx_word' id='word_1_844' title='bbox 2518 5386 2640 5442; x_wconf 86' lang='grc'><strong>156.</strong></span> <span class='ocrx_word' id='word_1_845' title='bbox 2676 5418 2748 5429; x_wconf 83' lang='grc'><strong><em>-</em></strong></span> <span class='ocrx_word' id='word_1_846' title='bbox 2775 5389 3160 5449; x_wconf 75' lang='lat' dir='ltr'><strong>Misericordia!</strong></span> <span class='ocrx_word' id='word_1_847' title='bbox 3205 5403 3311 5450; x_wconf 78' lang='lat' dir='ltr'><strong>tua:</strong></span> <span class='ocrx_word' id='word_1_848' title='bbox 3341 5396 3545 5464; x_wconf 72' lang='lat' dir='ltr'><strong>multm,</strong></span> <span class='ocrx_word' id='word_1_849' title='bbox 3594 5398 3846 5468; x_wconf 85' lang='lat' dir='ltr'><strong>Domine,</strong></span> 
     </span>
    </p>
   </div>
   <div class='ocr_carea' id='block_1_113' title="bbox 2251 5479 3850 5561">
    <p class='ocr_par' dir='ltr' id='par_1_113' title="bbox 2251 5479 3850 5561">
     <span class='ocr_line' id='line_1_113' title="bbox 2251 5479 3850 5561; baseline 0.011 -31"><span class='ocrx_word' id='word_1_850' title='bbox 2251 5479 2537 5533; x_wconf 84' lang='lat' dir='ltr'><strong>secundum</strong></span> <span class='ocrx_word' id='word_1_851' title='bbox 2562 5479 2829 5550; x_wconf 88' lang='lat' dir='ltr'><strong>judicium</strong></span> <span class='ocrx_word' id='word_1_852' title='bbox 2855 5492 3005 5537; x_wconf 87' lang='lat' dir='ltr'><strong>tuum</strong></span> <span class='ocrx_word' id='word_1_853' title='bbox 3039 5484 3243 5555; x_wconf 79' lang='lat' dir='ltr'><strong>viviﬁca</strong></span> <span class='ocrx_word' id='word_1_854' title='bbox 3282 5504 3383 5543; x_wconf 89' lang='lat' dir='ltr'><strong>me.</strong></span> <span class='ocrx_word' id='word_1_855' title='bbox 3439 5488 3850 5561; x_wconf 82' lang='lat' dir='ltr'><strong>[Miserationes</strong></span> 
     </span>
    </p>
   </div>
   <div class='ocr_carea' id='block_1_114' title="bbox 2251 5569 3851 5649">
    <p class='ocr_par' dir='ltr' id='par_1_114' title="bbox 2251 5569 3851 5649">
     <span class='ocr_line' id='line_1_114' title="bbox 2251 5569 3851 5649; baseline 0.011 -26"><span class='ocrx_word' id='word_1_856' title='bbox 2251 5580 2379 5624; x_wconf 91' lang='lat' dir='ltr'><strong>sunt</strong></span> <span class='ocrx_word' id='word_1_857' title='bbox 2411 5569 2643 5639; x_wconf 91' lang='lat' dir='ltr'><strong>Domini,</strong></span> <span class='ocrx_word' id='word_1_858' title='bbox 2670 5590 2769 5645; x_wconf 86' lang='lat' dir='ltr'><strong>per</strong></span> <span class='ocrx_word' id='word_1_859' title='bbox 2796 5591 2934 5646; x_wconf 88' lang='lat' dir='ltr'><strong>quas</strong></span> <span class='ocrx_word' id='word_1_860' title='bbox 2961 5575 3174 5632; x_wconf 81' lang='lat' dir='ltr'><strong>amictis</strong></span> <span class='ocrx_word' id='word_1_861' title='bbox 3203 5588 3258 5634; x_wconf 90' lang='lat' dir='ltr'><strong>et</strong></span> <span class='ocrx_word' id='word_1_862' title='bbox 3295 5582 3555 5636; x_wconf 84' lang='lat' dir='ltr'><strong>sauciatis</strong></span> <span class='ocrx_word' id='word_1_863' title='bbox 3611 5584 3851 5649; x_wconf 76' lang='lat' dir='ltr'><strong>diversis</strong></span> 
     </span>
    </p>
   </div>
   <div class='ocr_carea' id='block_1_115' title="bbox 2251 5661 3851 5746">
    <p class='ocr_par' dir='ltr' id='par_1_115' title="bbox 2251 5661 3851 5746">
     <span class='ocr_line' id='line_1_115' title="bbox 2251 5661 3851 5746; baseline 0.011 -32"><span class='ocrx_word' id='word_1_864' title='bbox 2251 5661 2426 5715; x_wconf 91' lang='lat' dir='ltr'><strong>modis</strong></span> <span class='ocrx_word' id='word_1_865' title='bbox 2453 5662 2739 5721; x_wconf 80' lang='lat' dir='ltr'><strong>subvenire</strong></span> <span class='ocrx_word' id='word_1_866' title='bbox 2761 5667 3011 5738; x_wconf 80' lang='lat' dir='ltr'><strong>dignatus</strong></span> <span class='ocrx_word' id='word_1_867' title='bbox 3053 5669 3185 5744; x_wconf 89' lang='lat' dir='ltr'><strong>est.]</strong></span> <span class='ocrx_word' id='word_1_868' title='bbox 3224 5669 3526 5728; x_wconf 87' lang='lat' dir='ltr'><strong>Secundum</strong></span> <span class='ocrx_word' id='word_1_869' title='bbox 3570 5675 3851 5746; x_wconf 74' lang='lat' dir='ltr'><strong>judicium</strong></span> 
     </span>
    </p>
   </div>
   <div class='ocr_carea' id='block_1_116' title="bbox 2250 5755 3855 5841">
    <p class='ocr_par' dir='ltr' id='par_1_116' title="bbox 2250 5755 3855 5841">
     <span class='ocr_line' id='line_1_116' title="bbox 2250 5755 3855 5841; baseline 0.014 -35"><span class='ocrx_word' id='word_1_870' title='bbox 2250 5762 2399 5809; x_wconf 89' lang='lat' dir='ltr'><strong>tuum</strong></span> <span class='ocrx_word' id='word_1_871' title='bbox 2425 5755 2626 5825; x_wconf 80' lang='lat' dir='ltr'><strong>vivi/ica</strong></span> <span class='ocrx_word' id='word_1_872' title='bbox 2646 5776 2745 5815; x_wconf 90' lang='lat' dir='ltr'><strong>me.</strong></span> <span class='ocrx_word' id='word_1_873' title='bbox 2781 5758 3050 5818; x_wconf 85' lang='lat' dir='ltr'><strong>Judicium</strong></span> <span class='ocrx_word' id='word_1_874' title='bbox 3081 5766 3265 5835; x_wconf 88' lang='lat' dir='ltr'><strong>utique</strong></span> <span class='ocrx_word' id='word_1_875' title='bbox 3310 5775 3413 5834; x_wconf 90' lang='lat' dir='ltr'><strong>est,</strong></span> <span class='ocrx_word' id='word_1_876' title='bbox 3468 5769 3615 5838; x_wconf 88' lang='lat' dir='ltr'><strong>quod</strong></span> <span class='ocrx_word' id='word_1_877' title='bbox 3655 5779 3855 5841; x_wconf 78' lang='lat' dir='ltr'><strong>petere</strong></span> 
     </span>
    </p>
   </div>
   <div class='ocr_carea' id='block_1_117' title="bbox 2163 5844 3847 5932">
    <p class='ocr_par' dir='ltr' id='par_1_117' title="bbox 2163 5844 3847 5932">
     <span class='ocr_line' id='line_1_117' title="bbox 2163 5844 3847 5932; baseline 0.011 -30"><span class='ocrx_word' id='word_1_878' title='bbox 2163 5914 2182 5930; x_wconf 48' lang='lat'><strong><em>&#39;</em></strong></span> <span class='ocrx_word' id='word_1_879' title='bbox 2216 5895 2223 5903; x_wconf 91' lang='lat'><strong>.</strong></span> <span class='ocrx_word' id='word_1_880' title='bbox 2250 5844 2533 5914; x_wconf 87' lang='lat' dir='ltr'><strong>debemus,</strong></span> <span class='ocrx_word' id='word_1_881' title='bbox 2555 5849 2774 5919; x_wconf 89' lang='lat' dir='ltr'><strong>quando</strong></span> <span class='ocrx_word' id='word_1_882' title='bbox 2804 5851 3125 5913; x_wconf 87' lang='lat' dir='ltr'><strong>humilitatis</strong></span> <span class='ocrx_word' id='word_1_883' title='bbox 3175 5854 3550 5916; x_wconf 82' lang='lat' dir='ltr'><strong>satisfactione</strong></span> <span class='ocrx_word' id='word_1_884' title='bbox 3570 5875 3672 5918; x_wconf 86' lang='lat' dir='ltr'><strong>nos</strong></span> <span class='ocrx_word' id='word_1_885' title='bbox 3707 5874 3847 5932; x_wconf 81' lang='lat' dir='ltr'><strong>pro-</strong></span> 
     </span>
    </p>
   </div>
  </div>
