4072 6340
572 336 679 392 619

1421 343 1482 399 Β.
1523 343 1584 398 F.
1624 343 1849 401 ALBlNl
1889 341 2021 402 SEU
2058 335 2333 400 ALCUlNl
2369 343 2652 402 OPERUM
2687 345 2866 402 PARS
2897 346 2958 403 ll.

3735 352 3834 409 620

642 453 806 511 Vsus.
836 451 959 512 l75.
989 486 1059 503 τ-
1083 455 1208 511 Fiat
1231 473 1417 511 manus
1440 467 1550 521 tua,
1580 468 1637 512 ut
1683 459 1843 514 salvet
1881 475 1979 524 me,
2031 475 2161 530 quo-
2186 462 2236 522 Α
2255 459 2463 529 judicia
2490 469 2581 515 tua
2611 460 2937 530 adjuvabunt
2959 476 3059 514 me.
3092 459 3174 515 An
3198 474 3371 532 .psum
3392 460 3653 534 loquitur,
3675 480 3835 537 quem

570 546 714 600 niam
736 546 988 603 mandata
1022 558 1114 602 tua
1143 546 1290 619 elegi.
1320 546 1454 603 Cum
1481 548 1648 603 dicit:
1682 547 1808 604 Fiat
1827 566 2014 604 manus
2031 558 2143 615 tua,

567 636 819 709 designat
843 637 1128 693 Dominum
1155 638 1514 705 Salvatorem,
1538 641 1627 711 qui
1668 639 1844 697 factus
1869 656 1934 697 ex
1981 642 2148 697 semi-

567 742 636 783 ne
664 726 835 783 David
865 728 1157 785 secundum
1184 744 1430 795 carnem,
1474 745 1574 801 per
1615 746 1775 801 quem
1824 732 1969 787 facta
2025 739 2163 787 sunt

565 818 842 884 universa,
874 826 931 874 et
958 827 1236 891 reguntur.
1289 818 1506 873 Manum
1547 821 1693 875 enim
1739 820 1827 875 hic
1871 816 2151 877 dexteram

565 904 825 963 debemus
845 908 1112 978 accipere.
1140 908 1381 965 Postulat
1394 918 1574 965 autem
1588 912 1770 967 venire
1786 910 2147 978 Salvatorem,

565 1012 667 1069 per
691 1014 853 1068 quem
881 1015 940 1055 se
965 1009 1191 1056 noverat
1221 1001 1560 1057 salvandum.
1585 1001 1737 1069 Quod
1766 1012 1945 1058 autem
1970 1006 2104 1069 dicit
2132 1023 2145 1059 :

564 1086 719 1161 Elcgt'
738 1090 989 1145 mandata
1009 1101 1122 1158 tua,
1144 1093 1325 1148 omnia
1355 1108 1415 1148 se
1448 1093 1689 1166 pericula
1712 1094 1885 1149 amori
1935 1094 2146 1150 Domini

562 1178 933 1249 postposuisse
956 1186 1204 1237 testatur.

637 1267 799 1323 Vens.
828 1269 950 1328 174.
980 1270 1351 1344 —Concupivi
1371 1272 1604 1328 salutare
1632 1283 1802 1341 tuum,
1827 1273 2071 1341 Domine,
2098 1284 2149 1329 et

565 1357 649 1413 lex
676 1367 766 1413 tua
787 1360 1058 1416 meditatio
1088 1378 1204 1417 mea
1246 1373 1341 1418 est.
1373 1363 1551 1434 Ipsum
1596 1365 1779 1419 videre
1820 1367 2147 1436 concupive-

559 1462 702 1517 ram,
726 1466 887 1521 quem
911 1452 977 1507 de
995 1460 1150 1508 utero
1177 1454 1426 1526 virginali
1452 1454 1557 1510 illis
1582 1454 1759 1510 adhuc
1806 1455 2141 1525 temporibus

559 1542 848 1599 credebam
871 1559 992 1601 esse
1011 1554 1326 1611 venturum;
1357 1554 1413 1601 et
1431 1554 1490 1601 ut
1512 1546 1615 1602 sibi
1669 1547 1810 1601 hanc
1862 1547 2147 1602 scientiam

561 1633 627 1689 de
653 1633 953 1707 Scripturis
979 1635 1176 1703 divinis
1224 1639 1539 1708 pervenisse
1581 1637 2001 1704 demonstraret,
2063 1652 2150 1693 se-

559 1724 786 1794 quitur:
820 1726 889 1781 Et
910 1727 997 1783 lea:
1025 1737 1118 1783 tua
1138 1729 1410 1785 meditatio
1464 1748 1581 1785 mea
1626 1740 1720 1786 est.
1772 1730 1830 1785 In
1870 1730 2149 1802 prophetis

2250 551 2521 607 desiderat
2548 551 2767 617 intueri,
2787 552 3109 621 promittens
3132 553 3370 607 animam
3391 569 3543 609 suam
3592 556 3647 611 in
3675 566 3836 614 aeter-

2250 658 2380 696 num
2408 642 2594 697 vivere
2618 681 2634 707 ,
2678 657 2840 712 quam
2893 641 3185 697 salubriter
3235 654 3461 699 noverat
3510 647 3859 708 credidisse.

2250 729 2511 785 Laudabit
2537 740 2607 795 te,
2638 732 2852 786 cantico
2872 731 3080 787 scilicet
3099 747 3240 788 novo
3263 749 3362 804 per
3409 735 3571 791 ﬁdem
3615 753 3829 809 puram.

2248 821 2459 878 Iudicia
2480 832 2660 879 autem
2691 824 2843 888 dicit,
2873 839 2993 894 qua:
3018 825 3234 882 famulis
3280 829 3394 884 suis
3417 829 3682 887 Dominus
3724 833 3837 890 dic-

2251 920 2433 967 turum
2453 927 2511 967 se
2529 913 2816 983 promittit,
2852 922 2914 969 ut
2941 923 3025 970 est
3054 934 3068 969 :
3113 915 3313 983 Venite,
3335 918 3611 977 benedicti.

2320 1003 2481 1059 Vens.
2516 1005 2723 1060 l76.-—
2749 1005 2940 1061 Erravi
2967 1008 3102 1062 sicut
3128 1012 3260 1075 ovis,
3287 1028 3406 1082 qua,
3427 1015 3583 1083 periit
3608 1033 3629 1082 ;
3658 1034 3834 1088 quiete

2250 1111 2456 1150 servum
2483 1105 2652 1162 tuum,
2696 1096 2934 1163 Domine,
2962 1100 3088 1170 quia
3126 1101 3379 1156 mandata
3435 1114 3527 1158 tua
3578 1123 3686 1162 non
3715 1126 3832 1164 sum

2251 1185 2459 1241 oblitus.
2491 1186 2607 1243 Una
2633 1188 2770 1255 ovis,
2800 1198 2885 1244 est
2907 1192 3255 1262 congregatio
3279 1203 3593 1251 sanctorum
3614 1210 3673 1255 et
3702 1202 3834 1258 ﬁde-

2250 1277 2420 1345 linm;
2453 1286 2507 1333 et
2527 1295 2665 1335 unus
2690 1288 2775 1335 est
2799 1289 2988 1351 pastor
3014 1282 3276 1339 Dominus
3321 1283 3573 1343 Christus
3618 1304 3829 1347 eorum.

2250 1368 2318 1423 Et
2347 1370 2554 1440 respice
2575 1386 2738 1440 quam
2760 1370 2958 1426 inﬁma:
2981 1374 3057 1427 rei
3078 1377 3379 1444 comparati
3405 1387 3530 1433 sunt
3555 1381 3825 1450 homines,

2248 1460 2465 1530 quando
2484 1460 2685 1517 Christi
2736 1463 2965 1533 gratiam
2993 1464 3251 1521 deserunt
3279 1484 3293 1521 :
3344 1469 3433 1523 ovi
3460 1470 3713 1528 videlicet
3738 1490 3829 1530 er~

2250 1552 2414 1617 ranti,
2462 1567 2582 1622 quae
2630 1552 2872 1623 pericula
2917 1554 3120 1624 patitur
3153 1553 3309 1626 μίση
3355 1559 3615 1628 periculis
3654 1565 3828 1639 patet]

2247 1642 2537 1713 luporum;
2569 1649 2624 1697 et
2656 1643 2795 1698 bene
2823 1644 3026 1700 dictum
3054 1653 3159 1709 est,
3184 1662 3303 1716 qua:
3354 1649 3604 1718 perierat,
3656 1662 3718 1707 ut
3742 1669 3835 1709 co-

2204 1798 2207 1801 η
2250 1747 2536 1804 gnosceres
2558 1732 2928 1788 misericordia
2945 1734 3156 1790 Domini
3177 1735 3346 1792 fuisse
3361 1748 3652 1809 repertam.
3680 1741 3831 1818 [Ipsi]

556 1816 703 1871 enim
723 1819 1109 1889 concupiverat
1133 1820 1410 1877 Christum
1436 1823 1723 1880 Dominum
1775 1823 2135 1890 nasciturum,
2174 1822 2217 1883 Β
2243 1824 2413 1896 gloria
2434 1840 2557 1880 cum
2580 1832 2785 1879 aeterno
2812 1824 2975 1880 Patre
3008 1834 3064 1880 et
3096 1826 3303 1898 Spiritu
3335 1840 3523 1888 sancto
3552 1832 3607 1889 in
3635 1816 3831 1892 secula

557 1905 624 1960 de
651 1922 758 1977 quo
782 1907 868 1963 lex
888 1916 944 1963 et
967 1911 1246 1981 propheta:
1271 1912 1650 1984 loquebantur.

626 1997 791 2055 Vens.
824 1999 946 2056 175.
968 2032 1039 2042 -
1070 2000 1214 2059 Vivet
1243 2006 1423 2060 anima
1448 2022 1565 2060 mea
1585 2047 1601 2071 ,
1642 2016 1691 2060 et
1722 2005 1963 2060 laudabit
1999 2014 2068 2070 te,
2095 2017 2147 2062 et

2252 1917 2593 1972 seculorum.
2619 1915 2812 1970 Amen.

855 2116 3797 2150 .._._______________.______.._.______._.._______.

750 2158 753 2165 Ι
1494 2205 1883 2269 MAGISTRI
1922 2204 2193 2267 ALBINI
2237 2202 2521 2279 FLACCI
2562 2204 2886 2266 ALCUlNl

800 2345 1164 2405 EXPOSlTlO
1201 2348 1270 2405 ΙΝ
1305 2348 1624 2408 PSALMOS
1662 2346 2105 2413 GRADUALES,
2137 2346 2257 2414 QUl
2294 2346 2384 2401 ET
2422 2344 2777 2403 CANTICUM
2815 2344 3159 2404 GRADUUM
3202 2346 3578 2409 DlCUNTUR.

621 2531 833 2589 Gradus
879 2539 1007 2587 sunt
1055 2531 1463 2587 ascendentium
1521 2530 1608 2587 vel
1649 2529 2136 2587 descendentium:

549 2622 646 2683 sed
672 2621 730 2678 hi
756 2621 957 2694 gradus
1000 2636 1070 2677 xv
1120 2620 1527 2677 ascendentium
1556 2632 1714 2689 sunt,
1759 2638 1920 2693 quem
1951 2637 2141 2678 nume-

549 2733 693 2784 rum,
729 2716 785 2772 id
811 2724 894 2771 est
925 2713 1210 2787 [quintum
1258 2714 1585 2787 decimum],
1633 2716 1680 2770 si
1709 2730 1740 2770 a
1765 2715 1941 2785 primo
1967 2729 2139 2784 usque

547 2811 618 2865 ad
640 2808 893 2863 ultimum
934 2815 1213 2876 computes
1239 2846 1255 2873 ,
1304 2807 1441 2861 ﬁunt
1484 2807 1682 2880 [Edit.,
1727 2806 1877 2879 sunt]
1915 2815 2131 2863 centum

548 2896 762 2971 viginti.
803 2896 979 2967 Super
1016 2911 1179 2967 quem
1226 2912 1510 2952 numerum
1553 2897 1788 2967 Spiritus
1829 2906 2050 2953 sanctus
2076 2897 2129 2951 in

545 2989 864 3057 etenaculo,
911 2988 1119 3053 id-est,
1163 2988 1283 3044 loco
1326 2988 1657 3045 ascensionis
1684 2989 1852 3056 venit,
1896 2996 1957 3043 ut
1978 2988 2132 3044 nobis

2242 2538 2325 2586 tes
2348 2528 2603 2586 saeculum
2632 2529 2925 2595 dimittere,
2958 2545 3064 2587 non
3084 2542 3241 2602 potes
3263 2542 3374 2589 tam
3406 2546 3615 2593 arctam
3640 2537 3824 2616 [viam]

2238 2628 2293 2677 et
2321 2629 2431 2675 tam
2460 2628 2742 2692 angustam
2768 2628 2981 2691 portam
3009 2623 3234 2694 ingredi.

2311 2712 2474 2767 Vens.
2514 2711 2569 2765 4.
2596 2741 2666 2752 -
2695 2711 2917 2782 Sagittae
2943 2716 3165 2784 potentis
3185 2725 3355 2770 acuta’
3376 2733 3493 2771 cum
3515 2720 3826 2778 carbonibus

2236 2800 2586 2855 desolatoriis.
2609 2801 2667 2856 ld
2692 2809 2796 2866 est,
2825 2802 2968 2870 quod
2995 2804 3051 2857 in
3080 2803 3372 2877 Evangelia
3395 2807 3595 2862 dicitur
3625 2827 3639 2862 :
3673 2811 3826 2882 Apud

2238 2892 2469 2945 homines
2499 2892 2597 2945 hoc
2622 2891 2940 2962 impossibile
2961 2902 3057 2959 est,
3089 2895 3230 2965 apud
3267 2895 3436 2951 Deum
3460 2901 3641 2953 omnia
3667 2903 3826 2972 possi-

2237 2980 2363 3037 bilia
2387 2992 2508 3036 sunt
2559 2981 2771 3054 (Matth.
2804 2999 2914 3049 xix,
2953 2983 3066 3057 26).
3123 2984 3345 3056 Sagitta:
3372 2991 3611 3057 potentis
3663 2993 3825 3049 verba

545 3053 894 3150 monstraret,
923 3095 1022 3152 per
1043 3082 1145 3137 hos
1167 3096 1236 3136 xv
1264 3081 1459 3153 gradus
1485 3081 1553 3137 ad
1594 3096 1818 3137 summa:
1839 3053 2133 3152 vperl‘ectio-
2158 3053 2206 3116 (ἶ
2237 3072 2332 3128 Dei
2352 3082 2495 3140 sunt,
2514 3053 2634 3144 quae
2657 3074 2982 3147 transﬁgant
3005 3053 3166 3133 corda
3187 3053 3457 3135 nostra-ad
3478 3093 3826 3141 contemne:-

544 3172 630 3228 nis
650 3172 991 3229 altitudinem
1031 3173 1430 3229 ascendendum
1470 3189 1611 3230 esse.
1668 3174 1790 3230 Ideo
1813 3173 1956 3230 Deus
1991 3163 2129 3247 [Ηδ.

544 3264 835 3339 Dominus]
877 3266 946 3321 de
968 3267 1108 3322 caelo
1130 3267 1407 3323 desceth
1450 3266 1519 3322 ad
1570 3283 1671 3322 nos
1724 3268 1777 3322 in
1810 3277 2010 3322 terram
2032 3308 2046 3333 ,
2075 3276 2133 3321 ut

543 3371 647 3412 uos
673 3358 741 3413 de
766 3365 912 3411 terra
942 3358 1297 3413 ascendamus
1317 3358 1373 3412 in
1399 3359 1617 3414 coelum.
1658 3359 1781 3414 ldco
1802 3359 1890 3413 ille
1915 3362 2135 3413 descen-

545 3447 626 3504 dit
653 3447 709 3502 in
733 3447 931 3503 vallem
957 3447 1325 3519 lacrymarum
1357 3457 1698 3515 nostrarum,
1731 3459 1789 3502 ut
1809 3463 1907 3503 nos
1942 3461 2133 3503 ascen-

542 3540 735 3597 damus
773 3539 828 3593 in
857 3540 1244 3594 beatitudinem
1274 3540 1474 3595 laetitia:
1501 3539 1664 3594 illius.
1719 3538 1825 3594 Sed
1851 3538 2134 3593 audiamus

540 3631 686 3687 unde
713 3630 839 3697 iste,
861 3630 955 3701 qui
980 3630 1079 3685 hos
1122 3630 1358 3700 psalmos
1387 3631 1543 3686 nobis
1587 3629 1655 3685 ad
1683 3630 1914 3685 salutem
1936 3629 2134 3685 decan-

541 3726 698 3794 tavit,
728 3726 940 3782 initium
967 3727 1291 3783 ascendendi
1312 3726 1601 3792 inchoarit,
1630 3726 1716 3782 vel
1743 3724 2011 3805 quomodo
2032 3740 2132 3780 nos

539 3817 833 3874 ascendere
858 3817 1110 3874 voluerit.
1130 3817 1408 3888 Siquidem
1432 3817 1638 3889 primus
1649 3817 1848 3888 gradus
1861 3816 2133 3872 ascensio-

539 3906 626 3964 nis
655 3916 857 3964 nostra:
871 3916 954 3965 est
966 3908 1347 3974 humilitas,‘ut
1380 3907 1744 3978 intelligamus
1763 3921 1862 3961 nos
1876 3915 2128 3976 peccato-

539 4013 652 4069 res,
665 4008 721 4056 et
730 4002 797 4057 ad
812 4000 904 4057 Dei
920 4001 1150 4072 gratiam
1164 4000 1320 4056 nobis
1334 3999 1726 4056 convolandum
1736 4014 1872 4065 esse,
1892 3999 2013 4055 ideo
2022 3999 2099 4054 ait
2113 4016 2125 4053 :

1054 4129 1374 4187 PSALMUS
1423 4127 1609 4185 CXIX.

611 4243 776 4299 Vsus.
822 4241 871 4296 l.
900 4270 971 4281 —
998 4241 1079 4296 Ad
1110 4240 1417 4307 Dominum,
1446 4256 1567 4294 cum
1590 4238 1893 4305 tribularer,
1924 4239 2126 4295 clama-

535 4338 610 4402 ui,
636 4345 685 4390 et
712 4335 978 4390 exaudivit
1008 4351 1109 4389 me.
1165 4334 1465 4391 Tribulatio
1488 4344 1574 4390 est
1608 4333 1726 4389 haec
1749 4333 1879 4400 vita,
1903 4348 1971 4388 ex
1997 4349 2127 4404 qua,

2233 3165 2361 3221 dum
2383 3167 2659 3232 saxulum,
2690 3178 2746 3221 et
2765 3169 2832 3222 ad
2859 3168 3152 3224 amandum
3177 3170 3344 3224 Deum
3377 3188 3389 3224 :
3413 3187 3482 3226 ex
3507 3174 3707 3244 quibus
3738 3193 3826 3233 sa-

2230 3260 2381 3331 gittis
2436 3275 2587 3314 amor
2632 3259 2938 3325 excitatur,
2978 3276 3085 3315 non
3144 3261 3398 3317 interitus
3450 3276 3821 3335 comparatur.

2233 3352 2365 3407 Cum
2393 3352 2703 3406 carbonibus
2742 3352 3071 3407 desolatoriis
3101 3392 3117 3419 ,
3156 3353 3211 3408 id
3236 3362 3320 3408 est
3348 3358 3683 3411 vastatoriis.
3718 3359 3826 3414 Sed

2233 3442 2279 3497 si
2306 3458 2496 3514 parum
2515 3450 2602 3497 est
2623 3442 2804 3496 verbis
2834 3442 3110 3513 saginare,
3148 3442 3378 3497 sufﬁciat
3415 3446 3682 3516 exemplis
3727 3448 3822 3503 dc-

2232 3542 2563 3588 monstrare.
2610 3531 2712 3598 Qui
2741 3531 2957 3586 fuerant
2977 3531 3127 3604 [Λίδη
3162 3532 3385 3605 fuerint]
3411 3536 3655 3603 peccatis
3686 3537 3826 3609 nigri

2232 3633 2288 3680 et
2307 3624 2509 3696 frigidi,
2526 3612 2723 3680 iterum
2747 3625 3013 3680 charitate
3035 3625 3129 3680 Dei
3154 3627 3364 3682 accensi
3395 3636 3751 3683 vastaverunt
3771 3636 3829 3684 et

2232 3716 2616 3772 destruxerunt
2639 3731 2804 3787 Opera
2827 3716 3028 3772 diaboli
3059 3717 3112 3772 in
3144 3718 3396 3773 cordibus
3425 3719 3562 3784 suis,
3602 3727 3665 3774 ut
3686 3737 3828 3792 prie-

2231 3815 2491 3880 pararent
2543 3807 2929 3863 habitationem
2984 3808 3093 3864 Deo
3140 3808 3192 3863 in
3241 3810 3578 3880 semetipsis,
3607 3820 3664 3867 et
3706 3821 3832 3884 post

2232 3899 2402 3954 multa
2420 3906 2646 3970 peccata
2667 3899 2891 3953 multum
2910 3899 3215 3955 dilexerunt
3233 3900 3400 3955 Deum
3418 3919 3431 3955 :
3449 3902 3571 3957 ideo
3595 3904 3828 3960 multum

2230 3990 2534 4045 dimittetur
2558 3988 2685 4061 [Μδ.
2702 3990 2869 4043 multa
2892 3989 3254 4063 dimittuntur]
3269 3992 3367 4047 eis.
3386 3991 3646 4063 Sequitur
3658 4010 3821 4049 vero:

2306 4083 2466 4137 Vsus.
2496 4081 2552 4147 5,
2585 4080 2636 4134 6.
2662 4111 2732 4120 --
2755 4080 2873 4135 Heu
2906 4082 3018 4136 me!
3054 4083 3179 4153 quia
3211 4082 3471 4138 incolatus
3516 4102 3668 4139 meus
3707 4104 3829 4159 pro-

2230 4172 2474 4244 longatus
2518 4181 2625 4237 est,
2654 4172 2882 4227 habitari
2912 4189 3029 4226 cum
3067 4173 3420 4228 habitantibus
3446 4173 3639 4245 Cedar,
3680 4178 3828 4231 mul-

2230 4275 2342 4318 tum
2372 4262 2543 4318 incola
2571 4263 2672 4334 fuit
2693 4264 2872 4318 anima
2896 4281 3032 4319 mea.
3070 4264 3210 4320 Ecce
3245 4266 3347 4321 iste
3371 4282 3402 4321 a
3426 4265 3606 4338 lingua
3636 4269 3828 4325 dolosa

2230 4354 2528 4420 liberatus,
2568 4356 2734 4410 verbo
2764 4354 2859 4408 Dei
2885 4355 3196 4425 sagittatns,
3234 4356 3498 4427 exemplis
3524 4358 3829 4417 multorum

536 4426 632 4495 qui
670 4425 948 4481 humiliter
986 4426 1057 4480 ad
1100 4425 1271 4480 Deum
1315 4425 1578 4488 clamant,
1627 4426 1768 4480 sicut
1801 4424 2126 4482 Publicanus

2234 4447 2535 4513 roboratus,
2576 4446 2701 4516 quid
2750 4446 3031 4517 proﬁciat,
3060 4462 3235 4517 quove
3264 4410 3561 4504 asccbderc
3587 4460 3827 4520 qumrat,

536 4516 633 4588 qui
663 4517 787 4571 ait:
843 4516 987 4572 Deus
1031 4517 1288 4588 propitius
1335 4524 1445 4571 esto
1494 4515 1624 4569 mihi
1663 4516 1925 4586 peccaturi
1970 4516 2120 4588 (Luc.

537 4624 696 4675 xvnt,
741 4609 866 4680 15),
910 4610 1289 4665 exaudiuntur.
1520 4608 1796 4664 videamus
1852 4609 1981 4679 quid
2024 4609 2124 4665 iste

538 4702 812 4772 paenitens
837 4701 1072 4758 clamet;

608 4814 774 4871 Vsus.
813 4814 869 4868 2.
890 4844 961 4855 -—
990 4814 1233 4881 Domine,
1264 4814 1428 4871 libera
1458 4814 1715 4889 [animam
1742 4814 1937 4887 meam]
1987 4833 2020 4869 a
2044 4814 2125 4869 la-

534 4906 887 4987 biisiniquis,‘
914 4917 961 4963 et
1007 4926 1041 4961 a
1082 4907 1264 4979 lingua
1307 4907 1513 4963 dolosa.
1562 4908 1730 4989 Labia
1760 4908 1945 4979 iniqua
1974 4918 2120 4973 sunt,

536 5012 658 5069 qua:
685 5013 784 5053 nos
804 4999 1139 5071 suggerendo
1162 5000 1231 5053 ad
1256 4998 1598 5069 iniquitatem
1623 4999 1917 5054 sollicitare
1942 4998 2122 5053 nitun-

535 5096 657 5154 tur;
691 5088 868 5159 lingua
904 5088 1085 5143 dolosa
1113 5098 1221 5155 est,
1249 5104 1371 5158 qua:
1391 5104 1490 5144 nos
1523 5097 1768 5145 avertere
1794 5089 1911 5143 vult
1935 5089 2002 5143 de
2034 5089 2124 5144 via

528 5172 775 5245 iustitiae.
817 5178 909 5234 Illa
932 5194 1030 5235 nos
1059 5179 1127 5235 ad
1162 5180 1497 5248 peccandum
1528 5189 1851 5252 suggerunt;
1891 5182 1996 5237 ista
2023 5196 2124 5237 nos

532 5281 566 5321 a
593 5267 978 5332 benefacieudo
1000 5269 1249 5324 retrahit.
1288 5267 1396 5324 Sed
1425 5269 1849 5336 consideremus,
1872 5272 2000 5340 quid
2028 5287 2124 5327 no-

533 5359 622 5416 bis
647 5361 715 5416 ad
741 5361 839 5417 has
871 5375 1060 5431 preces
1081 5357 1404 5430 respondeat
1431 5359 1708 5416 Dominus.

614 5450 772 5506 Vsus.
805 5452 860 5506 5.
888 5479 958 5493 -
979 5450 1141 5522 377
1171 5451 1311 5517 Quid
1337 5451 1490 5505 detur
1525 5451 1619 5505 tibi
1645 5491 1662 5516 ,
1690 5460 1781 5505 aut
1809 5452 1936 5522 quid
1963 5469 2124 5523 appo-

534 5549 698 5595 natur
722 5542 814 5597 tibi
836 5542 905 5596 ad
947 5541 1180 5613 linguam
1211 5541 1489 5597 dolosam?
1526 5543 1663 5598 Ecce
1687 5542 1815 5613 quid
1850 5544 1943 5598 tibi
1967 5544 2123 5599 dabi-

528 5638 627 5693 wr
652 5633 721 5687 ad
758 5634 1189 5709 respondendum
1230 5634 1426 5710 lingua:
1448 5632 1668 5699 dolosaa,
1697 5649 1816 5706 qua:
1838 5634 1993 5699 solet,
2017 5650 2123 5688 non

532 5725 872 5784 consulendo
896 5730 1009 5799 tibi,
1040 5732 1133 5787 sed
1151 5728 1513 5788 subvertendo
1541 5735 1611 5794 te,
1635 5728 1814 5785 dicere
1845 5746 1855 5783 :
1883 5726 1999 5782 Non
2026 5743 2122 5796 po-

2227 4538 2526 4594 videamus.
2560 4538 2673 4592 lleu
2702 4539 2815 4593 me!
2844 4539 3037 4608 inquit,
3056 4540 3198 4608 quod
3226 4540 3492 4596 incolatus
3516 4557 3676 4597 meus
3697 4556 3831 4614 pro-

2227 4633 2474 4703 longatus
2494 4634 2608 4688 est!
2642 4633 2757 4687 V'ox
2786 4632 3017 4687 dolentis
3043 4641 3099 4688 et
3124 4634 3399 4688 miseriam
3430 4631 3638 4707 [suam]
3671 4634 3832 4705 plau-

2227 4725 2420 4797 gentis,
2443 4725 2585 4796 quod
2606 4725 2695 4778 diu
2714 4722 2815 4797 [in]
2831 4724 3268 4795 peregrinatione
3289 4723 3454 4793 hujus
3470 4725 3832 4780 mortalitatis

2228 4816 2493 4871 incolatus
2514 4813 2631 4884 ejus
2651 4813 3209 4885 prolongeturJncola
3236 4828 3365 4869 vero
3389 4822 3471 4868 est
3494 4815 3590 4884 qui
3618 4823 3836 4870 terram

2227 4908 2460 4962 alienam
2480 4906 2624 4962 colit.
2653 4905 2804 4961 Unde
2832 4906 2935 4960 iste
2959 4921 3017 4961 se
3045 4906 3273 4976 plangit,
3301 4913 3357 4959 et
3376 4905 3443 4960 ad
3472 4907 3715 4976 patriam
3734 4920 3836 4959 su-

2225 4999 2440 5068 spirans
2476 4998 2675 5062 redire,
2707 4996 2911 5052 addidit
2943 5014 2956 5049 :
3006 4995 3253 5050 Habilavi
3302 5012 3421 5049 cum
3461 4994 3836 5050 habitantibus

2225 5089 2416 5158 Cedar.
2446 5089 2620 5145 Cedar
2644 5089 2884 5144 tenebra:
2909 5089 3358 5159 interpretantur.
3393 5087 3686 5161 Signiﬁcat
3726 5103 3835 5142 aur

2227 5188 2332 5249 tetn
2353 5188 2691 5251 peccatores,
2717 5179 2860 5234 inter
2883 5193 3020 5249 quos
3051 5180 3104 5233 in
3133 5180 3237 5235 hoc
3266 5179 3463 5235 szeculo
3501 5180 3638 5250 justi
3663 5194 3838 5250 pere-

2224 5273 2528 5345 grinantur,
2554 5270 2783 5325 necdum
2809 5280 3054 5326 extremo
3091 5268 3280 5338 judicii
3329 5271 3635 5327 ventilabro
3665 5286 3837 5335 area,

2226 5365 2277 5419 id
2299 5371 2383 5418 est
2410 5363 2674 5426 Ecclesia,
2703 5369 2933 5432 purgata
2954 5371 3011 5416 et
3039 5370 3324 5432 segregata
3359 5380 3370 5415 :
3402 5362 3547 5416 unde
3585 5362 3695 5416 iste
3732 5362 3841 5416 dc.-

2224 5455 2471 5510 sidcrans
2519 5452 2814 5509 ascendere
2844 5451 2920 5505 ait
2968 5469 2980 5505 :
3025 5451 3252 5506 Multum
3280 5451 3454 5506 incola
3493 5453 3597 5521 [ait
3634 5453 3841 5507 enim

2223 5563 2360 5601 mea.
2391 5545 2600 5615 Corpus
2634 5543 2790 5609 locis,
2817 5553 2871 5598 et
2901 5544 3082 5598 anima
3107 5542 3387 5599 allectihus
3410 5543 3837 5614 peregrinatur.

2226 5636 2378 5692 Unde
2410 5637 2512 5692 istc
2532 5636 2736 5707 sagitta
2765 5634 3048 5688 charitatis
3071 5634 3387 5689 vulneratus
3412 5642 3526 5689 toto
3547 5634 3844 5691 desiderio

2224 5729 2293 5784 ad
2325 5728 2604 5784 cmlestem
2629 5725 2849 5782 anhelat
2873 5725 3128 5796 patriam.
3163 5724 3455 5793 Sequitur:
