4072 6340
256 426 338 484 σενι

1010 420 1417 477 EXEGETICA.
1447 450 1516 461 —
1550 416 1912 475 EXPOSITIO
1949 416 2014 470 IN
2053 415 2246 471 PSAL.
2286 413 2714 473 GRADUALES.

3392 419 3498 475 6'22

318 545 478 600 Vens.
503 539 556 595 7.
581 570 652 581 —
681 538 811 595 Cum
836 538 916 593 his
935 539 1023 608 qui
1044 538 1264 591 oderunt
1287 553 1487 607 pacem,
1511 551 1654 589 eram
1673 533 1817 605 paci—
1846 539 1891 593 Α
1918 538 2063 584 stare
2083 527 2272 583 aeterni
2299 526 2521 594 Iudicis,
2545 536 2602 582 et
2625 527 2812 582 audire
2841 527 3252 584 desiderabilem
3278 538 3501 586 senten-

253 635 410 707 ﬁcus,
446 647 565 686 cum
624 630 871 701 loquebar
903 628 1039 691 illis,
1081 627 1455 698 impugnabant
1506 642 1587 679 me
1629 625 1818 695 gratis.

194 790 203 797 η
253 724 349 793 Qui
371 729 499 777 sunt
521 722 612 792 qui
655 721 888 775 oderunt
908 734 1116 790 pacem,
1152 720 1255 774 nisi
1299 717 1391 789 qui
1420 716 1673 772 scindunt
1699 708 1821 770 uni-

252 823 412 871 tatem
460 811 715 867 Ecclesiae
737 850 753 876 ,
778 809 1019 865 volentes
1048 809 1297 864 doctores
1332 808 1579 862 veritatis
1627 806 1821 871 videri,

251 917 367 960 cum
398 902 507 958 sint
525 899 767 971 magistri
791 899 1035 954 erroris?
1061 897 1201 953 Dum
1227 898 1474 970 loquebar
1500 896 1625 959 illis,
1655 897 1825 966 impu-

250 994 472 1068 gnabant
508 1009 590 1047 me
610 992 794 1063 gratis.
821 989 924 1056 Qui
949 991 1261 1060 impugnare
1287 987 1616 1043 contendunt
1642 987 1826 1041 docto-

251 1101 335 1141 res
358 1082 739 1139 eeclesiasticae
763 1080 907 1146 ﬁdei,
934 1081 1116 1135 ethoc
1136 1079 1306 1151 gratis
1344 1093 1359 1133 :
1404 1079 1531 1147 quia
1566 1077 1685 1131 illos
1706 1091 1828 1131 cor—

251 1177 422 1246 rigere
451 1178 698 1243 qumrunt
718 1211 734 1235 ,
763 1179 820 1225 et
858 1170 1054 1226 unitati
1085 1169 1281 1242 [Edit.,
1310 1167 1595 1239 unitatem]
1626 1174 1827 1223 sancta:

250 1265 502 1322 Ecclesia:
528 1262 873 1334 conjungere.

778 1350 1098 1407 PSALMUS
1127 1349 1289 1407 CXX.

313 1442 534 1500 Primus
558 1444 758 1516 gradus
780 1443 1113 1498 ascensionis
1138 1450 1340 1497 nostrce
1355 1441 1482 1515 [est]
1503 1441 1826 1497 humilitatis

247 1542 447 1591 nostrae
465 1532 863 1596 contribulatio,
890 1533 1157 1586 secundus
1176 1539 1262 1585 est
1276 1530 1429 1586 ﬁdes.
1455 1531 1523 1585 Et
1547 1531 1828 1586 sciendum

246 1632 333 1681 est
348 1623 498 1693 quod
516 1621 649 1676 nihil
661 1616 805 1677 aliud
827 1628 952 1675 sunt
971 1620 1027 1675 hi
1039 1620 1238 1690 gradus
1262 1618 1592 1682 ascensionis
1609 1628 1826 1686 nostrae,

246 1715 352 1769 nisi
401 1713 594 1768 salutis
634 1720 835 1767 nostra;
877 1709 1192 1782 protectus;
1232 1711 1352 1765 ideo
1402 1712 1455 1765 in
1485 1711 1571 1766 his
1603 1711 1828 1766 canticis

246 1805 509 1860 docemur
520 1803 838 1867 ascendere,
860 1802 955 1857 sed
967 1802 1260 1857 ascendere
1284 1800 1339 1857 in
1358 1803 1544 1868 corde,
1570 1801 1624 1857 in
1635 1800 1828 1859 aﬁ‘ectu

246 1892 411 1961 bono,
434 1897 488 1951 in
515 1895 620 1950 ﬁde
645 1904 703 1949 et
726 1908 821 1964 spe
846 1901 903 1948 et
928 1893 1211 1958 charitate,
1248 1902 1303 1949 et
1325 1894 1380 1949 in
1408 1894 1674 1950 desiderio
1698 1909 1821 1964 per-
1860 1879 1900 1937 Β

246 1986 528 2057 petuitatls
541 1996 596 2043 et
615 1988 742 2044 vitae
762 1994 993 2041 aeterne.
1022 1980 1172 2042 Unde
1201 1986 1253 2040 in
1280 1985 1383 2041 hoc
1405 1993 1664 2056 sequente
1680 1984 1819 2055 psal-

244 2089 338 2132 mo
372 2077 515 2132 dixit
537 2095 551 2132 :

316 2167 484 2223 Vens.
520 2167 570 2221 l.
606 2166 790 2221 Leonti
811 2165 991 2221 oculos
1013 2180 1153 2220 meos
1178 2165 1233 2220 in
1254 2174 1453 2221 montes
1468 2205 1483 2232 ,
1505 2164 1643 2219 unde
1663 2167 1826 2220 veniet

239 2257 512 2311 auxilium
535 2258 683 2311 mihi.
715 2256 923 2311 Montes
966 2255 1077 2323 isti,
1106 2258 1279 2313 sancti
1316 2265 1443 2313 sunt
1467 2258 1522 2312 in
1551 2257 1829 2313 altitudine

236 2346 432 2415 positi,
460 2346 705 2400 claritate
732 2344 1050 2410 illuminati,
1100 2346 1195 2400 sed
1233 2345 1302 2400 ab
1335 2346 1428 2400 illo
1479 2345 1572 2415 qui
1619 2354 1704 2401 est
1737 2345 1830 2401 tua:

234 2428 405 2497 uera,
455 2450 574 2504 qua:
618 2433 902 2493 illuminat.
927 2449 1131 2489 omnem
1178 2435 1435 2489 hominem
1464 2437 1745 2490 venientem
1774 2438 1832 2492 in

232 2526 389 2579 hunc
420 2527 695 2581 mundum.
726 2523 879 2584 Unde
922 2535 1314 2598 consequenter
1344 2543 1442 2599 per
1478 2527 1638 2584 ﬁdem
1669 2529 1830 2584 intel-

232 2611 377 2671 lexit
420 2616 525 2671 iste
565 2632 821 2674 ascensor
854 2621 925 2675 ab
960 2620 1066 2675 hoc
1112 2628 1296 2676 monte
1335 2618 1533 2692 [Edit.,
1567 2621 1636 2676 ad
1687 2621 1831 2678 hunc

232 2704 533 2779 montem],
569 2708 769 2776 quiest
804 2723 964 2779 super
991 2709 1248 2765 verticem
1280 2708 1543 2766 montium
1568 2711 1830 2779 elevatus,

238 2794 511 2853 auxilium
548 2799 650 2855 sibi
686 2815 805 2856 esse
833 2802 1154 2872 petendum,
1193 2804 1520 2874 sperandum
1564 2805 1833 2877 accipien-

237 2889 520 2960 dumque;
545 2891 666 2947 ideo
686 2889 764 2947 ait
790 2910 805 2948 :

318 2978 488 3036 Vens.
512 2980 566 3036 2.
592 3008 663 3023 ο--ι
695 2982 965 3038 Auxilium
990 3000 1160 3039 meum
1201 3004 1234 3041 a
1259 2986 1484 3042 Domino
1510 3026 1526 3053 ,
1585 2989 1674 3059 qui
1712 2988 1832 3059 fecit

237 3070 438 3124 caelum
472 3079 520 3125 et
549 3079 761 3126 terram.
780 3066 857 3128 Et
882 3073 1201 3131 subsecutus
1224 3076 1486 3145 adiunxit,
1510 3077 1733 3148 loquens
1763 3080 1832 3135 ad

239 3160 395 3217 illum
465 3172 701 3220 montem
756 3180 788 3220 a
842 3179 950 3237 quo
1003 3166 1106 3229 sibi
1167 3166 1386 3225 unicum
1440 3171 1682 3242 speravit
1727 3187 1827 3227 au-
1855 3210 1902 3273 Ω
1935 3169 2199 3218 suntcum
2228 3156 2463 3215 Christo-

237 3252 439 3308 xilium
469 3271 485 3308 :

308 3344 491 3399 Vens.
509 3345 563 3400 5.
586 3370 656 3386 -ι-
679 3344 803 3402 Non
824 3343 913 3403 des
942 3347 997 3404 in
1019 3350 1415 3405 commationem
1439 3351 1620 3422 pedem
1640 3368 1832 3420 meum,

237 3451 409 3505 neque
447 3434 696 3490 dormitet
722 3433 812 3508 qui
837 3439 1063 3494 custodit
1097 3449 1165 3494 te.
1195 3438 1303 3495 Fac
1332 3440 1545 3497 ﬁrmum
1573 3450 1719 3497 stare
1746 3459 1837 3514 pe-

178 3573 199 3583 ,
234 3521 361 3578 (lem
390 3521 561 3595 [Αἴθη
582 3538 670 3579 me
694 3525 847 3580 ﬁrmo
879 3535 1026 3581 stare
1048 3527 1208 3601 pede]
1235 3544 1413 3584 meum
1434 3529 1488 3585 in
1518 3531 1837 3587 ascensione

234 3612 436 3670 salutis
489 3629 645 3679 mea},
699 3610 751 3669 in
785 3617 1103 3672 humilitatis
1140 3619 1225 3673 vel
1270 3627 1433 3675 rectae
1470 3620 1594 3676 ﬁdei
1639 3621 1834 3692 gradu.

232 3701 316 3757 Ad
337 3701 745 3773 proﬁciendum
775 3705 1014 3762 charitas
1050 3709 1242 3778 pedem
1294 3716 1476 3765 movet
1506 3710 1597 3784 [ad
1641 3713 1841 3768 caden-

233 3788 365 3845 dum
409 3791 678 3861 superbia
713 3793 933 3866 movet].
967 3795 1135 3851 Recte
1174 3811 1304 3868 ergo
1354 3798 1455 3853 iste
1495 3799 1742 3865 audiens,
1783 3808 1842 3855 ut

235 3887 519 3942 ascendat
537 3892 594 3940 et
616 3901 722 3941 non
762 3887 939 3953 cadat,
964 3897 1026 3943 ut
1063 3888 1239 3945 incola
1296 3891 1347 3945 in
1374 3892 1513 3949 valle
1539 3891 1693 3964 [Μεη
1724 3903 1784 3949 ut
1808 3911 1839 3949 a

232 3973 525 4047 convalle]
547 3974 862 4045 plorationis
900 3979 1168 4049 proﬁciat,
1204 3998 1313 4036 non
1334 3982 1388 4038 in
1415 3992 1623 4040 tumore
1646 4001 1838 4057 super.

232 4064 337 4120 bim
375 4066 633 4133 deﬁciat,
665 4068 740 4121 ait
768 4068 996 4124 Domino
1053 4087 1067 4125 :
1121 4070 1206 4125 Ne
1242 4072 1333 4127 des
1360 4073 1416 4127 in
1447 4077 1840 4131 commotionem

234 4152 360 4226 [Ms.
390 4155 468 4209 ad
502 4155 836 4231 movendum]
879 4158 1059 4228 pedem
1085 4176 1275 4214 meum.
1313 4161 1381 4215 Et
1421 4160 1666 4224 Deus'ait
1705 4165 1779 4221 illi
1822 4185 1835 4220 :

234 4242 427 4316 Neque
461 4245 718 4300 dormitet
743 4248 832 4317 qui
864 4248 1106 4308 custodit.
1125 4258 1175 4304 te
1216 4265 1236 4305 :
1274 4252 1434 4309 crede
1480 4254 1538 4309 in
1576 4270 1701 4311 eum
1749 4257 1842 4328 qui

233 4349 541 4408 nunquam
563 4336 820 4393 dormitat
860 4337 1015 4411 μίση
1041 4340 1294 4415 dormiet]
1323 4341 1400 4415 [et
1440 4344 1529 4400 ille
1577 4347 1843 4403 custodiet

232 4426 330 4499 te].
371 4429 530 4495 Quis
557 4435 641 4482 est
667 4427 758 4483 ille
784 4428 950 4500 378
973 4430 1065 4500 qui
1109 4446 1384 4501 nunquam
1406 4433 1693 4502 dormitat,
1739 4438 1842 4493 nisi

233 4514 325 4570 ille
380 4518 455 4574 de
528 4531 635 4586 quo
698 4517 987 4589 Apostolus
1025 4520 1100 4575 ait
1164 4540 1177 4575 :
1229 4522 1375 4578 Mors
1430 4524 1509 4579 illi
1545 4526 1685 4582 ultra
1738 4545 1842 4584 non

229 4605 624 4663 dominabitur
653 4607 833 4680 (Rom.
878 4626 963 4677 v1,
1013 4610 1115 4684 9)?
1161 4611 1286 4670 Ideo
1320 4626 1711 4688 consequenter
1746 4620 1842 4675 ad-

234 4696 377 4752 didit
411 4715 427 4753 :

302 4791 489 4846 Vens.
537 4789 591 4844 4.
631 4817 702 4831 --
741 4789 877 4846 Ecce
900 4808 1004 4848 non
1037 4794 1359 4862 domitabit,
1409 4815 1570 4869 neque
1598 4800 1836 4865 dormiet,

233 4883 328 4949 qui
360 4882 614 4937 custodit
645 4880 836 4936 Israel.
882 4884 1012 4941 Esto
1044 4884 1231 4952 Israel,
1295 4888 1350 4943 id
1385 4896 1472 4943 est
1524 4889 1609 4944 vir
1650 4892 1840 4946 videns

235 4970 416 5028 Deum
436 5013 454 5038 ,
493 4973 555 5027 in
586 4971 693 5027 ﬁde
719 4980 775 5027 et
797 4973 1063 5030 charitate
1084 5015 1099 5040 ,
1132 4983 1188 5032 et
1213 4993 1487 5048 nunquam
1527 4980 1669 5037 illius
1715 4981 1842 5036 dor.

233 5064 374 5118 miet
397 5063 592 5135 gratia
630 5078 662 5118 a
702 5064 945 5120 custodia
976 5074 1067 5121 tua
1096 5084 1109 5120 :
1137 5074 1192 5122 et
1219 5071 1376 5138 quasi
1417 5070 1517 5125 iste
1540 5072 1842 5144 interroga—

232 5165 321 5210 ret
357 5170 427 5211 se
458 5152 625 5227 [Ms.,
652 5156 1083 5231 interrogasset],
1110 5160 1232 5229 quis
1259 5169 1346 5216 est
1368 5163 1458 5232 qui
1493 5179 1600 5219 non
1642 5166 1842 5221 dormi-

235 5245 366 5300 tat!
405 5246 636 5300 Dictum
671 5251 756 5298 est
788 5246 837 5300 ei
873 5263 886 5298 :

322 5346 492 5384 suae.
518 5348 580 5397 ,9.
609 5362 679 5372 --
706 5334 962 5391 Dominus
1009 5340 1233 5394 custodit
1259 5350 1326 5395 te.
1367 5342 1437 5397 Et
1454 5345 1723 5414 quomodo
1747 5361 1843 5400 cu-

233 5423 453 5481 stodiet
505 5424 607 5478 te?
671 5423 929 5481 Dominus
971 5430 1219 5499 protectio
1278 5442 1365 5486 tua
1416 5451 1571 5504 super
1628 5452 1843 5490 manum

232 5516 486 5570 dexterw
515 5523 645 5569 tua.
690 5514 878 5572 Manus
924 5527 1248 5588 potestatem
1272 5562 1287 5588 ,
1324 5524 1545 5579 dextera
1582 5534 1843 5581 aeternam

233 5606 587 5664 felicitatem
612 5608 899 5681 signiﬁcat.
933 5612 1191 5670 Dominus
1213 5616 1333 5692 [est]
1357 5621 1604 5691 protectio
1630 5631 1722 5676 tua
1755 5610 1843 5676 su-

230 5715 331 5769 per
345 5711 591 5752 manum
610 5697 834 5753 dexterae
862 5709 986 5765 tute,
1017 5701 1071 5755 id
1094 5712 1196 5769 est,
1232 5707 1276 5760 si
1303 5708 1595 5763 credideris
1623 5709 1675 5763 in
1696 5724 1840 5776 eum,

228 5796 505 5859 proteget
556 5794 607 5842 te
626 5829 643 5853 ,
669 5799 728 5844 ut
760 5798 1079 5858 potestatem
1121 5795 1321 5853 habeas
1346 5797 1402 5856 in
1447 5799 1667 5855 dextera
1688 5809 1842 5869 parte

1926 620 2057 674 tiam
2084 637 2096 673 :
2144 616 2343 683 Venite,
2373 619 2625 673 benedicti
2648 618 2826 673 Patris
2846 619 2964 682 mei,
2995 619 3241 690 percipite
3263 635 3503 691 regnum,

1924 719 1981 767 et
2006 712 2229 781 reliqua.
2253 711 2441 765 Adhuc
2460 711 2613 780 quasi
2637 710 2899 780 quaerenti
2920 712 3295 782 respondetur,
3319 712 3371 768 in
3398 732 3506 786 quo

1926 802 2191 858 custodiet
2212 816 2334 856 eum
2368 802 2662 857 Dominus?

2000 896 2162 950 Vens.
2191 893 2244 947 6.
2269 924 2340 933 —
2372 893 2474 948 Per
2503 894 2637 947 diem
2664 893 2742 947 sol
2779 911 2883 949 non
2920 905 3033 950 uret
3058 904 3107 950 te
3129 934 3144 961 ,
3186 912 3347 968 neque
3376 897 3506 953 luna

1930 1002 2024 1058 per
2062 994 2283 1039 noctem.
2318 982 2623 1056 [Dominus]
2646 984 2914 1039 custodiet
2954 993 3024 1049 te,
3082 985 3134 1040 id
3171 994 3291 1054 est,
3321 985 3377 1042 in
3403 987 3510 1045 ﬁde

1927 1084 2076 1130 recta
2105 1074 2340 1130 servabit
2368 1083 2420 1127 te
2439 1114 2453 1139 ,
2482 1073 2595 1128 sive
2628 1074 2682 1128 in
2711 1074 2927 1128 aeternis
2950 1113 2966 1139 ,
3006 1074 3119 1129 sive
3158 1075 3212 1130 in
3238 1082 3510 1148 tempora-

1925 1163 2094 1227 libus;
2144 1162 2259 1217 sive
2284 1162 2339 1216 in
2375 1161 2479 1216 ﬁde
2509 1169 2709 1217 sanctae
2744 1162 3045 1229 Trinitatis,
3077 1179 3197 1234 qua:
3239 1166 3331 1221 hic
3377 1166 3509 1222 solis
3548 1196 3549 1199 η

1929 1254 2146 1311 nomine
2173 1253 2524 1323 designatur;
2571 1252 2686 1309 sive
2724 1253 2779 1308 in
2831 1253 2938 1310 ﬁde
2994 1263 3197 1312 sanctae
3231 1256 3508 1323 Ecclesiae,

1927 1362 2048 1418 qua
2082 1349 2169 1402 hic
2193 1346 2331 1400 luna:
2370 1346 2585 1401 nomine
2616 1346 3016 1402 demonstratur
3065 1366 3079 1402 :
3130 1356 3191 1404 ut
3231 1364 3338 1405 non
3363 1358 3512 1406 erret

1927 1439 2013 1494 vel
2042 1438 2443 1494 scandalizetur
2489 1437 2623 1492 ﬁdes
2650 1446 2761 1492 tua.
2802 1435 2939 1492 Nam
2985 1439 3152 1495 motio
3197 1437 3313 1513 [F.,
3340 1440 3507 1516 ustio]

1929 1529 2241 1585 scandalum
2269 1527 2555 1599 signiﬁcat.
2591 1526 2745 1599 [Item
2784 1527 2890 1583 duo
2928 1537 3055 1583 sunt
3081 1540 3351 1602 praecepta
3374 1534 3509 1587 cha-

1930 1622 2129 1687 ritatis,
2155 1621 2209 1676 id
2242 1630 2329 1676 est
2358 1618 2452 1675 Dei
2475 1628 2530 1674 et
2556 1618 2835 1692 proximi.]
2880 1618 3137 1690 Quisquis
3171 1621 3336 1692 igitur
3364 1630 3516 1678 errat

1930 1713 1984 1768 in
2014 1713 2129 1784 ipsa
2156 1711 2458 1767 substantia
2481 1712 2749 1777 veritatis,
2774 1727 2804 1767 a
2823 1713 2935 1768 sole
2950 1714 3154 1779 uritur;
3176 1722 3232 1769 et
3248 1728 3349 1785 per
3369 1715 3513 1770 diem

1927 1805 2137 1868 uritur,
2170 1804 2297 1873 quia
2327 1803 2382 1858 in
2408 1803 2523 1874 ipsa
2551 1802 2812 1873 sapientia
2850 1811 3011 1860 errat.
3048 1805 3302 1873 Quisquis
3325 1806 3379 1860 in
3404 1805 3510 1860 Ec—

1926 1892 2093 1948 clesia
2122 1900 2178 1947 et
2205 1904 2371 1948 carne
2398 1892 2620 1959 Christi,
2654 1893 2745 1962 qui
2774 1901 2858 1947 est
2885 1900 3048 1964 caput
3094 1894 3371 1959 Ecclesiae,
3399 1909 3511 1950 non

1927 1982 2349 2049 scandalizatur,
2380 2000 2412 2038 a
2438 1983 2561 2039 luna
2603 2000 2711 2040 non
2747 1984 2944 2041 uritur.
2978 1984 3083 2040 Per
3107 1985 3245 2040 diem
3285 1983 3364 2040 sol
3406 2003 3512 2042 non

1926 2084 2042 2129 uret
2062 2084 2132 2139 te,
2165 2092 2327 2147 neque
2357 2073 2482 2130 luna
2515 2091 2607 2147 per
2628 2084 2848 2130 noctem.
2874 2076 3096 2144 Quare?
3125 2073 3261 2145 Quia

1998 2168 2159 2222 Vnus.
2183 2166 2235 2220 7.
2262 2194 2334 2208 --
2354 2166 2610 2221 Dominus
2638 2167 2860 2221 custodit
2883 2177 2933 2221 te
2959 2167 3022 2222 ab
3054 2168 3196 2221 omni
3230 2166 3393 2232 malo,
3420 2184 3510 2222 cu-

1927 2258 2118 2312 stodiat
2160 2258 2555 2312 animamtuam
2584 2256 2864 2310 Dominus.
2902 2255 2944 2310 A
2975 2256 3249 2311 scandulis
3292 2256 3345 2309 in
3376 2255 3512 2322 sole,

1929 2357 2033 2403 eta
2061 2347 2332 2404 scandulis
2360 2348 2414 2401 in
2436 2347 2585 2402 luna.
2614 2345 2698 2400 Ab
2720 2345 2868 2401 omni
2897 2345 3040 2401 malo
3067 2353 3121 2401 te
3164 2344 3419 2410 custodit,
3444 2321 3517 2399 id

1930 2444 2034 2501 est,
2060 2437 2297 2491 animam
2327 2445 2475 2492 tuam
2503 2437 2570 2491 ab
2590 2435 2738 2491 omni
2778 2434 3118 2502 inﬁdelitate,
3159 2443 3219 2490 ut
3267 2434 3383 2505 ipsa
3410 2449 3518 2489 non

1931 2529 2090 2585 cedat
2110 2528 2437 2594 inﬁdelibus,
2467 2542 2573 2583 non
2598 2525 2878 2598 frangatur
2898 2525 3350 2581 tribulationibus.

2003 2620 2167 2676 Vens.
2209 2622 2264 2677 8.
2294 2646 2366 2661 -~
2392 2619 2650 2674 Dominus
2691 2616 2953 2672 custodiat
2978 2618 3250 2672 introitum
3279 2626 3425 2671 tuum
3469 2624 3521 2671 et

1930 2712 2127 2767 exitum
2143 2719 2311 2776 tuum,
2328 2726 2392 2765 ea:
2407 2710 2504 2763 hoc
2524 2724 2660 2763 nunc
2681 2717 2729 2763 et
2754 2708 2982 2779 usquein
3004 2707 3275 2763 sreculum.
3293 2706 3518 2775 Quando

1930 2809 2226 2865 tentamur,
2282 2801 2588 2865 intramus;
2643 2798 2858 2868 quando
2904 2796 3169 2852 vincimus
3234 2795 3516 2869 [tentatio-

1932 2891 2099 2965 nem],
2129 2892 2338 2946 eximus
2362 2887 2557 2962 [Edit.,
2585 2903 2616 2943 a
2639 2888 2940 2944 tcntatione
2966 2884 3196 2961 eximus]
3217 2906 3227 2940 :
3245 2886 3515 2941 custodiat

1932 2996 2061 3052 ergo
2098 2996 2197 3037 nos
2227 2981 2492 3035 intrantes
2520 2980 2588 3034 ad
2622 2977 2781 3035 ﬁdem
2800 3018 2816 3045 ,
2844 2978 3112 3034 custodiat
3135 2993 3233 3033 nos
3258 2972 3518 3033 exeuntes

1934 3073 2001 3127 ad
2022 3072 2265 3143 prtemia,
2298 3071 2482 3126 ethoc
2513 3069 2568 3124 in
2595 3068 2849 3124 smculum
2887 3067 2976 3124 ubi
3026 3067 3200 3122 sancti
3244 3065 3521 3139 regnaturi

2417 3254 2740 3313 PSALMUS
2781 3251 2965 3312 CXXI.

2002 3348 2256 3407 Pervenit
2270 3349 2453 3419 itaque
2472 3348 2554 3402 vir
2572 3348 2675 3402 iste
2696 3347 2764 3402 ad
2788 3348 3002 3401 tertium
3033 3344 3365 3400 ascensionis
3384 3360 3507 3416 gra-

1934 3442 2093 3507 dum,
2129 3441 2183 3496 id
2209 3451 2291 3495 est
2320 3440 2373 3494 in
2402 3438 2724 3494 desiderium
2777 3435 3012 3492 cmlestis
3050 3433 3401 3501 Hierusalem,
3445 3435 3515 3489 a-l

1934 3546 2097 3601 quam
2128 3528 2229 3603 [in]
2250 3544 2346 3599 spe
2366 3528 2661 3583 ascendere
2692 3542 2751 3583 se
2777 3527 3066 3599 gaudebat,
3085 3525 3212 3581 licet
3236 3524 3411 3581 adhuc
3431 3525 3518 3580 hic

1936 3623 1991 3678 in
2024 3621 2253 3689 terrenis
2277 3620 2574 3685 laboraret;
2621 3617 2741 3673 ideo
2762 3618 2837 3673 ait
2868 3634 2882 3672 :

2006 3714 2169 3771 Vens.
2198 3714 2250 3768 1.
2271 3743 2343 3753 --
2363 3710 2594 3767 Lmtatus
2614 3712 2800 3766 suntin
2823 3712 2903 3765 Itis
2924 3723 3041 3783 qua:
3061 3709 3202 3764 dicta
3224 3718 3345 3763 sunt
3367 3708 3516 3776 mihi,

1935 3806 1992 3861 in
2010 3804 2222 3860 domum
2242 3803 2456 3858 Domini
2484 3802 2692 3857 ibimus.
2718 3801 2954 3857 Lictatus
2982 3816 3100 3858 sum
3133 3801 3185 3854 in
3215 3800 3516 3870 prophetis,

1937 3895 2149 3950 laetatus
2170 3908 2291 3955 sum
2313 3892 2367 3946 in
2391 3890 2668 3962 apostolis,
2697 3891 2806 3945 imo
2840 3890 2971 3953 etin
3010 3888 3263 3944 omnibus
3286 3887 3513 3953 sanctis,

1939 3989 2032 4059 qui
2059 3987 2192 4042 mihi
2220 3986 2440 4041 dicunt:
2473 3981 2540 4037 In
2566 3983 2779 4037 domum
2818 3980 3030 4036 Domini
3053 3979 3274 4041 ibimus;
3318 3978 3408 4049 qui
3439 3979 3520 4033 di—

1939 4083 2090 4140 cunt,
2113 4074 2332 4136 currite,
2371 4071 2623 4126 festinate
2658 4071 2712 4125 in
2742 4071 2956 4125 domum
2985 4066 3216 4133 Domini,
3244 4068 3297 4123 id
3323 4075 3430 4134 est,
3457 4066 3514 4122 in

1939 4163 2213 4221 caelestem
2245 4160 2577 4217 Hierusalem
2606 4168 2910 4232 properate.

2010 4255 2174 4329 Vens.
2211 4252 2265 4308 2.
2308 4279 2380 4293 --
2418 4251 2629 4308 Stantes
2657 4261 2807 4306 erant
2852 4248 3005 4323 pedes
3043 4246 3208 4304 nostri
3250 4250 3305 4303 in
3357 4250 3510 4304 atriis

1942 4347 2069 4412 tuis,
2101 4342 2452 4399 Hierusalem.
2484 4341 2719 4407 Stantes,
2761 4342 2815 4398 id
2852 4350 2937 4398 est
2963 4347 3381 4410 permanentes;
3429 4357 3518 4410 pe-

1943 4436 2033 4490 des
2054 4434 2240 4499 nostri,
2264 4432 2317 4488 id
2338 4440 2443 4499 est,
2462 4432 2684 4503 praemia
2704 4433 2969 4489 bonorum
2993 4446 3218 4501 operum
3247 4449 3261 4485 :
3289 4431 3344 4485 in
3368 4432 3520 4487 atriis

1870 4549 1922 4611 υ
1945 4527 2069 4590 tuis,
2104 4522 2435 4579 Hierusalem
2461 4563 2476 4591 ,
2511 4523 2566 4578 id
2589 4532 2700 4590 est,
2731 4524 2786 4578 in
2814 4523 3125 4579 ctelestibus
3170 4521 3520 4578 habitationi-

1943 4616 2065 4672 bus.
2094 4613 2248 4669 Atria
2297 4613 2428 4669 dicit
2477 4613 2672 4684 plurali
2702 4627 2925 4669 numero
2949 4654 2964 4679 ,
3018 4614 3137 4683 ipsa
3170 4611 3412 4669 Veritate
3436 4614 3519 4671 di—

1940 4717 2096 4765 cente
2128 4727 2141 4764 :
2172 4708 2239 4767 In
2270 4710 2424 4765 domo
2454 4710 2630 4766 Patris
2685 4712 2787 4766 mei
2823 4710 3001 4766 multa:
3048 4720 3170 4766 sunt
3224 4710 3521 4765 mansiones

1942 4801 2124 4873 (Joan.
2149 4813 2264 4867 xxv,
2293 4800 2370 4873 2).
2403 4802 2569 4869 Quasi
2600 4802 2703 4858 iste
2749 4810 2961 4858 amator
3004 4815 3236 4873 quaerat,
3285 4817 3406 4872 quae
3447 4801 3518 4856 sit

1941 4890 2044 4946 ista
2065 4890 2397 4947 Hierusalem
2423 4930 2439 4958 ,
2470 4891 2674 4947 dictum
2700 4899 2785 4948 est
2811 4891 2862 4948 ei
2896 4905 2912 4947 :

2012 4983 2176 5039 Vens.
2211 4983 2265 5038 ὅ.
2303 5012 2377 5024 --
2412 4981 2743 5039 Hierusalem
2761 5000 2878 5055 quae
2896 4980 3194 5054 aediﬁcatur
3212 4990 3270 5036 ut
3303 4981 3517 5044 civitas,

1941 5075 2093 5143 cuius
2126 5075 2453 5147 participatio
2491 5075 2605 5147 ejus
2645 5077 2702 5131 in
2733 5076 2980 5148 idipsum.
3016 5074 3371 5137 Hierusalem,
3399 5087 3519 5143 quas

1942 5183 2006 5222 ex
2030 5165 2167 5220 vivis
2191 5164 2458 5236 lapidibus
2476 5167 2839 5233 construitur;
2858 5182 2980 5238 quae
3002 5164 3298 5221 :ediﬁcatur
3308 5168 3368 5217 ut
3388 5161 3521 5217 civi—

1942 5265 2045 5322 tas,
2078 5271 2185 5311 non
2213 5257 2417 5313 terreni
2439 5257 2602 5327 regis,
2627 5258 2721 5315 sed
2743 5259 3008 5322 ccelestis;
3056 5271 3163 5313 non
3183 5254 3517 5326 temporalis,

1944 5348 2037 5402 sed
2068 5355 2268 5403 azterna
2313 5347 2670 5405 Hierusalem.
2725 5350 2891 5421 Cujus
2936 5347 3268 5421 participatio
3309 5347 3423 5418 ejus
3462 5347 3519 5402 in

1942 5438 2188 5509 idipsum.
2221 5437 2373 5506 Quod
2417 5455 2629 5510 semper
2662 5441 2801 5497 idem
2830 5448 2931 5505 est,
2980 5439 3211 5509 idipsum
3239 5446 3340 5494 est.
3384 5438 3518 5505 Quis

1943 5536 2048 5594 est,
2076 5529 2168 5599 qui
2202 5544 2414 5600 semper
2430 5532 2572 5588 idem
2599 5541 2683 5588 est
2703 5530 3025 5605 [Edit.Quid
3048 5538 3132 5587 est
3151 5531 3293 5603 quod
3305 5545 3518 5601 semper

1945 5618 2073 5695 est],
2100 5621 2203 5675 nisi
2231 5621 2389 5687 Deus,
2416 5623 2507 5693 qui
2530 5623 2698 5678 dixit:
2730 5622 2844 5693 Ego
2870 5622 2983 5677 sum
3009 5622 3098 5692 qui
3126 5637 3271 5687 sum;
3305 5620 3396 5691 qui
3417 5620 3518 5694 deo

1947 5712 2175 5777 scendit,
2206 5721 2265 5767 ut
2302 5714 2748 5780 ascenderemus;
2797 5715 2888 5784 qni
2936 5714 3279 5784 participavit
3319 5720 3520 5768 nostrae

1948 5804 2258 5867 mortalitati
2291 5802 2444 5874 [Ms.,
2488 5814 2670 5863 nostra
2720 5805 3069 5874 mortalitate]
3109 5805 3257 5879 (nam
3294 5804 3518 5859 Verbum
