  <div class='ocr_page' id='page_1' title='image "/cluster/home/n/w/nwhite01/storage/ocr_20150623/100/hvd.32044024239972/318.png"; bbox 0 0 4072 6340; ppageno 0'>
   <div class='ocr_carea' id='block_1_1' title="bbox 268 326 364 388">
    <p class='ocr_par' dir='ltr' id='par_1_1' title="bbox 268 326 364 388">
     <span class='ocr_line' id='line_1_1' title="bbox 268 326 364 388; baseline -0.042 0"><span class='ocrx_word' id='word_1_1' title='bbox 268 326 364 388; x_wconf 76' lang='lat'><strong>625</strong></span> 
     </span>
    </p>
   </div>
   <div class='ocr_carea' id='block_1_2' title="bbox 993 306 2707 387">
    <p class='ocr_par' dir='ltr' id='par_1_2' title="bbox 993 306 2707 387">
     <span class='ocr_line' id='line_1_2' title="bbox 993 306 2707 387; baseline -0.009 -7"><span class='ocrx_word' id='word_1_2' title='bbox 993 317 1403 387; x_wconf 65' lang='lat' dir='ltr'><strong>EXEGETICA,</strong></span> <span class='ocrx_word' id='word_1_3' title='bbox 1441 348 1513 361; x_wconf 84' lang='lat'><strong>--</strong></span> <span class='ocrx_word' id='word_1_4' title='bbox 1547 311 1906 373; x_wconf 76' lang='lat' dir='ltr'><strong>EXPOSITIO</strong></span> <span class='ocrx_word' id='word_1_5' title='bbox 1942 309 2010 367; x_wconf 74' lang='lat' dir='ltr'><strong>IN</strong></span> <span class='ocrx_word' id='word_1_6' title='bbox 2048 308 2241 366; x_wconf 73' lang='lat' dir='ltr'><strong>PSAL.</strong></span> <span class='ocrx_word' id='word_1_7' title='bbox 2281 306 2707 365; x_wconf 79' lang='lat' dir='ltr'><strong>GRADUALES.</strong></span> 
     </span>
    </p>
   </div>
   <div class='ocr_carea' id='block_1_3' title="bbox 3394 303 3505 362">
    <p class='ocr_par' dir='ltr' id='par_1_3' title="bbox 3394 303 3505 362">
     <span class='ocr_line' id='line_1_3' title="bbox 3394 303 3505 362; baseline -0.009 0"><span class='ocrx_word' id='word_1_8' title='bbox 3394 303 3505 362; x_wconf 71' lang='lat'><strong>626</strong></span> 
     </span>
    </p>
   </div>
   <div class='ocr_carea' id='block_1_4' title="bbox 269 419 3502 507">
    <p class='ocr_par' dir='ltr' id='par_1_4' title="bbox 269 419 3502 507">
     <span class='ocr_line' id='line_1_4' title="bbox 269 419 3502 507; baseline -0.007 -5"><span class='ocrx_word' id='word_1_9' title='bbox 269 455 389 507; x_wconf 87' lang='lat' dir='ltr'><strong>tate,</strong></span> <span class='ocrx_word' id='word_1_10' title='bbox 448 447 658 495; x_wconf 78' lang='lat' dir='ltr'><strong>amator</strong></span> <span class='ocrx_word' id='word_1_11' title='bbox 707 439 809 494; x_wconf 91' lang='lat' dir='ltr'><strong>iste</strong></span> <span class='ocrx_word' id='word_1_12' title='bbox 869 446 1042 503; x_wconf 89' lang='lat' dir='ltr'><strong>stans,</strong></span> <span class='ocrx_word' id='word_1_13' title='bbox 1094 438 1210 493; x_wconf 64' lang='lat' dir='ltr'><strong>haec</strong></span> <span class='ocrx_word' id='word_1_14' title='bbox 1250 432 1479 490; x_wconf 92' lang='lat' dir='ltr'><strong>dicendo</strong></span> <span class='ocrx_word' id='word_1_15' title='bbox 1536 429 1829 487; x_wconf 90' lang='lat' dir='ltr'><strong>decantat:</strong></span> <span class='ocrx_word' id='word_1_16' title='bbox 1861 430 1905 485; x_wconf 74' lang='grc' dir='ltr'><strong>Α</strong></span> <span class='ocrx_word' id='word_1_17' title='bbox 1937 424 2373 479; x_wconf 76' lang='lat' dir='ltr'><strong>servavimuszet</strong></span> <span class='ocrx_word' id='word_1_18' title='bbox 2392 422 2581 477; x_wconf 88' lang='lat' dir='ltr'><strong>melius</strong></span> <span class='ocrx_word' id='word_1_19' title='bbox 2604 419 2744 492; x_wconf 90' lang='lat' dir='ltr'><strong>quod</strong></span> <span class='ocrx_word' id='word_1_20' title='bbox 2769 419 2920 492; x_wconf 82' lang='lat' dir='ltr'><strong>[Ms.,</strong></span> <span class='ocrx_word' id='word_1_21' title='bbox 2945 420 3130 505; x_wconf 66' lang='lat' dir='ltr'><strong>quain]</strong></span> <span class='ocrx_word' id='word_1_22' title='bbox 3154 420 3502 491; x_wconf 84' lang='lat' dir='ltr'><strong>perdidimus,-</strong></span> 
     </span>
    </p>
   </div>
   <div class='ocr_carea' id='block_1_5' title="bbox 332 521 1830 601">
    <p class='ocr_par' dir='ltr' id='par_1_5' title="bbox 332 521 1830 601">
     <span class='ocr_line' id='line_1_5' title="bbox 332 521 1830 601; baseline -0.009 -14"><span class='ocrx_word' id='word_1_23' title='bbox 332 535 489 590; x_wconf 61' lang='grc' dir='ltr'><strong>νεεδ.</strong></span> <span class='ocrx_word' id='word_1_24' title='bbox 521 531 661 597; x_wconf 62' lang='grc'><strong>1,·2.</strong></span> <span class='ocrx_word' id='word_1_25' title='bbox 688 562 760 571; x_wconf 94' lang='grc'><strong><em>-</em></strong></span> <span class='ocrx_word' id='word_1_26' title='bbox 795 530 914 585; x_wconf 85' lang='lat' dir='ltr'><strong>Nisi</strong></span> <span class='ocrx_word' id='word_1_27' title='bbox 956 531 1080 601; x_wconf 84' lang='lat' dir='ltr'><strong>quia</strong></span> <span class='ocrx_word' id='word_1_28' title='bbox 1131 529 1384 583; x_wconf 88' lang='lat' dir='ltr'><strong>Dominus</strong></span> <span class='ocrx_word' id='word_1_29' title='bbox 1422 533 1532 581; x_wconf 88' lang='lat' dir='ltr'><strong>erat</strong></span> <span class='ocrx_word' id='word_1_30' title='bbox 1556 524 1612 579; x_wconf 90' lang='lat' dir='ltr'><strong>in</strong></span> <span class='ocrx_word' id='word_1_31' title='bbox 1662 521 1830 587; x_wconf 86' lang='lat' dir='ltr'><strong>nobis,</strong></span> 
     </span>
    </p>
   </div>
   <div class='ocr_carea' id='block_1_6' title="bbox 269 613 1830 692">
    <p class='ocr_par' dir='ltr' id='par_1_6' title="bbox 269 613 1830 692">
     <span class='ocr_line' id='line_1_6' title="bbox 269 613 1830 692; baseline -0.01 -11"><span class='ocrx_word' id='word_1_32' title='bbox 269 626 402 682; x_wconf 87' lang='lat' dir='ltr'><strong>dicat</strong></span> <span class='ocrx_word' id='word_1_33' title='bbox 425 638 561 677; x_wconf 87' lang='lat' dir='ltr'><strong>nunc</strong></span> <span class='ocrx_word' id='word_1_34' title='bbox 589 621 777 682; x_wconf 82' lang='lat' dir='ltr'><strong>Israel.</strong></span> <span class='ocrx_word' id='word_1_35' title='bbox 832 622 931 675; x_wconf 88' lang='lat' dir='ltr'><strong>nisi</strong></span> <span class='ocrx_word' id='word_1_36' title='bbox 975 621 1099 692; x_wconf 90' lang='lat' dir='ltr'><strong>quia</strong></span> <span class='ocrx_word' id='word_1_37' title='bbox 1122 619 1378 674; x_wconf 80' lang='lat' dir='ltr'><strong>Dominus</strong></span> <span class='ocrx_word' id='word_1_38' title='bbox 1432 615 1622 671; x_wconf 87' lang='lat' dir='ltr'><strong>eratin</strong></span> <span class='ocrx_word' id='word_1_39' title='bbox 1663 613 1830 667; x_wconf 87' lang='lat' dir='ltr'><strong>nobis.</strong></span> 
     </span>
    </p>
   </div>
   <div class='ocr_carea' id='block_1_7' title="bbox 270 705 1837 781">
    <p class='ocr_par' dir='ltr' id='par_1_7' title="bbox 270 705 1837 781">
     <span class='ocr_line' id='line_1_7' title="bbox 270 705 1837 781; baseline -0.011 -7"><span class='ocrx_word' id='word_1_40' title='bbox 270 716 381 774; x_wconf 77' lang='lat' dir='ltr'><strong>Vox</strong></span> <span class='ocrx_word' id='word_1_41' title='bbox 407 715 512 769; x_wconf 89' lang='lat' dir='ltr'><strong>ista</strong></span> <span class='ocrx_word' id='word_1_42' title='bbox 558 721 867 768; x_wconf 83' lang='lat' dir='ltr'><strong>sanctorum</strong></span> <span class='ocrx_word' id='word_1_43' title='bbox 916 712 1029 767; x_wconf 85' lang='lat' dir='ltr'><strong>sive</strong></span> <span class='ocrx_word' id='word_1_44' title='bbox 1077 719 1391 781; x_wconf 84' lang='lat' dir='ltr'><strong>martyrum,</strong></span> <span class='ocrx_word' id='word_1_45' title='bbox 1444 708 1557 761; x_wconf 84' lang='lat' dir='ltr'><strong>sive</strong></span> <span class='ocrx_word' id='word_1_46' title='bbox 1607 705 1837 760; x_wconf 82' lang='lat' dir='ltr'><strong>tribula-</strong></span> 
     </span>
    </p>
   </div>
   <div class='ocr_carea' id='block_1_8' title="bbox 268 795 1838 871">
    <p class='ocr_par' dir='ltr' id='par_1_8' title="bbox 268 795 1838 871">
     <span class='ocr_line' id='line_1_8' title="bbox 268 795 1838 871; baseline -0.008 -12"><span class='ocrx_word' id='word_1_47' title='bbox 268 806 440 862; x_wconf 88' lang='lat' dir='ltr'><strong>tiones</strong></span> <span class='ocrx_word' id='word_1_48' title='bbox 460 803 514 857; x_wconf 90' lang='lat' dir='ltr'><strong>in</strong></span> <span class='ocrx_word' id='word_1_49' title='bbox 547 803 652 857; x_wconf 88' lang='lat' dir='ltr'><strong>hoc</strong></span> <span class='ocrx_word' id='word_1_50' title='bbox 674 803 872 857; x_wconf 63' lang='lat' dir='ltr'><strong>saeculo</strong></span> <span class='ocrx_word' id='word_1_51' title='bbox 897 801 1212 871; x_wconf 90' lang='lat' dir='ltr'><strong>patientium</strong></span> <span class='ocrx_word' id='word_1_52' title='bbox 1247 798 1463 861; x_wconf 75' lang='lat' dir='ltr'><strong>existit;</strong></span> <span class='ocrx_word' id='word_1_53' title='bbox 1511 795 1663 864; x_wconf 90' lang='lat' dir='ltr'><strong>quasi</strong></span> <span class='ocrx_word' id='word_1_54' title='bbox 1692 795 1838 848; x_wconf 92' lang='lat' dir='ltr'><strong>dice-</strong></span> 
     </span>
    </p>
   </div>
   <div class='ocr_carea' id='block_1_9' title="bbox 268 886 1835 956">
    <p class='ocr_par' dir='ltr' id='par_1_9' title="bbox 268 886 1835 956">
     <span class='ocr_line' id='line_1_9' title="bbox 268 886 1835 956; baseline -0.007 -8"><span class='ocrx_word' id='word_1_55' title='bbox 268 900 389 948; x_wconf 88' lang='lat' dir='ltr'><strong>ret:</strong></span> <span class='ocrx_word' id='word_1_56' title='bbox 431 891 537 947; x_wconf 84' lang='lat' dir='ltr'><strong>nisi</strong></span> <span class='ocrx_word' id='word_1_57' title='bbox 576 892 833 947; x_wconf 87' lang='lat' dir='ltr'><strong>Dominus</strong></span> <span class='ocrx_word' id='word_1_58' title='bbox 858 892 1013 945; x_wconf 86' lang='lat' dir='ltr'><strong>nobis</strong></span> <span class='ocrx_word' id='word_1_59' title='bbox 1038 898 1181 944; x_wconf 88' lang='lat' dir='ltr'><strong>esset</strong></span> <span class='ocrx_word' id='word_1_60' title='bbox 1223 886 1453 956; x_wconf 85' lang='lat' dir='ltr'><strong>adjutor,</strong></span> <span class='ocrx_word' id='word_1_61' title='bbox 1494 900 1835 954; x_wconf 80' lang='lat' dir='ltr'><strong>nequaquam</strong></span> 
     </span>
    </p>
   </div>
   <div class='ocr_carea' id='block_1_10' title="bbox 266 976 1839 1051">
    <p class='ocr_par' dir='ltr' id='par_1_10' title="bbox 266 976 1839 1051">
     <span class='ocr_line' id='line_1_10' title="bbox 266 976 1839 1051; baseline -0.009 -10"><span class='ocrx_word' id='word_1_62' title='bbox 266 985 360 1041; x_wconf 84' lang='lat' dir='ltr'><strong>has</strong></span> <span class='ocrx_word' id='word_1_63' title='bbox 386 985 778 1049; x_wconf 86' lang='lat' dir='ltr'><strong>tribulationes,</strong></span> <span class='ocrx_word' id='word_1_64' title='bbox 830 992 887 1037; x_wconf 89' lang='lat' dir='ltr'><strong>et</strong></span> <span class='ocrx_word' id='word_1_65' title='bbox 923 982 1024 1037; x_wconf 87' lang='lat' dir='ltr'><strong>has</strong></span> <span class='ocrx_word' id='word_1_66' title='bbox 1047 980 1346 1051; x_wconf 75' lang='lat' dir='ltr'><strong>passiones,</strong></span> <span class='ocrx_word' id='word_1_67' title='bbox 1373 985 1427 1031; x_wconf 91' lang='lat' dir='ltr'><strong>et</strong></span> <span class='ocrx_word' id='word_1_68' title='bbox 1462 976 1561 1030; x_wconf 88' lang='lat' dir='ltr'><strong>has</strong></span> <span class='ocrx_word' id='word_1_69' title='bbox 1585 989 1839 1044; x_wconf 86' lang='lat' dir='ltr'><strong>perseeu-</strong></span> 
     </span>
    </p>
   </div>
   <div class='ocr_carea' id='block_1_11' title="bbox 264 1066 1840 1145">
    <p class='ocr_par' dir='ltr' id='par_1_11' title="bbox 264 1066 1840 1145">
     <span class='ocr_line' id='line_1_11' title="bbox 264 1066 1840 1145; baseline -0.01 -11"><span class='ocrx_word' id='word_1_70' title='bbox 264 1076 441 1134; x_wconf 84' lang='lat' dir='ltr'><strong>tiones</strong></span> <span class='ocrx_word' id='word_1_71' title='bbox 489 1077 755 1132; x_wconf 89' lang='lat' dir='ltr'><strong>sustinere</strong></span> <span class='ocrx_word' id='word_1_72' title='bbox 805 1074 1205 1145; x_wconf 87' lang='lat' dir='ltr'><strong>potuissemus;</strong></span> <span class='ocrx_word' id='word_1_73' title='bbox 1250 1071 1342 1126; x_wconf 87' lang='lat' dir='ltr'><strong>sed</strong></span> <span class='ocrx_word' id='word_1_74' title='bbox 1366 1067 1492 1137; x_wconf 84' lang='lat' dir='ltr'><strong>quia</strong></span> <span class='ocrx_word' id='word_1_75' title='bbox 1526 1066 1617 1120; x_wconf 90' lang='lat' dir='ltr'><strong>ille</strong></span> <span class='ocrx_word' id='word_1_76' title='bbox 1641 1066 1695 1121; x_wconf 92' lang='lat' dir='ltr'><strong>in</strong></span> <span class='ocrx_word' id='word_1_77' title='bbox 1741 1080 1840 1120; x_wconf 90' lang='lat' dir='ltr'><strong>no-</strong></span> 
     </span>
    </p>
   </div>
   <div class='ocr_carea' id='block_1_12' title="bbox 263 1155 1836 1234">
    <p class='ocr_par' dir='ltr' id='par_1_12' title="bbox 263 1155 1836 1234">
     <span class='ocr_line' id='line_1_12' title="bbox 263 1155 1836 1234; baseline -0.01 -8"><span class='ocrx_word' id='word_1_78' title='bbox 263 1169 345 1226; x_wconf 88' lang='lat' dir='ltr'><strong>bis</strong></span> <span class='ocrx_word' id='word_1_79' title='bbox 390 1177 496 1233; x_wconf 87' lang='lat' dir='ltr'><strong>est,</strong></span> <span class='ocrx_word' id='word_1_80' title='bbox 543 1164 701 1222; x_wconf 81' lang='lat' dir='ltr'><strong>facile</strong></span> <span class='ocrx_word' id='word_1_81' title='bbox 737 1166 917 1220; x_wconf 87' lang='lat' dir='ltr'><strong>omnia</strong></span> <span class='ocrx_word' id='word_1_82' title='bbox 954 1163 1284 1234; x_wconf 87' lang='lat' dir='ltr'><strong>pertransire</strong></span> <span class='ocrx_word' id='word_1_83' title='bbox 1320 1162 1581 1224; x_wconf 85' lang='lat' dir='ltr'><strong>valemus,</strong></span> <span class='ocrx_word' id='word_1_84' title='bbox 1634 1171 1753 1227; x_wconf 63' lang='lat' dir='ltr'><strong>quae</strong></span> <span class='ocrx_word' id='word_1_85' title='bbox 1781 1155 1836 1210; x_wconf 90' lang='lat' dir='ltr'><strong>in</strong></span> 
     </span>
    </p>
   </div>
   <div class='ocr_carea' id='block_1_13' title="bbox 263 1251 1835 1316">
    <p class='ocr_par' dir='ltr' id='par_1_13' title="bbox 263 1251 1835 1316">
     <span class='ocr_line' id='line_1_13' title="bbox 263 1251 1835 1316; baseline -0.011 0"><span class='ocrx_word' id='word_1_86' title='bbox 263 1261 363 1316; x_wconf 85' lang='lat' dir='ltr'><strong>hoc</strong></span> <span class='ocrx_word' id='word_1_87' title='bbox 389 1257 588 1314; x_wconf 65' lang='lat' dir='ltr'><strong>saeculo</strong></span> <span class='ocrx_word' id='word_1_88' title='bbox 614 1257 749 1311; x_wconf 90' lang='lat' dir='ltr'><strong>dura</strong></span> <span class='ocrx_word' id='word_1_89' title='bbox 772 1255 1042 1310; x_wconf 79' lang='lat' dir='ltr'><strong>videntur.</strong></span> <span class='ocrx_word' id='word_1_90' title='bbox 1070 1254 1181 1309; x_wconf 83' lang='lat' dir='ltr'><strong>Hoc</strong></span> <span class='ocrx_word' id='word_1_91' title='bbox 1214 1254 1359 1309; x_wconf 85' lang='lat' dir='ltr'><strong>dicat</strong></span> <span class='ocrx_word' id='word_1_92' title='bbox 1394 1251 1582 1315; x_wconf 86' lang='lat' dir='ltr'><strong>Israel,</strong></span> <span class='ocrx_word' id='word_1_93' title='bbox 1613 1251 1714 1305; x_wconf 92' lang='lat' dir='ltr'><strong>hoc</strong></span> <span class='ocrx_word' id='word_1_94' title='bbox 1731 1255 1835 1312; x_wconf 87' lang='lat' dir='ltr'><strong>est,</strong></span> 
     </span>
    </p>
   </div>
   <div class='ocr_carea' id='block_1_14' title="bbox 259 1342 1837 1417">
    <p class='ocr_par' dir='ltr' id='par_1_14' title="bbox 259 1342 1837 1417">
     <span class='ocr_line' id='line_1_14' title="bbox 259 1342 1837 1417; baseline -0.007 -12"><span class='ocrx_word' id='word_1_95' title='bbox 259 1350 345 1405; x_wconf 83' lang='lat' dir='ltr'><strong>vir</strong></span> <span class='ocrx_word' id='word_1_96' title='bbox 360 1350 552 1405; x_wconf 88' lang='lat' dir='ltr'><strong>videns</strong></span> <span class='ocrx_word' id='word_1_97' title='bbox 577 1350 744 1403; x_wconf 88' lang='lat' dir='ltr'><strong>Deum</strong></span> <span class='ocrx_word' id='word_1_98' title='bbox 805 1348 909 1402; x_wconf 88' lang='lat' dir='ltr'><strong>hoc</strong></span> <span class='ocrx_word' id='word_1_99' title='bbox 942 1347 1161 1417; x_wconf 80' lang='lat' dir='ltr'><strong>cogitet,</strong></span> <span class='ocrx_word' id='word_1_100' title='bbox 1200 1346 1327 1415; x_wconf 84' lang='lat' dir='ltr'><strong>quia</strong></span> <span class='ocrx_word' id='word_1_101' title='bbox 1357 1345 1497 1398; x_wconf 91' lang='lat' dir='ltr'><strong>Deus</strong></span> <span class='ocrx_word' id='word_1_102' title='bbox 1533 1342 1646 1397; x_wconf 65' lang='lat' dir='ltr'><strong>haec</strong></span> <span class='ocrx_word' id='word_1_103' title='bbox 1673 1355 1837 1411; x_wconf 84' lang='lat' dir='ltr'><strong>opera</strong></span> 
     </span>
    </p>
   </div>
   <div class='ocr_carea' id='block_1_15' title="bbox 261 1435 1837 1516">
    <p class='ocr_par' dir='ltr' id='par_1_15' title="bbox 261 1435 1837 1516">
     <span class='ocr_line' id='line_1_15' title="bbox 261 1435 1837 1516; baseline -0.006 -21"><span class='ocrx_word' id='word_1_104' title='bbox 261 1440 419 1516; x_wconf 70' lang='lat' dir='ltr'><strong>[Ms.,</strong></span> <span class='ocrx_word' id='word_1_105' title='bbox 467 1442 569 1495; x_wconf 88' lang='lat' dir='ltr'><strong>hoc</strong></span> <span class='ocrx_word' id='word_1_106' title='bbox 616 1437 801 1512; x_wconf 88' lang='lat' dir='ltr'><strong>opere]</strong></span> <span class='ocrx_word' id='word_1_107' title='bbox 847 1439 899 1493; x_wconf 92' lang='lat' dir='ltr'><strong>in</strong></span> <span class='ocrx_word' id='word_1_108' title='bbox 951 1436 1044 1493; x_wconf 92' lang='lat' dir='ltr'><strong>illo</strong></span> <span class='ocrx_word' id='word_1_109' title='bbox 1100 1437 1351 1505; x_wconf 81' lang='lat' dir='ltr'><strong>complet.</strong></span> <span class='ocrx_word' id='word_1_110' title='bbox 1411 1435 1550 1489; x_wconf 85' lang='lat' dir='ltr'><strong>Dum</strong></span> <span class='ocrx_word' id='word_1_111' title='bbox 1598 1435 1837 1503; x_wconf 84' lang='lat' dir='ltr'><strong>insurge-</strong></span> 
     </span>
    </p>
   </div>
   <div class='ocr_carea' id='block_1_16' title="bbox 257 1525 1832 1599">
    <p class='ocr_par' dir='ltr' id='par_1_16' title="bbox 257 1525 1832 1599">
     <span class='ocr_line' id='line_1_16' title="bbox 257 1525 1832 1599; baseline -0.006 -13"><span class='ocrx_word' id='word_1_112' title='bbox 257 1541 369 1586; x_wconf 83' lang='lat' dir='ltr'><strong>rent</strong></span> <span class='ocrx_word' id='word_1_113' title='bbox 427 1531 658 1585; x_wconf 77' lang='lat' dir='ltr'><strong>homines</strong></span> <span class='ocrx_word' id='word_1_114' title='bbox 714 1530 769 1584; x_wconf 90' lang='lat' dir='ltr'><strong>in</strong></span> <span class='ocrx_word' id='word_1_115' title='bbox 825 1546 940 1593; x_wconf 87' lang='lat' dir='ltr'><strong>nos,</strong></span> <span class='ocrx_word' id='word_1_116' title='bbox 980 1528 1115 1599; x_wconf 79' lang='lat' dir='ltr'><strong>forte</strong></span> <span class='ocrx_word' id='word_1_117' title='bbox 1164 1528 1301 1581; x_wconf 77' lang='lat' dir='ltr'><strong>vivos</strong></span> <span class='ocrx_word' id='word_1_118' title='bbox 1346 1525 1680 1596; x_wconf 83' lang='lat' dir='ltr'><strong>deglutissent</strong></span> <span class='ocrx_word' id='word_1_119' title='bbox 1719 1539 1832 1577; x_wconf 89' lang='lat' dir='ltr'><strong>nos.</strong></span> 
     </span>
    </p>
   </div>
   <div class='ocr_carea' id='block_1_17' title="bbox 251 1615 1838 1688">
    <p class='ocr_par' dir='ltr' id='par_1_17' title="bbox 251 1615 1838 1688">
     <span class='ocr_line' id='line_1_17' title="bbox 251 1615 1838 1688; baseline -0.006 -10"><span class='ocrx_word' id='word_1_120' title='bbox 251 1621 337 1678; x_wconf 73' lang='lat' dir='ltr'><strong>&#39;Ad</strong></span> <span class='ocrx_word' id='word_1_121' title='bbox 357 1622 726 1677; x_wconf 78' lang='lat' dir='ltr'><strong>devorandum</strong></span> <span class='ocrx_word' id='word_1_122' title='bbox 756 1636 873 1683; x_wconf 90' lang='lat' dir='ltr'><strong>nos,</strong></span> <span class='ocrx_word' id='word_1_123' title='bbox 926 1627 981 1674; x_wconf 90' lang='lat' dir='ltr'><strong>et</strong></span> <span class='ocrx_word' id='word_1_124' title='bbox 1006 1619 1158 1688; x_wconf 90' lang='lat' dir='ltr'><strong>quasi</strong></span> <span class='ocrx_word' id='word_1_125' title='bbox 1198 1619 1350 1673; x_wconf 80' lang='lat' dir='ltr'><strong>vivos</strong></span> <span class='ocrx_word' id='word_1_126' title='bbox 1398 1615 1731 1688; x_wconf 82' lang='lat' dir='ltr'><strong>glutiendum</strong></span> <span class='ocrx_word' id='word_1_127' title='bbox 1755 1616 1838 1669; x_wconf 84' lang='lat' dir='ltr'><strong>in-</strong></span> 
     </span>
    </p>
   </div>
   <div class='ocr_carea' id='block_1_18' title="bbox 255 1706 1836 1781">
    <p class='ocr_par' dir='ltr' id='par_1_18' title="bbox 255 1706 1836 1781">
     <span class='ocr_line' id='line_1_18' title="bbox 255 1706 1836 1781; baseline -0.006 -13"><span class='ocrx_word' id='word_1_128' title='bbox 255 1713 574 1781; x_wconf 83' lang='lat' dir='ltr'><strong>surgebant.</strong></span> <span class='ocrx_word' id='word_1_129' title='bbox 614 1709 744 1778; x_wconf 85' lang='lat' dir='ltr'><strong>Quis</strong></span> <span class='ocrx_word' id='word_1_130' title='bbox 771 1711 964 1764; x_wconf 87' lang='lat' dir='ltr'><strong>horum</strong></span> <span class='ocrx_word' id='word_1_131' title='bbox 993 1717 1102 1763; x_wconf 88' lang='lat' dir='ltr'><strong>tam</strong></span> <span class='ocrx_word' id='word_1_132' title='bbox 1129 1709 1394 1762; x_wconf 87' lang='lat' dir='ltr'><strong>immanes</strong></span> <span class='ocrx_word' id='word_1_133' title='bbox 1419 1716 1475 1761; x_wconf 91' lang='lat' dir='ltr'><strong>et</strong></span> <span class='ocrx_word' id='word_1_134' title='bbox 1494 1715 1607 1761; x_wconf 89' lang='lat' dir='ltr'><strong>tam</strong></span> <span class='ocrx_word' id='word_1_135' title='bbox 1657 1706 1836 1760; x_wconf 89' lang='lat' dir='ltr'><strong>immi-</strong></span> 
     </span>
    </p>
   </div>
   <div class='ocr_carea' id='block_1_19' title="bbox 1936 504 3504 583">
    <p class='ocr_par' dir='ltr' id='par_1_19' title="bbox 1936 504 3504 583">
     <span class='ocr_line' id='line_1_19' title="bbox 1936 504 3504 583; baseline -0.003 -12"><span class='ocrx_word' id='word_1_136' title='bbox 1936 515 2139 571; x_wconf 70' lang='lat' dir='ltr'><strong>inventi</strong></span> <span class='ocrx_word' id='word_1_137' title='bbox 2168 529 2372 578; x_wconf 89' lang='lat' dir='ltr'><strong>sumus,</strong></span> <span class='ocrx_word' id='word_1_138' title='bbox 2402 515 2517 583; x_wconf 83' lang='lat' dir='ltr'><strong>ipsa</strong></span> <span class='ocrx_word' id='word_1_139' title='bbox 2540 514 2750 568; x_wconf 80' lang='lat' dir='ltr'><strong>dicente</strong></span> <span class='ocrx_word' id='word_1_140' title='bbox 2779 504 3017 568; x_wconf 77' lang='lat' dir='ltr'><strong>Veritate</strong></span> <span class='ocrx_word' id='word_1_141' title='bbox 3046 530 3058 564; x_wconf 90' lang='lat'><strong>:</strong></span> <span class='ocrx_word' id='word_1_142' title='bbox 3090 510 3194 577; x_wconf 83' lang='lat' dir='ltr'><strong>Qui</strong></span> <span class='ocrx_word' id='word_1_143' title='bbox 3220 512 3504 582; x_wconf 77' lang='lat' dir='ltr'><strong>perdiderit</strong></span> 
     </span>
    </p>
   </div>
   <div class='ocr_carea' id='block_1_20' title="bbox 1934 599 3503 671">
    <p class='ocr_par' dir='ltr' id='par_1_20' title="bbox 1934 599 3503 671">
     <span class='ocr_line' id='line_1_20' title="bbox 1934 599 3503 671; baseline -0.001 -15"><span class='ocrx_word' id='word_1_144' title='bbox 1934 603 2167 657; x_wconf 85' lang='lat' dir='ltr'><strong>animam</strong></span> <span class='ocrx_word' id='word_1_145' title='bbox 2214 618 2364 655; x_wconf 87' lang='lat' dir='ltr'><strong>suam</strong></span> <span class='ocrx_word' id='word_1_146' title='bbox 2386 610 2594 671; x_wconf 78' lang='lat' dir='ltr'><strong>propter</strong></span> <span class='ocrx_word' id='word_1_147' title='bbox 2616 615 2696 654; x_wconf 87' lang='lat' dir='ltr'><strong>me</strong></span> <span class='ocrx_word' id='word_1_148' title='bbox 2725 600 2945 654; x_wconf 83' lang='lat' dir='ltr'><strong>inveniet</strong></span> <span class='ocrx_word' id='word_1_149' title='bbox 2967 615 3105 654; x_wconf 81' lang='lat' dir='ltr'><strong>eam.</strong></span> <span class='ocrx_word' id='word_1_150' title='bbox 3135 599 3203 654; x_wconf 83' lang='lat' dir='ltr'><strong>Et</strong></span> <span class='ocrx_word' id='word_1_151' title='bbox 3228 600 3388 669; x_wconf 86' lang='lat' dir='ltr'><strong>hujus</strong></span> <span class='ocrx_word' id='word_1_152' title='bbox 3408 601 3503 655; x_wconf 82' lang='lat' dir='ltr'><strong>ad~</strong></span> 
     </span>
    </p>
   </div>
   <div class='ocr_carea' id='block_1_21' title="bbox 1934 692 3506 763">
    <p class='ocr_par' dir='ltr' id='par_1_21' title="bbox 1934 692 3506 763">
     <span class='ocr_line' id='line_1_21' title="bbox 1934 692 3506 763; baseline -0.001 -15"><span class='ocrx_word' id='word_1_153' title='bbox 1934 693 2254 749; x_wconf 87' lang='lat' dir='ltr'><strong>hortationis</strong></span> <span class='ocrx_word' id='word_1_154' title='bbox 2281 700 2335 748; x_wconf 89' lang='lat' dir='ltr'><strong>et</strong></span> <span class='ocrx_word' id='word_1_155' title='bbox 2361 692 2652 763; x_wconf 64' lang='lat' dir='ltr'><strong>patientiae,</strong></span> <span class='ocrx_word' id='word_1_156' title='bbox 2702 699 2756 747; x_wconf 90' lang='lat' dir='ltr'><strong>et</strong></span> <span class='ocrx_word' id='word_1_157' title='bbox 2786 692 2997 747; x_wconf 87' lang='lat' dir='ltr'><strong>roboris</strong></span> <span class='ocrx_word' id='word_1_158' title='bbox 3065 692 3187 760; x_wconf 86' lang='lat' dir='ltr'><strong>quis</strong></span> <span class='ocrx_word' id='word_1_159' title='bbox 3208 699 3293 747; x_wconf 90' lang='lat' dir='ltr'><strong>est</strong></span> <span class='ocrx_word' id='word_1_160' title='bbox 3316 700 3506 749; x_wconf 83' lang='lat' dir='ltr'><strong>auctor</strong></span> 
     </span>
    </p>
   </div>
   <div class='ocr_carea' id='block_1_22' title="bbox 1936 781 3503 858">
    <p class='ocr_par' dir='ltr' id='par_1_22' title="bbox 1936 781 3503 858">
     <span class='ocr_line' id='line_1_22' title="bbox 1936 781 3503 858; baseline 0 -20"><span class='ocrx_word' id='word_1_161' title='bbox 1936 782 2089 858; x_wconf 79' lang='lat' dir='ltr'><strong>[Ms.,</strong></span> <span class='ocrx_word' id='word_1_162' title='bbox 2151 783 2324 856; x_wconf 89' lang='lat' dir='ltr'><strong>actor]</strong></span> <span class='ocrx_word' id='word_1_163' title='bbox 2384 784 2569 858; x_wconf 18' lang='lat'><strong>381»</strong></span> <span class='ocrx_word' id='word_1_164' title='bbox 2602 784 2654 837; x_wconf 93' lang='lat' dir='ltr'><strong>in</strong></span> <span class='ocrx_word' id='word_1_165' title='bbox 2706 783 2882 847; x_wconf 88' lang='lat' dir='ltr'><strong>nobis,</strong></span> <span class='ocrx_word' id='word_1_166' title='bbox 2929 782 3032 838; x_wconf 89' lang='lat' dir='ltr'><strong>nisi</strong></span> <span class='ocrx_word' id='word_1_167' title='bbox 3088 783 3178 838; x_wconf 89' lang='lat' dir='ltr'><strong>ille</strong></span> <span class='ocrx_word' id='word_1_168' title='bbox 3226 784 3318 852; x_wconf 87' lang='lat' dir='ltr'><strong>qui</strong></span> <span class='ocrx_word' id='word_1_169' title='bbox 3374 781 3503 839; x_wconf 85' lang='lat' dir='ltr'><strong>fecit</strong></span> 
     </span>
    </p>
   </div>
   <div class='ocr_carea' id='block_1_23' title="bbox 1936 856 3511 945">
    <p class='ocr_par' dir='ltr' id='par_1_23' title="bbox 1936 856 3511 945">
     <span class='ocr_line' id='line_1_23' title="bbox 1936 856 3511 945; baseline -0.001 -14"><span class='ocrx_word' id='word_1_170' title='bbox 1936 856 2190 931; x_wconf 72' lang='lat' dir='ltr'><strong>cmlumet</strong></span> <span class='ocrx_word' id='word_1_171' title='bbox 2220 874 2463 928; x_wconf 74' lang='lat' dir='ltr'><strong>terram?</strong></span> <span class='ocrx_word' id='word_1_172' title='bbox 2484 856 2599 943; x_wconf 71' lang='lat' dir='ltr'><strong>Ipse</strong></span> <span class='ocrx_word' id='word_1_173' title='bbox 2614 873 2706 943; x_wconf 90' lang='lat' dir='ltr'><strong>qui</strong></span> <span class='ocrx_word' id='word_1_174' title='bbox 2724 872 2869 938; x_wconf 86' lang='lat' dir='ltr'><strong>fecit,</strong></span> <span class='ocrx_word' id='word_1_175' title='bbox 2897 874 3012 943; x_wconf 88' lang='lat' dir='ltr'><strong>ipse</strong></span> <span class='ocrx_word' id='word_1_176' title='bbox 3038 875 3291 940; x_wconf 86' lang='lat' dir='ltr'><strong>redemit;</strong></span> <span class='ocrx_word' id='word_1_177' title='bbox 3319 883 3373 930; x_wconf 93' lang='lat' dir='ltr'><strong>et</strong></span> <span class='ocrx_word' id='word_1_178' title='bbox 3396 875 3511 945; x_wconf 84' lang='lat' dir='ltr'><strong>ipso</strong></span> 
     </span>
    </p>
   </div>
   <div class='ocr_carea' id='block_1_24' title="bbox 1935 964 3510 1037">
    <p class='ocr_par' dir='ltr' id='par_1_24' title="bbox 1935 964 3510 1037">
     <span class='ocr_line' id='line_1_24' title="bbox 1935 964 3510 1037; baseline 0 -17"><span class='ocrx_word' id='word_1_179' title='bbox 1935 968 2027 1037; x_wconf 85' lang='lat' dir='ltr'><strong>qui</strong></span> <span class='ocrx_word' id='word_1_180' title='bbox 2051 967 2294 1030; x_wconf 76' lang='lat' dir='ltr'><strong>redemit,</strong></span> <span class='ocrx_word' id='word_1_181' title='bbox 2318 964 2431 1035; x_wconf 91' lang='lat' dir='ltr'><strong>ipse</strong></span> <span class='ocrx_word' id='word_1_182' title='bbox 2458 971 2765 1019; x_wconf 89' lang='lat' dir='ltr'><strong>remunerat</strong></span> <span class='ocrx_word' id='word_1_183' title='bbox 2797 981 2810 1017; x_wconf 92' lang='lat'><strong>:</strong></span> <span class='ocrx_word' id='word_1_184' title='bbox 2860 964 2959 1034; x_wconf 88' lang='lat' dir='ltr'><strong>ipsi</strong></span> <span class='ocrx_word' id='word_1_185' title='bbox 2986 964 3214 1020; x_wconf 84' lang='lat' dir='ltr'><strong>dicimus</strong></span> <span class='ocrx_word' id='word_1_186' title='bbox 3252 978 3510 1036; x_wconf 83' lang='lat' dir='ltr'><strong>semper:</strong></span> 
     </span>
    </p>
   </div>
   <div class='ocr_carea' id='block_1_25' title="bbox 1936 1052 3507 1126">
    <p class='ocr_par' dir='ltr' id='par_1_25' title="bbox 1936 1052 3507 1126">
     <span class='ocr_line' id='line_1_25' title="bbox 1936 1052 3507 1126; baseline 0 -16"><span class='ocrx_word' id='word_1_187' title='bbox 1936 1056 2279 1126; x_wconf 79' lang='lat' dir='ltr'><strong>Adjutorium</strong></span> <span class='ocrx_word' id='word_1_188' title='bbox 2312 1065 2548 1109; x_wconf 87' lang='lat' dir='ltr'><strong>nostrum</strong></span> <span class='ocrx_word' id='word_1_189' title='bbox 2592 1055 2648 1108; x_wconf 88' lang='lat' dir='ltr'><strong>in</strong></span> <span class='ocrx_word' id='word_1_190' title='bbox 2688 1052 2909 1109; x_wconf 78' lang='lat' dir='ltr'><strong>nomine</strong></span> <span class='ocrx_word' id='word_1_191' title='bbox 2955 1053 3189 1117; x_wconf 83' lang='lat' dir='ltr'><strong>Domini,</strong></span> <span class='ocrx_word' id='word_1_192' title='bbox 3248 1056 3336 1125; x_wconf 91' lang='lat' dir='ltr'><strong>qui</strong></span> <span class='ocrx_word' id='word_1_193' title='bbox 3385 1055 3507 1125; x_wconf 77' lang='lat' dir='ltr'><strong>fecit</strong></span> 
     </span>
    </p>
   </div>
   <div class='ocr_carea' id='block_1_26' title="bbox 1937 1144 3444 1216">
    <p class='ocr_par' dir='ltr' id='par_1_26' title="bbox 1937 1144 3444 1216">
     <span class='ocr_line' id='line_1_26' title="bbox 1937 1144 3444 1216; baseline -0.003 -14"><span class='ocrx_word' id='word_1_194' title='bbox 1937 1144 2120 1202; x_wconf 70' lang='lat' dir='ltr'><strong>coelum</strong></span> <span class='ocrx_word' id='word_1_195' title='bbox 2178 1154 2227 1201; x_wconf 87' lang='lat' dir='ltr'><strong>et</strong></span> <span class='ocrx_word' id='word_1_196' title='bbox 2279 1155 2471 1199; x_wconf 87' lang='lat' dir='ltr'><strong>terram</strong></span> <span class='ocrx_word' id='word_1_197' title='bbox 2487 1146 2641 1214; x_wconf 74' lang='lat' dir='ltr'><strong>(vers.</strong></span> <span class='ocrx_word' id='word_1_198' title='bbox 2666 1144 2742 1216; x_wconf 92' lang='lat'><strong>8).</strong></span> <span class='ocrx_word' id='word_1_199' title='bbox 3414 1190 3444 1214; x_wconf 74' lang='grc'><em>,</em></span> 
     </span>
    </p>
   </div>
   <div class='ocr_carea' id='block_1_27' title="bbox 2428 1235 3013 1293">
    <p class='ocr_par' dir='ltr' id='par_1_27' title="bbox 2428 1235 3013 1293">
     <span class='ocr_line' id='line_1_27' title="bbox 2428 1235 3013 1293; baseline 0 -3"><span class='ocrx_word' id='word_1_200' title='bbox 2428 1236 2749 1293; x_wconf 83' lang='lat' dir='ltr'><strong>PSALMUS</strong></span> <span class='ocrx_word' id='word_1_201' title='bbox 2783 1235 3013 1291; x_wconf 74' lang='lat' dir='ltr'><strong>CXXIV.</strong></span> 
     </span>
    </p>
   </div>
   <div class='ocr_carea' id='block_1_28' title="bbox 2006 1325 3514 1397">
    <p class='ocr_par' dir='ltr' id='par_1_28' title="bbox 2006 1325 3514 1397">
     <span class='ocr_line' id='line_1_28' title="bbox 2006 1325 3514 1397; baseline -0.001 -14"><span class='ocrx_word' id='word_1_202' title='bbox 2006 1328 2163 1383; x_wconf 79' lang='lat' dir='ltr'><strong>Modo</strong></span> <span class='ocrx_word' id='word_1_203' title='bbox 2205 1326 2392 1397; x_wconf 89' lang='lat' dir='ltr'><strong>incipit</strong></span> <span class='ocrx_word' id='word_1_204' title='bbox 2429 1327 2496 1382; x_wconf 93' lang='lat' dir='ltr'><strong>de</strong></span> <span class='ocrx_word' id='word_1_205' title='bbox 2520 1326 2810 1381; x_wconf 84' lang='lat' dir='ltr'><strong>stabilitate</strong></span> <span class='ocrx_word' id='word_1_206' title='bbox 2833 1334 3046 1381; x_wconf 65' lang='lat' dir='ltr'><strong>aetemaz</strong></span> <span class='ocrx_word' id='word_1_207' title='bbox 3091 1325 3388 1383; x_wconf 78' lang='lat' dir='ltr'><strong>Jerusalem</strong></span> <span class='ocrx_word' id='word_1_208' title='bbox 3430 1330 3514 1383; x_wconf 84' lang='lat' dir='ltr'><strong>di-</strong></span> 
     </span>
    </p>
   </div>
   <div class='ocr_carea' id='block_1_29' title="bbox 1936 1415 3514 1489">
    <p class='ocr_par' dir='ltr' id='par_1_29' title="bbox 1936 1415 3514 1489">
     <span class='ocr_line' id='line_1_29' title="bbox 1936 1415 3514 1489; baseline -0.001 -16"><span class='ocrx_word' id='word_1_209' title='bbox 1936 1433 2083 1480; x_wconf 86' lang='lat' dir='ltr'><strong>cere,</strong></span> <span class='ocrx_word' id='word_1_210' title='bbox 2113 1424 2167 1470; x_wconf 90' lang='lat' dir='ltr'><strong>et</strong></span> <span class='ocrx_word' id='word_1_211' title='bbox 2195 1417 2260 1471; x_wconf 89' lang='lat' dir='ltr'><strong>de</strong></span> <span class='ocrx_word' id='word_1_212' title='bbox 2286 1415 2498 1471; x_wconf 90' lang='lat' dir='ltr'><strong>illorum</strong></span> <span class='ocrx_word' id='word_1_213' title='bbox 2519 1415 2715 1471; x_wconf 89' lang='lat' dir='ltr'><strong>ﬁducia</strong></span> <span class='ocrx_word' id='word_1_214' title='bbox 2739 1424 2797 1470; x_wconf 89' lang='lat' dir='ltr'><strong>et</strong></span> <span class='ocrx_word' id='word_1_215' title='bbox 2816 1416 3106 1471; x_wconf 81' lang='lat' dir='ltr'><strong>stabilitate</strong></span> <span class='ocrx_word' id='word_1_216' title='bbox 3145 1415 3298 1489; x_wconf 63' lang='grc' dir='ltr'><strong>[δίδη</strong></span> <span class='ocrx_word' id='word_1_217' title='bbox 3330 1417 3514 1473; x_wconf 86' lang='lat' dir='ltr'><strong>solidi-</strong></span> 
     </span>
    </p>
   </div>
   <div class='ocr_carea' id='block_1_30' title="bbox 1936 1506 3513 1582">
    <p class='ocr_par' dir='ltr' id='par_1_30' title="bbox 1936 1506 3513 1582">
     <span class='ocr_line' id='line_1_30' title="bbox 1936 1506 3513 1582; baseline -0.002 -18"><span class='ocrx_word' id='word_1_218' title='bbox 1936 1509 2093 1582; x_wconf 87' lang='lat' dir='ltr'><strong>tate],</strong></span> <span class='ocrx_word' id='word_1_219' title='bbox 2126 1509 2216 1580; x_wconf 90' lang='lat' dir='ltr'><strong>qui</strong></span> <span class='ocrx_word' id='word_1_220' title='bbox 2247 1509 2315 1563; x_wconf 88' lang='lat' dir='ltr'><strong>ad</strong></span> <span class='ocrx_word' id='word_1_221' title='bbox 2339 1523 2457 1562; x_wconf 89' lang='lat' dir='ltr'><strong>eam</strong></span> <span class='ocrx_word' id='word_1_222' title='bbox 2490 1514 2601 1562; x_wconf 88' lang='lat' dir='ltr'><strong>toto</strong></span> <span class='ocrx_word' id='word_1_223' title='bbox 2638 1507 2907 1561; x_wconf 88' lang='lat' dir='ltr'><strong>desiderio</strong></span> <span class='ocrx_word' id='word_1_224' title='bbox 2934 1506 3209 1573; x_wconf 83' lang='lat' dir='ltr'><strong>festinant,</strong></span> <span class='ocrx_word' id='word_1_225' title='bbox 3240 1509 3513 1564; x_wconf 87' lang='lat' dir='ltr'><strong>dicentes:</strong></span> 
     </span>
    </p>
   </div>
   <div class='ocr_carea' id='block_1_31' title="bbox 2008 1597 3595 1667">
    <p class='ocr_par' dir='ltr' id='par_1_31' title="bbox 2008 1597 3595 1667">
     <span class='ocr_line' id='line_1_31' title="bbox 2008 1597 3595 1667; baseline -0.001 -12"><span class='ocrx_word' id='word_1_226' title='bbox 2008 1601 2171 1656; x_wconf 73' lang='lat' dir='ltr'><strong>Vens.</strong></span> <span class='ocrx_word' id='word_1_227' title='bbox 2206 1600 2256 1653; x_wconf 78' lang='lat' dir='ltr'><strong>i.</strong></span> <span class='ocrx_word' id='word_1_228' title='bbox 2284 1630 2355 1641; x_wconf 84' lang='lat'><strong>-—</strong></span> <span class='ocrx_word' id='word_1_229' title='bbox 2387 1598 2489 1665; x_wconf 74' lang='lat' dir='ltr'><strong>Qui</strong></span> <span class='ocrx_word' id='word_1_230' title='bbox 2532 1597 2799 1667; x_wconf 85' lang='lat' dir='ltr'><strong>conﬁdunt</strong></span> <span class='ocrx_word' id='word_1_231' title='bbox 2838 1598 2894 1651; x_wconf 87' lang='lat' dir='ltr'><strong>in</strong></span> <span class='ocrx_word' id='word_1_232' title='bbox 2936 1597 3158 1651; x_wconf 83' lang='lat' dir='ltr'><strong>Domino</strong></span> <span class='ocrx_word' id='word_1_233' title='bbox 3197 1599 3331 1652; x_wconf 88' lang='lat' dir='ltr'><strong>sicut</strong></span> <span class='ocrx_word' id='word_1_234' title='bbox 3362 1614 3516 1657; x_wconf 84' lang='lat' dir='ltr'><strong>mons</strong></span> <span class='ocrx_word' id='word_1_235' title='bbox 3586 1622 3595 1627; x_wconf 57' lang='grc' dir='ltr'><em>α</em></span> 
     </span>
    </p>
   </div>
   <div class='ocr_carea' id='block_1_32' title="bbox 1938 1687 3518 1757">
    <p class='ocr_par' dir='ltr' id='par_1_32' title="bbox 1938 1687 3518 1757">
     <span class='ocr_line' id='line_1_32' title="bbox 1938 1687 3518 1757; baseline -0.001 -13"><span class='ocrx_word' id='word_1_236' title='bbox 1938 1688 2090 1755; x_wconf 82' lang='lat' dir='ltr'><strong>Sion,</strong></span> <span class='ocrx_word' id='word_1_237' title='bbox 2132 1705 2235 1743; x_wconf 89' lang='lat' dir='ltr'><strong>non</strong></span> <span class='ocrx_word' id='word_1_238' title='bbox 2265 1687 2668 1742; x_wconf 81' lang='lat' dir='ltr'><strong>commovebitur</strong></span> <span class='ocrx_word' id='word_1_239' title='bbox 2696 1688 2751 1740; x_wconf 88' lang='lat' dir='ltr'><strong>in</strong></span> <span class='ocrx_word' id='word_1_240' title='bbox 2793 1696 3043 1741; x_wconf 65' lang='lat' dir='ltr'><strong>a&#39;ternum</strong></span> <span class='ocrx_word' id='word_1_241' title='bbox 3066 1727 3080 1751; x_wconf 97' lang='lat'><strong>,</strong></span> <span class='ocrx_word' id='word_1_242' title='bbox 3111 1688 3199 1757; x_wconf 87' lang='lat' dir='ltr'><strong>qui</strong></span> <span class='ocrx_word' id='word_1_243' title='bbox 3226 1688 3427 1742; x_wconf 78' lang='lat' dir='ltr'><strong>habitat</strong></span> <span class='ocrx_word' id='word_1_244' title='bbox 3462 1689 3518 1742; x_wconf 81' lang='lat' dir='ltr'><strong>in</strong></span> 
     </span>
    </p>
   </div>
   <div class='ocr_carea' id='block_1_33' title="bbox 252 1777 1839 1875">
    <p class='ocr_par' dir='ltr' id='par_1_33' title="bbox 252 1796 1830 1875">
     <span class='ocr_line' id='line_1_33' title="bbox 252 1796 1830 1875; baseline -0.005 -15"><span class='ocrx_word' id='word_1_245' title='bbox 252 1813 338 1860; x_wconf 82' lang='lat' dir='ltr'><strong>tes</strong></span> <span class='ocrx_word' id='word_1_246' title='bbox 364 1804 770 1875; x_wconf 86' lang='lat' dir='ltr'><strong>persecutiones</strong></span> <span class='ocrx_word' id='word_1_247' title='bbox 818 1803 1128 1864; x_wconf 83' lang='lat' dir='ltr'><strong>sustineret,</strong></span> <span class='ocrx_word' id='word_1_248' title='bbox 1151 1800 1253 1854; x_wconf 91' lang='lat' dir='ltr'><strong>nisi</strong></span> <span class='ocrx_word' id='word_1_249' title='bbox 1288 1799 1545 1853; x_wconf 89' lang='lat' dir='ltr'><strong>Dominus</strong></span> <span class='ocrx_word' id='word_1_250' title='bbox 1590 1796 1830 1867; x_wconf 73' lang='lat' dir='ltr'><strong>adiuvis-</strong></span> 
     </span>
    </p>
   </div>
   <div class='ocr_carea' id='block_1_34' title="bbox 1940 1777 3517 1875">
    <p class='ocr_par' dir='ltr' id='par_1_34' title="bbox 1940 1777 3517 1850">
     <span class='ocr_line' id='line_1_34' title="bbox 1940 1777 3517 1850; baseline -0.003 -14"><span class='ocrx_word' id='word_1_251' title='bbox 1940 1782 2245 1837; x_wconf 73' lang='lat' dir='ltr'><strong>Ierusalem.</strong></span> <span class='ocrx_word' id='word_1_252' title='bbox 2271 1780 2432 1835; x_wconf 85' lang='lat' dir='ltr'><strong>Fides</strong></span> <span class='ocrx_word' id='word_1_253' title='bbox 2456 1794 2575 1850; x_wconf 68' lang='lat' dir='ltr'><strong>quae</strong></span> <span class='ocrx_word' id='word_1_254' title='bbox 2592 1779 2659 1833; x_wconf 89' lang='lat' dir='ltr'><strong>ad</strong></span> <span class='ocrx_word' id='word_1_255' title='bbox 2687 1777 2853 1833; x_wconf 90' lang='lat' dir='ltr'><strong>Deum</strong></span> <span class='ocrx_word' id='word_1_256' title='bbox 2879 1787 2982 1843; x_wconf 90' lang='lat' dir='ltr'><strong>est,</strong></span> <span class='ocrx_word' id='word_1_257' title='bbox 3007 1779 3251 1833; x_wconf 88' lang='lat' dir='ltr'><strong>stabilem</strong></span> <span class='ocrx_word' id='word_1_258' title='bbox 3281 1778 3412 1834; x_wconf 81' lang='lat' dir='ltr'><strong>facit</strong></span> <span class='ocrx_word' id='word_1_259' title='bbox 3434 1779 3517 1833; x_wconf 90' lang='lat' dir='ltr'><strong>vi-</strong></span> 
     </span>
    </p>
   </div>
   <div class='ocr_carea' id='block_1_35' title="bbox 252 1887 1836 1966">
    <p class='ocr_par' dir='ltr' id='par_1_35' title="bbox 252 1887 1836 1966">
     <span class='ocr_line' id='line_1_35' title="bbox 252 1887 1836 1966; baseline -0.007 -14"><span class='ocrx_word' id='word_1_260' title='bbox 252 1904 499 1964; x_wconf 82' lang='lat' dir='ltr'><strong>seteos,</strong></span> <span class='ocrx_word' id='word_1_261' title='bbox 549 1894 643 1966; x_wconf 87' lang='lat' dir='ltr'><strong>qui</strong></span> <span class='ocrx_word' id='word_1_262' title='bbox 670 1908 945 1964; x_wconf 88' lang='lat' dir='ltr'><strong>nunquam</strong></span> <span class='ocrx_word' id='word_1_263' title='bbox 994 1890 1318 1961; x_wconf 86' lang='lat' dir='ltr'><strong>derelinqnit</strong></span> <span class='ocrx_word' id='word_1_264' title='bbox 1364 1898 1643 1959; x_wconf 86' lang='lat' dir='ltr'><strong>sperantes</strong></span> <span class='ocrx_word' id='word_1_265' title='bbox 1666 1889 1719 1941; x_wconf 92' lang='lat' dir='ltr'><strong>in</strong></span> <span class='ocrx_word' id='word_1_266' title='bbox 1745 1887 1836 1942; x_wconf 85' lang='lat' dir='ltr'><strong>se?</strong></span> 
     </span>
    </p>
   </div>
   <div class='ocr_carea' id='block_1_36' title="bbox 249 1979 1835 2059">
    <p class='ocr_par' dir='ltr' id='par_1_36' title="bbox 249 1979 1835 2059">
     <span class='ocr_line' id='line_1_36' title="bbox 249 1979 1835 2059; baseline -0.005 -17"><span class='ocrx_word' id='word_1_267' title='bbox 249 1988 428 2059; x_wconf 82' lang='lat' dir='ltr'><strong>Igitur</strong></span> <span class='ocrx_word' id='word_1_268' title='bbox 455 1988 510 2041; x_wconf 89' lang='lat' dir='ltr'><strong>in</strong></span> <span class='ocrx_word' id='word_1_269' title='bbox 549 1986 727 2057; x_wconf 91' lang='lat' dir='ltr'><strong>primo</strong></span> <span class='ocrx_word' id='word_1_270' title='bbox 760 1984 964 2055; x_wconf 85' lang='lat' dir='ltr'><strong>psalmo</strong></span> <span class='ocrx_word' id='word_1_271' title='bbox 993 1982 1271 2039; x_wconf 88' lang='lat' dir='ltr'><strong>Graduum</strong></span> <span class='ocrx_word' id='word_1_272' title='bbox 1312 1980 1379 2035; x_wconf 88' lang='lat' dir='ltr'><strong>de</strong></span> <span class='ocrx_word' id='word_1_273' title='bbox 1420 1981 1605 2035; x_wconf 84' lang='lat' dir='ltr'><strong>dolosa</strong></span> <span class='ocrx_word' id='word_1_274' title='bbox 1654 1979 1835 2049; x_wconf 83' lang='lat' dir='ltr'><strong>lingua</strong></span> 
     </span>
    </p>
   </div>
   <div class='ocr_carea' id='block_1_37' title="bbox 252 2075 1829 2139">
    <p class='ocr_par' dir='ltr' id='par_1_37' title="bbox 252 2075 1829 2139">
     <span class='ocr_line' id='line_1_37' title="bbox 252 2075 1829 2139; baseline -0.007 -5"><span class='ocrx_word' id='word_1_275' title='bbox 252 2087 311 2134; x_wconf 85' lang='lat' dir='ltr'><strong>et</strong></span> <span class='ocrx_word' id='word_1_276' title='bbox 348 2077 551 2133; x_wconf 88' lang='lat' dir='ltr'><strong>blanda</strong></span> <span class='ocrx_word' id='word_1_277' title='bbox 575 2076 891 2131; x_wconf 88' lang='lat' dir='ltr'><strong>seductione</strong></span> <span class='ocrx_word' id='word_1_278' title='bbox 916 2089 974 2130; x_wconf 91' lang='lat' dir='ltr'><strong>se</strong></span> <span class='ocrx_word' id='word_1_279' title='bbox 1003 2075 1291 2129; x_wconf 89' lang='lat' dir='ltr'><strong>liberatum</strong></span> <span class='ocrx_word' id='word_1_280' title='bbox 1316 2087 1436 2139; x_wconf 88' lang='lat' dir='ltr'><strong>esse</strong></span> <span class='ocrx_word' id='word_1_281' title='bbox 1463 2080 1690 2126; x_wconf 79' lang='lat' dir='ltr'><strong>testatus</strong></span> <span class='ocrx_word' id='word_1_282' title='bbox 1718 2079 1829 2136; x_wconf 87' lang='lat' dir='ltr'><strong>est;</strong></span> 
     </span>
    </p>
   </div>
   <div class='ocr_carea' id='block_1_38' title="bbox 248 2162 1837 2239">
    <p class='ocr_par' dir='ltr' id='par_1_38' title="bbox 248 2162 1837 2239">
     <span class='ocr_line' id='line_1_38' title="bbox 248 2162 1837 2239; baseline -0.004 -16"><span class='ocrx_word' id='word_1_283' title='bbox 248 2180 403 2224; x_wconf 79' lang='lat' dir='ltr'><strong>nunc</strong></span> <span class='ocrx_word' id='word_1_284' title='bbox 432 2174 611 2222; x_wconf 86' lang='lat' dir='ltr'><strong>autem</strong></span> <span class='ocrx_word' id='word_1_285' title='bbox 642 2165 746 2239; x_wconf 84' lang='lat' dir='ltr'><strong>[in]</strong></span> <span class='ocrx_word' id='word_1_286' title='bbox 770 2167 875 2221; x_wconf 92' lang='lat' dir='ltr'><strong>hoc</strong></span> <span class='ocrx_word' id='word_1_287' title='bbox 911 2165 1120 2236; x_wconf 85' lang='lat' dir='ltr'><strong>psalmo</strong></span> <span class='ocrx_word' id='word_1_288' title='bbox 1138 2165 1204 2220; x_wconf 92' lang='lat' dir='ltr'><strong>de</strong></span> <span class='ocrx_word' id='word_1_289' title='bbox 1234 2172 1419 2233; x_wconf 88' lang='lat' dir='ltr'><strong>aperta</strong></span> <span class='ocrx_word' id='word_1_290' title='bbox 1458 2162 1837 2232; x_wconf 86' lang='lat' dir='ltr'><strong>persecutione</strong></span> 
     </span>
    </p>
   </div>
   <div class='ocr_carea' id='block_1_39' title="bbox 249 2248 1839 2323">
    <p class='ocr_par' dir='ltr' id='par_1_39' title="bbox 249 2248 1839 2323">
     <span class='ocr_line' id='line_1_39' title="bbox 249 2248 1839 2323; baseline -0.004 -15"><span class='ocrx_word' id='word_1_291' title='bbox 249 2267 313 2309; x_wconf 79' lang='lat' dir='ltr'><strong>se</strong></span> <span class='ocrx_word' id='word_1_292' title='bbox 337 2253 677 2323; x_wconf 83' lang='lat' dir='ltr'><strong>redemptum</strong></span> <span class='ocrx_word' id='word_1_293' title='bbox 700 2266 821 2306; x_wconf 87' lang='lat' dir='ltr'><strong>esse</strong></span> <span class='ocrx_word' id='word_1_294' title='bbox 852 2266 951 2321; x_wconf 92' lang='lat' dir='ltr'><strong>per</strong></span> <span class='ocrx_word' id='word_1_295' title='bbox 974 2251 1069 2305; x_wconf 91' lang='lat' dir='ltr'><strong>Dei</strong></span> <span class='ocrx_word' id='word_1_296' title='bbox 1090 2259 1146 2304; x_wconf 88' lang='lat' dir='ltr'><strong>et</strong></span> <span class='ocrx_word' id='word_1_297' title='bbox 1174 2249 1387 2303; x_wconf 87' lang='lat' dir='ltr'><strong>Domini</strong></span> <span class='ocrx_word' id='word_1_298' title='bbox 1411 2248 1839 2302; x_wconf 89' lang='lat' dir='ltr'><strong>misericordiam</strong></span> 
     </span>
    </p>
   </div>
   <div class='ocr_carea' id='block_1_40' title="bbox 245 2340 1840 2415">
    <p class='ocr_par' dir='ltr' id='par_1_40' title="bbox 245 2340 1840 2415">
     <span class='ocr_line' id='line_1_40' title="bbox 245 2340 1840 2415; baseline -0.007 -12"><span class='ocrx_word' id='word_1_299' title='bbox 245 2354 499 2412; x_wconf 83' lang='lat' dir='ltr'><strong>enarrat,</strong></span> <span class='ocrx_word' id='word_1_300' title='bbox 537 2353 803 2415; x_wconf 85' lang='lat' dir='ltr'><strong>quatenus</strong></span> <span class='ocrx_word' id='word_1_301' title='bbox 829 2357 882 2399; x_wconf 89' lang='lat' dir='ltr'><strong>et</strong></span> <span class='ocrx_word' id='word_1_302' title='bbox 916 2343 1204 2412; x_wconf 85' lang='lat' dir='ltr'><strong>spiritales,</strong></span> <span class='ocrx_word' id='word_1_303' title='bbox 1253 2348 1309 2397; x_wconf 92' lang='lat' dir='ltr'><strong>et</strong></span> <span class='ocrx_word' id='word_1_304' title='bbox 1355 2342 1665 2411; x_wconf 87' lang='lat' dir='ltr'><strong>corporales</strong></span> <span class='ocrx_word' id='word_1_305' title='bbox 1723 2340 1840 2393; x_wconf 84' lang='lat' dir='ltr'><strong>vin-</strong></span> 
     </span>
    </p>
   </div>
   <div class='ocr_carea' id='block_1_41' title="bbox 242 2429 1838 2506">
    <p class='ocr_par' dir='ltr' id='par_1_41' title="bbox 242 2429 1838 2506">
     <span class='ocr_line' id='line_1_41' title="bbox 242 2429 1838 2506; baseline -0.008 -12"><span class='ocrx_word' id='word_1_306' title='bbox 242 2444 408 2494; x_wconf 86' lang='lat' dir='ltr'><strong>ceret</strong></span> <span class='ocrx_word' id='word_1_307' title='bbox 431 2434 858 2506; x_wconf 88' lang='lat' dir='ltr'><strong>persecutiones,</strong></span> <span class='ocrx_word' id='word_1_308' title='bbox 890 2433 974 2488; x_wconf 82' lang='lat' dir='ltr'><strong>vel</strong></span> <span class='ocrx_word' id='word_1_309' title='bbox 1000 2434 1054 2487; x_wconf 92' lang='lat' dir='ltr'><strong>in</strong></span> <span class='ocrx_word' id='word_1_310' title='bbox 1081 2431 1291 2487; x_wconf 89' lang='lat' dir='ltr'><strong>occulta</strong></span> <span class='ocrx_word' id='word_1_311' title='bbox 1320 2431 1638 2493; x_wconf 88' lang='lat' dir='ltr'><strong>tentatione,</strong></span> <span class='ocrx_word' id='word_1_312' title='bbox 1668 2429 1753 2483; x_wconf 85' lang='lat' dir='ltr'><strong>vel</strong></span> <span class='ocrx_word' id='word_1_313' title='bbox 1783 2429 1838 2483; x_wconf 91' lang='lat' dir='ltr'><strong>in</strong></span> 
     </span>
    </p>
   </div>
   <div class='ocr_carea' id='block_1_42' title="bbox 245 2519 1840 2597">
    <p class='ocr_par' dir='ltr' id='par_1_42' title="bbox 245 2519 1840 2597">
     <span class='ocr_line' id='line_1_42' title="bbox 245 2519 1840 2597; baseline -0.005 -15"><span class='ocrx_word' id='word_1_314' title='bbox 245 2533 450 2597; x_wconf 81' lang='lat' dir='ltr'><strong>aperta</strong></span> <span class='ocrx_word' id='word_1_315' title='bbox 503 2524 895 2596; x_wconf 89' lang='lat' dir='ltr'><strong>persecutione.</strong></span> <span class='ocrx_word' id='word_1_316' title='bbox 952 2522 1105 2589; x_wconf 83' lang='lat' dir='ltr'><strong>Quod</strong></span> <span class='ocrx_word' id='word_1_317' title='bbox 1134 2536 1264 2575; x_wconf 90' lang='lat' dir='ltr'><strong>vero</strong></span> <span class='ocrx_word' id='word_1_318' title='bbox 1312 2521 1365 2574; x_wconf 91' lang='lat' dir='ltr'><strong>in</strong></span> <span class='ocrx_word' id='word_1_319' title='bbox 1402 2519 1840 2574; x_wconf 81' lang='lat' dir='ltr'><strong>antecedentibus</strong></span> 
     </span>
    </p>
   </div>
   <div class='ocr_carea' id='block_1_43' title="bbox 246 2607 1836 2689">
    <p class='ocr_par' dir='ltr' id='par_1_43' title="bbox 246 2607 1836 2689">
     <span class='ocr_line' id='line_1_43' title="bbox 246 2607 1836 2689; baseline -0.009 -15"><span class='ocrx_word' id='word_1_320' title='bbox 246 2618 491 2689; x_wconf 82' lang='lat' dir='ltr'><strong>psalmis</strong></span> <span class='ocrx_word' id='word_1_321' title='bbox 518 2617 672 2686; x_wconf 89' lang='lat' dir='ltr'><strong>quasi</strong></span> <span class='ocrx_word' id='word_1_322' title='bbox 694 2629 1057 2685; x_wconf 83' lang='lat' dir='ltr'><strong>unapersona</strong></span> <span class='ocrx_word' id='word_1_323' title='bbox 1078 2611 1316 2682; x_wconf 89' lang='lat' dir='ltr'><strong>loquitur</strong></span> <span class='ocrx_word' id='word_1_324' title='bbox 1364 2609 1518 2683; x_wconf 54' lang='grc' dir='ltr'><strong>μὴ,</strong></span> <span class='ocrx_word' id='word_1_325' title='bbox 1541 2607 1836 2680; x_wconf 86' lang='lat' dir='ltr'><strong>loquatur],</strong></span> 
     </span>
    </p>
   </div>
   <div class='ocr_carea' id='block_1_44' title="bbox 242 2702 1841 2783">
    <p class='ocr_par' dir='ltr' id='par_1_44' title="bbox 242 2702 1841 2783">
     <span class='ocr_line' id='line_1_44' title="bbox 242 2702 1841 2783; baseline -0.006 -17"><span class='ocrx_word' id='word_1_326' title='bbox 242 2709 343 2767; x_wconf 78' lang='lat' dir='ltr'><strong>hic</strong></span> <span class='ocrx_word' id='word_1_327' title='bbox 368 2723 506 2763; x_wconf 84' lang='lat' dir='ltr'><strong>vero</strong></span> <span class='ocrx_word' id='word_1_328' title='bbox 532 2706 746 2783; x_wconf 10' lang='lat' dir='ltr'><strong>«plurali</strong></span> <span class='ocrx_word' id='word_1_329' title='bbox 783 2720 1008 2761; x_wconf 89' lang='lat' dir='ltr'><strong>numero</strong></span> <span class='ocrx_word' id='word_1_330' title='bbox 1041 2705 1172 2760; x_wconf 85' lang='lat' dir='ltr'><strong>dicit</strong></span> <span class='ocrx_word' id='word_1_331' title='bbox 1198 2723 1210 2758; x_wconf 92' lang='lat'><strong>:</strong></span> <span class='ocrx_word' id='word_1_332' title='bbox 1236 2703 1367 2758; x_wconf 88' lang='lat' dir='ltr'><strong>illud</strong></span> <span class='ocrx_word' id='word_1_333' title='bbox 1412 2702 1679 2770; x_wconf 82' lang='lat' dir='ltr'><strong>signiﬁcat</strong></span> <span class='ocrx_word' id='word_1_334' title='bbox 1715 2716 1841 2772; x_wconf 88' lang='lat' dir='ltr'><strong>pro-</strong></span> 
     </span>
    </p>
   </div>
   <div class='ocr_carea' id='block_1_45' title="bbox 216 2789 1840 2871">
    <p class='ocr_par' dir='ltr' id='par_1_45' title="bbox 216 2789 1840 2871">
     <span class='ocr_line' id='line_1_45' title="bbox 216 2789 1840 2871; baseline -0.006 -19"><span class='ocrx_word' id='word_1_335' title='bbox 216 2798 221 2801; x_wconf 81' lang='grc'>’</span> <span class='ocrx_word' id='word_1_336' title='bbox 241 2805 375 2871; x_wconf 85' lang='lat' dir='ltr'><strong>pter</strong></span> <span class='ocrx_word' id='word_1_337' title='bbox 393 2796 659 2853; x_wconf 87' lang='lat' dir='ltr'><strong>unitatem</strong></span> <span class='ocrx_word' id='word_1_338' title='bbox 687 2795 930 2865; x_wconf 89' lang='lat' dir='ltr'><strong>corporis</strong></span> <span class='ocrx_word' id='word_1_339' title='bbox 948 2794 1149 2850; x_wconf 88' lang='lat' dir='ltr'><strong>Christi</strong></span> <span class='ocrx_word' id='word_1_340' title='bbox 1173 2807 1189 2847; x_wconf 89' lang='lat'><strong>:</strong></span> <span class='ocrx_word' id='word_1_341' title='bbox 1216 2794 1319 2848; x_wconf 90' lang='lat' dir='ltr'><strong>hoc</strong></span> <span class='ocrx_word' id='word_1_342' title='bbox 1339 2791 1525 2856; x_wconf 91' lang='lat' dir='ltr'><strong>etiam,</strong></span> <span class='ocrx_word' id='word_1_343' title='bbox 1547 2791 1674 2860; x_wconf 88' lang='lat' dir='ltr'><strong>quia</strong></span> <span class='ocrx_word' id='word_1_344' title='bbox 1703 2789 1840 2844; x_wconf 90' lang='lat' dir='ltr'><strong>mul-</strong></span> 
     </span>
    </p>
   </div>
   <div class='ocr_carea' id='block_1_46' title="bbox 244 2881 1836 2958">
    <p class='ocr_par' dir='ltr' id='par_1_46' title="bbox 244 2881 1836 2958">
     <span class='ocr_line' id='line_1_46' title="bbox 244 2881 1836 2958; baseline -0.008 -11"><span class='ocrx_word' id='word_1_345' title='bbox 244 2900 308 2947; x_wconf 83' lang='lat' dir='ltr'><strong>ta</strong></span> <span class='ocrx_word' id='word_1_346' title='bbox 341 2896 477 2946; x_wconf 88' lang='lat' dir='ltr'><strong>sunt</strong></span> <span class='ocrx_word' id='word_1_347' title='bbox 506 2888 747 2943; x_wconf 88' lang='lat' dir='ltr'><strong>membra</strong></span> <span class='ocrx_word' id='word_1_348' title='bbox 777 2887 846 2942; x_wconf 91' lang='lat' dir='ltr'><strong>ad</strong></span> <span class='ocrx_word' id='word_1_349' title='bbox 886 2894 1049 2958; x_wconf 90' lang='lat' dir='ltr'><strong>caput</strong></span> <span class='ocrx_word' id='word_1_350' title='bbox 1072 2883 1225 2952; x_wconf 88' lang='lat' dir='ltr'><strong>illud,</strong></span> <span class='ocrx_word' id='word_1_351' title='bbox 1274 2883 1419 2956; x_wconf 90' lang='lat' dir='ltr'><strong>quod</strong></span> <span class='ocrx_word' id='word_1_352' title='bbox 1446 2890 1529 2937; x_wconf 91' lang='lat' dir='ltr'><strong>est</strong></span> <span class='ocrx_word' id='word_1_353' title='bbox 1568 2881 1836 2948; x_wconf 84' lang='lat' dir='ltr'><strong>Christus,</strong></span> 
     </span>
    </p>
   </div>
   <div class='ocr_carea' id='block_1_47' title="bbox 249 2976 617 3051">
    <p class='ocr_par' dir='ltr' id='par_1_47' title="bbox 249 2976 617 3051">
     <span class='ocr_line' id='line_1_47' title="bbox 249 2976 617 3051; baseline -0.005 -19"><span class='ocrx_word' id='word_1_354' title='bbox 249 2976 617 3051; x_wconf 84' lang='lat' dir='ltr'><strong>pertinentia.</strong></span> 
     </span>
    </p>
   </div>
   <div class='ocr_carea' id='block_1_48' title="bbox 320 3062 1839 3136">
    <p class='ocr_par' dir='ltr' id='par_1_48' title="bbox 320 3062 1839 3136">
     <span class='ocr_line' id='line_1_48' title="bbox 320 3062 1839 3136; baseline -0.007 -8"><span class='ocrx_word' id='word_1_355' title='bbox 320 3070 573 3133; x_wconf 50' lang='grc' dir='ltr'><strong>νεικεῖ),</strong></span> <span class='ocrx_word' id='word_1_356' title='bbox 601 3068 656 3122; x_wconf 72' lang='grc'><strong>4.</strong></span> <span class='ocrx_word' id='word_1_357' title='bbox 706 3097 777 3109; x_wconf 92' lang='lat'><strong>-—</strong></span> <span class='ocrx_word' id='word_1_358' title='bbox 819 3067 962 3124; x_wconf 84' lang='lat' dir='ltr'><strong>Dum</strong></span> <span class='ocrx_word' id='word_1_359' title='bbox 1011 3067 1324 3122; x_wconf 75' lang='lat' dir='ltr'><strong>irasceretur</strong></span> <span class='ocrx_word' id='word_1_360' title='bbox 1371 3064 1522 3136; x_wconf 81' lang='lat' dir='ltr'><strong>furor</strong></span> <span class='ocrx_word' id='word_1_361' title='bbox 1565 3080 1743 3119; x_wconf 90' lang='lat' dir='ltr'><strong>eorum</strong></span> <span class='ocrx_word' id='word_1_362' title='bbox 1784 3062 1839 3117; x_wconf 89' lang='lat' dir='ltr'><strong>in</strong></span> 
     </span>
    </p>
   </div>
   <div class='ocr_carea' id='block_1_49' title="bbox 1935 1868 3518 1939">
    <p class='ocr_par' dir='ltr' id='par_1_49' title="bbox 1935 1868 3518 1939">
     <span class='ocr_line' id='line_1_49' title="bbox 1935 1868 3518 1939; baseline -0.002 -13"><span class='ocrx_word' id='word_1_363' title='bbox 1935 1880 2075 1936; x_wconf 88' lang='lat' dir='ltr'><strong>tam;</strong></span> <span class='ocrx_word' id='word_1_364' title='bbox 2108 1886 2208 1926; x_wconf 89' lang='lat' dir='ltr'><strong>nec</strong></span> <span class='ocrx_word' id='word_1_365' title='bbox 2232 1870 2353 1925; x_wconf 89' lang='lat' dir='ltr'><strong>ullis</strong></span> <span class='ocrx_word' id='word_1_366' title='bbox 2379 1868 2762 1924; x_wconf 82' lang='lat' dir='ltr'><strong>tentatiouibus</strong></span> <span class='ocrx_word' id='word_1_367' title='bbox 2785 1869 2986 1923; x_wconf 78' lang='lat' dir='ltr'><strong>moveri</strong></span> <span class='ocrx_word' id='word_1_368' title='bbox 3008 1876 3209 1937; x_wconf 86' lang='lat' dir='ltr'><strong>potest,</strong></span> <span class='ocrx_word' id='word_1_369' title='bbox 3231 1869 3324 1939; x_wconf 91' lang='lat' dir='ltr'><strong>qui</strong></span> <span class='ocrx_word' id='word_1_370' title='bbox 3354 1883 3518 1939; x_wconf 81' lang='lat' dir='ltr'><strong>supra</strong></span> 
     </span>
    </p>
   </div>
   <div class='ocr_carea' id='block_1_50' title="bbox 1935 1958 3521 2035">
    <p class='ocr_par' dir='ltr' id='par_1_50' title="bbox 1935 1958 3521 2035">
     <span class='ocr_line' id='line_1_50' title="bbox 1935 1958 3521 2035; baseline -0.003 -16"><span class='ocrx_word' id='word_1_371' title='bbox 1935 1964 2144 2019; x_wconf 89' lang='lat' dir='ltr'><strong>ﬁrmam</strong></span> <span class='ocrx_word' id='word_1_372' title='bbox 2167 1972 2374 2035; x_wconf 84' lang='lat' dir='ltr'><strong>petram</strong></span> <span class='ocrx_word' id='word_1_373' title='bbox 2388 1976 2543 2017; x_wconf 86' lang='lat' dir='ltr'><strong>suam</strong></span> <span class='ocrx_word' id='word_1_374' title='bbox 2566 1961 2833 2016; x_wconf 87' lang='lat' dir='ltr'><strong>construit</strong></span> <span class='ocrx_word' id='word_1_375' title='bbox 2854 1961 3089 2016; x_wconf 90' lang='lat' dir='ltr'><strong>domum.</strong></span> <span class='ocrx_word' id='word_1_376' title='bbox 3110 1958 3242 2026; x_wconf 87' lang='lat' dir='ltr'><strong>Quis</strong></span> <span class='ocrx_word' id='word_1_377' title='bbox 3261 1968 3521 2017; x_wconf 85' lang='lat' dir='ltr'><strong>estmons</strong></span> 
     </span>
    </p>
   </div>
   <div class='ocr_carea' id='block_1_51' title="bbox 1936 2040 3547 2122">
    <p class='ocr_par' dir='ltr' id='par_1_51' title="bbox 1936 2040 3547 2122">
     <span class='ocr_line' id='line_1_51' title="bbox 1936 2040 3547 2122; baseline -0.004 -12"><span class='ocrx_word' id='word_1_378' title='bbox 1936 2056 2066 2111; x_wconf 87' lang='lat' dir='ltr'><strong>Sion</strong></span> <span class='ocrx_word' id='word_1_379' title='bbox 2094 2040 2195 2109; x_wconf 85' lang='lat' dir='ltr'><strong>nisi</strong></span> <span class='ocrx_word' id='word_1_380' title='bbox 2222 2053 2491 2117; x_wconf 86' lang='lat' dir='ltr'><strong>Christus,</strong></span> <span class='ocrx_word' id='word_1_381' title='bbox 2521 2052 2614 2122; x_wconf 90' lang='lat' dir='ltr'><strong>qui</strong></span> <span class='ocrx_word' id='word_1_382' title='bbox 2637 2059 2724 2106; x_wconf 89' lang='lat' dir='ltr'><strong>est</strong></span> <span class='ocrx_word' id='word_1_383' title='bbox 2743 2052 2802 2105; x_wconf 88' lang='lat' dir='ltr'><strong>in</strong></span> <span class='ocrx_word' id='word_1_384' title='bbox 2821 2052 3008 2105; x_wconf 67' lang='lat' dir='ltr'><strong>vertice</strong></span> <span class='ocrx_word' id='word_1_385' title='bbox 3034 2049 3314 2115; x_wconf 84' lang='lat' dir='ltr'><strong>montium,</strong></span> <span class='ocrx_word' id='word_1_386' title='bbox 3342 2058 3391 2105; x_wconf 89' lang='lat' dir='ltr'><strong>et</strong></span> <span class='ocrx_word' id='word_1_387' title='bbox 3411 2049 3547 2121; x_wconf 27' lang='grc' dir='ltr'><em>διε-ν</em></span> 
     </span>
    </p>
   </div>
   <div class='ocr_carea' id='block_1_52' title="bbox 1932 2141 3521 2215">
    <p class='ocr_par' dir='ltr' id='par_1_52' title="bbox 1932 2141 3521 2215">
     <span class='ocr_line' id='line_1_52' title="bbox 1932 2141 3521 2215; baseline -0.003 -14"><span class='ocrx_word' id='word_1_388' title='bbox 1932 2146 2141 2202; x_wconf 78' lang='lat' dir='ltr'><strong>oabitur</strong></span> <span class='ocrx_word' id='word_1_389' title='bbox 2182 2161 2337 2215; x_wconf 89' lang='lat' dir='ltr'><strong>super</strong></span> <span class='ocrx_word' id='word_1_390' title='bbox 2363 2142 2551 2207; x_wconf 87' lang='lat' dir='ltr'><strong>colles,</strong></span> <span class='ocrx_word' id='word_1_391' title='bbox 2582 2150 2638 2195; x_wconf 86' lang='lat' dir='ltr'><strong>et</strong></span> <span class='ocrx_word' id='word_1_392' title='bbox 2676 2143 2837 2211; x_wconf 81' lang='lat' dir='ltr'><strong>fluent</strong></span> <span class='ocrx_word' id='word_1_393' title='bbox 2873 2141 2943 2195; x_wconf 89' lang='lat' dir='ltr'><strong>ad</strong></span> <span class='ocrx_word' id='word_1_394' title='bbox 2982 2157 3099 2196; x_wconf 88' lang='lat' dir='ltr'><strong>eum</strong></span> <span class='ocrx_word' id='word_1_395' title='bbox 3144 2156 3319 2196; x_wconf 88' lang='lat' dir='ltr'><strong>omnes</strong></span> <span class='ocrx_word' id='word_1_396' title='bbox 3346 2150 3521 2210; x_wconf 78' lang='lat' dir='ltr'><strong>gentes</strong></span> 
     </span>
    </p>
   </div>
   <div class='ocr_carea' id='block_1_53' title="bbox 1936 2230 3522 2311">
    <p class='ocr_par' dir='ltr' id='par_1_53' title="bbox 1936 2230 3522 2311">
     <span class='ocr_line' id='line_1_53' title="bbox 1936 2230 3522 2311; baseline -0.003 -19"><span class='ocrx_word' id='word_1_397' title='bbox 1936 2236 2093 2311; x_wconf 87' lang='lat' dir='ltr'><strong>(Isai.</strong></span> <span class='ocrx_word' id='word_1_398' title='bbox 2128 2254 2185 2299; x_wconf 86' lang='grc' dir='ltr'><strong>ιι,</strong></span> <span class='ocrx_word' id='word_1_399' title='bbox 2216 2235 2311 2306; x_wconf 76' lang='lat'><strong>2)?</strong></span> <span class='ocrx_word' id='word_1_400' title='bbox 2339 2234 2468 2290; x_wconf 87' lang='lat' dir='ltr'><strong>Sion</strong></span> <span class='ocrx_word' id='word_1_401' title='bbox 2488 2240 2575 2288; x_wconf 89' lang='lat' dir='ltr'><strong>est</strong></span> <span class='ocrx_word' id='word_1_402' title='bbox 2596 2232 2863 2298; x_wconf 87' lang='lat' dir='ltr'><strong>Ecclesia,</strong></span> <span class='ocrx_word' id='word_1_403' title='bbox 2893 2232 2947 2286; x_wconf 93' lang='lat' dir='ltr'><strong>in</strong></span> <span class='ocrx_word' id='word_1_404' title='bbox 2969 2246 3074 2300; x_wconf 89' lang='lat' dir='ltr'><strong>qua</strong></span> <span class='ocrx_word' id='word_1_405' title='bbox 3100 2230 3376 2301; x_wconf 88' lang='lat' dir='ltr'><strong>speculum</strong></span> <span class='ocrx_word' id='word_1_406' title='bbox 3396 2231 3522 2287; x_wconf 67' lang='lat' dir='ltr'><strong>vita:</strong></span> 
     </span>
    </p>
   </div>
   <div class='ocr_carea' id='block_1_54' title="bbox 1936 2321 3522 2392">
    <p class='ocr_par' dir='ltr' id='par_1_54' title="bbox 1936 2321 3522 2392">
     <span class='ocr_line' id='line_1_54' title="bbox 1936 2321 3522 2392; baseline -0.005 -10"><span class='ocrx_word' id='word_1_407' title='bbox 1936 2336 1994 2382; x_wconf 92' lang='lat' dir='ltr'><strong>et</strong></span> <span class='ocrx_word' id='word_1_408' title='bbox 2018 2327 2335 2382; x_wconf 79' lang='lat' dir='ltr'><strong>aeternitatis</strong></span> <span class='ocrx_word' id='word_1_409' title='bbox 2362 2324 2518 2389; x_wconf 80' lang='lat' dir='ltr'><strong>visio,</strong></span> <span class='ocrx_word' id='word_1_410' title='bbox 2560 2322 2714 2391; x_wconf 84' lang='lat' dir='ltr'><strong>cujus</strong></span> <span class='ocrx_word' id='word_1_411' title='bbox 2749 2328 2913 2392; x_wconf 88' lang='lat' dir='ltr'><strong>caput</strong></span> <span class='ocrx_word' id='word_1_412' title='bbox 2952 2328 3037 2378; x_wconf 88' lang='lat' dir='ltr'><strong>est</strong></span> <span class='ocrx_word' id='word_1_413' title='bbox 3072 2321 3342 2378; x_wconf 88' lang='lat' dir='ltr'><strong>Christus.</strong></span> <span class='ocrx_word' id='word_1_414' title='bbox 3382 2322 3522 2381; x_wconf 83' lang='lat' dir='ltr'><strong>Ecce</strong></span> 
     </span>
    </p>
   </div>
   <div class='ocr_carea' id='block_1_55' title="bbox 1935 2400 3524 2489">
    <p class='ocr_par' dir='ltr' id='par_1_55' title="bbox 1935 2400 3524 2489">
     <span class='ocr_line' id='line_1_55' title="bbox 1935 2400 3524 2489; baseline -0.004 -19"><span class='ocrx_word' id='word_1_415' title='bbox 1935 2416 2132 2489; x_wconf 73' lang='lat' dir='ltr'><strong>quaerit</strong></span> <span class='ocrx_word' id='word_1_416' title='bbox 2155 2415 2256 2469; x_wconf 89' lang='lat' dir='ltr'><strong>iste</strong></span> <span class='ocrx_word' id='word_1_417' title='bbox 2280 2427 2539 2468; x_wconf 86' lang='lat' dir='ltr'><strong>ascensor</strong></span> <span class='ocrx_word' id='word_1_418' title='bbox 2560 2411 2883 2481; x_wconf 85' lang='lat' dir='ltr'><strong>spiritalium</strong></span> <span class='ocrx_word' id='word_1_419' title='bbox 2923 2410 3208 2482; x_wconf 87' lang='lat' dir='ltr'><strong>graduum,</strong></span> <span class='ocrx_word' id='word_1_420' title='bbox 3248 2400 3424 2479; x_wconf 79' lang='lat' dir='ltr'><strong>qualis</strong></span> <span class='ocrx_word' id='word_1_421' title='bbox 3450 2411 3524 2483; x_wconf 84' lang='lat' dir='ltr'><strong>sit</strong></span> 
     </span>
    </p>
   </div>
   <div class='ocr_carea' id='block_1_56' title="bbox 1940 2502 3525 2573">
    <p class='ocr_par' dir='ltr' id='par_1_56' title="bbox 1940 2502 3525 2573">
     <span class='ocr_line' id='line_1_56' title="bbox 1940 2502 3525 2573; baseline -0.004 -10"><span class='ocrx_word' id='word_1_422' title='bbox 1940 2508 2043 2563; x_wconf 89' lang='lat' dir='ltr'><strong>ista</strong></span> <span class='ocrx_word' id='word_1_423' title='bbox 2064 2505 2383 2569; x_wconf 83' lang='lat' dir='ltr'><strong>Jerusalem,</strong></span> <span class='ocrx_word' id='word_1_424' title='bbox 2410 2504 2465 2559; x_wconf 90' lang='lat' dir='ltr'><strong>in</strong></span> <span class='ocrx_word' id='word_1_425' title='bbox 2497 2518 2604 2573; x_wconf 87' lang='lat' dir='ltr'><strong>qua</strong></span> <span class='ocrx_word' id='word_1_426' title='bbox 2633 2510 2947 2558; x_wconf 87' lang='lat' dir='ltr'><strong>sanctorum</strong></span> <span class='ocrx_word' id='word_1_427' title='bbox 2984 2502 3185 2567; x_wconf 82' lang='lat' dir='ltr'><strong>chorus</strong></span> <span class='ocrx_word' id='word_1_428' title='bbox 3210 2502 3438 2567; x_wconf 85' lang='lat' dir='ltr'><strong>habitat,</strong></span> <span class='ocrx_word' id='word_1_429' title='bbox 3468 2513 3525 2557; x_wconf 89' lang='lat' dir='ltr'><strong>et</strong></span> 
     </span>
    </p>
   </div>
   <div class='ocr_carea' id='block_1_57' title="bbox 1938 2596 2418 2669">
    <p class='ocr_par' dir='ltr' id='par_1_57' title="bbox 1938 2596 2418 2669">
     <span class='ocr_line' id='line_1_57' title="bbox 1938 2596 2418 2669; baseline -0.01 -15"><span class='ocrx_word' id='word_1_430' title='bbox 1938 2599 2294 2669; x_wconf 79' lang='lat' dir='ltr'><strong>respondetur</strong></span> <span class='ocrx_word' id='word_1_431' title='bbox 2324 2596 2374 2649; x_wconf 90' lang='lat' dir='ltr'><strong>ei</strong></span> <span class='ocrx_word' id='word_1_432' title='bbox 2404 2609 2418 2649; x_wconf 88' lang='lat'><strong>:</strong></span> 
     </span>
    </p>
   </div>
   <div class='ocr_carea' id='block_1_58' title="bbox 2010 2686 3545 2759">
    <p class='ocr_par' dir='ltr' id='par_1_58' title="bbox 2010 2686 3545 2759">
     <span class='ocr_line' id='line_1_58' title="bbox 2010 2686 3545 2759; baseline -0.004 -12"><span class='ocrx_word' id='word_1_433' title='bbox 2010 2691 2174 2747; x_wconf 77' lang='lat' dir='ltr'><strong>Vens.</strong></span> <span class='ocrx_word' id='word_1_434' title='bbox 2203 2688 2257 2743; x_wconf 72' lang='grc'>2.</span> <span class='ocrx_word' id='word_1_435' title='bbox 2280 2717 2351 2728; x_wconf 90' lang='lat'><strong><em>—</em></strong></span> <span class='ocrx_word' id='word_1_436' title='bbox 2379 2687 2584 2742; x_wconf 80' lang='lat' dir='ltr'><strong>Montes</strong></span> <span class='ocrx_word' id='word_1_437' title='bbox 2609 2688 2665 2742; x_wconf 87' lang='lat' dir='ltr'><strong>in</strong></span> <span class='ocrx_word' id='word_1_438' title='bbox 2695 2688 2915 2742; x_wconf 88' lang='lat' dir='ltr'><strong>circuitu</strong></span> <span class='ocrx_word' id='word_1_439' title='bbox 2940 2687 3073 2759; x_wconf 90' lang='lat' dir='ltr'><strong>ejus,</strong></span> <span class='ocrx_word' id='word_1_440' title='bbox 3106 2696 3153 2742; x_wconf 88' lang='lat' dir='ltr'><strong>et</strong></span> <span class='ocrx_word' id='word_1_441' title='bbox 3181 2686 3437 2741; x_wconf 80' lang='lat' dir='ltr'><strong>Dominus</strong></span> <span class='ocrx_word' id='word_1_442' title='bbox 3466 2688 3545 2757; x_wconf 12' lang='lat' dir='ltr'><strong>in,</strong></span> 
     </span>
    </p>
   </div>
   <div class='ocr_carea' id='block_1_59' title="bbox 1940 2775 3520 2852">
    <p class='ocr_par' dir='ltr' id='par_1_59' title="bbox 1940 2775 3520 2852">
     <span class='ocr_line' id='line_1_59' title="bbox 1940 2775 3520 2852; baseline -0.006 -15"><span class='ocrx_word' id='word_1_443' title='bbox 1940 2783 2161 2838; x_wconf 84' lang='lat' dir='ltr'><strong>circuitu</strong></span> <span class='ocrx_word' id='word_1_444' title='bbox 2183 2779 2362 2852; x_wconf 83' lang='lat' dir='ltr'><strong>populi</strong></span> <span class='ocrx_word' id='word_1_445' title='bbox 2387 2781 2490 2843; x_wconf 89' lang='lat' dir='ltr'><strong>sui,</strong></span> <span class='ocrx_word' id='word_1_446' title='bbox 2518 2795 2581 2833; x_wconf 81' lang='lat' dir='ltr'><strong>ea:</strong></span> <span class='ocrx_word' id='word_1_447' title='bbox 2609 2779 2705 2832; x_wconf 83' lang='lat' dir='ltr'><strong>hoc</strong></span> <span class='ocrx_word' id='word_1_448' title='bbox 2738 2796 2875 2832; x_wconf 88' lang='lat' dir='ltr'><strong>nunc</strong></span> <span class='ocrx_word' id='word_1_449' title='bbox 2900 2788 2947 2832; x_wconf 88' lang='lat' dir='ltr'><strong>et</strong></span> <span class='ocrx_word' id='word_1_450' title='bbox 2980 2793 3141 2848; x_wconf 86' lang='lat' dir='ltr'><strong>usque</strong></span> <span class='ocrx_word' id='word_1_451' title='bbox 3166 2777 3222 2830; x_wconf 87' lang='lat' dir='ltr'><strong>in</strong></span> <span class='ocrx_word' id='word_1_452' title='bbox 3250 2775 3520 2831; x_wconf 69' lang='lat' dir='ltr'><strong>secutum.</strong></span> 
     </span>
    </p>
   </div>
   <div class='ocr_carea' id='block_1_60' title="bbox 1937 2866 3526 2942">
    <p class='ocr_par' dir='ltr' id='par_1_60' title="bbox 1937 2866 3526 2942">
     <span class='ocr_line' id='line_1_60' title="bbox 1937 2866 3526 2942; baseline -0.004 -13"><span class='ocrx_word' id='word_1_453' title='bbox 1937 2874 2031 2930; x_wconf 89' lang='lat' dir='ltr'><strong>lsti</strong></span> <span class='ocrx_word' id='word_1_454' title='bbox 2084 2881 2298 2928; x_wconf 90' lang='lat' dir='ltr'><strong>montes</strong></span> <span class='ocrx_word' id='word_1_455' title='bbox 2340 2881 2467 2927; x_wconf 92' lang='lat' dir='ltr'><strong>sunt</strong></span> <span class='ocrx_word' id='word_1_456' title='bbox 2511 2869 2686 2939; x_wconf 78' lang='lat' dir='ltr'><strong>angeli</strong></span> <span class='ocrx_word' id='word_1_457' title='bbox 2732 2870 2883 2942; x_wconf 87' lang='lat' dir='ltr'><strong>[sunt</strong></span> <span class='ocrx_word' id='word_1_458' title='bbox 2920 2866 3191 2940; x_wconf 83' lang='lat' dir='ltr'><strong>apostoli],</strong></span> <span class='ocrx_word' id='word_1_459' title='bbox 3235 2879 3358 2924; x_wconf 89' lang='lat' dir='ltr'><strong>sunt</strong></span> <span class='ocrx_word' id='word_1_460' title='bbox 3395 2882 3526 2939; x_wconf 78' lang='lat' dir='ltr'><strong>pro-</strong></span> 
     </span>
    </p>
   </div>
   <div class='ocr_carea' id='block_1_61' title="bbox 1938 2959 3524 3037">
    <p class='ocr_par' dir='ltr' id='par_1_61' title="bbox 1938 2959 3524 3037">
     <span class='ocr_line' id='line_1_61' title="bbox 1938 2959 3524 3037; baseline -0.005 -16"><span class='ocrx_word' id='word_1_461' title='bbox 1938 2966 2145 3037; x_wconf 74' lang='lat' dir='ltr'><strong>phetae,</strong></span> <span class='ocrx_word' id='word_1_462' title='bbox 2185 2972 2242 3018; x_wconf 88' lang='lat' dir='ltr'><strong>et</strong></span> <span class='ocrx_word' id='word_1_463' title='bbox 2271 2962 2654 3034; x_wconf 70' lang='lat' dir='ltr'><strong>praedicatores</strong></span> <span class='ocrx_word' id='word_1_464' title='bbox 2695 2961 2904 3026; x_wconf 88' lang='lat' dir='ltr'><strong>sancti,</strong></span> <span class='ocrx_word' id='word_1_465' title='bbox 2946 2960 3039 3031; x_wconf 91' lang='lat' dir='ltr'><strong>qui</strong></span> <span class='ocrx_word' id='word_1_466' title='bbox 3080 2959 3334 3014; x_wconf 88' lang='lat' dir='ltr'><strong>muniunt</strong></span> <span class='ocrx_word' id='word_1_467' title='bbox 3363 2959 3524 3014; x_wconf 90' lang='lat' dir='ltr'><strong>istam</strong></span> 
     </span>
    </p>
   </div>
   <div class='ocr_carea' id='block_1_62' title="bbox 1938 3049 3539 3123">
    <p class='ocr_par' dir='ltr' id='par_1_62' title="bbox 1938 3049 3539 3123">
     <span class='ocr_line' id='line_1_62' title="bbox 1938 3049 3539 3123; baseline -0.002 -13"><span class='ocrx_word' id='word_1_468' title='bbox 1938 3052 2258 3111; x_wconf 85' lang='lat' dir='ltr'><strong>Jerusalem.</strong></span> <span class='ocrx_word' id='word_1_469' title='bbox 2298 3053 2364 3108; x_wconf 86' lang='lat' dir='ltr'><strong>Et</strong></span> <span class='ocrx_word' id='word_1_470' title='bbox 2407 3067 2476 3108; x_wconf 90' lang='lat' dir='ltr'><strong>ne</strong></span> <span class='ocrx_word' id='word_1_471' title='bbox 2518 3052 2622 3107; x_wconf 90' lang='lat' dir='ltr'><strong>hoc</strong></span> <span class='ocrx_word' id='word_1_472' title='bbox 2659 3051 2753 3106; x_wconf 86' lang='lat' dir='ltr'><strong>tibi</strong></span> <span class='ocrx_word' id='word_1_473' title='bbox 2780 3066 3005 3123; x_wconf 86' lang='lat' dir='ltr'><strong>parvum</strong></span> <span class='ocrx_word' id='word_1_474' title='bbox 3032 3050 3340 3115; x_wconf 82' lang='lat' dir='ltr'><strong>videretur,</strong></span> <span class='ocrx_word' id='word_1_475' title='bbox 3383 3049 3539 3119; x_wconf 11' lang='lat' dir='ltr'><strong>quod,</strong></span> 
     </span>
    </p>
   </div>
   <div class='ocr_carea' id='block_1_63' title="bbox 246 3138 3527 3231">
    <p class='ocr_par' dir='ltr' id='par_1_63' title="bbox 246 3138 3527 3231">
     <span class='ocr_line' id='line_1_63' title="bbox 246 3138 3527 3231; baseline -0.007 -18"><span class='ocrx_word' id='word_1_476' title='bbox 246 3176 367 3225; x_wconf 72' lang='lat' dir='ltr'><strong>nos,</strong></span> <span class='ocrx_word' id='word_1_477' title='bbox 416 3161 648 3231; x_wconf 79' lang='lat' dir='ltr'><strong>forsitan</strong></span> <span class='ocrx_word' id='word_1_478' title='bbox 698 3174 837 3229; x_wconf 87' lang='lat' dir='ltr'><strong>aqua</strong></span> <span class='ocrx_word' id='word_1_479' title='bbox 896 3156 1051 3229; x_wconf 79' lang='lat' dir='ltr'><strong>[Ms.,</strong></span> <span class='ocrx_word' id='word_1_480' title='bbox 1102 3155 1237 3211; x_wconf 82' lang='lat' dir='ltr'><strong>velut</strong></span> <span class='ocrx_word' id='word_1_481' title='bbox 1257 3154 1443 3227; x_wconf 82' lang='lat' dir='ltr'><strong>aquas]</strong></span> <span class='ocrx_word' id='word_1_482' title='bbox 1495 3153 1840 3208; x_wconf 82' lang='lat' dir='ltr'><strong>absorbuisset</strong></span> <span class='ocrx_word' id='word_1_483' title='bbox 1867 3147 1913 3210; x_wconf 90' lang='lat' dir='ltr'><strong>C</strong></span> <span class='ocrx_word' id='word_1_484' title='bbox 1944 3145 2080 3199; x_wconf 83' lang='lat' dir='ltr'><strong>tales</strong></span> <span class='ocrx_word' id='word_1_485' title='bbox 2105 3151 2317 3198; x_wconf 88' lang='lat' dir='ltr'><strong>montes</strong></span> <span class='ocrx_word' id='word_1_486' title='bbox 2341 3142 2507 3199; x_wconf 84' lang='lat' dir='ltr'><strong>habet</strong></span> <span class='ocrx_word' id='word_1_487' title='bbox 2532 3142 2586 3196; x_wconf 91' lang='lat' dir='ltr'><strong>in</strong></span> <span class='ocrx_word' id='word_1_488' title='bbox 2624 3141 2875 3205; x_wconf 88' lang='lat' dir='ltr'><strong>circuitu,</strong></span> <span class='ocrx_word' id='word_1_489' title='bbox 2902 3140 3087 3196; x_wconf 87' lang='lat' dir='ltr'><strong>statim</strong></span> <span class='ocrx_word' id='word_1_490' title='bbox 3120 3138 3425 3210; x_wconf 72' lang='lat' dir='ltr'><strong>subiunxit:</strong></span> <span class='ocrx_word' id='word_1_491' title='bbox 3455 3138 3527 3192; x_wconf 85' lang='lat' dir='ltr'><strong>Et</strong></span> 
     </span>
    </p>
   </div>
   <div class='ocr_carea' id='block_1_64' title="bbox 245 3242 1835 3319">
    <p class='ocr_par' dir='ltr' id='par_1_64' title="bbox 245 3242 1835 3319">
     <span class='ocr_line' id='line_1_64' title="bbox 245 3242 1835 3319; baseline -0.008 -12"><span class='ocrx_word' id='word_1_492' title='bbox 245 3269 364 3307; x_wconf 75' lang='lat' dir='ltr'><strong>nos.</strong></span> <span class='ocrx_word' id='word_1_493' title='bbox 430 3251 552 3307; x_wconf 78' lang='lat' dir='ltr'><strong>Vox</strong></span> <span class='ocrx_word' id='word_1_494' title='bbox 616 3248 874 3319; x_wconf 81' lang='lat' dir='ltr'><strong>martyris</strong></span> <span class='ocrx_word' id='word_1_495' title='bbox 922 3254 1007 3303; x_wconf 90' lang='lat' dir='ltr'><strong>est</strong></span> <span class='ocrx_word' id='word_1_496' title='bbox 1050 3246 1410 3302; x_wconf 88' lang='lat' dir='ltr'><strong>truculentum</strong></span> <span class='ocrx_word' id='word_1_497' title='bbox 1470 3242 1835 3314; x_wconf 86' lang='lat' dir='ltr'><strong>persecutoris</strong></span> 
     </span>
    </p>
   </div>
   <div class='ocr_carea' id='block_1_65' title="bbox 245 3334 1833 3408">
    <p class='ocr_par' dir='ltr' id='par_1_65' title="bbox 245 3334 1833 3408">
     <span class='ocr_line' id='line_1_65' title="bbox 245 3334 1833 3408; baseline -0.005 -12"><span class='ocrx_word' id='word_1_498' title='bbox 245 3342 498 3397; x_wconf 88' lang='lat' dir='ltr'><strong>animum</strong></span> <span class='ocrx_word' id='word_1_499' title='bbox 511 3338 845 3396; x_wconf 89' lang='lat' dir='ltr'><strong>ostendentis</strong></span> <span class='ocrx_word' id='word_1_500' title='bbox 864 3356 877 3392; x_wconf 89' lang='lat'><strong>:</strong></span> <span class='ocrx_word' id='word_1_501' title='bbox 895 3337 1120 3394; x_wconf 88' lang='lat' dir='ltr'><strong>forsitan</strong></span> <span class='ocrx_word' id='word_1_502' title='bbox 1140 3337 1286 3392; x_wconf 86' lang='lat' dir='ltr'><strong>velut</strong></span> <span class='ocrx_word' id='word_1_503' title='bbox 1308 3352 1449 3407; x_wconf 89' lang='lat' dir='ltr'><strong>aqua</strong></span> <span class='ocrx_word' id='word_1_504' title='bbox 1471 3335 1627 3408; x_wconf 84' lang='lat' dir='ltr'><strong>[Ms.,</strong></span> <span class='ocrx_word' id='word_1_505' title='bbox 1644 3334 1833 3407; x_wconf 87' lang='lat' dir='ltr'><strong>aquas]</strong></span> 
     </span>
    </p>
   </div>
   <div class='ocr_carea' id='block_1_66' title="bbox 245 3427 1837 3499">
    <p class='ocr_par' dir='ltr' id='par_1_66' title="bbox 245 3427 1837 3499">
     <span class='ocr_line' id='line_1_66' title="bbox 245 3427 1837 3499; baseline -0.004 -12"><span class='ocrx_word' id='word_1_506' title='bbox 245 3430 631 3488; x_wconf 88' lang='lat' dir='ltr'><strong>absorbuisset</strong></span> <span class='ocrx_word' id='word_1_507' title='bbox 663 3446 780 3485; x_wconf 92' lang='lat' dir='ltr'><strong>nos.</strong></span> <span class='ocrx_word' id='word_1_508' title='bbox 814 3429 969 3499; x_wconf 85' lang='lat' dir='ltr'><strong>Aqua</strong></span> <span class='ocrx_word' id='word_1_509' title='bbox 1017 3429 1273 3498; x_wconf 91' lang='lat' dir='ltr'><strong>populum</strong></span> <span class='ocrx_word' id='word_1_510' title='bbox 1300 3428 1522 3499; x_wconf 90' lang='lat' dir='ltr'><strong>impium</strong></span> <span class='ocrx_word' id='word_1_511' title='bbox 1549 3427 1837 3499; x_wconf 86' lang='lat' dir='ltr'><strong>signiﬁcat,</strong></span> 
     </span>
    </p>
   </div>
   <div class='ocr_carea' id='block_1_67' title="bbox 244 3520 1840 3595">
    <p class='ocr_par' dir='ltr' id='par_1_67' title="bbox 244 3520 1840 3595">
     <span class='ocr_line' id='line_1_67' title="bbox 244 3520 1840 3595; baseline -0.003 -16"><span class='ocrx_word' id='word_1_512' title='bbox 244 3526 340 3594; x_wconf 90' lang='lat' dir='ltr'><strong>qui</strong></span> <span class='ocrx_word' id='word_1_513' title='bbox 392 3523 600 3594; x_wconf 82' lang='lat' dir='ltr'><strong>quaerit</strong></span> <span class='ocrx_word' id='word_1_514' title='bbox 652 3521 809 3595; x_wconf 61' lang='grc' dir='ltr'><strong>[δίδη</strong></span> <span class='ocrx_word' id='word_1_515' title='bbox 858 3536 1029 3590; x_wconf 87' lang='lat' dir='ltr'><strong>aquas</strong></span> <span class='ocrx_word' id='word_1_516' title='bbox 1060 3522 1150 3576; x_wconf 89' lang='lat' dir='ltr'><strong>hic</strong></span> <span class='ocrx_word' id='word_1_517' title='bbox 1200 3521 1426 3591; x_wconf 92' lang='lat' dir='ltr'><strong>populos</strong></span> <span class='ocrx_word' id='word_1_518' title='bbox 1458 3521 1744 3591; x_wconf 90' lang='lat' dir='ltr'><strong>impiorum</strong></span> <span class='ocrx_word' id='word_1_519' title='bbox 1766 3520 1840 3575; x_wconf 86' lang='lat' dir='ltr'><strong>si-</strong></span> 
     </span>
    </p>
   </div>
   <div class='ocr_carea' id='block_1_68' title="bbox 246 3611 1518 3686">
    <p class='ocr_par' dir='ltr' id='par_1_68' title="bbox 246 3611 1518 3686">
     <span class='ocr_line' id='line_1_68' title="bbox 246 3611 1518 3686; baseline -0.004 -16"><span class='ocrx_word' id='word_1_520' title='bbox 246 3615 503 3686; x_wconf 83' lang='lat' dir='ltr'><strong>gniﬁcat,</strong></span> <span class='ocrx_word' id='word_1_521' title='bbox 537 3613 630 3683; x_wconf 88' lang='lat' dir='ltr'><strong>qui</strong></span> <span class='ocrx_word' id='word_1_522' title='bbox 670 3611 942 3684; x_wconf 63' lang='lat' dir='ltr'><strong>quaerunt]</strong></span> <span class='ocrx_word' id='word_1_523' title='bbox 990 3619 1206 3667; x_wconf 87' lang='lat' dir='ltr'><strong>sanctos</strong></span> <span class='ocrx_word' id='word_1_524' title='bbox 1237 3611 1518 3667; x_wconf 88' lang='lat' dir='ltr'><strong>devorare.</strong></span> 
     </span>
    </p>
   </div>
   <div class='ocr_carea' id='block_1_69' title="bbox 314 3703 1837 3773">
    <p class='ocr_par' dir='ltr' id='par_1_69' title="bbox 314 3703 1837 3773">
     <span class='ocr_line' id='line_1_69' title="bbox 314 3703 1837 3773; baseline -0.003 -11"><span class='ocrx_word' id='word_1_525' title='bbox 314 3707 487 3763; x_wconf 74' lang='lat' dir='ltr'><strong>Vens.</strong></span> <span class='ocrx_word' id='word_1_526' title='bbox 514 3706 574 3760; x_wconf 85' lang='lat'><strong>5.</strong></span> <span class='ocrx_word' id='word_1_527' title='bbox 611 3734 683 3746; x_wconf 92' lang='lat'><strong>-—</strong></span> <span class='ocrx_word' id='word_1_528' title='bbox 708 3703 1007 3758; x_wconf 85' lang='lat' dir='ltr'><strong>Torrentem</strong></span> <span class='ocrx_word' id='word_1_529' title='bbox 1047 3703 1377 3773; x_wconf 82' lang='lat' dir='ltr'><strong>pertransivit</strong></span> <span class='ocrx_word' id='word_1_530' title='bbox 1423 3704 1600 3757; x_wconf 85' lang='lat' dir='ltr'><strong>anima</strong></span> <span class='ocrx_word' id='word_1_531' title='bbox 1639 3712 1837 3769; x_wconf 88' lang='lat' dir='ltr'><strong>nostra,</strong></span> 
     </span>
    </p>
   </div>
   <div class='ocr_carea' id='block_1_70' title="bbox 244 3792 1843 3868">
    <p class='ocr_par' dir='ltr' id='par_1_70' title="bbox 244 3792 1843 3868">
     <span class='ocr_line' id='line_1_70' title="bbox 244 3792 1843 3868; baseline -0.003 -16"><span class='ocrx_word' id='word_1_532' title='bbox 244 3796 480 3868; x_wconf 78' lang='lat' dir='ltr'><strong>forsitan</strong></span> <span class='ocrx_word' id='word_1_533' title='bbox 507 3796 875 3867; x_wconf 85' lang='lat' dir='ltr'><strong>pertransisset</strong></span> <span class='ocrx_word' id='word_1_534' title='bbox 901 3794 1077 3848; x_wconf 86' lang='lat' dir='ltr'><strong>anima</strong></span> <span class='ocrx_word' id='word_1_535' title='bbox 1120 3802 1297 3847; x_wconf 87' lang='lat' dir='ltr'><strong>nostra</strong></span> <span class='ocrx_word' id='word_1_536' title='bbox 1327 3810 1517 3863; x_wconf 89' lang='lat' dir='ltr'><strong>aquam</strong></span> <span class='ocrx_word' id='word_1_537' title='bbox 1543 3792 1843 3848; x_wconf 80' lang='lat' dir='ltr'><strong>intolerabi—</strong></span> 
     </span>
    </p>
   </div>
   <div class='ocr_carea' id='block_1_71' title="bbox 242 3882 1841 3955">
    <p class='ocr_par' dir='ltr' id='par_1_71' title="bbox 242 3882 1841 3955">
     <span class='ocr_line' id='line_1_71' title="bbox 242 3882 1841 3955; baseline 0.001 -16"><span class='ocrx_word' id='word_1_538' title='bbox 242 3884 366 3941; x_wconf 78' lang='lat' dir='ltr'><strong>lem.</strong></span> <span class='ocrx_word' id='word_1_539' title='bbox 424 3885 830 3941; x_wconf 84' lang='lat' dir='ltr'><strong>lmmanitatem</strong></span> <span class='ocrx_word' id='word_1_540' title='bbox 876 3883 1264 3954; x_wconf 89' lang='lat' dir='ltr'><strong>persecutionis</strong></span> <span class='ocrx_word' id='word_1_541' title='bbox 1299 3882 1566 3955; x_wconf 86' lang='lat' dir='ltr'><strong>signiﬁcat</strong></span> <span class='ocrx_word' id='word_1_542' title='bbox 1588 3885 1841 3940; x_wconf 77' lang='lat' dir='ltr'><strong>torrentis</strong></span> 
     </span>
    </p>
   </div>
   <div class='ocr_carea' id='block_1_72' title="bbox 1936 3230 3527 3304">
    <p class='ocr_par' dir='ltr' id='par_1_72' title="bbox 1936 3230 3527 3304">
     <span class='ocr_line' id='line_1_72' title="bbox 1936 3230 3527 3304; baseline -0.005 -11"><span class='ocrx_word' id='word_1_543' title='bbox 1936 3237 2194 3293; x_wconf 86' lang='lat' dir='ltr'><strong>Dominus</strong></span> <span class='ocrx_word' id='word_1_544' title='bbox 2215 3236 2271 3289; x_wconf 88' lang='lat' dir='ltr'><strong>in</strong></span> <span class='ocrx_word' id='word_1_545' title='bbox 2298 3234 2523 3289; x_wconf 86' lang='lat' dir='ltr'><strong>circuitu</strong></span> <span class='ocrx_word' id='word_1_546' title='bbox 2542 3231 2721 3304; x_wconf 86' lang='lat' dir='ltr'><strong>populi</strong></span> <span class='ocrx_word' id='word_1_547' title='bbox 2749 3233 2851 3287; x_wconf 86' lang='lat' dir='ltr'><strong>sui.</strong></span> <span class='ocrx_word' id='word_1_548' title='bbox 2884 3232 3026 3288; x_wconf 86' lang='lat' dir='ltr'><strong>Ecce</strong></span> <span class='ocrx_word' id='word_1_549' title='bbox 3046 3230 3236 3302; x_wconf 87' lang='lat' dir='ltr'><strong>quales</strong></span> <span class='ocrx_word' id='word_1_550' title='bbox 3263 3232 3527 3287; x_wconf 82' lang='lat' dir='ltr'><strong>habemus</strong></span> 
     </span>
    </p>
   </div>
   <div class='ocr_carea' id='block_1_73' title="bbox 1936 3320 3525 3396">
    <p class='ocr_par' dir='ltr' id='par_1_73' title="bbox 1936 3320 3525 3396">
     <span class='ocr_line' id='line_1_73' title="bbox 1936 3320 3525 3396; baseline -0.007 -11"><span class='ocrx_word' id='word_1_551' title='bbox 1936 3343 2141 3392; x_wconf 83' lang='lat' dir='ltr'><strong>muros,</strong></span> <span class='ocrx_word' id='word_1_552' title='bbox 2169 3325 2358 3396; x_wconf 88' lang='lat' dir='ltr'><strong>quales</strong></span> <span class='ocrx_word' id='word_1_553' title='bbox 2394 3324 2754 3390; x_wconf 89' lang='lat' dir='ltr'><strong>munitiones,</strong></span> <span class='ocrx_word' id='word_1_554' title='bbox 2792 3324 2980 3393; x_wconf 87' lang='lat' dir='ltr'><strong>quales</strong></span> <span class='ocrx_word' id='word_1_555' title='bbox 3014 3321 3328 3379; x_wconf 81' lang='lat' dir='ltr'><strong>defensores</strong></span> <span class='ocrx_word' id='word_1_556' title='bbox 3358 3323 3371 3375; x_wconf 89' lang='lat'><strong>!</strong></span> <span class='ocrx_word' id='word_1_557' title='bbox 3410 3320 3525 3375; x_wconf 79' lang='lat' dir='ltr'><strong>Ma-</strong></span> 
     </span>
    </p>
   </div>
   <div class='ocr_carea' id='block_1_74' title="bbox 1938 3414 3526 3486">
    <p class='ocr_par' dir='ltr' id='par_1_74' title="bbox 1938 3414 3526 3486">
     <span class='ocr_line' id='line_1_74' title="bbox 1938 3414 3526 3486; baseline -0.004 -11"><span class='ocrx_word' id='word_1_558' title='bbox 1938 3434 2162 3475; x_wconf 78' lang='lat' dir='ltr'><strong>neantus</strong></span> <span class='ocrx_word' id='word_1_559' title='bbox 2190 3418 2331 3472; x_wconf 90' lang='lat' dir='ltr'><strong>intra</strong></span> <span class='ocrx_word' id='word_1_560' title='bbox 2367 3425 2518 3486; x_wconf 88' lang='lat' dir='ltr'><strong>septa</strong></span> <span class='ocrx_word' id='word_1_561' title='bbox 2540 3414 2862 3482; x_wconf 84' lang='lat' dir='ltr'><strong>Jerusalem,</strong></span> <span class='ocrx_word' id='word_1_562' title='bbox 2901 3423 2957 3471; x_wconf 90' lang='lat' dir='ltr'><strong>et</strong></span> <span class='ocrx_word' id='word_1_563' title='bbox 2985 3430 3095 3470; x_wconf 91' lang='lat' dir='ltr'><strong>non</strong></span> <span class='ocrx_word' id='word_1_564' title='bbox 3127 3416 3414 3470; x_wconf 86' lang='lat' dir='ltr'><strong>timeamus</strong></span> <span class='ocrx_word' id='word_1_565' title='bbox 3439 3415 3526 3469; x_wconf 87' lang='lat' dir='ltr'><strong>in-</strong></span> 
     </span>
    </p>
   </div>
   <div class='ocr_carea' id='block_1_75' title="bbox 1936 3504 3527 3578">
    <p class='ocr_par' dir='ltr' id='par_1_75' title="bbox 1936 3504 3527 3578">
     <span class='ocr_line' id='line_1_75' title="bbox 1936 3504 3527 3578; baseline -0.004 -12"><span class='ocrx_word' id='word_1_566' title='bbox 1936 3510 2103 3567; x_wconf 85' lang='lat' dir='ltr'><strong>sidias</strong></span> <span class='ocrx_word' id='word_1_567' title='bbox 2126 3509 2346 3573; x_wconf 90' lang='lat' dir='ltr'><strong>diaboli,</strong></span> <span class='ocrx_word' id='word_1_568' title='bbox 2376 3524 2478 3564; x_wconf 85' lang='lat' dir='ltr'><strong>nec</strong></span> <span class='ocrx_word' id='word_1_569' title='bbox 2498 3508 2727 3578; x_wconf 75' lang='lat' dir='ltr'><strong>sagittas</strong></span> <span class='ocrx_word' id='word_1_570' title='bbox 2745 3505 2883 3575; x_wconf 75' lang='lat' dir='ltr'><strong>eius,</strong></span> <span class='ocrx_word' id='word_1_571' title='bbox 2904 3506 3040 3562; x_wconf 86' lang='lat' dir='ltr'><strong>tales</strong></span> <span class='ocrx_word' id='word_1_572' title='bbox 3061 3507 3321 3562; x_wconf 85' lang='lat' dir='ltr'><strong>habentes</strong></span> <span class='ocrx_word' id='word_1_573' title='bbox 3346 3504 3527 3561; x_wconf 83' lang='lat' dir='ltr'><strong>defen-</strong></span> 
     </span>
    </p>
   </div>
   <div class='ocr_carea' id='block_1_76' title="bbox 1937 3597 3524 3669">
    <p class='ocr_par' dir='ltr' id='par_1_76' title="bbox 1937 3597 3524 3669">
     <span class='ocr_line' id='line_1_76' title="bbox 1937 3597 3524 3669; baseline -0.003 -10"><span class='ocrx_word' id='word_1_574' title='bbox 1937 3617 2089 3659; x_wconf 86' lang='lat' dir='ltr'><strong>sores</strong></span> <span class='ocrx_word' id='word_1_575' title='bbox 2114 3618 2130 3668; x_wconf 89' lang='lat'><strong>;</strong></span> <span class='ocrx_word' id='word_1_576' title='bbox 2165 3601 2349 3656; x_wconf 85' lang='lat' dir='ltr'><strong>ethoc</strong></span> <span class='ocrx_word' id='word_1_577' title='bbox 2376 3615 2483 3655; x_wconf 91' lang='lat' dir='ltr'><strong>non</strong></span> <span class='ocrx_word' id='word_1_578' title='bbox 2514 3600 2599 3656; x_wconf 84' lang='lat' dir='ltr'><strong>ad.</strong></span> <span class='ocrx_word' id='word_1_579' title='bbox 2613 3608 2846 3669; x_wconf 89' lang='lat' dir='ltr'><strong>tempus,</strong></span> <span class='ocrx_word' id='word_1_580' title='bbox 2883 3600 2981 3656; x_wconf 86' lang='lat' dir='ltr'><strong>sed</strong></span> <span class='ocrx_word' id='word_1_581' title='bbox 3009 3600 3064 3655; x_wconf 90' lang='lat' dir='ltr'><strong>in</strong></span> <span class='ocrx_word' id='word_1_582' title='bbox 3093 3607 3378 3664; x_wconf 68' lang='lat' dir='ltr'><strong>aeternum,</strong></span> <span class='ocrx_word' id='word_1_583' title='bbox 3399 3597 3524 3654; x_wconf 87' lang='lat' dir='ltr'><strong>ideo</strong></span> 
     </span>
    </p>
   </div>
   <div class='ocr_carea' id='block_1_77' title="bbox 1938 3689 3471 3762">
    <p class='ocr_par' dir='ltr' id='par_1_77' title="bbox 1938 3689 3471 3762">
     <span class='ocr_line' id='line_1_77' title="bbox 1938 3689 3471 3762; baseline -0.002 -15"><span class='ocrx_word' id='word_1_584' title='bbox 1938 3692 2100 3747; x_wconf 85' lang='lat' dir='ltr'><strong>dicit:</strong></span> <span class='ocrx_word' id='word_1_585' title='bbox 2134 3690 2219 3745; x_wconf 78' lang='lat' dir='ltr'><strong>Ea:</strong></span> <span class='ocrx_word' id='word_1_586' title='bbox 2244 3691 2341 3745; x_wconf 84' lang='lat' dir='ltr'><strong>hoc</strong></span> <span class='ocrx_word' id='word_1_587' title='bbox 2368 3707 2506 3745; x_wconf 87' lang='lat' dir='ltr'><strong>nunc</strong></span> <span class='ocrx_word' id='word_1_588' title='bbox 2531 3700 2578 3745; x_wconf 86' lang='lat' dir='ltr'><strong>et</strong></span> <span class='ocrx_word' id='word_1_589' title='bbox 2607 3707 2769 3762; x_wconf 87' lang='lat' dir='ltr'><strong>usque</strong></span> <span class='ocrx_word' id='word_1_590' title='bbox 2794 3692 2852 3746; x_wconf 88' lang='lat' dir='ltr'><strong>in</strong></span> <span class='ocrx_word' id='word_1_591' title='bbox 2873 3689 3145 3746; x_wconf 66' lang='lat' dir='ltr'><strong>naculum.</strong></span> <span class='ocrx_word' id='word_1_592' title='bbox 3174 3689 3432 3761; x_wconf 89' lang='lat' dir='ltr'><strong>Sequitur</strong></span> <span class='ocrx_word' id='word_1_593' title='bbox 3457 3707 3471 3744; x_wconf 89' lang='lat'><strong>:</strong></span> 
     </span>
    </p>
   </div>
   <div class='ocr_carea' id='block_1_78' title="bbox 2012 3780 3526 3854">
    <p class='ocr_par' dir='ltr' id='par_1_78' title="bbox 2012 3780 3526 3854">
     <span class='ocr_line' id='line_1_78' title="bbox 2012 3780 3526 3854; baseline -0.003 -15"><span class='ocrx_word' id='word_1_594' title='bbox 2012 3782 2176 3839; x_wconf 77' lang='lat' dir='ltr'><strong>Vens.</strong></span> <span class='ocrx_word' id='word_1_595' title='bbox 2205 3782 2260 3837; x_wconf 80' lang='grc'><strong>5.</strong></span> <span class='ocrx_word' id='word_1_596' title='bbox 2287 3811 2367 3823; x_wconf 78' lang='lat'><strong>—-</strong></span> <span class='ocrx_word' id='word_1_597' title='bbox 2386 3780 2525 3846; x_wconf 80' lang='lat' dir='ltr'><strong>Quia</strong></span> <span class='ocrx_word' id='word_1_598' title='bbox 2551 3798 2655 3837; x_wconf 91' lang='lat' dir='ltr'><strong>non</strong></span> <span class='ocrx_word' id='word_1_599' title='bbox 2679 3781 2997 3854; x_wconf 85' lang='lat' dir='ltr'><strong>derelinquet</strong></span> <span class='ocrx_word' id='word_1_600' title='bbox 3038 3782 3295 3836; x_wconf 86' lang='lat' dir='ltr'><strong>Dominus</strong></span> <span class='ocrx_word' id='word_1_601' title='bbox 3324 3782 3526 3851; x_wconf 81' lang='lat' dir='ltr'><strong>virgam</strong></span> 
     </span>
    </p>
   </div>
   <div class='ocr_carea' id='block_1_79' title="bbox 1938 3872 3528 3943">
    <p class='ocr_par' dir='ltr' id='par_1_79' title="bbox 1938 3872 3528 3943">
     <span class='ocr_line' id='line_1_79' title="bbox 1938 3872 3528 3943; baseline -0.001 -18"><span class='ocrx_word' id='word_1_602' title='bbox 1938 3882 2270 3943; x_wconf 87' lang='lat' dir='ltr'><strong>peccatorum</strong></span> <span class='ocrx_word' id='word_1_603' title='bbox 2295 3888 2451 3941; x_wconf 78' lang='lat' dir='ltr'><strong>super</strong></span> <span class='ocrx_word' id='word_1_604' title='bbox 2474 3881 2664 3925; x_wconf 89' lang='lat' dir='ltr'><strong>sortem</strong></span> <span class='ocrx_word' id='word_1_605' title='bbox 2681 3872 2949 3942; x_wconf 85' lang='lat' dir='ltr'><strong>justorum</strong></span> <span class='ocrx_word' id='word_1_606' title='bbox 2968 3888 2986 3925; x_wconf 91' lang='lat'><strong><em>:</em></strong></span> <span class='ocrx_word' id='word_1_607' title='bbox 3020 3880 3076 3925; x_wconf 89' lang='lat' dir='ltr'><strong>ut</strong></span> <span class='ocrx_word' id='word_1_608' title='bbox 3115 3888 3219 3926; x_wconf 87' lang='lat' dir='ltr'><strong>non</strong></span> <span class='ocrx_word' id='word_1_609' title='bbox 3242 3872 3528 3926; x_wconf 72' lang='lat' dir='ltr'><strong>extendam</strong></span> 
     </span>
    </p>
   </div>
   <div class='ocr_carea' id='block_1_80' title="bbox 242 3963 3529 4047">
    <p class='ocr_par' dir='ltr' id='par_1_80' title="bbox 242 3963 3529 4047">
     <span class='ocr_line' id='line_1_80' title="bbox 242 3963 3529 4047; baseline -0.002 -13"><span class='ocrx_word' id='word_1_610' title='bbox 242 3980 495 4034; x_wconf 88' lang='lat' dir='ltr'><strong>nomine.</strong></span> <span class='ocrx_word' id='word_1_611' title='bbox 541 3976 752 4047; x_wconf 82' lang='lat' dir='ltr'><strong>Aquam</strong></span> <span class='ocrx_word' id='word_1_612' title='bbox 799 3975 1214 4041; x_wconf 86' lang='lat' dir='ltr'><strong>intolerabilem,</strong></span> <span class='ocrx_word' id='word_1_613' title='bbox 1245 3975 1348 4031; x_wconf 92' lang='lat' dir='ltr'><strong>hoc</strong></span> <span class='ocrx_word' id='word_1_614' title='bbox 1396 3982 1500 4041; x_wconf 91' lang='lat' dir='ltr'><strong>est,</strong></span> <span class='ocrx_word' id='word_1_615' title='bbox 1554 3975 1843 4030; x_wconf 87' lang='lat' dir='ltr'><strong>incredibi-</strong></span> <span class='ocrx_word' id='word_1_616' title='bbox 1930 3965 2069 4036; x_wconf 63' lang='lat' dir='ltr'><strong>ius“</strong></span> <span class='ocrx_word' id='word_1_617' title='bbox 2111 3964 2179 4018; x_wconf 72' lang='lat' dir='ltr'><strong>ad</strong></span> <span class='ocrx_word' id='word_1_618' title='bbox 2210 3965 2534 4035; x_wconf 74' lang='lat' dir='ltr'><strong>iniquitatem</strong></span> <span class='ocrx_word' id='word_1_619' title='bbox 2577 3981 2766 4019; x_wconf 61' lang='lat' dir='ltr'><strong>manu!</strong></span> <span class='ocrx_word' id='word_1_620' title='bbox 2788 3980 2933 4019; x_wconf 73' lang='grc' dir='ltr'><strong>εααε-</strong></span> <span class='ocrx_word' id='word_1_621' title='bbox 2980 3963 3406 4035; x_wconf 64' lang='grc' dir='ltr'><strong>δοῖείιιεῐοτυῐη</strong></span> <span class='ocrx_word' id='word_1_622' title='bbox 3445 3974 3529 4019; x_wconf 71' lang='grc' dir='ltr'><strong>εει</strong></span> 
     </span>
    </p>
   </div>
   <div class='ocr_carea' id='block_1_81' title="bbox 241 4067 1840 4139">
    <p class='ocr_par' dir='ltr' id='par_1_81' title="bbox 241 4067 1840 4139">
     <span class='ocr_line' id='line_1_81' title="bbox 241 4067 1840 4139; baseline 0 -14"><span class='ocrx_word' id='word_1_623' title='bbox 241 4069 349 4126; x_wconf 87' lang='lat' dir='ltr'><strong>lem</strong></span> <span class='ocrx_word' id='word_1_624' title='bbox 401 4071 625 4126; x_wconf 86' lang='lat' dir='ltr'><strong>rabiem</strong></span> <span class='ocrx_word' id='word_1_625' title='bbox 650 4068 957 4139; x_wconf 87' lang='lat' dir='ltr'><strong>iniquorum</strong></span> <span class='ocrx_word' id='word_1_626' title='bbox 987 4067 1230 4138; x_wconf 88' lang='lat' dir='ltr'><strong>perpessi</strong></span> <span class='ocrx_word' id='word_1_627' title='bbox 1274 4082 1487 4134; x_wconf 87' lang='lat' dir='ltr'><strong>sumus;</strong></span> <span class='ocrx_word' id='word_1_628' title='bbox 1516 4075 1569 4122; x_wconf 89' lang='lat' dir='ltr'><strong>et</strong></span> <span class='ocrx_word' id='word_1_629' title='bbox 1596 4068 1700 4123; x_wconf 90' lang='lat' dir='ltr'><strong>nisi</strong></span> <span class='ocrx_word' id='word_1_630' title='bbox 1732 4068 1840 4125; x_wconf 83' lang='lat' dir='ltr'><strong>Do-</strong></span> 
     </span>
    </p>
   </div>
   <div class='ocr_carea' id='block_1_82' title="bbox 243 4159 1845 4232">
    <p class='ocr_par' dir='ltr' id='par_1_82' title="bbox 243 4159 1845 4232">
     <span class='ocr_line' id='line_1_82' title="bbox 243 4159 1845 4232; baseline -0.002 -13"><span class='ocrx_word' id='word_1_631' title='bbox 243 4165 429 4220; x_wconf 90' lang='lat' dir='ltr'><strong>minus</strong></span> <span class='ocrx_word' id='word_1_632' title='bbox 467 4171 625 4219; x_wconf 83' lang='lat' dir='ltr'><strong>esset</strong></span> <span class='ocrx_word' id='word_1_633' title='bbox 674 4163 727 4217; x_wconf 91' lang='lat' dir='ltr'><strong>in</strong></span> <span class='ocrx_word' id='word_1_634' title='bbox 767 4162 942 4226; x_wconf 91' lang='lat' dir='ltr'><strong>nobis,</strong></span> <span class='ocrx_word' id='word_1_635' title='bbox 995 4159 1297 4214; x_wconf 86' lang='lat' dir='ltr'><strong>nullatenus</strong></span> <span class='ocrx_word' id='word_1_636' title='bbox 1326 4162 1555 4215; x_wconf 78' lang='lat' dir='ltr'><strong>evadere</strong></span> <span class='ocrx_word' id='word_1_637' title='bbox 1583 4162 1845 4232; x_wconf 89' lang='lat' dir='ltr'><strong>potuisset</strong></span> 
     </span>
    </p>
   </div>
   <div class='ocr_carea' id='block_1_83' title="bbox 239 4251 1841 4327">
    <p class='ocr_par' dir='ltr' id='par_1_83' title="bbox 239 4251 1841 4327">
     <span class='ocr_line' id='line_1_83' title="bbox 239 4251 1841 4327; baseline -0.002 -17"><span class='ocrx_word' id='word_1_638' title='bbox 239 4253 522 4327; x_wconf 77' lang='lat' dir='ltr'><strong>fragilitas</strong></span> <span class='ocrx_word' id='word_1_639' title='bbox 574 4261 754 4308; x_wconf 87' lang='lat' dir='ltr'><strong>nostra</strong></span> <span class='ocrx_word' id='word_1_640' title='bbox 811 4254 910 4307; x_wconf 87' lang='lat' dir='ltr'><strong>has</strong></span> <span class='ocrx_word' id='word_1_641' title='bbox 959 4251 1376 4307; x_wconf 87' lang='lat' dir='ltr'><strong>immanissimas</strong></span> <span class='ocrx_word' id='word_1_642' title='bbox 1422 4253 1841 4321; x_wconf 88' lang='lat' dir='ltr'><strong>persecutiones.</strong></span> 
     </span>
    </p>
   </div>
   <div class='ocr_carea' id='block_1_84' title="bbox 240 4341 1843 4415">
    <p class='ocr_par' dir='ltr' id='par_1_84' title="bbox 240 4341 1843 4415">
     <span class='ocr_line' id='line_1_84' title="bbox 240 4341 1843 4415; baseline -0.001 -16"><span class='ocrx_word' id='word_1_643' title='bbox 240 4344 325 4400; x_wconf 74' lang='lat' dir='ltr'><strong>Ad</strong></span> <span class='ocrx_word' id='word_1_644' title='bbox 348 4345 579 4405; x_wconf 87' lang='lat' dir='ltr'><strong>laudem</strong></span> <span class='ocrx_word' id='word_1_645' title='bbox 601 4342 704 4415; x_wconf 79' lang='lat' dir='ltr'><strong>[se]</strong></span> <span class='ocrx_word' id='word_1_646' title='bbox 735 4341 1042 4398; x_wconf 89' lang='lat' dir='ltr'><strong>liberatoris</strong></span> <span class='ocrx_word' id='word_1_647' title='bbox 1071 4342 1153 4396; x_wconf 89' lang='lat' dir='ltr'><strong>sui</strong></span> <span class='ocrx_word' id='word_1_648' title='bbox 1201 4341 1305 4395; x_wconf 88' lang='lat' dir='ltr'><strong>ista</strong></span> <span class='ocrx_word' id='word_1_649' title='bbox 1338 4341 1533 4395; x_wconf 80' lang='lat' dir='ltr'><strong>victrix</strong></span> <span class='ocrx_word' id='word_1_650' title='bbox 1586 4343 1843 4397; x_wconf 87' lang='lat' dir='ltr'><strong>adversa-</strong></span> 
     </span>
    </p>
   </div>
   <div class='ocr_carea' id='block_1_85' title="bbox 1942 4053 3527 4124">
    <p class='ocr_par' dir='ltr' id='par_1_85' title="bbox 1942 4053 3527 4124">
     <span class='ocr_line' id='line_1_85' title="bbox 1942 4053 3527 4124; baseline -0.002 -13"><span class='ocrx_word' id='word_1_651' title='bbox 1942 4064 2090 4112; x_wconf 83' lang='lat' dir='ltr'><strong>stare</strong></span> <span class='ocrx_word' id='word_1_652' title='bbox 2113 4054 2180 4108; x_wconf 89' lang='lat' dir='ltr'><strong>ad</strong></span> <span class='ocrx_word' id='word_1_653' title='bbox 2200 4055 2480 4109; x_wconf 78' lang='lat' dir='ltr'><strong>dexteram</strong></span> <span class='ocrx_word' id='word_1_654' title='bbox 2509 4054 2605 4108; x_wconf 90' lang='lat' dir='ltr'><strong>Dei</strong></span> <span class='ocrx_word' id='word_1_655' title='bbox 2643 4055 2699 4108; x_wconf 92' lang='lat' dir='ltr'><strong>in</strong></span> <span class='ocrx_word' id='word_1_656' title='bbox 2733 4054 2820 4109; x_wconf 90' lang='lat' dir='ltr'><strong>die</strong></span> <span class='ocrx_word' id='word_1_657' title='bbox 2854 4053 3045 4124; x_wconf 87' lang='lat' dir='ltr'><strong>judicii</strong></span> <span class='ocrx_word' id='word_1_658' title='bbox 3071 4070 3086 4119; x_wconf 90' lang='lat'><strong>;</strong></span> <span class='ocrx_word' id='word_1_659' title='bbox 3126 4068 3290 4123; x_wconf 89' lang='lat' dir='ltr'><strong>super</strong></span> <span class='ocrx_word' id='word_1_660' title='bbox 3322 4061 3527 4108; x_wconf 89' lang='lat' dir='ltr'><strong>sortem</strong></span> 
     </span>
    </p>
   </div>
   <div class='ocr_carea' id='block_1_86' title="bbox 1940 4143 3522 4215">
    <p class='ocr_par' dir='ltr' id='par_1_86' title="bbox 1940 4143 3522 4215">
     <span class='ocr_line' id='line_1_86' title="bbox 1940 4143 3522 4215; baseline -0.003 -15"><span class='ocrx_word' id='word_1_661' title='bbox 1940 4159 2071 4200; x_wconf 87' lang='lat' dir='ltr'><strong>vero</strong></span> <span class='ocrx_word' id='word_1_662' title='bbox 2100 4144 2334 4208; x_wconf 88' lang='lat' dir='ltr'><strong>illorum,</strong></span> <span class='ocrx_word' id='word_1_663' title='bbox 2372 4144 2427 4199; x_wconf 90' lang='lat' dir='ltr'><strong>id</strong></span> <span class='ocrx_word' id='word_1_664' title='bbox 2452 4152 2557 4209; x_wconf 88' lang='lat' dir='ltr'><strong>est,</strong></span> <span class='ocrx_word' id='word_1_665' title='bbox 2581 4157 2744 4212; x_wconf 88' lang='lat' dir='ltr'><strong>super</strong></span> <span class='ocrx_word' id='word_1_666' title='bbox 2766 4144 3238 4215; x_wconf 77' lang='lat' dir='ltr'><strong>congregationem</strong></span> <span class='ocrx_word' id='word_1_667' title='bbox 3276 4143 3522 4207; x_wconf 90' lang='lat' dir='ltr'><strong>illorum,</strong></span> 
     </span>
    </p>
   </div>
   <div class='ocr_carea' id='block_1_87' title="bbox 1943 4234 3527 4305">
    <p class='ocr_par' dir='ltr' id='par_1_87' title="bbox 1943 4234 3527 4305">
     <span class='ocr_line' id='line_1_87' title="bbox 1943 4234 3527 4305; baseline -0.003 -14"><span class='ocrx_word' id='word_1_668' title='bbox 1943 4251 2052 4291; x_wconf 89' lang='lat' dir='ltr'><strong>non</strong></span> <span class='ocrx_word' id='word_1_669' title='bbox 2078 4235 2226 4290; x_wconf 82' lang='lat' dir='ltr'><strong>venit</strong></span> <span class='ocrx_word' id='word_1_670' title='bbox 2250 4235 2399 4305; x_wconf 88' lang='lat' dir='ltr'><strong>virga</strong></span> <span class='ocrx_word' id='word_1_671' title='bbox 2436 4234 2719 4304; x_wconf 90' lang='lat' dir='ltr'><strong>impiorum</strong></span> <span class='ocrx_word' id='word_1_672' title='bbox 2740 4274 2753 4298; x_wconf 91' lang='lat'><strong>,</strong></span> <span class='ocrx_word' id='word_1_673' title='bbox 2788 4234 2842 4289; x_wconf 89' lang='lat' dir='ltr'><strong>id</strong></span> <span class='ocrx_word' id='word_1_674' title='bbox 2872 4242 2972 4299; x_wconf 85' lang='lat' dir='ltr'><strong>est,</strong></span> <span class='ocrx_word' id='word_1_675' title='bbox 3000 4235 3268 4289; x_wconf 81' lang='lat' dir='ltr'><strong>sententia</strong></span> <span class='ocrx_word' id='word_1_676' title='bbox 3295 4234 3385 4289; x_wconf 91' lang='lat' dir='ltr'><strong>illa</strong></span> <span class='ocrx_word' id='word_1_677' title='bbox 3418 4242 3527 4288; x_wconf 87' lang='lat' dir='ltr'><strong>ter—</strong></span> 
     </span>
    </p>
   </div>
   <div class='ocr_carea' id='block_1_88' title="bbox 1942 4324 3528 4396">
    <p class='ocr_par' dir='ltr' id='par_1_88' title="bbox 1942 4324 3528 4396">
     <span class='ocr_line' id='line_1_88' title="bbox 1942 4324 3528 4396; baseline -0.001 -14"><span class='ocrx_word' id='word_1_678' title='bbox 1942 4327 2114 4382; x_wconf 86' lang='lat' dir='ltr'><strong>ribilis</strong></span> <span class='ocrx_word' id='word_1_679' title='bbox 2134 4346 2146 4379; x_wconf 89' lang='lat'>:</span> <span class='ocrx_word' id='word_1_680' title='bbox 2165 4324 2267 4391; x_wconf 91' lang='lat' dir='ltr'><strong>Ite,</strong></span> <span class='ocrx_word' id='word_1_681' title='bbox 2286 4324 2642 4392; x_wconf 83' lang='lat' dir='ltr'><strong>maledicti,in</strong></span> <span class='ocrx_word' id='word_1_682' title='bbox 2661 4325 2832 4396; x_wconf 87' lang='lat' dir='ltr'><strong>ignem</strong></span> <span class='ocrx_word' id='word_1_683' title='bbox 2853 4335 3124 4381; x_wconf 66' lang='lat' dir='ltr'><strong>tta-ternum.</strong></span> <span class='ocrx_word' id='word_1_684' title='bbox 3150 4324 3220 4380; x_wconf 88' lang='lat' dir='ltr'><strong>Ut</strong></span> <span class='ocrx_word' id='word_1_685' title='bbox 3242 4343 3345 4382; x_wconf 89' lang='lat' dir='ltr'><strong>non</strong></span> <span class='ocrx_word' id='word_1_686' title='bbox 3356 4336 3528 4381; x_wconf 70' lang='lat' dir='ltr'><strong>exten-</strong></span> 
     </span>
    </p>
   </div>
   <div class='ocr_carea' id='block_1_89' title="bbox 241 4418 1839 4510">
    <p class='ocr_par' dir='ltr' id='par_1_89' title="bbox 241 4433 1839 4510">
     <span class='ocr_line' id='line_1_89' title="bbox 241 4433 1839 4510; baseline 0.001 -17"><span class='ocrx_word' id='word_1_687' title='bbox 241 4438 453 4503; x_wconf 86' lang='lat' dir='ltr'><strong>riorum</strong></span> <span class='ocrx_word' id='word_1_688' title='bbox 477 4438 708 4510; x_wconf 87' lang='lat' dir='ltr'><strong>[cohors</strong></span> <span class='ocrx_word' id='word_1_689' title='bbox 726 4435 991 4492; x_wconf 84' lang='lat' dir='ltr'><strong>convertit</strong></span> <span class='ocrx_word' id='word_1_690' title='bbox 1010 4433 1200 4507; x_wconf 83' lang='lat' dir='ltr'><strong>(Edit.,</strong></span> <span class='ocrx_word' id='word_1_691' title='bbox 1223 4436 1562 4493; x_wconf 80' lang='lat' dir='ltr'><strong>concorditer</strong></span> <span class='ocrx_word' id='word_1_692' title='bbox 1582 4452 1839 4494; x_wconf 68' lang='lat' dir='ltr'><strong>conversa</strong></span> 
     </span>
    </p>
   </div>
   <div class='ocr_carea' id='block_1_90' title="bbox 1940 4418 3525 4510">
    <p class='ocr_par' dir='ltr' id='par_1_90' title="bbox 1944 4418 3525 4491">
     <span class='ocr_line' id='line_1_90' title="bbox 1944 4418 3525 4491; baseline 0.003 -18"><span class='ocrx_word' id='word_1_693' title='bbox 1944 4419 2072 4473; x_wconf 84' lang='lat' dir='ltr'><strong>dant</strong></span> <span class='ocrx_word' id='word_1_694' title='bbox 2091 4419 2229 4490; x_wconf 85' lang='lat' dir='ltr'><strong>justi</strong></span> <span class='ocrx_word' id='word_1_695' title='bbox 2248 4419 2316 4472; x_wconf 88' lang='lat' dir='ltr'><strong>ad</strong></span> <span class='ocrx_word' id='word_1_696' title='bbox 2336 4419 2664 4491; x_wconf 84' lang='lat' dir='ltr'><strong>iniquitatem</strong></span> <span class='ocrx_word' id='word_1_697' title='bbox 2691 4436 2880 4475; x_wconf 84' lang='lat' dir='ltr'><strong>manus</strong></span> <span class='ocrx_word' id='word_1_698' title='bbox 2915 4437 3060 4475; x_wconf 88' lang='lat' dir='ltr'><strong>suas.</strong></span> <span class='ocrx_word' id='word_1_699' title='bbox 3098 4418 3278 4488; x_wconf 86' lang='lat' dir='ltr'><strong>Quare</strong></span> <span class='ocrx_word' id='word_1_700' title='bbox 3313 4422 3435 4487; x_wconf 91' lang='lat' dir='ltr'><strong>hoc,</strong></span> <span class='ocrx_word' id='word_1_701' title='bbox 3467 4437 3525 4476; x_wconf 75' lang='lat' dir='ltr'><strong>ut</strong></span> 
     </span>
    </p>
   </div>
   <div class='ocr_carea' id='block_1_91' title="bbox 241 4528 672 4599">
    <p class='ocr_par' dir='ltr' id='par_1_91' title="bbox 241 4528 672 4599">
     <span class='ocr_line' id='line_1_91' title="bbox 241 4528 672 4599; baseline -0.007 -16"><span class='ocrx_word' id='word_1_702' title='bbox 241 4528 399 4599; x_wconf 86' lang='lat' dir='ltr'><strong>est)],</strong></span> <span class='ocrx_word' id='word_1_703' title='bbox 425 4528 628 4583; x_wconf 88' lang='lat' dir='ltr'><strong>dicens</strong></span> <span class='ocrx_word' id='word_1_704' title='bbox 658 4544 672 4580; x_wconf 93' lang='lat'>:</span> 
     </span>
    </p>
   </div>
   <div class='ocr_carea' id='block_1_92' title="bbox 313 4616 1844 4689">
    <p class='ocr_par' dir='ltr' id='par_1_92' title="bbox 313 4616 1844 4689">
     <span class='ocr_line' id='line_1_92' title="bbox 313 4616 1844 4689; baseline 0 -16"><span class='ocrx_word' id='word_1_705' title='bbox 313 4620 495 4674; x_wconf 71' lang='lat' dir='ltr'><strong>Vens.</strong></span> <span class='ocrx_word' id='word_1_706' title='bbox 527 4617 587 4672; x_wconf 87' lang='lat'><strong>6.</strong></span> <span class='ocrx_word' id='word_1_707' title='bbox 636 4647 708 4659; x_wconf 90' lang='lat'><strong>--</strong></span> <span class='ocrx_word' id='word_1_708' title='bbox 751 4616 1063 4672; x_wconf 71' lang='lat' dir='ltr'><strong>Benedictus</strong></span> <span class='ocrx_word' id='word_1_709' title='bbox 1098 4616 1376 4680; x_wconf 85' lang='lat' dir='ltr'><strong>Dominus,</strong></span> <span class='ocrx_word' id='word_1_710' title='bbox 1416 4618 1505 4689; x_wconf 83' lang='lat' dir='ltr'><strong>qui</strong></span> <span class='ocrx_word' id='word_1_711' title='bbox 1560 4635 1661 4673; x_wconf 86' lang='lat' dir='ltr'><strong>non</strong></span> <span class='ocrx_word' id='word_1_712' title='bbox 1699 4618 1844 4673; x_wconf 83' lang='lat' dir='ltr'><strong>dedit</strong></span> 
     </span>
    </p>
   </div>
   <div class='ocr_carea' id='block_1_93' title="bbox 242 4706 1845 4778">
    <p class='ocr_par' dir='ltr' id='par_1_93' title="bbox 242 4706 1845 4778">
     <span class='ocr_line' id='line_1_93' title="bbox 242 4706 1845 4778; baseline -0.001 -16"><span class='ocrx_word' id='word_1_713' title='bbox 242 4722 339 4762; x_wconf 83' lang='lat' dir='ltr'><strong>nos</strong></span> <span class='ocrx_word' id='word_1_714' title='bbox 359 4710 420 4763; x_wconf 87' lang='lat' dir='ltr'><strong>in</strong></span> <span class='ocrx_word' id='word_1_715' title='bbox 446 4708 751 4778; x_wconf 82' lang='lat' dir='ltr'><strong>captionem</strong></span> <span class='ocrx_word' id='word_1_716' title='bbox 802 4706 1043 4761; x_wconf 84' lang='lat' dir='ltr'><strong>dentibus</strong></span> <span class='ocrx_word' id='word_1_717' title='bbox 1079 4722 1286 4761; x_wconf 88' lang='lat' dir='ltr'><strong>eorum.</strong></span> <span class='ocrx_word' id='word_1_718' title='bbox 1333 4707 1656 4762; x_wconf 88' lang='lat' dir='ltr'><strong>Benedictus</strong></span> <span class='ocrx_word' id='word_1_719' title='bbox 1701 4707 1845 4761; x_wconf 89' lang='lat' dir='ltr'><strong>Deus</strong></span> 
     </span>
    </p>
   </div>
   <div class='ocr_carea' id='block_1_94' title="bbox 240 4791 1844 4865">
    <p class='ocr_par' dir='ltr' id='par_1_94' title="bbox 240 4791 1844 4865">
     <span class='ocr_line' id='line_1_94' title="bbox 240 4791 1844 4865; baseline -0.001 -14"><span class='ocrx_word' id='word_1_720' title='bbox 240 4796 335 4865; x_wconf 91' lang='lat' dir='ltr'><strong>qui</strong></span> <span class='ocrx_word' id='word_1_721' title='bbox 356 4796 500 4851; x_wconf 88' lang='lat' dir='ltr'><strong>vicit</strong></span> <span class='ocrx_word' id='word_1_722' title='bbox 530 4791 826 4859; x_wconf 84' lang='lat' dir='ltr'><strong>mundum;</strong></span> <span class='ocrx_word' id='word_1_723' title='bbox 850 4809 949 4863; x_wconf 87' lang='lat' dir='ltr'><strong>per</strong></span> <span class='ocrx_word' id='word_1_724' title='bbox 967 4809 1125 4864; x_wconf 89' lang='lat' dir='ltr'><strong>quem</strong></span> <span class='ocrx_word' id='word_1_725' title='bbox 1154 4809 1252 4849; x_wconf 86' lang='lat' dir='ltr'><strong>nos</strong></span> <span class='ocrx_word' id='word_1_726' title='bbox 1269 4795 1549 4858; x_wconf 87' lang='lat' dir='ltr'><strong>vincimus,</strong></span> <span class='ocrx_word' id='word_1_727' title='bbox 1563 4811 1660 4864; x_wconf 91' lang='lat' dir='ltr'><strong>per</strong></span> <span class='ocrx_word' id='word_1_728' title='bbox 1681 4810 1844 4864; x_wconf 91' lang='lat' dir='ltr'><strong>quem</strong></span> 
     </span>
    </p>
   </div>
   <div class='ocr_carea' id='block_1_95' title="bbox 242 4883 1839 4956">
    <p class='ocr_par' dir='ltr' id='par_1_95' title="bbox 242 4883 1839 4956">
     <span class='ocr_line' id='line_1_95' title="bbox 242 4883 1839 4956; baseline -0.001 -17"><span class='ocrx_word' id='word_1_729' title='bbox 242 4901 347 4941; x_wconf 85' lang='lat' dir='ltr'><strong>nos</strong></span> <span class='ocrx_word' id='word_1_730' title='bbox 373 4883 603 4940; x_wconf 87' lang='lat' dir='ltr'><strong>liberati</strong></span> <span class='ocrx_word' id='word_1_731' title='bbox 628 4899 815 4939; x_wconf 89' lang='lat' dir='ltr'><strong>sumus</strong></span> <span class='ocrx_word' id='word_1_732' title='bbox 839 4899 869 4936; x_wconf 90' lang='lat' dir='ltr'><strong>a</strong></span> <span class='ocrx_word' id='word_1_733' title='bbox 901 4892 1301 4954; x_wconf 88' lang='lat' dir='ltr'><strong>perseeutorum</strong></span> <span class='ocrx_word' id='word_1_734' title='bbox 1329 4885 1613 4940; x_wconf 82' lang='lat' dir='ltr'><strong>dirissimis</strong></span> <span class='ocrx_word' id='word_1_735' title='bbox 1645 4884 1839 4956; x_wconf 85' lang='lat' dir='ltr'><strong>[Edit.,</strong></span> 
     </span>
    </p>
   </div>
   <div class='ocr_carea' id='block_1_96' title="bbox 242 4973 1843 5047">
    <p class='ocr_par' dir='ltr' id='par_1_96' title="bbox 242 4973 1843 5047">
     <span class='ocr_line' id='line_1_96' title="bbox 242 4973 1843 5047; baseline 0.002 -20"><span class='ocrx_word' id='word_1_736' title='bbox 242 4988 276 5027; x_wconf 89' lang='lat' dir='ltr'><strong>a</strong></span> <span class='ocrx_word' id='word_1_737' title='bbox 303 4973 702 5044; x_wconf 86' lang='lat' dir='ltr'><strong>persecutione</strong></span> <span class='ocrx_word' id='word_1_738' title='bbox 724 4982 777 5026; x_wconf 87' lang='lat' dir='ltr'><strong>et</strong></span> <span class='ocrx_word' id='word_1_739' title='bbox 805 4973 1114 5047; x_wconf 87' lang='lat' dir='ltr'><strong>dirissimis]</strong></span> <span class='ocrx_word' id='word_1_740' title='bbox 1144 4974 1433 5031; x_wconf 87' lang='lat' dir='ltr'><strong>dentibus:</strong></span> <span class='ocrx_word' id='word_1_741' title='bbox 1462 4983 1519 5030; x_wconf 87' lang='lat' dir='ltr'><strong>et</strong></span> <span class='ocrx_word' id='word_1_742' title='bbox 1544 4975 1669 5041; x_wconf 88' lang='lat' dir='ltr'><strong>hoc,</strong></span> <span class='ocrx_word' id='word_1_743' title='bbox 1714 4976 1843 5046; x_wconf 88' lang='lat' dir='ltr'><strong>quia</strong></span> 
     </span>
    </p>
   </div>
   <div class='ocr_carea' id='block_1_97' title="bbox 245 5061 865 5117">
    <p class='ocr_par' dir='ltr' id='par_1_97' title="bbox 245 5061 865 5117">
     <span class='ocr_line' id='line_1_97' title="bbox 245 5061 865 5117; baseline -0.002 -1"><span class='ocrx_word' id='word_1_744' title='bbox 245 5061 392 5117; x_wconf 88' lang='lat' dir='ltr'><strong>Deus</strong></span> <span class='ocrx_word' id='word_1_745' title='bbox 426 5070 559 5117; x_wconf 86' lang='lat' dir='ltr'><strong>erat</strong></span> <span class='ocrx_word' id='word_1_746' title='bbox 587 5061 640 5116; x_wconf 92' lang='lat' dir='ltr'><strong>in</strong></span> <span class='ocrx_word' id='word_1_747' title='bbox 690 5062 865 5116; x_wconf 89' lang='lat' dir='ltr'><strong>nobis.</strong></span> 
     </span>
    </p>
   </div>
   <div class='ocr_carea' id='block_1_98' title="bbox 316 5152 1848 5225">
    <p class='ocr_par' dir='ltr' id='par_1_98' title="bbox 316 5152 1848 5225">
     <span class='ocr_line' id='line_1_98' title="bbox 316 5152 1848 5225; baseline 0.002 -20"><span class='ocrx_word' id='word_1_748' title='bbox 316 5154 491 5211; x_wconf 71' lang='lat' dir='ltr'><strong>Vens.</strong></span> <span class='ocrx_word' id='word_1_749' title='bbox 519 5152 580 5205; x_wconf 83' lang='lat'><strong>7.</strong></span> <span class='ocrx_word' id='word_1_750' title='bbox 608 5181 679 5192; x_wconf 91' lang='lat'><strong>--</strong></span> <span class='ocrx_word' id='word_1_751' title='bbox 697 5152 887 5207; x_wconf 79' lang='lat' dir='ltr'><strong>Anima</strong></span> <span class='ocrx_word' id='word_1_752' title='bbox 913 5162 1090 5207; x_wconf 88' lang='lat' dir='ltr'><strong>nostra</strong></span> <span class='ocrx_word' id='word_1_753' title='bbox 1116 5154 1251 5207; x_wconf 87' lang='lat' dir='ltr'><strong>sicut</strong></span> <span class='ocrx_word' id='word_1_754' title='bbox 1278 5170 1458 5223; x_wconf 85' lang='lat' dir='ltr'><strong>passer</strong></span> <span class='ocrx_word' id='word_1_755' title='bbox 1483 5164 1657 5225; x_wconf 83' lang='lat' dir='ltr'><strong>erepta</strong></span> <span class='ocrx_word' id='word_1_756' title='bbox 1685 5162 1758 5209; x_wconf 89' lang='lat' dir='ltr'><strong>est</strong></span> <span class='ocrx_word' id='word_1_757' title='bbox 1782 5153 1848 5208; x_wconf 87' lang='lat' dir='ltr'><strong>de</strong></span> 
     </span>
    </p>
   </div>
   <div class='ocr_carea' id='block_1_99' title="bbox 240 5243 1846 5319">
    <p class='ocr_par' dir='ltr' id='par_1_99' title="bbox 240 5243 1846 5319">
     <span class='ocr_line' id='line_1_99' title="bbox 240 5243 1846 5319; baseline -0.001 -20"><span class='ocrx_word' id='word_1_758' title='bbox 240 5245 438 5319; x_wconf 77' lang='lat' dir='ltr'><strong>laqueo</strong></span> <span class='ocrx_word' id='word_1_759' title='bbox 470 5246 799 5302; x_wconf 76' lang='lat' dir='ltr'><strong>venantium.</strong></span> <span class='ocrx_word' id='word_1_760' title='bbox 827 5245 1022 5300; x_wconf 87' lang='lat' dir='ltr'><strong>Passer</strong></span> <span class='ocrx_word' id='word_1_761' title='bbox 1059 5245 1163 5298; x_wconf 88' lang='lat' dir='ltr'><strong>iste</strong></span> <span class='ocrx_word' id='word_1_762' title='bbox 1201 5243 1449 5299; x_wconf 89' lang='lat' dir='ltr'><strong>Christus</strong></span> <span class='ocrx_word' id='word_1_763' title='bbox 1473 5252 1558 5300; x_wconf 88' lang='lat' dir='ltr'><strong>est</strong></span> <span class='ocrx_word' id='word_1_764' title='bbox 1582 5262 1599 5298; x_wconf 71' lang='grc' dir='ltr'>ε</span> <span class='ocrx_word' id='word_1_765' title='bbox 1621 5253 1676 5299; x_wconf 91' lang='lat' dir='ltr'><strong>et</strong></span> <span class='ocrx_word' id='word_1_766' title='bbox 1706 5244 1846 5299; x_wconf 91' lang='lat' dir='ltr'><strong>sicut</strong></span> 
     </span>
    </p>
   </div>
   <div class='ocr_carea' id='block_1_100' title="bbox 242 5336 1846 5406">
    <p class='ocr_par' dir='ltr' id='par_1_100' title="bbox 242 5336 1846 5406">
     <span class='ocr_line' id='line_1_100' title="bbox 242 5336 1846 5406; baseline -0.001 -13"><span class='ocrx_word' id='word_1_767' title='bbox 242 5336 339 5393; x_wconf 83' lang='lat' dir='ltr'><strong>ille</strong></span> <span class='ocrx_word' id='word_1_768' title='bbox 365 5339 650 5395; x_wconf 86' lang='lat' dir='ltr'><strong>liberatus</strong></span> <span class='ocrx_word' id='word_1_769' title='bbox 673 5345 757 5393; x_wconf 89' lang='lat' dir='ltr'><strong>est</strong></span> <span class='ocrx_word' id='word_1_770' title='bbox 785 5338 854 5393; x_wconf 89' lang='lat' dir='ltr'><strong>ab</strong></span> <span class='ocrx_word' id='word_1_771' title='bbox 898 5337 1046 5391; x_wconf 89' lang='lat' dir='ltr'><strong>omni</strong></span> <span class='ocrx_word' id='word_1_772' title='bbox 1092 5336 1394 5405; x_wconf 88' lang='lat' dir='ltr'><strong>iniquitate,</strong></span> <span class='ocrx_word' id='word_1_773' title='bbox 1416 5343 1472 5391; x_wconf 89' lang='lat' dir='ltr'><strong>et</strong></span> <span class='ocrx_word' id='word_1_774' title='bbox 1505 5353 1536 5391; x_wconf 90' lang='lat' dir='ltr'><strong>a</strong></span> <span class='ocrx_word' id='word_1_775' title='bbox 1589 5351 1846 5406; x_wconf 79' lang='lat' dir='ltr'><strong>persecu-</strong></span> 
     </span>
    </p>
   </div>
   <div class='ocr_carea' id='block_1_101' title="bbox 243 5425 1845 5496">
    <p class='ocr_par' dir='ltr' id='par_1_101' title="bbox 243 5425 1845 5496">
     <span class='ocr_line' id='line_1_101' title="bbox 243 5425 1845 5496; baseline 0.001 -16"><span class='ocrx_word' id='word_1_776' title='bbox 243 5427 399 5481; x_wconf 83' lang='lat' dir='ltr'><strong>tione</strong></span> <span class='ocrx_word' id='word_1_777' title='bbox 425 5426 750 5495; x_wconf 88' lang='lat' dir='ltr'><strong>impiornm,</strong></span> <span class='ocrx_word' id='word_1_778' title='bbox 780 5434 837 5479; x_wconf 91' lang='lat' dir='ltr'><strong>et</strong></span> <span class='ocrx_word' id='word_1_779' title='bbox 860 5426 1034 5480; x_wconf 90' lang='lat' dir='ltr'><strong>victor</strong></span> <span class='ocrx_word' id='word_1_780' title='bbox 1054 5425 1321 5496; x_wconf 88' lang='lat' dir='ltr'><strong>gloriosus</strong></span> <span class='ocrx_word' id='word_1_781' title='bbox 1354 5425 1421 5479; x_wconf 91' lang='lat' dir='ltr'><strong>ad</strong></span> <span class='ocrx_word' id='word_1_782' title='bbox 1448 5433 1729 5494; x_wconf 88' lang='lat' dir='ltr'><strong>paternam</strong></span> <span class='ocrx_word' id='word_1_783' title='bbox 1758 5441 1845 5481; x_wconf 83' lang='lat' dir='ltr'><strong>re-</strong></span> 
     </span>
    </p>
   </div>
   <div class='ocr_carea' id='block_1_102' title="bbox 245 5514 1848 5585">
    <p class='ocr_par' dir='ltr' id='par_1_102' title="bbox 245 5514 1848 5585">
     <span class='ocr_line' id='line_1_102' title="bbox 245 5514 1848 5585; baseline -0.001 -14"><span class='ocrx_word' id='word_1_784' title='bbox 245 5515 348 5571; x_wconf 90' lang='lat' dir='ltr'><strong>diit</strong></span> <span class='ocrx_word' id='word_1_785' title='bbox 376 5516 580 5571; x_wconf 89' lang='lat' dir='ltr'><strong>sedem</strong></span> <span class='ocrx_word' id='word_1_786' title='bbox 622 5532 635 5567; x_wconf 90' lang='lat'>:</span> <span class='ocrx_word' id='word_1_787' title='bbox 686 5514 765 5569; x_wconf 87' lang='lat' dir='ltr'><strong>sic</strong></span> <span class='ocrx_word' id='word_1_788' title='bbox 812 5530 912 5570; x_wconf 89' lang='lat' dir='ltr'><strong>nos</strong></span> <span class='ocrx_word' id='word_1_789' title='bbox 944 5530 1043 5585; x_wconf 91' lang='lat' dir='ltr'><strong>per</strong></span> <span class='ocrx_word' id='word_1_790' title='bbox 1080 5515 1230 5569; x_wconf 88' lang='lat' dir='ltr'><strong>illum</strong></span> <span class='ocrx_word' id='word_1_791' title='bbox 1267 5514 1482 5570; x_wconf 86' lang='lat' dir='ltr'><strong>liberati</strong></span> <span class='ocrx_word' id='word_1_792' title='bbox 1535 5529 1744 5581; x_wconf 89' lang='lat' dir='ltr'><strong>sumus,</strong></span> <span class='ocrx_word' id='word_1_793' title='bbox 1791 5522 1848 5570; x_wconf 91' lang='lat' dir='ltr'><strong>et</strong></span> 
     </span>
    </p>
   </div>
   <div class='ocr_carea' id='block_1_103' title="bbox 244 5602 1843 5676">
    <p class='ocr_par' dir='ltr' id='par_1_103' title="bbox 244 5602 1843 5676">
     <span class='ocr_line' id='line_1_103' title="bbox 244 5602 1843 5676; baseline 0.003 -17"><span class='ocrx_word' id='word_1_794' title='bbox 244 5619 356 5659; x_wconf 89' lang='lat' dir='ltr'><strong>non</strong></span> <span class='ocrx_word' id='word_1_795' title='bbox 382 5618 591 5660; x_wconf 89' lang='lat' dir='ltr'><strong>sumus</strong></span> <span class='ocrx_word' id='word_1_796' title='bbox 616 5603 729 5657; x_wconf 86' lang='lat' dir='ltr'><strong>dati</strong></span> <span class='ocrx_word' id='word_1_797' title='bbox 755 5604 808 5658; x_wconf 92' lang='lat' dir='ltr'><strong>in</strong></span> <span class='ocrx_word' id='word_1_798' title='bbox 839 5605 1057 5676; x_wconf 87' lang='lat' dir='ltr'><strong>laqueos</strong></span> <span class='ocrx_word' id='word_1_799' title='bbox 1082 5607 1358 5663; x_wconf 77' lang='lat' dir='ltr'><strong>diabolicae</strong></span> <span class='ocrx_word' id='word_1_800' title='bbox 1389 5607 1615 5673; x_wconf 86' lang='lat' dir='ltr'><strong>fraudis,</strong></span> <span class='ocrx_word' id='word_1_801' title='bbox 1665 5621 1768 5663; x_wconf 85' lang='lat' dir='ltr'><strong>nec</strong></span> <span class='ocrx_word' id='word_1_802' title='bbox 1786 5602 1843 5663; x_wconf 85' lang='lat' dir='ltr'><strong>in</strong></span> 
     </span>
    </p>
   </div>
   <div class='ocr_carea' id='block_1_104' title="bbox 242 5697 1844 5769">
    <p class='ocr_par' dir='ltr' id='par_1_104' title="bbox 242 5697 1844 5769">
     <span class='ocr_line' id='line_1_104' title="bbox 242 5697 1844 5769; baseline 0.001 -17"><span class='ocrx_word' id='word_1_803' title='bbox 242 5712 448 5755; x_wconf 81' lang='lat' dir='ltr'><strong>manus</strong></span> <span class='ocrx_word' id='word_1_804' title='bbox 489 5697 830 5752; x_wconf 86' lang='lat' dir='ltr'><strong>venantium.</strong></span> <span class='ocrx_word' id='word_1_805' title='bbox 858 5697 968 5753; x_wconf 85' lang='lat' dir='ltr'><strong>Nos</strong></span> <span class='ocrx_word' id='word_1_806' title='bbox 991 5698 1156 5754; x_wconf 88' lang='lat' dir='ltr'><strong>vitam</strong></span> <span class='ocrx_word' id='word_1_807' title='bbox 1181 5699 1527 5769; x_wconf 82' lang='lat' dir='ltr'><strong>perdidimus,</strong></span> <span class='ocrx_word' id='word_1_808' title='bbox 1561 5699 1657 5755; x_wconf 90' lang='lat' dir='ltr'><strong>sed</strong></span> <span class='ocrx_word' id='word_1_809' title='bbox 1686 5698 1844 5755; x_wconf 87' lang='lat' dir='ltr'><strong>ﬁdem</strong></span> 
     </span>
    </p>
   </div>
   <div class='ocr_carea' id='block_1_105' title="bbox 1868 4505 3528 4583">
    <p class='ocr_par' dir='ltr' id='par_1_105' title="bbox 1868 4505 3528 4583">
     <span class='ocr_line' id='line_1_105' title="bbox 1868 4505 3528 4583; baseline 0.003 -18"><span class='ocrx_word' id='word_1_810' title='bbox 1868 4505 1921 4565; x_wconf 86' lang='grc' dir='ltr'><strong>Ι)</strong></span> <span class='ocrx_word' id='word_1_811' title='bbox 1945 4527 2050 4564; x_wconf 88' lang='lat' dir='ltr'><strong>non</strong></span> <span class='ocrx_word' id='word_1_812' title='bbox 2092 4510 2369 4566; x_wconf 71' lang='lat' dir='ltr'><strong>extendant</strong></span> <span class='ocrx_word' id='word_1_813' title='bbox 2400 4511 2538 4581; x_wconf 80' lang='lat' dir='ltr'><strong>justi</strong></span> <span class='ocrx_word' id='word_1_814' title='bbox 2566 4511 2635 4565; x_wconf 86' lang='lat' dir='ltr'><strong>ad</strong></span> <span class='ocrx_word' id='word_1_815' title='bbox 2663 4511 2995 4583; x_wconf 86' lang='lat' dir='ltr'><strong>iniquitatem</strong></span> <span class='ocrx_word' id='word_1_816' title='bbox 3030 4529 3220 4569; x_wconf 89' lang='lat' dir='ltr'><strong>manus</strong></span> <span class='ocrx_word' id='word_1_817' title='bbox 3254 4531 3379 4569; x_wconf 89' lang='lat' dir='ltr'><strong>suas</strong></span> <span class='ocrx_word' id='word_1_818' title='bbox 3403 4516 3428 4569; x_wconf 83' lang='lat'><strong><em>?</em></strong></span> <span class='ocrx_word' id='word_1_819' title='bbox 3456 4514 3528 4571; x_wconf 89' lang='lat' dir='ltr'><strong>Ut</strong></span> 
     </span>
    </p>
   </div>
   <div class='ocr_carea' id='block_1_106' title="bbox 1946 4602 3526 4674">
    <p class='ocr_par' dir='ltr' id='par_1_106' title="bbox 1946 4602 3526 4674">
     <span class='ocr_line' id='line_1_106' title="bbox 1946 4602 3526 4674; baseline 0.004 -17"><span class='ocrx_word' id='word_1_820' title='bbox 1946 4602 2017 4657; x_wconf 89' lang='lat' dir='ltr'><strong>ad</strong></span> <span class='ocrx_word' id='word_1_821' title='bbox 2042 4610 2251 4672; x_wconf 89' lang='lat' dir='ltr'><strong>tempus</strong></span> <span class='ocrx_word' id='word_1_822' title='bbox 2282 4602 2457 4658; x_wconf 82' lang='lat' dir='ltr'><strong>ferant</strong></span> <span class='ocrx_word' id='word_1_823' title='bbox 2473 4602 2607 4672; x_wconf 87' lang='lat' dir='ltr'><strong>justi</strong></span> <span class='ocrx_word' id='word_1_824' title='bbox 2632 4604 2849 4674; x_wconf 85' lang='lat' dir='ltr'><strong>iniquos</strong></span> <span class='ocrx_word' id='word_1_825' title='bbox 2862 4606 3228 4672; x_wconf 84' lang='lat' dir='ltr'><strong>dominantes,</strong></span> <span class='ocrx_word' id='word_1_826' title='bbox 3253 4617 3309 4663; x_wconf 91' lang='lat' dir='ltr'><strong>et</strong></span> <span class='ocrx_word' id='word_1_827' title='bbox 3327 4608 3526 4664; x_wconf 88' lang='lat' dir='ltr'><strong>intelli-</strong></span> 
     </span>
    </p>
   </div>
   <div class='ocr_carea' id='block_1_107' title="bbox 1945 4694 3528 4769">
    <p class='ocr_par' dir='ltr' id='par_1_107' title="bbox 1945 4694 3528 4769">
     <span class='ocr_line' id='line_1_107' title="bbox 1945 4694 3528 4769; baseline 0.006 -22"><span class='ocrx_word' id='word_1_828' title='bbox 1945 4704 2081 4765; x_wconf 87' lang='lat' dir='ltr'><strong>gant</strong></span> <span class='ocrx_word' id='word_1_829' title='bbox 2105 4710 2212 4749; x_wconf 93' lang='lat' dir='ltr'><strong>non</strong></span> <span class='ocrx_word' id='word_1_830' title='bbox 2236 4709 2357 4751; x_wconf 85' lang='lat' dir='ltr'><strong>esse</strong></span> <span class='ocrx_word' id='word_1_831' title='bbox 2394 4696 2822 4769; x_wconf 89' lang='lat' dir='ltr'><strong>sempiternum;</strong></span> <span class='ocrx_word' id='word_1_832' title='bbox 2863 4694 2957 4752; x_wconf 88' lang='lat' dir='ltr'><strong>sed</strong></span> <span class='ocrx_word' id='word_1_833' title='bbox 3004 4709 3312 4769; x_wconf 69' lang='lat' dir='ltr'><strong>praeparent</strong></span> <span class='ocrx_word' id='word_1_834' title='bbox 3353 4716 3412 4758; x_wconf 88' lang='lat' dir='ltr'><strong>se</strong></span> <span class='ocrx_word' id='word_1_835' title='bbox 3459 4703 3528 4756; x_wconf 87' lang='lat' dir='ltr'><strong>ad</strong></span> 
     </span>
    </p>
   </div>
   <div class='ocr_carea' id='block_1_108' title="bbox 1944 4788 3525 4860">
    <p class='ocr_par' dir='ltr' id='par_1_108' title="bbox 1944 4788 3525 4860">
     <span class='ocr_line' id='line_1_108' title="bbox 1944 4788 3525 4860; baseline 0.004 -19"><span class='ocrx_word' id='word_1_836' title='bbox 1944 4788 2323 4859; x_wconf 80' lang='lat' dir='ltr'><strong>possidendam</strong></span> <span class='ocrx_word' id='word_1_837' title='bbox 2351 4789 2719 4844; x_wconf 82' lang='lat' dir='ltr'><strong>b:ereditatem</strong></span> <span class='ocrx_word' id='word_1_838' title='bbox 2752 4791 3137 4860; x_wconf 89' lang='lat' dir='ltr'><strong>sempiternam</strong></span> <span class='ocrx_word' id='word_1_839' title='bbox 3164 4811 3176 4846; x_wconf 74' lang='grc' dir='ltr'><strong>τ</strong></span> <span class='ocrx_word' id='word_1_840' title='bbox 3217 4802 3355 4850; x_wconf 88' lang='lat' dir='ltr'><strong>tune</strong></span> <span class='ocrx_word' id='word_1_841' title='bbox 3382 4796 3525 4850; x_wconf 91' lang='lat' dir='ltr'><strong>enim</strong></span> 
     </span>
    </p>
   </div>
   <div class='ocr_carea' id='block_1_109' title="bbox 1947 4880 3531 4953">
    <p class='ocr_par' dir='ltr' id='par_1_109' title="bbox 1947 4880 3531 4953">
     <span class='ocr_line' id='line_1_109' title="bbox 1947 4880 3531 4953; baseline 0.003 -18"><span class='ocrx_word' id='word_1_842' title='bbox 1947 4881 2255 4935; x_wconf 88' lang='lat' dir='ltr'><strong>destruetur</strong></span> <span class='ocrx_word' id='word_1_843' title='bbox 2279 4880 2457 4936; x_wconf 89' lang='lat' dir='ltr'><strong>omnis</strong></span> <span class='ocrx_word' id='word_1_844' title='bbox 2482 4889 2725 4951; x_wconf 90' lang='lat' dir='ltr'><strong>potestas</strong></span> <span class='ocrx_word' id='word_1_845' title='bbox 2751 4882 3072 4953; x_wconf 89' lang='lat' dir='ltr'><strong>iniquitatis,</strong></span> <span class='ocrx_word' id='word_1_846' title='bbox 3095 4891 3155 4938; x_wconf 88' lang='lat' dir='ltr'><strong>ut</strong></span> <span class='ocrx_word' id='word_1_847' title='bbox 3175 4885 3246 4939; x_wconf 88' lang='lat' dir='ltr'><strong>sit</strong></span> <span class='ocrx_word' id='word_1_848' title='bbox 3269 4885 3531 4941; x_wconf 80' lang='lat' dir='ltr'><strong>Dominus</strong></span> 
     </span>
    </p>
   </div>
   <div class='ocr_carea' id='block_1_110' title="bbox 1945 4972 3529 5045">
    <p class='ocr_par' dir='ltr' id='par_1_110' title="bbox 1945 4972 3529 5045">
     <span class='ocr_line' id='line_1_110' title="bbox 1945 4972 3529 5045; baseline 0.002 -18"><span class='ocrx_word' id='word_1_849' title='bbox 1945 4972 2131 5027; x_wconf 89' lang='lat' dir='ltr'><strong>omnia</strong></span> <span class='ocrx_word' id='word_1_850' title='bbox 2151 4972 2212 5026; x_wconf 88' lang='lat' dir='ltr'><strong>in</strong></span> <span class='ocrx_word' id='word_1_851' title='bbox 2236 4972 2503 5027; x_wconf 88' lang='lat' dir='ltr'><strong>omnibus.</strong></span> <span class='ocrx_word' id='word_1_852' title='bbox 2533 4972 2646 5028; x_wconf 85' lang='lat' dir='ltr'><strong>Hoc</strong></span> <span class='ocrx_word' id='word_1_853' title='bbox 2679 4975 2932 5045; x_wconf 84' lang='lat' dir='ltr'><strong>cogitent,</strong></span> <span class='ocrx_word' id='word_1_854' title='bbox 2962 4976 3054 5045; x_wconf 92' lang='lat' dir='ltr'><strong>qui</strong></span> <span class='ocrx_word' id='word_1_855' title='bbox 3086 4984 3241 5030; x_wconf 86' lang='lat' dir='ltr'><strong>recto</strong></span> <span class='ocrx_word' id='word_1_856' title='bbox 3262 4984 3387 5031; x_wconf 92' lang='lat' dir='ltr'><strong>sunt</strong></span> <span class='ocrx_word' id='word_1_857' title='bbox 3407 4991 3529 5031; x_wconf 88' lang='lat' dir='ltr'><strong>eor-</strong></span> 
     </span>
    </p>
   </div>
   <div class='ocr_carea' id='block_1_111' title="bbox 1946 5062 3527 5134">
    <p class='ocr_par' dir='ltr' id='par_1_111' title="bbox 1946 5062 3527 5134">
     <span class='ocr_line' id='line_1_111' title="bbox 1946 5062 3527 5134; baseline 0.002 -19"><span class='ocrx_word' id='word_1_858' title='bbox 1946 5062 2014 5116; x_wconf 90' lang='lat' dir='ltr'><strong>de</strong></span> <span class='ocrx_word' id='word_1_859' title='bbox 2032 5100 2047 5127; x_wconf 94' lang='lat'><strong>,</strong></span> <span class='ocrx_word' id='word_1_860' title='bbox 2088 5062 2231 5131; x_wconf 93' lang='lat' dir='ltr'><strong>quod</strong></span> <span class='ocrx_word' id='word_1_861' title='bbox 2259 5077 2364 5117; x_wconf 93' lang='lat' dir='ltr'><strong>non</strong></span> <span class='ocrx_word' id='word_1_862' title='bbox 2394 5078 2608 5133; x_wconf 90' lang='lat' dir='ltr'><strong>semper</strong></span> <span class='ocrx_word' id='word_1_863' title='bbox 2629 5064 2976 5119; x_wconf 89' lang='lat' dir='ltr'><strong>dominantur</strong></span> <span class='ocrx_word' id='word_1_864' title='bbox 3013 5065 3197 5134; x_wconf 81' lang='lat' dir='ltr'><strong>injuSti</strong></span> <span class='ocrx_word' id='word_1_865' title='bbox 3216 5104 3231 5129; x_wconf 89' lang='lat'><strong>,</strong></span> <span class='ocrx_word' id='word_1_866' title='bbox 3262 5064 3353 5120; x_wconf 88' lang='lat' dir='ltr'><strong>sed</strong></span> <span class='ocrx_word' id='word_1_867' title='bbox 3378 5064 3527 5119; x_wconf 83' lang='lat' dir='ltr'><strong>aufe-</strong></span> 
     </span>
    </p>
   </div>
   <div class='ocr_carea' id='block_1_112' title="bbox 1944 5142 3527 5229">
    <p class='ocr_par' dir='ltr' id='par_1_112' title="bbox 1944 5142 3527 5229">
     <span class='ocr_line' id='line_1_112' title="bbox 1944 5142 3527 5229; baseline 0.002 -20"><span class='ocrx_word' id='word_1_868' title='bbox 1944 5161 2097 5209; x_wconf 89' lang='lat' dir='ltr'><strong>retur</strong></span> <span class='ocrx_word' id='word_1_869' title='bbox 2136 5162 2378 5223; x_wconf 85' lang='lat' dir='ltr'><strong>potestas</strong></span> <span class='ocrx_word' id='word_1_870' title='bbox 2402 5155 2617 5210; x_wconf 87' lang='lat' dir='ltr'><strong>illorum</strong></span> <span class='ocrx_word' id='word_1_871' title='bbox 2660 5157 2730 5213; x_wconf 91' lang='lat' dir='ltr'><strong>ab</strong></span> <span class='ocrx_word' id='word_1_872' title='bbox 2758 5157 2870 5223; x_wconf 86' lang='lat' dir='ltr'><strong>eis,</strong></span> <span class='ocrx_word' id='word_1_873' title='bbox 2909 5164 2966 5212; x_wconf 88' lang='lat' dir='ltr'><strong>et</strong></span> <span class='ocrx_word' id='word_1_874' title='bbox 2991 5142 3527 5229; x_wconf 81' lang='lat' dir='ltr'><strong>regnabitDomiuus</strong></span> 
     </span>
    </p>
   </div>
   <div class='ocr_carea' id='block_1_113' title="bbox 1948 5241 2742 5315">
    <p class='ocr_par' dir='ltr' id='par_1_113' title="bbox 1948 5241 2742 5315">
     <span class='ocr_line' id='line_1_113' title="bbox 1948 5241 2742 5315; baseline 0.005 -18"><span class='ocrx_word' id='word_1_875' title='bbox 1948 5241 2140 5315; x_wconf 81' lang='lat' dir='ltr'><strong>[solus]</strong></span> <span class='ocrx_word' id='word_1_876' title='bbox 2172 5258 2334 5314; x_wconf 89' lang='lat' dir='ltr'><strong>super</strong></span> <span class='ocrx_word' id='word_1_877' title='bbox 2360 5253 2579 5302; x_wconf 90' lang='lat' dir='ltr'><strong>sanctos</strong></span> <span class='ocrx_word' id='word_1_878' title='bbox 2598 5262 2742 5303; x_wconf 90' lang='lat' dir='ltr'><strong>suos.</strong></span> 
     </span>
    </p>
   </div>
   <div class='ocr_carea' id='block_1_114' title="bbox 2020 5333 3520 5407">
    <p class='ocr_par' dir='ltr' id='par_1_114' title="bbox 2020 5333 3520 5407">
     <span class='ocr_line' id='line_1_114' title="bbox 2020 5333 3520 5407; baseline 0 -19"><span class='ocrx_word' id='word_1_879' title='bbox 2020 5333 2180 5388; x_wconf 76' lang='lat' dir='ltr'><strong>Vens.</strong></span> <span class='ocrx_word' id='word_1_880' title='bbox 2205 5334 2259 5387; x_wconf 69' lang='grc'><strong>4.</strong></span> <span class='ocrx_word' id='word_1_881' title='bbox 2285 5365 2356 5375; x_wconf 93' lang='grc'><strong><em>-</em></strong></span> <span class='ocrx_word' id='word_1_882' title='bbox 2377 5334 2446 5389; x_wconf 85' lang='lat' dir='ltr'><strong>Et</strong></span> <span class='ocrx_word' id='word_1_883' title='bbox 2475 5336 2761 5407; x_wconf 79' lang='lat' dir='ltr'><strong>benefaciat</strong></span> <span class='ocrx_word' id='word_1_884' title='bbox 2786 5337 2930 5392; x_wconf 86' lang='lat' dir='ltr'><strong>bonis</strong></span> <span class='ocrx_word' id='word_1_885' title='bbox 2955 5347 3002 5392; x_wconf 89' lang='lat' dir='ltr'><strong>et</strong></span> <span class='ocrx_word' id='word_1_886' title='bbox 3028 5337 3177 5390; x_wconf 87' lang='lat' dir='ltr'><strong>rectis</strong></span> <span class='ocrx_word' id='word_1_887' title='bbox 3200 5336 3372 5389; x_wconf 85' lang='lat' dir='ltr'><strong>corde.</strong></span> <span class='ocrx_word' id='word_1_888' title='bbox 3404 5334 3520 5398; x_wconf 86' lang='lat' dir='ltr'><strong>Hie,</strong></span> 
     </span>
    </p>
   </div>
   <div class='ocr_carea' id='block_1_115' title="bbox 1945 5425 3523 5501">
    <p class='ocr_par' dir='ltr' id='par_1_115' title="bbox 1945 5425 3523 5501">
     <span class='ocr_line' id='line_1_115' title="bbox 1945 5425 3523 5501; baseline 0.003 -22"><span class='ocrx_word' id='word_1_889' title='bbox 1945 5433 2007 5479; x_wconf 90' lang='lat' dir='ltr'><strong>ut</strong></span> <span class='ocrx_word' id='word_1_890' title='bbox 2035 5426 2091 5480; x_wconf 91' lang='lat' dir='ltr'><strong>in</strong></span> <span class='ocrx_word' id='word_1_891' title='bbox 2123 5425 2227 5483; x_wconf 88' lang='lat' dir='ltr'><strong>ﬁde</strong></span> <span class='ocrx_word' id='word_1_892' title='bbox 2253 5435 2309 5482; x_wconf 90' lang='lat' dir='ltr'><strong>et</strong></span> <span class='ocrx_word' id='word_1_893' title='bbox 2336 5429 2477 5484; x_wconf 91' lang='lat' dir='ltr'><strong>bono</strong></span> <span class='ocrx_word' id='word_1_894' title='bbox 2519 5444 2685 5501; x_wconf 87' lang='lat' dir='ltr'><strong>opere</strong></span> <span class='ocrx_word' id='word_1_895' title='bbox 2723 5439 3077 5501; x_wconf 87' lang='lat' dir='ltr'><strong>permaneant</strong></span> <span class='ocrx_word' id='word_1_896' title='bbox 3117 5429 3356 5495; x_wconf 86' lang='lat' dir='ltr'><strong>stabiles,</strong></span> <span class='ocrx_word' id='word_1_897' title='bbox 3386 5437 3443 5484; x_wconf 91' lang='lat' dir='ltr'><strong>et</strong></span> <span class='ocrx_word' id='word_1_898' title='bbox 3468 5430 3523 5483; x_wconf 92' lang='lat' dir='ltr'><strong>in</strong></span> 
     </span>
    </p>
   </div>
   <div class='ocr_carea' id='block_1_116' title="bbox 1944 5515 3503 5597">
    <p class='ocr_par' dir='ltr' id='par_1_116' title="bbox 1944 5515 3503 5597">
     <span class='ocr_line' id='line_1_116' title="bbox 1944 5515 3503 5597; baseline 0.007 -27"><span class='ocrx_word' id='word_1_899' title='bbox 1944 5515 2129 5574; x_wconf 84' lang='lat' dir='ltr'><strong>futuro</strong></span> <span class='ocrx_word' id='word_1_900' title='bbox 2152 5520 2376 5590; x_wconf 87' lang='lat' dir='ltr'><strong>gloriam</strong></span> <span class='ocrx_word' id='word_1_901' title='bbox 2405 5524 2672 5597; x_wconf 88' lang='lat' dir='ltr'><strong>accipiant</strong></span> <span class='ocrx_word' id='word_1_902' title='bbox 2693 5524 3093 5592; x_wconf 87' lang='lat' dir='ltr'><strong>sempiternam.</strong></span> <span class='ocrx_word' id='word_1_903' title='bbox 3502 5538 3503 5541; x_wconf 78' lang='lat'>‘</span> 
     </span>
    </p>
   </div>
   <div class='ocr_carea' id='block_1_117' title="bbox 1946 5611 3525 5687">
    <p class='ocr_par' dir='ltr' id='par_1_117' title="bbox 1946 5611 3525 5687">
     <span class='ocr_line' id='line_1_117' title="bbox 1946 5611 3525 5687; baseline 0.001 -21"><span class='ocrx_word' id='word_1_904' title='bbox 1946 5629 1950 5633; x_wconf 92' lang='grc'>·</span> <span class='ocrx_word' id='word_1_905' title='bbox 2017 5611 2180 5667; x_wconf 78' lang='lat' dir='ltr'><strong>Vens.</strong></span> <span class='ocrx_word' id='word_1_906' title='bbox 2208 5611 2261 5667; x_wconf 81' lang='lat'><strong>5.</strong></span> <span class='ocrx_word' id='word_1_907' title='bbox 2294 5644 2365 5657; x_wconf 71' lang='grc' dir='ltr'><strong>α·-</strong></span> <span class='ocrx_word' id='word_1_908' title='bbox 2389 5615 2715 5670; x_wconf 76' lang='lat' dir='ltr'><strong>Declinantes</strong></span> <span class='ocrx_word' id='word_1_909' title='bbox 2745 5625 2920 5669; x_wconf 88' lang='lat' dir='ltr'><strong>autem</strong></span> <span class='ocrx_word' id='word_1_910' title='bbox 2941 5615 2997 5669; x_wconf 89' lang='lat' dir='ltr'><strong>in</strong></span> <span class='ocrx_word' id='word_1_911' title='bbox 3025 5615 3392 5687; x_wconf 85' lang='lat' dir='ltr'><strong>obligationem</strong></span> <span class='ocrx_word' id='word_1_912' title='bbox 3431 5613 3525 5667; x_wconf 85' lang='lat' dir='ltr'><strong>ad-</strong></span> 
     </span>
    </p>
   </div>
   <div class='ocr_carea' id='block_1_118' title="bbox 1945 5699 3524 5778">
    <p class='ocr_par' dir='ltr' id='par_1_118' title="bbox 1945 5699 3524 5778">
     <span class='ocr_line' id='line_1_118' title="bbox 1945 5699 3524 5778; baseline 0.003 -24"><span class='ocrx_word' id='word_1_913' title='bbox 1945 5699 2096 5756; x_wconf 84' lang='lat' dir='ltr'><strong>ducet</strong></span> <span class='ocrx_word' id='word_1_914' title='bbox 2117 5701 2371 5762; x_wconf 75' lang='lat' dir='ltr'><strong>Dominus</strong></span> <span class='ocrx_word' id='word_1_915' title='bbox 2389 5706 2857 5776; x_wconf 78' lang='lat' dir='ltr'><strong>cumoperantibus</strong></span> <span class='ocrx_word' id='word_1_916' title='bbox 2880 5707 3224 5778; x_wconf 85' lang='lat' dir='ltr'><strong>iniquitatem,</strong></span> <span class='ocrx_word' id='word_1_917' title='bbox 3241 5723 3347 5776; x_wconf 73' lang='lat' dir='ltr'><strong>pas:</strong></span> <span class='ocrx_word' id='word_1_918' title='bbox 3367 5722 3524 5776; x_wconf 85' lang='lat' dir='ltr'><strong>super</strong></span> 
     </span>
    </p>
   </div>
  </div>
