4072 6340
549 290 652 348 6ὲῖ

1362 293 1422 347 Β.
1464 293 1526 351 F.
1564 289 1789 347 ALBIVI
1829 286 1959 345 SEU
1999 279 2274 338 ALCUINI
2313 281 2596 340 OPERUM
2634 282 2812 338 PARS
2846 281 2905 337 ll.

3694 280 3801 341 628

541 406 733 464 Israel.
776 404 878 473 Qui
913 413 1208 477 operantur
1253 401 1623 473 iniquitatem',
1668 401 1721 456 id
1751 407 1864 464 εει,
1895 412 2124 470 quorum
2153 397 2196 453 Α
2226 410 2303 461 ix,
2338 395 2427 468 6):
2459 404 2718 467 quantum
2747 396 2891 451 enim
2918 395 3147 467 quisque
3172 395 3434 464 seminat,
3474 404 3687 453 tantum
3715 414 3801 454 re-

544 500 688 557 iecta
715 497 911 554 imitati
937 503 1083 563 sunt,
1108 496 1200 567 qui
1226 493 1380 568 [ὅση
1409 481 1559 565 quia]
1588 507 1775 548 eorum
1803 496 2122 561 praesentem

541 589 785 649 laetitiam
814 594 1152 652 amaverunt,
1180 593 1236 640 et
1256 584 1432 639 futura
1459 583 1721 653 supplicia
1744 597 1850 638 non
1876 577 2122 643 credide-

543 687 694 736 runt.
740 679 842 747 Qui
868 693 997 750 ergo
1024 677 1158 732 recti
1195 682 1323 732 sunt
1358 672 1551 739 corde,
1580 682 1637 728 et
1664 687 1771 726 non
1816 669 2121 737 declinant,

545 771 675 848 quid
718 769 1034 835 habebunt?
1069 766 1189 831 lam
1217 764 1498 826 veniamus
1523 763 1590 819 ad
1621 764 1794 834 ipsam
1833 758 2122 815 haeredita-
2159 759 2161 761 ’

543 872 568 917 t
599 878 672 916 m.
703 859 832 927 Quae
860 868 945 914 est
964 858 1051 913 illa
1076 856 1407 913 baireditas?
1442 855 1555 909 P‘ax
1585 868 1747 923 super
1774 849 1961 906 lsrael.
1995 848 2125 915 Quae

541 953 687 1031 pax?
713 950 827 1014 Illa,
853 963 974 1020 quae
995 954 1286 1018 exsuperat
1315 960 1531 1001 omnem
1552 956 1793 999 sensum.

1048 1036 1370 1101 PSALMUS
1407 1034 1617 1095 CXXV.

609 1131 860 1211 fsalmus
872 1130 975 1186 iste
991 1126 1267 1185 Graduum
1291 1125 1675 1197 redemptionis
1693 1130 1891 1178 nostra:
1910 1120 2123 1175 laudem

542 1231 815 1295 decantat,
842 1228 1110 1301 quomodo
1130 1225 1342 1289 liberati
1369 1239 1556 1281 sumus
1575 1223 1642 1278 de
1666 1220 1979 1292 captivitate
2008 1217 2126 1272 dia-

543 1324 732 1380 bolicae
756 1322 1060 1394 potestatis,
1084 1328 1140 1376 et
1162 1326 1511 1389 peccatorum
1533 1324 1841 1372 nostron
1862 1311 2120 1369 vinculis:

543 1422 734 1471 cantat
756 1412 945 1485 [enim]
974 1412 1076 1467 iste
1098 1418 1308 1471 amator
1335 1406 1602 1464 libertatis
1629 1411 1859 1462 nostris:

614 1505 779 1562 Vens.
822 1504 874 1563 1.
908 1533 981 1545 --
1009 1501 1079 1557 In
1106 1499 1444 1555 convertenda
1485 1497 1741 1552 Dominus
1778 1494 2124 1565 captivitatem

546 1592 701 1661 Sion,
727 1593 854 1664 facti
881 1608 1061 1648 sumus
1101 1590 1233 1652 sicut
1262 1587 1550 1652 consolati,
1582 1585 1636 1641 id
1662 1593 1767 1651 est,
1806 1584 2121 1654 gaudentes.

545 1681 676 1738 Sion
716 1683 772 1737 in
819 1681 1026 1754 angelis
1052 1690 1285 1744 aeterna,
1318 1679 1373 1733 in
1411 1677 1720 1733 hominibus
1764 1676 1978 1745 captiva
2018 1681 2118 1729 est.

548 1773 701 1833 Unde
722 1774 932 1845 captiva
947 1772 1132 1843 ?.Quia
1154 1770 1445 1833 venundati
1464 1770 1564 1824 sub
1583 1775 1827 1838 peccato.
1855 1767 2010 1823 Unde
2032 1782 2128 1822 ve-

544 1865 792 1930 nundati,
820 1864 923 1918 nisi
956 1860 1353 1917 consentientes
1375 1858 1645 1929 peccato?
1678 1857 1859 1915 Liberi
1885 1857 2017 1917 facti
2036 1873 2127 1913 su.

547 1972 691 2021 mus,
735 1956 831 2011 sed
863 1954 1218 2028 nosmetipsos
1238 1951 1576 2010 vendidimus
1609 1958 1834 2024 peccato
1878 1949 2129 2024 [propter

547 2047 956 2104 consensionem
979 2045 1189 2117 peccati
1211 2044 1265 2100 in
1285 2043 1459 2115 primo
1478 2051 1704 2113 parente
1724 2050 1909 2101 nostro
1930 2041 2125 2115 (Edit.,

548 2147 831 2195 consortes
864 2137 992 2194 facti
1024 2145 1249 2208 peccato
1284 2135 1441 2205 primi
1469 2135 1712 2210 parentis
1734 2133 1925 2207 nostri)
1949 2133 1991 2208 ].
2019 2133 2127 2192 Sed

512 2240 519 2245 '
546 2232 604 2290 in
632 2232 867 2287 secundo
886 2231 1094 2292 liberati
1118 2245 1306 2291 sumus
1326 2238 1383 2286 et
1409 2229 1529 2284 ideo
1549 2229 1829 2285 consolati.
1845 2228 1961 2287 Non
1981 2230 2127 2291 enim

543 2339 734 2380 omnes
760 2324 903 2383 illius
929 2322 1164 2379 civitatis
1190 2322 1339 2377 cives
1360 2321 1563 2393 captivi
1590 2327 1736 2386 sunt,
1763 2320 1857 2376 sed
1886 2321 1978 2391 qui
2000 2321 2128 2377 inde

545 2417 977 2489 peregrinantur,
1004 2415 1201 2492 captivi
1227 2422 1352 2470 sunt
1377 2432 1392 2467 :
1432 2411 1730 2469 consolatio
1752 2426 1879 2467 vero
1901 2412 2126 2468 misero-

545 2522 671 2567 rum
691 2515 775 2563 est
798 2513 855 2562 et
876 2508 1204 2580 gementium
1230 2523 1245 2572 ;
1283 2507 1446 2580 382
1477 2506 1571 2561 sed
1598 2506 1759 2565 modo
1786 2506 1903 2562 haec
1928 2522 2126 2562 conso-

546 2597 678 2657 latio
701 2598 860 2656 estin
889 2610 1004 2671 spe,
1028 2606 1157 2654 tunc
1181 2598 1288 2653 erit
1315 2598 1369 2652 in
1399 2612 1479 2663 re,
1509 2597 1636 2652 dum
1660 2597 1960 2653 videbimus
1988 2596 2127 2654 facie

546 2689 615 2749 ad
640 2685 875 2744 faciem:
911 2678 1083 2758 usque
1111 2701 1257 2743 nunc
1292 2687 1348 2741 in
1386 2684 1491 2745 ﬁde
1533 2687 1828 2752 credimus,
1856 2694 1910 2742 et
1939 2687 1993 2741 in
2032 2703 2126 2765 spe

546 2792 817 2832 amamus.

617 2867 785 2929 Vsus,
817 2866 877 2924 ‘2.
900 2896 974 2913 -—
998 2864 1143 2920 Tunc
1166 2864 1413 2936 repletum
1450 2874 1524 2921 est
1550 2865 1744 2937 gaudio
1770 2883 1828 2920 os
1855 2874 2088 2921 nostrum
2107 2905 2124 2931 ,

545 2968 594 3014 et
620 2957 801 3028 lingua
825 2964 1003 3011 nostra
1031 2956 1397 3017 exsultatione.
1425 2958 1483 3014 in
1511 2959 1613 3015 hac
1633 2957 2001 3014 consolatione
2021 2960 2126 3015 hu-

539 3049 631 3119 jus
652 3047 1039 3118 redemptionis
1060 3056 1258 3106 nostra:
1278 3047 1540 3119 repletum
1565 3058 1650 3104 est
1673 3065 1736 3105 os
1754 3050 1933 3105 cordis
1953 3051 2123 3105 nostri

545 3140 778 3214 gaudio,
808 3147 865 3195 et
902 3139 1085 3210 lingua
1114 3140 1297 3195 cordis
1321 3140 1716 3197 exsultatione:
1754 3158 1817 3199 os
1857 3143 2036 3199 cordis
2070 3154 2127 3201 et

544 3233 729 3305 lingua
753 3234 951 3301 cordis,
985 3250 1093 3313 quo
1128 3232 1281 3307 [us.,
1327 3234 1480 3307 qua],
1527 3250 1622 3291 ore
1657 3237 1859 3292 carnali
1906 3237 2123 3303 clauso,

546 3325 676 3380 dum
702 3339 943 3392 oramus,
974 3325 1269 3385 clamamus
1300 3327 1367 3382 ad
1394 3326 1563 3383 Deum
1589 3346 1602 3381 :
1630 3327 1773 3383 Tunc
1795 3331 1966 3384 dicent
1992 3332 2127 3385 inter

547 3427 745 3491 gentes,
776 3420 1135 3499 magniﬁcam.
1155 3419 1406 3474 Dominus
1430 3419 1604 3489 facere
1628 3437 1747 3474 cum
1774 3420 1899 3476 illis.
1931 3421 1986 3477 ld
2019 3432 2123 3488 est,

544 3511 974 3571 misericordiam
1012 3510 1189 3565 facere
1227 3526 1351 3568 cum
1391 3511 1641 3566 omnibus
1667 3511 1958 3581 gentibus:
1998 3513 2127 3583 quia

545 3615 658 3658 non
689 3608 897 3654 tantum
930 3607 1092 3657 notus
1109 3599 1164 3654 in
1183 3597 1366 3658 Iudaea
1392 3599 1553 3665 Deus,
1575 3600 1670 3655 sed
1693 3615 1725 3654 a
1753 3599 1950 3656 ﬁnibus
1971 3609 2127 3657 teme

545 3692 735 3753 Iaudes
758 3689 1059 3745 audivimus
1081 3688 1351 3760 iustorum
1371 3691 1610 3746 dicentes
1625 3690 1918 3763 [Ms.,justi
1947 3693 2127 3746 dicen-

547 3780 642 3854 tis]
669 3799 681 3834 :
718 3779 933 3845 Exaudi
956 3797 1070 3845 nos,
1095 3779 1236 3837 Deus
1264 3780 1509 3841 salutaris
1538 3790 1732 3846 noster,
1753 3799 1869 3853 spes
1894 3784 2126 3837 omnium

546 3871 736 3944 [inium
760 3879 935 3933 terrae,
967 3879 1015 3923 et
1042 3868 1096 3925 in
1121 3870 1259 3923 mari
1288 3868 1439 3941 longe
1477 3868 1649 3943 (Psal.
1681 3887 1827 3939 thv,
1859 3870 1934 3943 6).
1963 3872 2126 3927 Dica-

547 3975 670 4021 mus
705 3958 860 4039 [Ms.,
890 3958 1101 4030 dicunt]
1133 3959 1314 4029 itaque
1341 3974 1532 4015 omnes
1557 3978 1570 4019 :

617 4054 782 4111 Vens.
809 4053 869 4118 5,
886 4081 958 4102 —-.—
976 4049 1333 4122 Magniﬁcavit
1358 4049 1613 4106 Dominus
1633 4050 1806 4121 facere
1835 4051 2121 4116 nobiscum,

547 4143 676 4215 [acti
703 4158 882 4199 sumus
915 4140 1170 4200 testantes.
1193 4140 1615 4199 Misericordiam
1640 4141 1769 4203 fecit
1802 4144 1978 4210 nobis,
2007 4145 2127 4201 ideo

546 4233 680 4290 facti
704 4249 893 4290 sumus
914 4232 1180 4288 laetantes.

617 4326 782 4383 Vens.
803 4324 858 4379 4.
882 4353 954 4371 -ρ
978 4323 1250 4383 Convertet
1270 4325 1523 4380 Dominus
1549 4326 1697 4399 [Ms.,
1713 4326 1981 4395 Converte,
2012 4330 2124 4384 Do—

2224 487 2404 558 cipiet.
2433 487 2567 543 Nam
2593 488 2705 559 ipsa
2734 488 2864 553 vita,
2910 486 2964 541 in
3010 502 3173 557 quam
3217 488 3556 555 intravimus,
3603 489 3806 546 misera

2222 586 2324 641 est,
2355 577 2652 650 lacrymosa
2682 586 2801 643 est,
2842 577 3218 647 laboribusque
3260 578 3439 649 plena.
3482 578 3610 635 Ideo
3644 581 3808 636 homo

2224 676 2382 722 natus
2407 667 2536 723 flere
2561 668 2730 733 novit,
2763 668 2940 724 ridere
2966 684 3072 723 non
3099 669 3278 735 novit,
3318 670 3443 741 quia
3468 667 3537 725 ad
3564 669 3806 726 laborem

2223 765 2380 811 natus
2409 765 2514 821 est,
2550 773 2656 812 non
2684 759 2749 812 ad
2780 757 3020 812 laetitiam

2294 848 2456 903 Vens.
2488 847 2540 903 6.
2569 880 2642 890 —
2669 848 2870 906 Euntes
2898 850 3064 916 ibant,
3093 861 3142 906 et
3170 852 3365 922 ﬂebant
3383 894 3398 919 ,
3428 855 3690 911 mittentes
3730 874 3811 912 se-
3897 836 3901 840 θ

2222 939 2367 1001 mina
2392 954 2511 999 sua.
2536 938 2643 1002 Iste
2666 938 2879 995 Gradus
2917 942 3250 996 canticorum
3277 941 3345 997 ad
3368 957 3533 1013 opera
3571 960 3677 1001 nos
3710 946 3811 1001 mi-

2223 1032 2531 1088 sericordiae
2574 1034 2933 1102 exhortatur,
2968 1042 3029 1090 ut
3073 1051 3262 1092 eamus
3293 1044 3347 1093 et
3381 1053 3694 1113 quammus
3723 1040 3810 1096 cui

2224 1127 2361 1183 bene
2387 1126 2649 1184 faciamus
2692 1137 2747 1185 et
2790 1131 3183 1201 compatientes
3205 1131 3377 1188 simus
3403 1133 3643 1193 miseriae
3671 1134 3806 1190 alio-

2226 1231 2376 1282 rum;
2400 1218 2836 1289 sicutApostolus
2862 1219 3021 1275 dicit:
3045 1214 3200 1275 Flere
3220 1237 3339 1275 cum
3359 1222 3602 1291 ﬂentibus
3619 1222 3801 1295 (Rom.

2227 1321 2323 1371 xu,
2354 1306 2460 1378 l5).
2492 1307 2767 1367 Mittamus
2811 1309 3013 1363 semina
3058 1318 3243 1367 nostra
3272 1325 3433 1380 super
3462 1318 3809 1368 transeuntes

2226 1418 2413 1472 aquas,
2449 1403 2576 1472 quia
2607 1403 2659 1463 in
2689 1403 2858 1458 multo
2891 1413 3133 1474 tempore
3169 1404 3506 1460 inveniemus
3531 1404 3644 1459 illa.
3686 1404 3809 1461 Ideo

2226 1494 2505 1563 sequitur:
2559 1492 2823 1549 Venientes
2861 1505 3033 1549 autem
3079 1497 3276 1552 venient
3320 1497 3375 1551 in
3419 1497 3805 1564 exsultatione,

2224 1594 2489 1655 portantes
2517 1583 2812 1655 manipulos
2840 1602 2983 1643 suos,
3024 1585 3141 1653 Quo
3168 1586 3408 1651 venient,
3448 1586 3555 1641 nisi
3580 1587 3636 1641 in
3666 1601 3805 1656 pra:-

2226 1676 2453 1730 sentiam
2481 1675 2674 1730 summi
2696 1674 2936 1733 iudicis?
2964 1675 3149 1749 [Quid]
3177 1676 3429 1747 portant?
3455 1691 3620 1751 opera
3650 1677 3809 1733 mise-

2153 1738 2201 1798 Β
2227 1766 2492 1822 ricordite.
2529 1766 2742 1825 Esurivi
2766 1769 2921 1833 enim,
2959 1738 3037 1823 ait
3062 1738 3341 1835 Dominus,
3371 1779 3421 1824 et
3441 1738 3658 1825 dedistis
3682 1771 3808 1824 mihi

2223 1858 2582 1925 "tanducare;
2619 1861 2780 1926 sitivi,
2808 1870 2858 1915 et
2885 1861 3103 1918 dedistis
3141 1863 3271 1917 milii
3294 1864 3485 1919 bibere.
3513 1863 3654 1931 Quid
3677 1881 3807 1935 ergo

2224 1950 2461 2007 audituri
2485 1953 2681 2007 erunt?
2711 1950 2911 2020 Venite,
2936 1953 3188 2010 benedicti
3211 1955 3390 2010 Patris
3416 1956 3538 2022 mei,
3560 1960 3813 2028 percipite

2224 2062 2439 2117 regnum
2476 2047 2612 2117 quod
2633 2047 2773 2102 vobis
2795 2056 3039 2120 paratum
3061 2058 3135 2104 est
3156 2049 3222 2104 ab
3243 2050 3445 2120 origine
3465 2050 3673 2118 mundi,
3696 2060 3801 2107 etc.

2226 2136 2440 2211 (Matth.
2466 2155 2593 2205 xxv,
2609 2141 2698 2204 54,
2718 2140 2828 2211 55).
2859 2140 3008 2196 Tunc
3033 2142 3139 2197 illis
3159 2143 3263 2198 hoc
3284 2142 3509 2206 dicetur,
3527 2143 3621 2213 qui
3643 2159 3806 2214 opera

2224 2230 2611 2287 misericordiae
2656 2231 2816 2289 modo
2865 2231 3150 2303 diligenter
3201 2233 3386 2290 volunt
3431 2234 3701 2294 seminare
3749 2235 3807 2290 in

2224 2335 2513 2394 pauperes.
2897 2334 2905 2345 ‘

2718 2412 3038 2471 PSALMUS
3076 2414 3306 2473 CXXVI.

2294 2502 2422 2561 Haec
2444 2504 2673 2569 cantica,
2702 2513 2761 2559 ut
2789 2521 2929 2576 saepe
2955 2506 3207 2573 diximus,
3230 2506 3639 2564 ascendentium
3660 2516 3803 2564 sunt.

2225 2598 2464 2666 Qualiter
2496 2598 2941 2654 ascendentium?
2981 2597 3202 2655 Scilicet
3222 2600 3454 2657 amando
3476 2598 3671 2659 Deum.
3707 2598 3809 2666 Qui

2226 2691 2393 2746 Deum
2427 2699 2594 2756 amat,
2623 2691 2894 2757 ascendit;
2919 2690 3012 2761 qui
3040 2691 3293 2747 saeculum
3317 2699 3483 2755 amat,
3507 2692 3676 2748 cadit.
3703 2691 3811 2747 Sed

2225 2782 2383 2851 hujus
2406 2782 2594 2854 psalmi
2620 2782 2775 2837 titulo
2802 2783 3043 2838 additum
3071 2791 3155 2839 est
3179 2801 3191 2837 :
3223 2782 3500 2838 Canticum
3528 2782 3811 2838 Craduum

2226 2873 2546 2929 Salomonis.
2570 2872 2881 2936 Videamus,
2912 2889 3010 2928 cur
3029 2888 3226 2929 nomen
3268 2872 3574 2929 Salomonis
3608 2874 3663 2929 in
3709 2874 3813 2929 hoc

2227 2961 2594 3017 tantummodo
2636 2960 2800 3033 [loco]
2833 2961 3073 3018 additum
3102 2962 3193 3017 sit.
3242 2961 3497 3019 Salomon
3538 2964 3813 3034 interpre-

2150 3079 2198 3143 ο
2230 3060 2374 3107 tatur
2401 3052 2679 3122 paciﬁcus.
2711 3051 2843 3119 Quis
2877 3050 3003 3124 [est]
3043 3051 3145 3107 iste
3169 3052 3458 3122 pacificus,
3505 3054 3611 3109 nisi
3650 3069 3819 3109 verus

2228 3144 2479 3200 Salomon
2504 3144 2761 3200 Dominus
2779 3152 2963 3200 noster
2978 3142 3137 3201 Jesus
3156 3145 3429 3213 Christus,
3452 3147 3548 3217 qui
3567 3146 3812 3202 ccelestia

2223 3247 2278 3295 et
2322 3239 2615 3299 terrestria
2649 3238 2955 3309 paciﬁcavit
2997 3238 3055 3293 in
3100 3239 3363 3308 sanguine
3410 3254 3541 3299 suo.
3592 3248 3651 3295 et
3685 3238 3815 3295 fecit

2223 3339 2450 3400 utraque
2472 3345 2670 3395 unum,
2706 3329 2835 3384 duos
2864 3327 2968 3384 sibi
2993 3329 3232 3399 parietes
3265 3329 3603 3399 coniungens
3644 3329 3702 3384 in
3734 3345 3815 3385 se-

2223 3423 2360 3493 ipso,
2384 3436 2593 3478 summo
2614 3420 2856 3493 angulari
2885 3420 3078 3492 lapide.
3104 3419 3238 3476 Nam
3264 3421 3506 3476 Ecclesia
3535 3420 3654 3492 [de]
3678 3423 3811 3476 duo-

2222 3516 2322 3569 bus
2349 3511 2580 3585 populis,
2610 3512 2663 3567 id
2687 3520 2791 3576 est,
2823 3512 3250 3568 circumcisionis
3271 3519 3326 3567 et
3354 3512 3608 3582 pneputii
3636 3528 3809 3583 copu-

2223 3600 2353 3658 lavit
2395 3603 2451 3658 in
2490 3617 2660 3657 unum
2703 3601 2882 3665 ovile,
2923 3611 2985 3655 ut
3030 3602 3101 3657 sit
3128 3617 3266 3657 unus
3310 3611 3499 3671 pastor
3538 3610 3602 3657 et
3645 3618 3815 3657 unum

2224 3695 2380 3749 ovile.
2424 3694 2499 3749 De
2527 3693 2632 3748 isto
2658 3707 2789 3748 vero
2813 3690 3098 3748 Salomone
3138 3693 3194 3748 in
3220 3693 3396 3765 capite
3428 3691 3591 3761 hujus
3620 3693 3812 3763 psalmi

2223 3785 2424 3841 dicitur
2445 3801 2460 3844 :
3176 3824 3179 3827 ι

2297 3876 2457 3932 Vens.
2488 3876 2539 3932 i.
2569 3906 2642 3918 —
2667 3876 2788 3930 Nisi
2826 3876 3077 3931 Dominus
3101 3873 3438 3945 aediﬁcaverit
3478 3874 3722 3939 domum,
3758 3875 3817 3929 in

2224 3983 2412 4023 vanum
2446 3966 2686 4021 laborant
2724 3966 2845 4039 [Με.
2873 4007 2889 4032 ,
2935 3966 3360 4038 laboraverunt],
3403 3967 3496 4038 qui
3540 3968 3815 4037 cedi/icon!

2223 4073 2358 4112 eam.
2385 4055 2502 4113 Nisi
2524 4057 2784 4113 Dominus
2801 4056 3029 4113 aediﬁcet
3046 4057 3344 4117 Ecclesiam
3366 4059 3575 4128 absque
3595 4058 3811 4114 macula

2224 4158 2280 4205 et
2325 4164 2476 4221 ruga,
2522 4148 2578 4204 in
2606 4164 2804 4204 vanum
2847 4148 3058 4204 laborat
3095 4150 3275 4206 omnis
3306 4149 3653 4219 praedicator.
3707 4149 3815 4216 Qui

2224 4248 2350 4297 sunt
2375 4240 2468 4311 qui
2498 4238 2554 4293 in
2581 4253 2778 4293 vanum
2817 4237 3085 4306 laborant,
3117 4239 3223 4297 nisi
3256 4239 3500 4295 haeretici
3526 4240 3622 4309 qui
3654 4239 3813 4295 labo-

2225 4340 2349 4391 rant
2366 4330 2664 4389 Eeclesiam
2685 4345 3033 4402 congregare,
3060 4330 3154 4385 sed
3171 4331 3375 4401 absque
3397 4330 3662 4396 Domino;
3686 4331 3818 4387 ideo

545 4415 713 4489 mine]
752 4415 1100 4486 captivitatem
1136 4424 1365 4471 nostram
1410 4417 1543 4473 sicut
1582 4426 1783 4472 torrens
1822 4418 1877 4474 in
1919 4430 2119 4475 austro.
2157 4440 2203 4499 Ι)
2226 4442 2421 4481 vanum
2449 4432 2534 4480 est
2554 4439 2689 4495 opus
2710 4424 2941 4480 illorum.
2975 4424 3053 4480 Ex
3090 4439 3196 4494 quo
3220 4425 3449 4495 populus
3477 4424 3817 4481 ﬁdelisaediq

549 4506 845 4562 Τοπειιῑθδ
887 4503 1141 4557 dicunt“?
1162 4500 1383 4558 ﬂumina
1430 4504 1719 4571 hiemalia;
1759 4522 1954 4579 magno
1981 4511 2123 4569 enim
2226 4518 2416 4573 ﬁcatus
2443 4524 2547 4583 est,
2575 4524 2759 4573 custos
2795 4524 2878 4571 est
2920 4516 3090 4585 ipsius
3119 4515 3377 4576 Dominus
3415 4525 3607 4572 noster
3648 4516 3813 4573 Iesus

551 4596 752 4665 impetu
780 4590 1074 4667 repentinis
1093 4593 1247 4665 aquis
1276 4592 1490 4666 impleta
1514 4605 1755 4652 currunt.
1778 4597 1974 4654 Auster
1999 4615 2127 4655 vero

548 4692 744 4749 ventus
768 4683 973 4743 calidus
996 4690 1101 4748 est,
1124 4690 1182 4738 ει
1204 4682 1402 4754 glacies
1430 4685 1675 4745 solvens:
1702 4687 1972 4759 signiﬁcat
1995 4669 2125 4745 vero

554 4775 814 4850 Spiritum
853 4784 1100 4835 sanctum
1127 4776 1219 4846 qui
1256 4777 1511 4834 duritiam
1538 4786 1883 4850 peccatorum
1911 4790 2095 4837 nostro
2112 4813 2124 4824 -

552 4887 697 4937 rum,
741 4884 862 4941 quae
897 4869 1011 4925 zelo
1048 4867 1266 4941 [Forte,
1289 4869 1440 4942 gelu]
1471 4870 1800 4926 inﬁdelitatis
1832 4874 2124 4929 constricta

550 4970 652 5025 est,
673 4961 832 5016 solvit
853 4968 909 5016 et
934 4960 1124 5024 siccat,
1146 4967 1203 5015 et
1220 4961 1483 5019 convertit
1502 4962 1865 5030 captivitatem
1886 4968 2125 5019 nostram

551 5052 607 5113 in
638 5052 898 5109 laetitiam.

622 5143 785 5199 Vens.
823 5143 876 5198 5.
905 5172 977 5184 —-
1005 5140 1110 5209 Qui
1150 5146 1407 5199 seminam
1445 5160 1501 5199 sn
1542 5144 1819 5213 lacrgmis,
1850 5159 1907 5197 in
1930 5142 2124 5214 gaudio

548 5243 756 5293 metant.
793 5233 940 5288 Beati
969 5234 1057 5303 qui
1081 5232 1276 5302 lugent,
1302 5233 1549 5303 quoniam
1579 5233 1679 5302 ipsi
1697 5232 2122 5289 consolabuntur.

551 5325 685 5385 Item
708 5340 722 5382 :
754 5323 903 5378 Beati
930 5323 1306 5387 misericordes,
1329 5322 1572 5393 quoniam
1594 5322 1691 5392 ipsi
1715 5323 2123 5385 misericordiam

552 5422 928 5485 consequentur
949 5411 1161 5484 (Matth.
1194 5427 1249 5477 v,
1277 5410 1335 5472 5,
1362 5410 1437 5482 7).
1471 5409 1751 5468 Seminant
1773 5414 1827 5468 in
1849 5413 2122 5485 lacrymis,

554 5502 646 5571 qui
678 5501 861 5573 lugent
887 5516 982 5556 sua
1007 5507 1227 5571 peccata
1253 5517 1268 5568 ;
1309 5500 1577 5556 seminant
1598 5501 1653 5557 in
1677 5501 1831 5567 valle,
1852 5504 1942 5573 qui
1964 5504 2124 5559 mise-

554 5591 800 5650 ricordia:
825 5606 987 5663 opera
1011 5591 1235 5656 faciunt,
1268 5590 1476 5647 dicente
1508 5590 1799 5662 Apostolo:
1831 5592 1935 5658 Qui
1964 5595 2118 5647 semi-

556 5693 644 5736 nat
675 5683 728 5735 in
755 5683 1120 5748 benedictione,
1149 5683 1213 5741 de
1239 5682 1587 5738 benedictione
1619 5682 1836 5752 accipiet
1871 5681 1957 5753 (II
1995 5681 2116 5739 Cor.

2222 4605 2498 4671 Christus,
2545 4606 2638 4677 qui
2668 4604 2918 4670 aediﬁcat,
2963 4605 3056 4674 qui
3082 4614 3397 4671 conservat,
3425 4607 3517 4676 qui
3545 4607 3811 4679 protegit,

2222 4698 2313 4768 qui
2346 4706 2687 4763 remunerat;
2710 4698 2799 4753 ille
2822 4696 2969 4753 solus
2991 4697 3045 4751 in
3069 4698 3320 4752 omnibus
3338 4707 3393 4752 et
3419 4696 3727 4753 aediﬁcator
3752 4707 3813 4757 et

2222 4797 2421 4845 custos.
2452 4788 2577 4845 Ideo
2595 4789 2729 4844 dixit
2756 4789 2812 4843 in
2841 4788 3086 4858 sequenti
3113 4802 3313 4844 versu:
3358 4787 3485 4844 Nisi
3502 4789 3672 4861 383
3698 4790 3811 4845 Do.

2221 4880 2392 4934 minus
2414 4880 2714 4935 custodierit
2742 4879 3021 4945 civitatem,
3044 4879 3242 4949 {rustra
3261 4878 3441 4949 vigilat
3465 4880 3556 4950 qui
3576 4880 3816 4935 custodit

2221 4986 2357 5025 eam.
2386 4968 2494 5025 Ista
2513 4975 2597 5025 est
2620 4968 2841 5033 civitas,
2872 4968 2937 5023 de
2972 4984 3080 5039 qua
3107 4969 3299 5038 sepius
3330 4970 3385 5025 in
3411 4969 3497 5025 bis
3521 4967 3816 5025 Gradunm

2221 5059 2441 5129 psalmis
2471 5066 2742 5123 cantatur,
2767 5058 3023 5128 spiritalis
3044 5059 3230 5129 utique
3252 5057 3576 5114 Jerusalem.

2294 5149 2455 5206 Vens.
2485 5148 2539 5204 2.
2566 5177 2639 5189 —-
2668 5145 2872 5202 Vanum
2909 5156 2985 5202 est
3025 5148 3166 5202 nobis
3208 5147 3330 5220 [Ms.
3350 5188 3366 5213 ,
3409 5148 3464 5202 in
3505 5164 3708 5202 suum
3733 5158 3813 5204 est

2223 5238 2335 5311 vos]
2362 5249 2483 5295 ante
2504 5238 2673 5294 lucem
2695 5254 2926 5309 surgere.
2950 5237 3008 5295 In
3034 5254 3232 5295 vanum
3259 5249 3345 5295 est
3371 5238 3517 5294 enim
3538 5238 3691 5294 intus
3712 5241 3817 5295 bo-

2223 5329 2355 5384 mini
2383 5327 2587 5398 absque
2613 5328 2792 5385 divina
2818 5329 2990 5400 gratia
3018 5329 3283 5385 laborare.
3321 5327 3647 5401 [Prasveniat
3684 5344 3817 5402 gra-

2223 5420 2321 5484 tia,
2344 5419 2439 5475 sed
2468 5419 2826 5490 subsequatur
2852 5420 3154 5476 obcdientia
3173 5461 3189 5485 ,
3220 5428 3346 5475 tunc
3368 5435 3479 5475 non
3503 5420 3728 5477 laborat
3755 5420 3813 5474 in

2221 5507 2464 5581 vanum].
2497 5507 2708 5578 Surgite
2733 5519 3005 5579 postquam
3030 5509 3287 5575 sederitis,
3329 5511 3420 5581 qui
3462 5508 3813 5564 manducetis

2220 5615 2409 5671 partem
2436 5596 2652 5652 doloris.
2697 5597 2756 5652 Si
2798 5599 2960 5655 vultis
2994 5599 3050 5654 in
3079 5600 3293 5655 excelso
3327 5615 3482 5666 esse,
3511 5606 3694 5655 estote
3719 5599 3818 5655 hic

2222 5689 2471 5755 humiles,
2499 5687 2590 5745 ubi
2624 5687 2843 5745 humilis
2878 5688 2982 5746 fuit
3020 5690 3132 5757 ille,
3161 5691 3252 5761 qui
3276 5706 3378 5760 pro
3405 5691 3563 5747 nobis
3592 5705 3820 5762 pauper
