4066 6452
265 385 357 440 629

1001 381 1407 439 EXEGETICA.
1442 413 1511 423 ——
1547 379 1906 438 EXPOSITIO
1945 384 2012 439 IN
2050 385 2240 442 PSAL.
2281 388 2714 447 CRADUALES.

3366 395 3468 450 630

261 499 350 553 luit
377 492 567 559 lactus,
595 503 653 548 ut
678 495 752 550 ibi
774 496 971 550 excelsi
993 497 1128 560 sitis,
1159 499 1248 553 ubi
1271 498 1358 553 illc
1377 499 1526 554 sedet
1542 499 1610 552 ad
1634 499 1811 552 dexte—
1839 502 1884 560 Α
1913 499 2208 556 volentibus
2243 509 2296 556 et
2343 505 2646 560 nolentibus
2679 504 2864 560 audire
2892 507 3112 562 verbum
3143 507 3257 572 Dei,
3303 509 3466 563 etiam

258 603 362 644 ram
395 586 487 639 Dei
525 585 719 641 Patris.
766 584 1038 642 Surrectio
1072 589 1451 645 exaltationem
1500 581 1803 660 signiﬁcat,

257 677 412 734 sessio
440 675 793 730 humilitatem
823 677 1082 747 designat.
1109 678 1242 734 Aliis
1265 679 1397 734 locis
1424 680 1591 734 sessio
1622 678 1810 733 intelli-

255 772 386 842 gitur
411 769 478 824 ab
506 769 708 824 honore
726 767 1022 837 iudicandi,
1055 778 1113 824 ut
1139 769 1280 826 illic:
1319 769 1572 824 Sedebitis
1601 787 1688 824 vos
1721 787 1810 823 su-

253 878 337 932 per
357 859 498 913 sedes
517 860 790 914 duodecim
817 859 1028 932 (Matth.
1060 877 1175 928 xtx,
1215 861 1328 934 28).
1364 862 1497 916 Item
1517 862 1686 917 sessio
1709 863 1808 916 hll-

253 950 520 1007 militatem
566 949 832 1020 signiﬁcat
853 989 869 1015 ,
901 957 961 1005 ut
991 950 1138 1005 illic:
1177 951 1331 1005 Iesus
1356 951 1605 1021 fatigatus
1632 968 1696 1005 ea:
1723 952 1808 1004 iti-

254 1057 362 1096 nere
382 1039 586 1093 sedebat
610 1041 685 1093 sic
712 1055 866 1110 super
887 1039 1080 1110 fontem
1105 1037 1282 1110 (Joan.
1308 1054 1385 1105 tv,
1410 1037 1486 1109 6).
1515 1037 1650 1093 Nam
1677 1039 1808 1093 etin

251 1134 347 1188 alio
371 1132 572 1202 psalmo
599 1132 794 1186 dicitur
817 1151 830 1186 :
869 1131 1109 1196 Domine,
1140 1141 1195 1185 tu
1216 1131 1498 1202 cognovisti
1529 1130 1802 1187 sessionem

249 1239 427 1289 meam,
458 1233 508 1276 et
533 1224 956 1278 resurrectionem
983 1239 1149 1277 meam
1180 1222 1403 1295 (Psalm.
1431 1239 1670 1279 cxxxvnt
1687 1265 1701 1289 ,
1728 1223 1804 1295 2),

249 1311 299 1367 id
332 1320 434 1377 est,
485 1311 840 1368 humilitatem
878 1327 1054 1368 meam
1099 1319 1155 1366 et
1201 1313 1577 1368 exaltationem
1609 1328 1804 1368 meam.

248 1401 314 1458 Ut
332 1417 456 1472 ergo
477 1401 885 1472 intelligeretur,
915 1402 980 1457 ad
1003 1417 1162 1471 quam
1182 1404 1472 1472 pertineret
1495 1404 1611 1458 haec
1641 1405 1809 1459 sessio

247 1493 486 1558 formam,
511 1493 713 1548 addidit
747 1493 966 1548 statim:
1014 1493 1117 1559 Qui
1141 1495 1471 1549 manducatis
1496 1512 1680 1566 panem
1715 1497 1810 1550 do-

245 1585 384 1638 lorts.
417 1583 738 1639 Manducant
781 1599 972 1654 panem
1002 1584 1215 1648 doloris,
1259 1585 1350 1654 qui
1378 1595 1595 1656 gemunt
1623 1586 1678 1640 in
1707 1586 1810 1642 hac

245 1673 680 1743 peregrinatione.
710 1672 998 1727 Ctelestem
1038 1685 1164 1741 ergo
1207 1673 1468 1729 desiderio
1496 1673 1809 1730 anhelemus

242 1767 462 1836 patriam
487 1782 500 1817 :
533 1765 622 1820 hic
649 1763 966 1829 humiliatio,
999 1763 1105 1818 illic
1128 1764 1414 1831 exultatio;
1449 1766 1538 1820 hic
1564 1766 1804 1836 peregri-

244 1835 402 1921 natio,
430 1855 538 1910 illic
564 1856 758 1924 patria.
784 1853 1136 1909 Humiliemur
1154 1855 1251 1910 sub
1272 1857 1475 1924 potenti
1501 1835 1658 1910 manu
1687 1855 1802 1923 Dei,
1838 1835 1881 1894 Β

243 1953 297 1999 ut
331 1959 429 1999 nos
463 1943 661 1999 exaltet
689 1944 742 1998 in
779 1949 1020 2012 tempore
1042 1943 1382 1999 visitationis.
1409 1943 1572 2011 Quasi
1598 1959 1806 2013 quaere-

243 2041 319 2089 ret
345 2034 446 2089 iste
473 2042 700 2099 amator,
727 2034 938 2102 quando
961 2040 1104 2088 esset
1128 2033 1233 2089 ista
1262 2035 1602 2100 resurrectio,
1631 2033 1682 2088 id
1702 2042 1806 2100 est,

238 2125 515 2190 exaltatio,
540 2126 890 2196 respondetur
911 2126 960 2180 ei
983 2139 999 2179 :

305 2217 470 2272 Vens.
498 2217 553 2272 3.
578 2246 649 2257 —
669 2214 799 2270 Cum
821 2217 1017 2290 dederit
1037 2215 1236 2271 dilectis
1263 2217 1372 2272 suis
1397 2233 1632 2272 somnum
1650 2259 1664 2284 ,
1695 2235 1809 2273 ecce

232 2306 516 2362 Iucrcditas
543 2305 754 2361 Domini
774 2322 810 2373 :I
829 2307 929 2376 ﬁlii
958 2323 1152 2361 merces
1181 2307 1380 2376 fructus
1408 2310 1616 2363 ventris.
1649 2309 1808 2365 Som-

229 2412 334 2452 nus
357 2397 450 2451 hic
481 2405 709 2451 mortem
737 2396 1024 2466 signiﬁcat.
1065 2395 1263 2468 [Sicut]
1301 2395 1547 2452 Christus
1576 2414 1684 2454 non
1725 2407 1809 2455 est

225 2487 501 2543 exaltatus
531 2487 634 2542 nisi
672 2495 794 2556 post
836 2495 1066 2541 mortem
1083 2526 1098 2552 ,
1126 2487 1203 2542 ita
1227 2499 1407 2543 nostra
1429 2487 1681 2544 exaltatio
1701 2505 1809 2545 non

227 2579 336 2632 erit
366 2576 566 2648 [Edit.,
597 2576 724 2649 est],
763 2577 867 2632 nisi
911 2586 1031 2647 post
1067 2585 1333 2634 mortem:
1373 2581 1498 2649 quia
1539 2579 1680 2636 illius
1720 2573 1806 2636 re-

228 2669 504 2724 surrectio
539 2683 644 2723 non
672 2667 773 2723 fuit
798 2668 900 2724 nisi
928 2677 1087 2723 antea
1123 2677 1424 2726 moreretur
1446 2711 1461 2736 ,
1497 2685 1597 2725 nec
1624 2680 1808 2727 nostra

229 2758 336 2814 erit
385 2757 720 2814 reSurrectio
762 2757 867 2813 nisi
916 2765 1075 2813 antea
1116 2760 1430 2815 moriamur.
1476 2759 1640 2827 Quasi
1681 2777 1810 2817 vero

233 2861 509 2916 qumreres
533 2846 725 2902 iterum
752 2846 829 2919 [et
865 2847 1090 2920 diceres]
1117 2865 1131 2903 :
1172 2848 1374 2915 Quibus
1397 2849 1648 2906 dilectis?
1679 2852 1768 2906 Ait
1793 2871 1805 2906 :

237 2934 394 3008 [Htec
423 2934 524 3006 est]
551 2936 827 2992 hcereditas
854 2937 1095 3003 Domini,
1121 2939 1222 3007 ﬁlii
1250 2957 1441 2996 merces
1467 2941 1666 3012 fructus
1692 2960 1811 3000 ven-

236 3024 350 3079 tris.
387 3022 524 3090 Qua:
548 3033 632 3080 est
665 3026 946 3082 htereditas
976 3028 1121 3091 ista?
1156 3030 1244 3083 Illa
1272 3032 1478 3101 utique,
1500 3034 1566 3088 de
1592 3050 1698 3104 qua
1729 3035 1812 3091 di-

240 3115 380 3168 citur
404 3132 417 3167 :
462 3114 687 3170 Postula
725 3134 756 3170 a
784 3133 884 3182 me,
911 3128 960 3172 et
990 3119 1123 3173 dabo
1148 3120 1242 3174 tibi
1263 3133 1436 3192 gentes
1456 3124 1810 3179 hereditatem

239 3220 380 3265 tuam
412 3208 432 3281 (
451 3209 599 3264 Psal.
641 3227 706 3276 ιι,
751 3211 826 3283 8).
856 3212 958 3280 Qui
981 3221 1106 3269 sunt
1135 3214 1235 3284 filii
1271 3231 1464 3270 merces
1507 3215 1652 3289 [Ms.,
1675 3233 1810 3272 mer-

237 3299 376 3373 cis]?
403 3300 598 3357 Sancti
626 3303 831 3359 scilicet
853 3319 1041 3360 omnes
1060 3343 1076 3370 ,
1116 3320 1251 3374 quos
1286 3306 1532 3363 Christus
1565 3322 1662 3363 suo
1689 3323 1814 3363 san-

239 3391 395 3462 guine
419 3391 731 3460 acquisivit.
762 3391 990 3449 Fructus
1017 3395 1229 3460 ventris,
1252 3395 1306 3450 id
1334 3405 1418 3451 est
1463 3395 1693 3468 [fructus
1719 3397 1815 3453 Ec-

239 3482 430 3538 clesiae.
458 3483 762 3540 Haereditas
784 3493 840 3540 et
866 3486 960 3543 lilii
986 3495 1041 3542 et
1070 3485 1278 3543 fructus
1298 3504 1464 3543 unum
1489 3488 1808 3559 signiﬁcant,

240 3573 291 3628 id
316 3573 444 3647 est],
483 3577 730 3630 omnium
764 3587 1071 3632 sanctorum
1109 3580 1574 3650 congregationem
1606 3580 1773 3653 [Edit.
1794 3622 1811 3648 ,

239 3666 641 3739 congregatio],
665 3666 764 3736 ﬁlii
782 3683 999 3735 merces,
1025 3670 1226 3727 fructus
1246 3672 1453 3730 ventris.
1484 3671 1687 3728 Deinde
1712 3672 1811 3728 ad-

231 3756 402 3825 jungit
427 3774 444 3811 :

303 3848 469 3904 Vens.
498 3847 560 3904 4.
589 3878 660 3889 -
685 3847 832 3904 Sicut
860 3850 1062 3921 sagitta:
1086 3851 1141 3904 in
1166 3866 1324 3905 manu
1357 3851 1596 3922 potentis,
1620 3851 1694 3905 ita
1714 3850 1814 3920 ﬁlii

235 3953 600 3993 excusserunt.
627 3938 843 4011 Sagittae
863 3941 1085 4010 apostoli
1108 3951 1250 4007 sunt,
1269 3957 1496 4011 quorum
1518 3959 1682 3998 sonus
1701 3942 1814 3996 exi-

235 4027 307 4082 vit
333 4029 386 4082 in
409 4043 638 4087 omnem
659 4037 882 4095 terram,
906 4031 973 4084 de
993 4046 1152 4086 manu
1176 4033 1409 4100 potentis
1437 4032 1608 4096 missi,
1631 4032 1683 4087 id
1706 4039 1808 4096 est,

233 4116 428 4176 Christi
455 4139 467 4151 -
512 4119 608 4174 Ita
647 4119 747 4188 ﬁlii
786 4137 1119 4177 excussorum
1168 4121 1266 4193 [illi
1315 4123 1415 4191 ipsi
1460 4123 1685 4193 apostoli
1716 4125 1810 4182 lilii

232 4217 352 4266 Sunt
375 4210 786 4282 excussorum],
826 4211 880 4264 id
905 4220 1008 4277 est,
1040 4211 1131 4266 ﬁlii
1169 4213 1571 4282 prophetarum,
1603 4215 1694 4283 qui
1725 4230 1812 4270 se-

231 4307 372 4352 creta
418 4309 474 4356 et
520 4299 786 4371 mysteria
826 4300 1206 4355 incarnationis
1241 4300 1469 4366 Christi,
1510 4309 1566 4356 et
1613 4311 1811 4359 sanctae

233 4399 577 4446 sacramenta
626 4389 898 4456 Ecclesiae,
936 4389 1031 4446 Dei
1065 4389 1206 4446 dono
1239 4388 1376 4462 [Μδ.
1397 4430 1412 4456 ,
1443 4391 1510 4446 de
1551 4392 1806 4465 idoneo],

231 4479 466 4536 caelestis
488 4481 740 4536 thesauri
766 4489 1118 4536 excusserunt
1150 4488 1206 4536 et
1245 4482 1301 4536 in
1337 4481 1511 4537 lucem
1537 4484 1804 4551 produxe-
1829 4505 1886 4569 Ι)

233 4580 356 4626 runt
393 4589 426 4627 a
475 4572 698 4630 saeculis
737 4572 1027 4644 mysteria:
1075 4574 1267 4628 horum
1310 4573 1403 4629 lilii
1449 4584 1573 4629 sunt
1620 4575 1763 4647 [Με.
1793 4618 1808 4644 ,

232 4663 421 4737 erant]
453 4661 716 4735 apostoli,
755 4663 880 4732 quia
905 4663 1048 4733 quod
1072 4663 1144 4717 illi
1173 4665 1228 4718 in
1253 4664 1536 4734 aenigmate
1571 4680 1811 4735 pronun-

235 4754 532 4821 tiaverunt,
565 4757 676 4811 hoc
708 4753 932 4824 apostoli
974 4754 1029 4810 in
1069 4752 1284 4810 Christo
1329 4755 1484 4825 quasi
1530 4756 1812 4812 historiam

232 4845 693 4912 praedicaverunt.

299 4934 466 4990 Vens.
489 4932 841 4989 5.—Beatus
865 4935 943 4988 vir
961 4935 1050 5004 qui
1070 4932 1292 5004 implevit
1318 4935 1633 4991 desiderium
1661 4955 1813 4993 suum

232 5039 294 5078 ea:
316 5024 444 5096 ipsis
467 5041 488 5080 :
522 5041 637 5080 non
661 5023 1006 5092 confundetur
1033 5039 1150 5077 cum
1179 5023 1416 5094 loquetur
1448 5025 1672 5081 inimicis
1705 5027 1814 5082 suis

233 5112 286 5165 in
303 5123 479 5183 porta.
509 5112 605 5168 Ea:
626 5112 772 5184 ipsis,
798 5111 853 5166 id
876 5120 979 5177 est,
1002 5127 1068 5166 ex
1093 5112 1455 5182 apostolorum
1479 5115 1816 5184 praedicatio-

233 5202 411 5269 nibus,
437 5203 535 5274 qui
569 5211 746 5258 totum
787 5217 942 5257 suum
977 5202 1298 5258 desiderium
1324 5218 1389 5258 ex
1419 5205 1508 5260 illa
1539 5205 1666 5278 [31s.
1696 5207 1816 5263 illo-

235 5291 375 5364 rum]
411 5292 807 5364 praedicatione
847 5291 1063 5360 implet,
1098 5299 1154 5346 et
1199 5301 1344 5347 amat
1389 5294 1658 5361 coelestia,
1709 5313 1816 5352 non

235 5390 493 5453 terrena;
536 5392 764 5448 aeterna,
795 5399 902 5438 non
933 5383 1264 5453 temporalia.
1318 5384 1422 5439 Iste
1461 5402 1565 5441 non
1595 5387 1817 5442 confun-

235 5473 410 5542 detur,
425 5491 558 5531 cum
579 5475 827 5544 loquetur
853 5473 1086 5528 inimicis
1105 5473 1217 5528 suis
1239 5473 1292 5527 in
1316 5483 1490 5543 porta.
1510 5474 1669 5530 Porta
1689 5492 1819 5532 vero

234 5561 487 5622 Christus
515 5575 640 5624 est:
667 5566 758 5635 qui
787 5565 1060 5621 Christum
1086 5565 1370 5633 praadicat,
1400 5566 1492 5635 qui
1525 5567 1580 5620 in
1605 5566 1819 5624 Christo

235 5656 498 5726 loquitur,
528 5658 626 5728 qui
657 5658 709 5712 in
752 5655 967 5712 Christo
996 5663 1341 5718 manet,,non
1380 5654 1736 5711 confundetur
1762 5658 1817 5713 in

235 5756 499 5805 aeternum
528 5767 542 5802 :
579 5750 675 5806 sed
698 5747 954 5820 praedicat
973 5753 1269 5818 opportune
1294 5746 1618 5816 importune,
1640 5747 1692 5802 id
1712 5756 1814 5814 est,

1908 589 2094 644 amicis
2129 600 2184 645 et
2227 592 2475 649 inimicis.
2505 594 2592 648 Ille
2617 604 2724 649 stat
2752 594 2828 666 [in
2862 603 3015 664 porta
3044 595 3237 665 (Edit.,
3263 595 3468 665 impor-

1907 677 2078 750 tune)]
2110 690 2169 735 ut
2203 696 2389 738 omnes
2417 685 2652 748 audiant,
2681 695 2733 740 et
2753 702 2939 741 omnes
2961 686 3309 742 :edilicentur.

2381 771 2701 830 PSALMUS
2736 775 2987 832 CXXVII.

1976 859 2138 916 Venit
2178 861 2246 916 ad
2288 863 2552 917 canticum
2585 865 2932 923 beatitudinis
2965 869 3192 924 istorum
3222 883 3474 924 ascensor

1905 947 2216 1017 Graduum,
2264 959 2318 1007 et
2350 952 2457 1019 ait,
2496 955 2635 1010 unde
2669 955 2738 1010 sit
2782 957 2886 1012 ista
2911 958 3186 1015 beatitudo
3230 960 3474 1031 [sibique

1908 1038 2075 1111 dixit]
2101 1057 2116 1094 :

1979 1128 2138 1184 Vsus.
2177 1130 2228 1182 1.
2255 1161 2321 1170 -
2349 1131 2501 1187 Beati
2519 1151 2714 1202 omnes,
2742 1137 2832 1208 qui
2849 1139 3026 1194 timent
3057 1139 3358 1208 Dominum,
3385 1160 3476 1214 qui

1907 1217 2174 1272 ambulant
2196 1219 2250 1273 in
2270 1221 2362 1274 viis
2391 1223 2524 1290 ejus.
2552 1223 2677 1279 Haec
2697 1241 2823 1281 vera
2846 1226 2999 1299 [Ms.,
3025 1229 3174 1304 vero]
3203 1217 3476 1288 beatitudo

1907 1305 1961 1359 in
1989 1307 2179 1362 timore
2207 1309 2417 1365 Domini
2449 1314 2722 1378 consistit,
2751 1325 2805 1371 et
2831 1317 2886 1370 in
2917 1318 3310 1392 observatione,
3327 1338 3471 1392 pra:-

1908 1405 2182 1467 ceptorum
2209 1399 2369 1455 illius.
2397 1401 2500 1456 Istc
2528 1412 2611 1457 est
2638 1407 2818 1472 t'mor,
2843 1405 2909 1461 de
2929 1423 3035 1477 quo
3060 1409 3114 1462 in
3137 1410 3242 1464 alio
3266 1391 3470 1480 psalmo

1908 1487 2138 1544 dicitur:
2181 1489 2358 1544 Timor
2393 1491 2603 1547 Domini
2632 1505 2842 1552 sanctus
2876 1514 3180 1566 permanens
3214 1499 3268 1552 in
3305 1484 3476 1553 siccu-

1907 1577 2017 1633 lum
2051 1580 2231 1635 saeculi
2257 1581 2427 1652 (Psal.
2457 1598 2612 1650 xvnt,
2643 1583 2750 1657 IO).
2781 1584 2930 1642 Alius
2960 1595 3043 1640 est
3076 1588 3237 1642 timor
3260 1595 3479 1658 propter

1906 1685 2118 1741 poenam
2140 1712 2155 1738 ,
2194 1671 2331 1728 alius
2374 1681 2457 1729 est
2486 1675 2718 1744 propter
2751 1691 2988 1732 amorem
3015 1695 3028 1730 :
3068 1675 3232 1749 384
3268 1678 3367 1732 iste
3396 1687 3480 1732 est

1908 1760 2115 1827 beatus,
2152 1763 2243 1831 qui
2280 1771 2500 1834 propter
2537 1765 2855 1821 charitatem
2893 1768 3045 1823 timet
3087 1768 3395 1832 Dominum,
3425 1779 3480 1823 et

1908 1851 1962 1905 in
1986 1853 2248 1909 cbaritate
2275 1853 2390 1924 ejus
2415 1864 2678 1926 praecepta
2705 1858 2972 1913 observat.
3011 1859 3081 1914 Ut
3109 1859 3195 1914 ille
3219 1860 3330 1929 ipse
3360 1860 3434 1913 ait
3461 1878 3473 1913 :

1908 1938 1967 1995 Si
1991 1941 2206 2013 diligitis
2232 1961 2328 2010 me,
2363 1945 2609 2000 mandata
2638 1963 2752 2000 mea
2778 1956 2974 2002 servate
3006 1947 3183 2018 (Joan.
3217 1964 3330 2012 xw,
3366 1949 3474 2018 I5).

1975 2032 2138 2088 Vens.
2169 2033 2224 2088 Ξ.
2251 2066 2322 2076 -
2351 2034 2575 2090 Labores
2603 2036 2870 2105 fructuum
2898 2048 3109 2092 tuorum
3137 2039 3479 2093 manducabis

1907 2125 2054 2200 [Ms.,
2085 2127 2353 2197 fructuum
2395 2146 2645 2184 manuum
2681 2130 2938 2202 tuarum],
2967 2130 3148 2187 beatus
3187 2147 3259 2197 es,
3283 2141 3332 2185 et
3357 2131 3481 2186 bene

1906 2219 2000 2272 tibi
2041 2220 2158 2273 erit.
2205 2219 2322 2274 Non
2359 2220 2570 2276 labores
2603 2221 2892 2276 manducat
2929 2221 3176 2290 quisque,
3212 2220 3306 2276 sed
3338 2222 3482 2291 quod

1904 2324 1971 2365 ex
1998 2310 2180 2365 labore
2213 2311 2470 2375 nascitur,
2504 2311 2558 2365 id
2597 2319 2711 2375 est,
2742 2309 2968 2366 fructus.
3002 2309 3185 2364 Sancti
3213 2319 3479 2380 martyres

1906 2399 2282 2455 laboraverunt
2308 2401 2360 2454 in
2391 2401 2494 2454 hoc
2519 2399 2735 2464 saeculo,
2773 2408 2831 2453 ut
2860 2397 3091 2453 fructum
3114 2398 3237 2452 vitae
3261 2407 3477 2453 internae

1906 2491 2232 2561 acciperent,
2273 2499 2330 2544 ut
2362 2490 2645 2560 impleatur
2674 2491 2727 2544 in
2774 2491 2878 2546 illis
2898 2532 2912 2555 ,
2943 2491 3086 2561 quod
3113 2492 3314 2546 dictum
3355 2500 3438 2546 est
3464 2511 3476 2545 :

1917 2583 2019 2638 Vos
2061 2585 2203 2649 estis,
2245 2584 2334 2655 qui
2369 2584 2722 2654 permansistis
2767 2599 2964 2638 mecum
3011 2584 3066 2637 in
3112 2584 3481 2638 tentationibus

1907 2674 2056 2738 meis,
2082 2683 2128 2726 et
2150 2689 2240 2743 ego
2269 2673 2485 2744 dispono
2510 2673 2646 2726 vobis
2670 2689 2901 2743 regnum,
2929 2673 3060 2726 sicut
3081 2673 3332 2744 disposuit
3353 2674 3483 2726 mihi

1909 2763 2072 2817 Pater
2099 2781 2240 2818 meus
2271 2763 2548 2837 [regnum],
2582 2773 2638 2817 ut
2659 2765 2826 2818 edatis
2859 2773 2906 2818 et
2936 2765 3121 2819 bibatis
3158 2782 3313 2836 super
3337 2781 3483 2820 men-

1908 2868 2021 2906 um
2052 2869 2218 2906 meam
2237 2853 2292 2907 in
2327 2869 2481 2922 regno
2508 2870 2621 2906 meo
2642 2853 2793 2923 (Luc.
2825 2869 2960 2919 xm,
2991 2853 3102 2926 2%).
3130 2854 3322 2909 Beatus
3345 2873 3397 2909 es
3431 2864 3480 2909 et

1909 2942 2032 2996 bene
2057 2942 2150 2995 tibi
2177 2942 2293 2994 erit.
2321 2941 2420 2996 llic
2448 2943 2635 2997 beatus
2660 2943 2712 2996 in
2735 2959 2851 3012 spe,
2876 2943 2983 2998 illic
3004 2944 3140 2998 bene
3168 2944 3264 2998 tibi
3294 2945 3400 2998 erit
3422 2944 3476 2998 in

1911 3048 1985 3094 re,
2012 3033 2138 3087 dum
2168 3031 2372 3087 videbis
2402 3030 2537 3086 facie
2567 3032 2634 3088 ad
2663 3030 2877 3099 faciem,
2927 3048 3084 3103 quem
3124 3033 3212 3088 hic
3245 3047 3394 3088 amas
3426 3033 3481 3087 in

1913 3123 2094 3177 corde.

1984 3213 2144 3267 Vens.
2176 3213 2231 3267 5.
2256 3242 2328 3252 --
2353 3209 2498 3267 Uxor
2518 3220 2609 3266 tua
2633 3212 2764 3266 sicut
2788 3207 2902 3267 vitis
2933 3212 3204 3268 abundans
3226 3214 3279 3268 in
3303 3212 3481 3267 lateri-

1912 3302 2007 3357 bus
2029 3303 2213 3356 domus
2238 3311 2363 3356 tute.
2397 3303 2541 3358 Uxor
2562 3301 2760 3358 Christi
2787 3302 3028 3358 Ecclesia
3064 3314 3146 3358 est
3184 3303 3442 3376 [Ecclesia
3463 3345 3478 3369 ,

1912 3390 2052 3462 quae]
2080 3400 2136 3445 ct
2167 3406 2381 3460 sponsa,
2409 3406 2528 3461 quae
2555 3391 2788 3446 abundat
2814 3390 2992 3447 fructu
3024 3392 3150 3446 boni
3173 3392 3368 3463 operis.
3403 3389 3480 3447 ’In

1911 3482 2160 3536 lateribus
2185 3482 2370 3536 domus
2408 3490 2532 3536 tute.
2581 3481 2672 3535 Illa
2698 3489 2823 3536 sunt
2848 3482 3014 3537 latera
3059 3483 3113 3537 in
3159 3483 3318 3539 domo
3359 3482 3477 3549 Dei,

1911 3590 2030 3645 qua:
2054 3575 2328 3631 adhaerent
2353 3573 2568 3629 Christo
2595 3573 2819 3629 firmius.-
2846 3572 2974 3627 Filii
2993 3574 3070 3627 tui
3094 3575 3230 3628 sicut
3268 3573 3480 3629 novellis

1911 3662 2164 3718 olivarum
2190 3664 2245 3718 in
2272 3663 2493 3718 circuitu
2519 3679 2708 3717 mensw
2727 3673 2850 3718 tute.
2879 3662 2993 3719 Non
3018 3671 3100 3718 est
3123 3663 3224 3717 alia
3247 3665 3302 3717 in
3326 3662 3481 3720 Chri-

1910 3762 1996 3808 sto
2024 3771 2184 3820 uxor,
2217 3755 2354 3810 alius
2395 3755 2566 3821 ﬁlius,
2598 3756 2692 3810 sed
2729 3771 2917 3812 omnes
2942 3771 3106 3810 unum
3151 3757 3205 3810 in
3243 3754 3477 3812 Christo.

1911 3844 2081 3912 Quam
2111 3854 2234 3900 ante
2271 3862 2492 3902 uxorem
2527 3845 2861 3910 nominavit,
2909 3861 3052 3901 nunc
3093 3846 3389 3901 nominavit
3425 3856 3481 3902 et

1911 3936 2078 3990 lilium
2105 3934 2264 4007 [Hs.,
2306 3934 2502 4006 ﬁlios],
2542 3935 2666 4004 quia
2699 3950 2835 3989 uxor
2879 3943 2933 3990 et
2977 3936 3072 3990 lilii
3117 3936 3353 3991 Ecclesia
3399 3947 3482 3993 est

1911 4027 2132 4083 Christi.
2165 4027 2310 4082 Sicut
2335 4026 2546 4082 novella:
2575 4026 2846 4081 olivarum.
2883 4026 3076 4099 [Oliva]
3110 4042 3295 4097 pacem
3319 4029 3483 4099 signi-

1911 4118 2055 4172 ﬁcat.
2090 4115 2212 4170 ldco
2244 4115 2339 4169 lilii
2384 4117 2436 4170 in
2482 4116 2716 4170 novitate
2752 4116 2971 4186 spiritus
3001 4132 3108 4172 non
3133 4117 3187 4171 in
3214 4125 3481 4173 vetustate

1910 4206 2103 4262 litterae
2129 4205 2180 4258 in
2205 4220 2393 4274 pacem
2414 4205 2614 4260 Christi
2640 4213 2917 4259 transeunt
2948 4203 3100 4278 [Ms.,
3132 4205 3429 4280 transeant]
3460 4226 3473 4262 :

1911 4295 1980 4350 In
2015 4295 2235 4348 circuitu
2263 4311 2454 4349 mensa:
2475 4303 2600 4348 tute.
2629 4293 2808 4350 Mensa
2831 4293 3030 4350 Christi
3055 4295 3331 4368 Scriptura
3355 4312 3478 4353 san-

1912 4395 1995 4443 cta
2023 4394 2125 4451 est,
2146 4388 2286 4442 unde
2309 4385 2596 4456 pascimur,
2628 4386 2770 4442 unde
2797 4385 3160 4455 intelligimus,
3188 4388 3314 4457 quid
3338 4404 3482 4444 ame-

1911 4491 2051 4542 mus,
2071 4483 2122 4532 et
2147 4475 2276 4547 quid
2300 4475 2684 4541 desideremus,
2713 4476 2780 4531 ad
2805 4490 2962 4545 quem
2984 4476 3276 4533 habeamus
3297 4478 3482 4535 oculos

1914 4567 2137 4622 levatos.

1982 4660 2143 4716 Vens.
2175 4658 2228 4713 ι.
2255 4689 2328 4700 ——
2350 4658 2486 4714 Ecce
2520 4659 2596 4713 sic
2623 4658 2950 4714 benedicatur
2974 4662 3140 4714 omnis
3168 4661 3321 4716 homo
3339 4701 3355 4728 ,
3393 4663 3482 4734 qui

1911 4751 2055 4804 timet
2083 4748 2384 4802 Dominum.
2417 4746 2668 4803 Recurrit
2707 4749 2776 4802 ad
2803 4749 3122 4819 principium
3146 4750 3359 4819 psalmi,
3389 4753 3481 4808 ubi

1911 4839 2018 4893 ait:
2045 4837 2194 4892 Beati
2215 4852 2410 4900 omnes,
2435 4837 2525 4905 qui
2549 4836 2727 4890 timent
2748 4835 3049 4891 Dominum.
3073 4837 3223 4894 Nunc
3243 4840 3481 4908 exponit,

1912 4944 2031 4998 quae
2057 4928 2128 4983 sit
2158 4927 2260 4982 ista
2291 4926 2564 4982 beatitudo
2585 4967 2599 4991 ,
2632 4941 2752 4995 qua:
2780 4928 2989 4982 timenti
3023 4928 3192 4982 Deum
3221 4928 3442 4983 debetur
3463 4968 3477 4991 ,

1913 5022 1998 5076 vei
2023 5019 2290 5091 quomodo
2329 5017 2724 5074 benedicendus
2746 5019 2835 5084 sit,
2867 5021 2960 5090 qui
2998 5020 3164 5076 Deum
3193 5020 3363 5075 timet.
3390 5018 3483 5072 Ait

1915 5115 2058 5168 enim
2083 5130 2096 5166 :

1986 5204 2146 5259 Vens.
2173 5203 2225 5257 5.
2257 5232 2327 5242 -ο
2351 5200 2630 5256 Benedicat
2659 5211 2707 5256 te
2726 5191 2990 5258 Dominus
3017 5218 3080 5257 ea:
3119 5204 3272 5259 Sion.
3313 5211 3361 5255 et
3402 5201 3478 5256 vi-

1917 5295 2061 5360 deas,
2090 5309 2208 5364 qua:
2233 5293 2365 5347 bona
2385 5303 2504 5347 sunt
2531 5293 2585 5346 in
2599 5293 2892 5348 Jerusalem
2912 5292 3145 5347 omnibus
3167 5290 3344 5344 diebus
3366 5291 3481 5346 vitta

1916 5393 2040 5438 tute.
2085 5382 2169 5468 Egi?
2207 5380 2369 5448 Sion,
2404 5383 2558 5449 dixit,
2598 5383 2864 5438 benedicat
2907 5392 2955 5436 te
2995 5381 3251 5435 Dominus
3273 5421 3287 5446 ,
3319 5380 3371 5436 id
3395 5390 3479 5435 est

1917 5473 2277 5544 speculatione
2314 5473 2437 5528 vitae
2466 5482 2699 5528 aeternae.
2736 5472 2825 5525 Illa
2869 5481 2952 5527 est
2989 5485 3114 5527 vera
3150 5469 3480 5536 benedictio,

1917 5581 2034 5634 qure
2063 5581 2159 5619 nos
2188 5564 2315 5620 facit
2337 5565 2500 5618 vitam
2525 5563 2829 5618 desiderare
2850 5569 3125 5616 aeternam.
3153 5560 3275 5615 Ideo
3295 5559 3482 5628 adjun-

1917 5659 1997 5711 xit
2023 5676 2034 5710 τ
2080 5655 2145 5710 Ut
2175 5657 2346 5711 videas
2367 5656 2521 5718 bona,
2552 5669 2668 5724 qua:
2690 5661 2809 5706 sunt
2837 5653 2890 5705 in
2918 5649 3210 5706 Jerusalem
3244 5650 3480 5726 omnibus

1918 5749 2094 5804 diebus
2127 5749 2237 5802 vita:
2263 5757 2384 5814 tute,
2411 5747 2462 5802 id
2481 5754 2582 5811 est,
2609 5753 2806 5800 aeterna
2822 5743 2982 5810 bona,
3009 5759 3111 5798 non
3135 5742 3444 5814 temporalia
3463 5759 3482 5796 :
