4066 6442
564 351 673 407 ,631

574 558 802 616 οωιεειί.
849 556 1103 613 Omnibus
1131 555 1312 611 diebus
1334 555 1449 609 vita:
1484 562 1612 620 ture,
1647 567 1861 624 semper
1886 554 1997 611 eris
2020 567 2149 623 gau-

575 652 731 718 dens,
759 664 973 721 semper
997 647 1203 704 videbis
1242 648 1382 703 bona
1403 686 1418 712 ,
1449 646 1504 701 id
1540 653 1655 712 est,
1698 645 1865 701 totius
1889 644 2151 700 bonitatis

575 750 851 797 auctorem
880 739 1172 797 Christum.

646 834 808 888 Vens.
837 827 901 886 6.
919 861 991 871 —
1014 828 1082 883 Et
1107 829 1280 884 videas
1305 828 1443 899 filios
1466 826 1697 898 ﬁliorum
1717 836 1947 891 tuarum,
1969 841 2147 897 pacem

574 943 731 997 super
751 924 939 980 Israel.
968 923 1091 978 Filii
1120 923 1195 978 tui
1229 930 1356 978 sunt
1395 938 1558 994 opera
1600 923 1772 987 bona,
1815 936 1935 990 quae
1974 919 2145 983 facis;

574 1017 670 1072 filii
700 1016 927 1070 filiorum
953 1022 1188 1079 tuorum,
1216 1013 1423 1068 fructus
1460 1015 1721 1068 bonorum
1755 1024 2003 1079 operum,
2028 1024 2150 1077 qua:

572 1105 804 1175 videnda
849 1111 905 1159 et
946 1102 1251 1172 recipienda
1279 1108 1406 1156 sunt
1443 1102 1499 1156 in
1540 1099 1722 1155 futura
1745 1098 1889 1162 vita,
1927 1097 2017 1150 ubi
2042 1111 2147 1164 pax

572 1195 679 1250 erit
721 1206 884 1263 super
926 1206 1116 1248 omnes
1159 1191 1328 1246 Deum
1364 1191 1640 1246 videntes:
1680 1197 1736 1244 et
1780 1189 1896 1243 haec
1930 1202 2033 1256 pax
2065 1192 2152 1241 est

572 1280 840 1347 Christus,
876 1295 998 1351 quae
1033 1287 1320 1350 exsuperat
1363 1294 1581 1334 omnem
1629 1292 1866 1334 sensum.
1913 1275 2004 1335 llla
2041 1289 2147 1345 pax

572 1369 843 1428 custodiat
868 1369 1032 1425 corda
1059 1380 1245 1423 nostra
1273 1367 1328 1421 in
1352 1374 1691 1438 perpetuum.

1039 1457 1361 1516 PSALMUS
1406 1457 1683 1515 CXXVIII.

648 1553 809 1610 Vens.
858 1554 911 1608 l.
940 1581 1013 1594 —-
1038 1551 1290 1607 Decimus
1335 1551 1436 1607 iste
1477 1550 1717 1620 psalmus
1757 1548 2032 1606 Graduum
2073 1547 2149 1602 ita

570 1641 795 1713 incipit:
838 1641 989 1714 Stepe
1010 1649 1430 1712 expugnaverunt
1460 1656 1540 1694 me
1566 1657 1598 1693 a
1611 1640 1883 1710 juventute
1907 1654 2046 1701 utea,
2068 1635 2151 1690 di-

1431 349 1492 406 B.
1533 349 1596 405 ιε’.
1637 348 1865 406 ALBINI
1902 346 2348 418 SEUALCUlNl
2380 351 2665 411 OPERUM
2703 355 2883 415 PARS
2917 357 2981 414 Π.

482 504 485 509 ι
572 480 944 541 permansura,
985 479 1091 522 non
1112 463 1444 530 transitoria,
1479 477 1609 533 quas
1630 471 1757 519 sunt
1775 462 1829 517 in
1852 459 2149 516 Jerusalem
2177 464 2226 520 A
2252 463 2564 535 priusquam
2594 467 2651 523 in
2672 466 2878 537 judicio
2904 430 3220 541 puniantur,
3268 477 3551 538 arescunt,
3589 485 3700 527 non
3728 473 3829 528 ha-

3728 356 3834 415 632

2248 552 2436 611 hentes
2462 556 2746 623 humorem
2773 559 2899 615 boni
2923 561 3123 630 operis.
3316 602 3319 607 .
3444 584 3447 587 ν
3494 604 3501 609 .

2320 647 2485 704 Vens.
2518 649 2570 704 7.
2592 680 2665 691 ——
2688 650 2766 706 De
2790 669 2894 722 quo
2922 668 3029 705 non
3060 650 3290 721 implebit
3317 667 3534 707 manum
3562 669 3718 707 suam
3740 656 3831 724 qui

2247 747 2420 804 metet,
2443 748 2492 794 et
2510 741 2683 795 sinum
2703 758 2857 797 suum
2876 743 2966 813 qui
2986 741 3281 812 manipulos
3303 741 3531 812 colliget.
3565 741 3832 800 Messores

2247 835 2376 881 sunt
2400 828 2598 899 angeli,
2626 830 2693 885 dc
2718 846 2949 900 quorum
2976 831 3229 901 operibus
3256 846 3363 886 non
3409 831 3641 902 implent
3681 833 3834 891 sinus

2247 930 2395 982 suos,
2415 920 2542 987 quia
2569 920 2775 975 zizania
2799 928 2940 983 sunt,
2967 928 3021 975 et
3043 936 3147 975 non
3172 921 3449 976 triticum:
3478 921 3576 977 sed
3599 922 3656 976 in
3679 921 3835 979 fasci-

2247 1009 2398 1065 culos
2420 1010 2654 1080 ligantur
2676 1021 2733 1067 et
2758 1013 2879 1082 igne
2904 1014 3297 1069 comburuntur
3320 1022 3541 1069 :etemo.

2318 1102 2480 1156 Vens.
2511 1103 2663 1158 8.—-
2707 1101 2776 1156 Et
2825 1119 2930 1157 non
2970 1103 3235 1169 dixerunt,
3286 1105 3376 1175 qui
3422 1105 3837 1175 praeterierunt:

2246 1194 2546 1250 Benedictio
2573 1193 2787 1249 Domini
2829 1211 2986 1265 super
3022 1212 3131 1260 vos,
3181 1195 3538 1251 benediximus
3590 1196 3737 1251 vobis
3780 1196 3836 1251 in

2247 1287 2456 1341 nomine
2483 1284 2717 1340 Domini.
2772 1285 3140 1340 Transeuntes
3180 1292 3308 1340 sunt
3334 1301 3432 1355 per
3457 1285 3625 1355 hujus
3655 1285 3835 1341 παῦ

2250 1377 2391 1430 viam
2419 1376 2712 1446 prophetae,
2744 1375 3066 1445 patriarcha:
3102 1384 3158 1430 et
3180 1375 3404 1446 apostoli
3432 1393 3445 1429 :
3476 1390 3715 1444 quorum
3740 1376 3833 1433 be—

2246 1465 2481 1521 nedictio
2509 1464 2725 1536 prolicit
2756 1466 2812 1519 in
2842 1464 2966 1520 filiis
2996 1465 3270 1530 Ecclesiae,
3311 1481 3419 1520 non
3452 1466 3508 1521 in
3539 1465 3697 1522 falsis
3723 1466 3833 1523 fra-

2246 1555 2443 1621 tribus,
2488 1554 2581 1624 qui
2626 1562 2935 1625 expugnant
2976 1555 3317 1610 Ecclesiam:
3364 1570 3474 1610 non
3517 1558 3654 1612 dant
3693 1560 3837 1615 enim

2246 1645 2676 1702 benedictionem
2700 1660 2864 1716 super
2887 1645 3178 1715 perituros,
3204 1645 3301 1700 sed
3327 1660 3492 1716 super
3514 1661 3835 1715 mansuros;

569 1743 658 1796 eat
685 1749 823 1789 nunc
860 1733 1049 1790 Israel.
1087 1733 1204 1789 Vox
1242 1741 1327 1788 est
1356 1731 1611 1787 Ecclesia:
1635 1729 1953 1786 sustinentis
1987 1727 2149 1782 falsos
2179 1806 2213 1809 _
2247 1746 2304 1792 ει
2328 1752 2490 1807 quam
2514 1736 2946 1792 benedictionem
2971 1736 3138 1790 dam?
3164 1735 3497 1790 Benedicum
3525 1735 3753 1809 [inquit]
3783 1740 3836 1794 in

572 1823 790 1890 fratres.
836 1832 894 1881 et
924 1825 1001 1881 in
1051 1823 1295 1894 exempla
1344 1823 1527 1894 priora
1565 1821 1898 1892 respicientis
1950 1819 2145 1892 [Edita
2178 1806 2228 1868 Β
2252 1806 2469 1886 nomine
2511 1830 2760 1895 Domini,
2808 1829 2936 1899 quia
2985 1829 3162 1884 omnis
3200 1806 3616 1883 benedictioiet
3662 1806 3837 1886 omnis

572 1917 821 1986 exemplo
844 1955 859 1970 .
891 1956 905 1970 .
937 1956 953 1972 .
977 1914 1294 1987 reSpicicns]
1313 1956 1328 1981 ,
1372 1923 1427 1969 et
1464 1930 1625 1985 super
1662 1914 1775 1983 ipsa
1810 1911 2149 1969 exhortantis
2252 1920 2604 1976 sanctiﬁcatio
2631 1936 2730 1992 per
2754 1936 2951 1976 nomen
2978 1921 3190 1977 Domini
3218 1918 3509 1977 roboratur
3545 1930 3604 1977 et
3642 1923 3839 1979 ωηεν.

571 2007 837 2076 exemplis
865 2007 1081 2081 Patrum
1110 2006 1492 2063 invincibiliter
1514 2006 1779 2061 sustinere
1806 2023 1819 2059 :
1860 2005 1986 2075 quia
2019 2006 2150 2062 olim

572 2105 875 2167 expugnata
903 2095 1028 2170 [est]
1052 2097 1313 2163 Ecclesia,
1340 2105 1395 2151 et
1414 2111 1520 2151 non
1541 2094 1774 2161 naviter,
1798 2097 1893 2151 sed
1916 2111 2148 2165 semper,

574 2188 644 2242 ab
678 2187 852 2253 initio,
889 2203 996 2258 quo
1038 2188 1204 2257 coepit
1245 2202 1387 2243 esse.
1418 2186 1553 2241 Nam
1598 2185 1731 2241 Abel
1762 2186 2002 2245 Ecclesia
2050 2170 2153 2240 fuit

574 2279 799 2346 Christi,
824 2279 918 2335 sed
948 2295 980 2335 a
1004 2278 1173 2334 fratre
1193 2287 1531 2349 expugnatus
1554 2285 1671 2342 est;
1712 2278 1960 2334 similiter
1983 2277 2150 2334 Iacob

572 2369 817 2428 Ecclesia
838 2367 1038 2425 Christi
1067 2368 1195 2435 fuit,
1241 2368 1336 2425 sed
1371 2384 1403 2422 a
1437 2366 1608 2424 fratre
1648 2367 1790 2423 Esau
1817 2378 2150 2439 expugnatus

574 2467 691 2525 est;
733 2460 893 2514 etiam
921 2466 977 2512 et
1017 2458 1193 2515 Moses
1236 2460 1289 2514 in
1329 2458 1569 2513 Ecclesia
1613 2456 1815 2513 Christi
1856 2459 2151 2529 saepissime

573 2558 916 2622 expugnatus
949 2557 1032 2605 est
1073 2565 1105 2605 a
1139 2549 1357 2621 populo,
1397 2550 1485 2605 cui
1526 2548 1755 2620 praefuit.
1798 2548 2020 2605 Occisus
2050 2548 2153 2603 fuit

575 2642 824 2699 Christus
857 2658 888 2699 a
918 2658 1209 2715 synagoga,
1235 2644 1330 2698 sed
1374 2658 1480 2697 non
1506 2649 1791 2712 superatus
1831 2641 2039 2714 [Edit.,
2065 2655 2151 2697 se—

508 2750 511 2753 ‘
575 2733 841 2809 paratus}.
872 2726 1022 2790 Ecce
1043 2734 1188 2790 enim
1212 2732 1470 2803 exemplis
1505 2732 1732 2789 docebat
1767 2747 1868 2787 nos
1893 2732 2151 2787 adversus

572 2827 741 2881 falsos
784 2824 979 2880 fratres
1016 2817 1227 2881 fortiter
1271 2823 1554 2880 sustinere.
1598 2823 1790 2878 Dicant
1825 2839 2015 2879 omnes
2056 2823 2149 2892 qui

575 2917 749 2975 Deum
768 2917 925 2988 pleno
945 2915 1107 2973 corde
1133 2914 1364 2988 diligunt
1397 2915 1673 2986 Deumque
1695 2916 1876 2971 videre
1903 2916 2146 2985 cupiunt,

572 3017 630 3065 et
655 3009 835 3064 dicant
859 3009 1087 3063 iterum:

2251 2021 2453 2068 matur.

2738 2101 3061 2163 PSALMUS
3109 2100 3343 2158 CXXIX.

2323 2193 2487 2248 Vens.
2512 2192 2564 2247 ‘l.
2577 2222 2649 2233 —
2677 2190 2934 2263 Sequitur
2953 2208 3083 2248 vero
3100 2193 3343 2263 psalmus
3358 2191 3667 2259 Graduum,
3686 2193 3845 2263 asins

2250 2287 2572 2359 principium
2597 2294 2683 2343 est
2706 2305 2718 2340 :
2744 2287 2822 2341 De
2845 2286 3123 2358 profundis
3147 2285 3369 2341 clamavi
3391 2287 3461 2341 ad
3479 2296 3552 2351 te,
3573 2286 3839 2343 Domine:

2242 2380 2499 2445 Domine,
2524 2374 2718 2432 exaudi
2746 2394 2918 2433 vocem
2947 2393 3139 2432 meam.
3175 2376 3258 2430 Ad
3286 2377 3449 2432 istum
3478 2377 3675 2448 itaque
3696 2378 3839 2447 psal-

2250 2485 2400 2525 mum
2427 2469 2583 2542 [Ms.,
2604 2468 2673 2522 ab
2693 2469 2794 2523 isto
2898 2465 3130 2538 psalmo]
3160 2462 3609 2522 con‘siderationis
3638 2468 3839 2538 gradus

2250 2569 2368 2625 est,
2397 2569 2454 2615 et
2481 2558 2760 2627 cujusdam
2787 2557 3021 2627 querelae
3045 2557 3227 2621 statio,
3261 2564 3325 2610 ut
3350 2555 3715 2626 intelligamus
3738 2556 3837 2623 ita,

2253 2654 2311 2710 iu
2340 2668 2449 2724 quo
2477 2651 2745 2723 profundo
2773 2665 2993 2716 sumus,
3026 2657 3081 2704 et
3108 2649 3250 2704 unde
3278 2648 3515 2703 clamare
3547 2647 3708 2702 nobis
3740 2661 3836 2702 ne-

2251 2760 2403 2802 cesse
2445 2752 2549 2799 est.
2604 2741 2956 2815 [Profundum
2983 2739 3177 2806 (Edit.,
3204 2738 3492 2810 profunda)
3522 2737 3698 2809 enim]
3751 2745 3840 2791 est

2250 2838 2407 2895 nobis
2432 2837 2541 2891 vita
2568 2837 2674 2890 ista
2707 2833 2967 2890 mortalis.
3004 2831 3254 2901 Quisquis
3282 2844 3340 2886 se
3368 2831 3421 2886 in
3450 2827 3723 2901 profundo
3750 2829 3837 2882 in-

2251 2924 2535 2996 tellexerit,
2558 2928 2773 2991 clamet,
2796 2934 2994 2998 gemat,
3017 2925 3270 2995 suspiret,
3290 2924 3463 2978 donec
3481 2922 3550 2978 de
3566 2920 3842 2992 profundo

2251 3031 2495 3088 eruatur,
2524 3031 2581 3078 et
2605 3022 2787 3077 veniat
2814 3021 2880 3075 ad
2907 3035 3050 3097 eum,
3079 3019 3171 3089 qui
3199 3032 3363 3088 super
3389 3031 3580 3072 omnes
3610 3015 3840 3086 abyssos

645 3101 809 3158 Vens.
839 3099 894 3154 2.
930 3129 1003 3141 —
1045 3097 1191 3169 Saepe
1228 3106 1647 3168 expugnaverunt
1692 3113 1775 3150 me
1811 3114 1843 3151 a
1879 3104 2149 3166 juventute

2255 3118 2407 3172 sedet
2423 3156 2437 3182 ,
2477 3124 2532 3170 et
2561 3130 2723 3184 super
2744 3112 3034 3170 Cherubim
3061 3120 3117 3166 et
3140 3126 3301 3181 super
3323 3110 3500 3165 omnia
3531 3124 3654 3178 qua:
3677 3123 3838 3163 crea-

572 3210 709 3258 mea,
732 3192 918 3246 etenim
943 3207 1047 3245 non
1072 3197 1349 3261 potuerunt
1378 3188 1524 3242 mihi.
1560 3186 1685 3243 Sive
1710 3188 1765 3242 in
1795 3188 2009 3252 Vetere,
2035 3188 2148 3242 sive

573 3287 629 3341 in
649 3284 795 3340 Novo
816 3283 1179 3347 Testamento,
1193 3290 1249 3336 et
1265 3296 1535 3352 nunquam
1551 3288 1844 3352 potuerunt
1858 3280 2153 3352 praevalere

572 3373 729 3437 mihi,
760 3380 821 3427 ut
849 3372 1205 3427 consentirem
1230 3371 1329 3426 eis.

643 3463 811 3523 Vens.
852 3461 906 3517 5.
939 3491 1011 3502 —
1053 3459 1225 3532 Supra
1277 3461 1493 3516 dorsum
1546 3477 1719 3515 meum
1764 3460 2151 3530 fabricava

572 3569 888 3633 peccatores,
917 3557 1349 3630 prolongaverunt
1385 3556 1682 3626 iniquitates
1708 3572 1853 3610 suas.
1894 3555 2151 3616 Fabrica-

573 3654 769 3706 verunt
797 3648 1046 3705 toleranti
1074 3649 1205 3704 mihi
1230 3663 1390 3718 supra
1410 3647 1660 3708 dorsum;
1697 3654 1993 3716 posuerunt
2017 3645 2149 3700 mihi

575 3742 970 3807 tribulationes,
993 3738 1086 3795 sed
1108 3755 1210 3810 ego
1228 3738 1441 3808 portavi
1465 3754 1579 3805 eas,
1596 3739 1766 3794 donec
1786 3738 2149 3808 corrigantur,

573 3843 632 3891 et
654 3835 734 3889 sic
759 3833 1005 3888 desinant
1040 3831 1291 3902 persequi
1323 3845 1431 3896 me,
1465 3839 1523 3888 et
1543 3830 1627 3886 vel
1652 3831 1703 3885 in
1724 3830 1886 3901 385
1917 3829 2023 3884 line
2050 3845 2149 3884 ex-

574 3928 853 3983 cutiantur
879 3941 912 3981 a
949 3925 1110 3981 dorso
1139 3939 1297 3980 meo:
1334 3939 1434 3993 ego
1470 3938 1639 3994 usque
1673 3924 1727 3979 in
1767 3923 1925 3979 tinem
1954 3923 2148 3989 tolero,

574 4018 673 4076 sed
697 4032 866 4089 usque
887 4017 942 4073 in
963 4015 1123 4071 linem
1142 4024 1551 4087 persequentur.
1578 4014 2028 4086 Prolongaverunt
2048 4015 2151 4070 ini-

572 4114 794 4185 quitates
835 4129 982 4178 suas,
1011 4110 1136 4183 quia
1171 4127 1277 4166 non
1313 4118 1397 4166 est
1438 4118 1648 4181 tempus
1688 4110 1743 4164 in
1776 4111 1881 4167 hoc
1921 4111 2146 4178 saeculo,

573 4219 682 4272 quo
723 4202 963 4260 Ecclesia
1005 4201 1205 4259 Christi
1245 4202 1670 4274 persecutionem
1706 4216 1816 4257 non
1854 4203 2090 4262 patiatur
2116 4217 2149 4258 a

573 4297 727 4355 falsis
751 4298 1025 4355 fratribus.
1216 4290 1225 4297 ’

650 4390 808 4445 Vens.
837 4390 892 4454 4,
923 4389 975 4444 5.
1002 4418 1075 4431 -—
1107 4388 1212 4445 Sed
1254 4388 1506 4443 Dominus
1540 4398 1718 4458 Justus
1758 4388 1991 4443 concidet
2028 4405 2145 4443 cer-

575 4482 709 4535 vices
736 4487 1099 4551 peccatorum;
1145 4479 1534 4548 confundantur
1574 4489 1620 4533 et
1665 4489 2031 4533 convertantur
2062 4496 2147 4533 re-

575 4579 803 4624 trorsum
832 4585 1028 4633 omnes,
1063 4570 1153 4639 qui
1182 4568 1400 4622 aderunt
1432 4568 1581 4624 Sion.
1625 4568 1680 4623 id
1707 4578 1811 4635 est,
1839 4571 2147 4639 superbiam

576 4658 1080 4715 illorumconteret.
1129 4656 1232 4711 Per
1259 4658 1521 4713 cervicem
1569 4658 1876 4728 superbiam
1922 4661 2149 4716 istorum

576 4749 841 4820 designat.
891 4748 1296 4819 Confundantur
1339 4757 1386 4803 et
1435 4758 1765 4803 revereantur
1803 4766 2011 4814 omnes,
2058 4752 2148 4821 qui

578 4840 799 4894 oderunt
831 4838 979 4896 Sion.
1023 4837 1434 4895 Confundantur
1460 4840 1515 4894 in
1542 4838 1764 4908 judicio,
1797 4850 2150 4897 revereantur

578 4933 635 4987 in
658 4929 956 5002 profundis.
996 4927 1098 4994 Qui
1127 4929 1348 4984 oderunt
1386 4928 1518 4986 Sion
1552 4930 1705 5003 [Sion
1737 4941 1821 4987 est
1840 4931 2105 5003 Ecclesia]
2132 4949 2146 4985 :

580 5022 634 5078 id
671 5032 787 5085 est,
836 5023 928 5093 qui
970 5023 1199 5078 oderunt
1236 5021 1532 5078 Ecclesiam
1557 5063 1572 5086 ,
1619 5030 1675 5078 et
1716 5024 1906 5079 nolunt
1930 5024 2151 5080 obedire

579 5114 745 5172 verbo
767 5114 881 5169 Dei.
916 5111 1054 5169 Sunt
1071 5112 1216 5167 enim
1241 5112 1296 5167 in
1320 5113 1578 5179 Ecclesia,
1601 5115 1695 5168 sed
1723 5112 1830 5167 ficti
1859 5111 2071 5176 fratres,
2096 5121 2148 5168 et

580 5206 705 5262 odio
726 5206 922 5273 habent
943 5204 1081 5261 bene
1099 5210 1386 5275 operantes
1406 5204 1461 5257 in
1484 5219 1567 5258 ea.
1595 5202 1749 5275 [Vide
1772 5202 2150 5276 (Edit.,Unde)

579 5295 732 5370 quid]
760 5297 1005 5368 sequitur
1026 5295 1091 5351 de
1116 5295 1221 5359 his,
1251 5294 1344 5363 qui
1372 5294 1602 5349 oderunt
1628 5293 1965 5348 Ecclesiam:

521 5382 528 5389 ’
651 5386 815 5445 Vens.
845 5387 898 5442 6.
920 5416 993 5428 —-
1031 5384 1193 5440 Fiant
1226 5394 1480 5454 tanquam
1511 5382 1686 5452 fenum
1715 5392 1986 5451 tectorum,
2015 5382 2154 5454 quod

580 5483 883 5551 priusquam
907 5475 1177 5539 evellatur,
1201 5475 1406 5529 arescit.
1439 5471 1609 5545 [Perit
1625 5474 1768 5528 enim
1789 5476 1965 5529 omnis
1986 5473 2152 5544 gloria

582 5567 1006 5637 superbientium
1034 5566 1090 5620 in
1117 5566 1223 5619 hoc
1250 5562 1445 5619 saeculo
1463 5561 1502 5633 ;]
1532 5569 1584 5616 et
1607 5562 1746 5616 sicut
1769 5560 1950 5616 fenum
1980 5569 2153 5616 tecto-

583 5672 705 5710 rum
734 5657 850 5711 sine
879 5656 1060 5710 radice
1087 5662 1191 5719 est,
1219 5662 1274 5709 et
1301 5653 1409 5707 cito
1435 5652 1650 5715 arescit,
1682 5653 1762 5707 sic
1794 5652 1868 5706 illi
1894 5652 2001 5706 cito
2028 5666 2154 5720 per»

584 5754 751 5803 euut:
800 5745 942 5817 quod
986 5743 1302 5816 priusquam
1342 5741 1622 5808 avellatur,
1662 5742 1891 5797 arescit.
1940 5740 1994 5795 id
2037 5749 2154 5808 est,

2252 3206 2480 3272 vit,rnon
2508 3203 2680 3259 solum
2709 3202 3044 3271 temporalia,
3073 3200 3165 3256 sed
3187 3201 3352 3254 etiam
3373 3198 3715 3269 spiritualia:
3745 3197 3842 3253 sal

2252 3297 2378 3353 inde
2401 3310 2571 3365 usque
2596 3294 2663 3349 ad
2688 3288 3200 3364 profundum’hujus
3219 3291 3343 3345 vitae
3365 3289 3632 3359 pervenit,
3654 3298 3715 3343 ut
3738 3301 3843 3343 nos

2253 3387 2510 3443 liberaret
2534 3385 2603 3439 ab
2624 3385 2729 3439 hoc
2753 3380 3022 3454 profundo
3061 3382 3313 3448 miseriae,
3352 3389 3409 3436 et
3446 3397 3547 3436 nos
3584 3382 3844 3435 incitaret

2251 3480 2321 3535 ad
2348 3492 2472 3534 eum
2500 3478 2755 3541 clamare,
2799 3469 2890 3546 qui
2932 3483 3019 3531 est
3045 3474 3294 3530 Salvator
3318 3488 3477 3529 verus
3516 3481 3574 3528 et
3611 3473 3839 3528 dicere:

2254 3570 2499 3633 Domine,
2528 3567 2767 3631 Domine,
2797 3565 2992 3620 exaudi
3020 3580 3191 3619 vocem
3221 3580 3411 3617 meam.

2329 3662 2488 3716 Vens.
2517 3658 2571 3712 2.
2595 3688 2668 3704 —
2700 3656 2863 3718 Fiant
2889 3672 3041 3710 aures
3070 3665 3173 3709 tuo:
3198 3653 3517 3709 intendentes
3546 3652 3605 3707 in
3630 3652 3837 3706 oratio-

2252 3767 2369 3805 nem
2397 3750 2531 3804 servi
2558 3748 2656 3802 tui.
2707 3746 3012 3802 Geminatio
3056 3744 3342 3809 clamoris,
3390 3742 3712 3814 significatio
3750 3751 3841 3798 est

2248 3837 2643 3911 deprecationis
2665 3836 2892 3891 intimae.
2926 3835 3182 3904 Sequitur
3204 3849 3334 3889 vero
3356 3846 3373 3888 :

2322 3930 2488 3986 Vens.
2519 3929 2574 3983 ὅ.
2600 3956 2671 3968 -ο
2720 3925 2781 3982 Si
2826 3925 3126 3994 iniquitates
3172 3922 3540 3985 observaveris,
3589 3920 3837 3985 Domine,

2248 4019 2505 4084 Domine,
2550 4018 2666 4089 quis
2712 4014 3030 4075 sustinebit?
3083 4014 3270 4084 Aperit
3309 4013 3378 4068 de
3415 4027 3523 4081 quo
3563 4009 3837 4081 profundo

2214 4170 2227 4179 ,
2249 4109 2530 4175 clamaret,
2554 4109 2606 4163 id
2635 4116 2740 4173 est,
2761 4106 2828 4161 de
2848 4114 3194 4176 peccatorum
3223 4119 3441 4160 suorum
3474 4103 3689 4174 abysso,
3709 4118 3842 4172 qua

2250 4200 2648 4255 inundaverunt
2689 4211 2851 4266 super
2889 4203 3055 4266 caput
3091 4194 3246 4265 ejus:
3283 4192 3585 4264 intelligens
3616 4207 3842 4248 omnem

2244 4293 2416 4348 vitam
2446 4291 2586 4345 hanc
2617 4287 3001 4344 tentationibus
3031 4285 3266 4356 plenam.
3318 4282 3443 4338 Ideo
3473 4283 3609 4337 dixit
3635 4301 3648 4336 :
3697 4281 3842 4347 Quis

2250 4383 2570 4439 sustinebit?
2619 4380 2677 4435 Si
2715 4379 2980 4449 justitiam
3011 4379 3374 4434 tantummodo
3409 4376 3623 4447 iudicas
3649 4375 3843 4439 nobis,

2176 4489 2230 4551 ι)
2253 4483 2308 4531 et
2334 4488 2438 4528 non
2464 4471 2864 4526 miserationem
2887 4476 3126 4539 prazstes,
3149 4467 3328 4523 nullus
3346 4477 3427 4523 est
3448 4467 3547 4538 qui
3564 4466 3846 4521 sustinere

2254 4562 2469 4633 possit,
2494 4560 2622 4630 quia
2652 4572 2841 4615 omnes
2868 4556 3037 4629 [sunt]
3067 4556 3159 4610 lilii
3189 4556 3320 4610 iraa:
3351 4556 3447 4610 sed
3478 4555 3652 4625 magis
3677 4554 3843 4610 nobis

2255 4668 2382 4724 spes
2417 4659 2502 4707 est
2537 4651 2604 4706 de
2641 4648 3078 4705 miserationibus
3112 4647 3253 4712 tuis,
3291 4653 3348 4701 et
3381 4660 3489 4701 non
3523 4646 3591 4702 de
3622 4646 3847 4703 meritis

2254 4745 2479 4803 nostris.

2331 4838 2491 4893 Vens.
2522 4834 2663 4890 4.-
2685 4832 2821 4900 Quia
2849 4833 2991 4903 apud
3020 4842 3069 4887 te
3097 4832 3397 4904 propitiatio
3426 4839 3525 4896 est,
3551 4839 3600 4885 et
3629 4836 3847 4900 propter

2258 4930 2418 5001 legem
2440 4938 2584 4982 tuam
2606 4926 2830 4981 sustinui
2858 4935 2928 4990 te,
2957 4925 3191 4979 Domine.
3228 4924 3547 4993 Propitiatio
3571 4919 3726 4995 [haec]
3748 4928 3848 4976 est

2258 5020 2474 5090 sanguis
2493 5015 2828 5085 Christi,‘qui
2858 5031 2958 5070 nos
2982 5015 3230 5069 liberavit
3253 5031 3284 5069 a
3311 5014 3573 5070 servitute
3600 5013 3843 5077 timoris,

2259 5126 2378 5182 qua:
2406 5110 2461 5163 in
2491 5108 2607 5178 lege
2637 5105 2737 5160 fuit
2762 5106 2954 5161 veteri.
2993 5104 3236 5160 Sustinui
3266 5116 3336 5169 te,
3372 5104 3614 5169 Domine,
3646 5103 3700 5158 id
3728 5110 3843 5169 est,

2259 5196 2470 5269 speravi
2518 5196 2572 5249 in
2620 5202 2691 5258 te,
2734 5193 2980 5257 Domine,
3010 5194 3150 5248 sicut
3185 5195 3241 5248 in
3280 5194 3386 5249 alio
3421 5193 3632 5262 psalmo
3665 5192 3839 5247 dicit:

2257 5285 2580 5355 Exspectans
2602 5282 2890 5352 exspectavi
2915 5280 3218 5347 Dominum,
3239 5293 3286 5336 et
3311 5284 3531 5351 respexit
3555 5298 3639 5336 me
3664 5279 3842 5351 (Psal.

2258 5391 2446 5441 xxxix,
2472 5374 2564 5446 2):
2595 5373 2902 5443 exspectavi
2930 5387 3028 5441 per
3053 5386 3227 5442 spem,
3257 5380 3314 5427 et
3338 5371 3575 5441 respexit
3612 5385 3703 5425 me
3741 5383 3844 5441 per

2263 5465 2703 5521 miscricordiam.

2332 5557 2494 5612 Vens.
2521 5554 2577 5608 5.
2601 5583 2672 5594 -—
2703 5550 2968 5608 Sustinuit
2992 5550 3169 5605 anima
3194 5566 3309 5605 mea
3340 5553 3397 5605 in
3435 5550 3645 5605 verbum
3669 5557 3844 5612 tuum,

2261 5650 2502 5713 Domine,
2542 5646 2763 5719 speravit
2807 5645 2986 5699 anima
3033 5659 3149 5697 mea
3194 5645 3250 5697 in
3293 5642 3539 5696 Domino.
3592 5640 3652 5697 ln
3696 5638 3849 5709 quod

2265 5740 2484 5797 verbum
2528 5735 2826 5794 sustinuit?
2877 5734 2935 5790 In
2971 5734 3236 5800 Verbum,
3285 5734 3429 5803 quod
3469 5730 3850 5787 caro‘factum
