  <div class='ocr_page' id='page_1' title='image "/cluster/home/n/w/nwhite01/storage/ocr_20150623/100/hvd.32044024239972/322.png"; bbox 0 0 4066 6470; ppageno 0'>
   <div class='ocr_carea' id='block_1_1' title="bbox 261 374 361 452">
    <p class='ocr_par' dir='ltr' id='par_1_1' title="bbox 261 374 361 452">
     <span class='ocr_line' id='line_1_1' title="bbox 261 374 361 452; baseline 0 0"><span class='ocrx_word' id='word_1_1' title='bbox 261 374 361 452; x_wconf 62' lang='grc' dir='ltr'><strong>θεῖε</strong></span> 
     </span>
    </p>
   </div>
   <div class='ocr_carea' id='block_1_2' title="bbox 1011 368 2735 433">
    <p class='ocr_par' dir='ltr' id='par_1_2' title="bbox 1011 368 2735 433">
     <span class='ocr_line' id='line_1_2' title="bbox 1011 368 2735 433; baseline 0.003 -7"><span class='ocrx_word' id='word_1_2' title='bbox 1011 368 1421 428; x_wconf 74' lang='lat' dir='ltr'><strong>EXEGETICA.</strong></span> <span class='ocrx_word' id='word_1_3' title='bbox 1458 400 1530 415; x_wconf 77' lang='lat'><strong>——</strong></span> <span class='ocrx_word' id='word_1_4' title='bbox 1565 369 1928 427; x_wconf 80' lang='lat' dir='ltr'><strong>EXPOSITIO</strong></span> <span class='ocrx_word' id='word_1_5' title='bbox 1964 370 2030 425; x_wconf 76' lang='lat' dir='ltr'><strong>IN</strong></span> <span class='ocrx_word' id='word_1_6' title='bbox 2067 371 2261 429; x_wconf 78' lang='lat' dir='ltr'><strong>PSAL.</strong></span> <span class='ocrx_word' id='word_1_7' title='bbox 2301 373 2735 433; x_wconf 79' lang='lat' dir='ltr'><strong>GRADUALES.</strong></span> 
     </span>
    </p>
   </div>
   <div class='ocr_carea' id='block_1_3' title="bbox 3371 374 3477 432">
    <p class='ocr_par' dir='ltr' id='par_1_3' title="bbox 3371 374 3477 432">
     <span class='ocr_line' id='line_1_3' title="bbox 3371 374 3477 432; baseline 0 0"><span class='ocrx_word' id='word_1_8' title='bbox 3371 374 3477 432; x_wconf 65' lang='grc' dir='ltr'><strong>ϐω</strong></span> 
     </span>
    </p>
   </div>
   <div class='ocr_carea' id='block_1_4' title="bbox 260 481 3477 557">
    <p class='ocr_par' dir='ltr' id='par_1_4' title="bbox 260 481 3477 557">
     <span class='ocr_line' id='line_1_4' title="bbox 260 481 3477 557; baseline 0.001 -18"><span class='ocrx_word' id='word_1_9' title='bbox 260 493 373 549; x_wconf 82' lang='lat' dir='ltr'><strong>est,</strong></span> <span class='ocrx_word' id='word_1_10' title='bbox 419 481 653 554; x_wconf 81' lang='lat' dir='ltr'><strong>speravit</strong></span> <span class='ocrx_word' id='word_1_11' title='bbox 687 481 865 537; x_wconf 81' lang='lat' dir='ltr'><strong>anima</strong></span> <span class='ocrx_word' id='word_1_12' title='bbox 899 495 1052 546; x_wconf 84' lang='lat' dir='ltr'><strong>mea;</strong></span> <span class='ocrx_word' id='word_1_13' title='bbox 1102 497 1201 551; x_wconf 91' lang='lat' dir='ltr'><strong>per</strong></span> <span class='ocrx_word' id='word_1_14' title='bbox 1232 483 1377 551; x_wconf 89' lang='lat' dir='ltr'><strong>quod</strong></span> <span class='ocrx_word' id='word_1_15' title='bbox 1406 481 1641 537; x_wconf 81' lang='lat' dir='ltr'><strong>Verbum</strong></span> <span class='ocrx_word' id='word_1_16' title='bbox 1683 481 1891 555; x_wconf 37' lang='lat' dir='ltr'><strong>mihi}</strong></span> <span class='ocrx_word' id='word_1_17' title='bbox 1918 483 2197 544; x_wconf 85' lang='lat' dir='ltr'><strong>veritatis;</strong></span> <span class='ocrx_word' id='word_1_18' title='bbox 2247 484 2366 539; x_wconf 89' lang='lat' dir='ltr'><strong>ideo</strong></span> <span class='ocrx_word' id='word_1_19' title='bbox 2404 485 2726 540; x_wconf 84' lang='lat' dir='ltr'><strong>retribuetur</strong></span> <span class='ocrx_word' id='word_1_20' title='bbox 2755 484 2836 539; x_wconf 88' lang='lat' dir='ltr'><strong>eis</strong></span> <span class='ocrx_word' id='word_1_21' title='bbox 2877 482 2933 539; x_wconf 89' lang='lat' dir='ltr'><strong>in</strong></span> <span class='ocrx_word' id='word_1_22' title='bbox 2975 484 3256 541; x_wconf 87' lang='lat' dir='ltr'><strong>animabus</strong></span> <span class='ocrx_word' id='word_1_23' title='bbox 3281 482 3477 557; x_wconf 80' lang='lat' dir='ltr'><strong>[Edit.,</strong></span> 
     </span>
    </p>
   </div>
   <div class='ocr_carea' id='block_1_5' title="bbox 258 573 1815 645">
    <p class='ocr_par' dir='ltr' id='par_1_5' title="bbox 258 573 1815 645">
     <span class='ocr_line' id='line_1_5' title="bbox 258 573 1815 645; baseline -0.003 -11"><span class='ocrx_word' id='word_1_24' title='bbox 258 576 433 634; x_wconf 81' lang='lat' dir='ltr'><strong>omnia</strong></span> <span class='ocrx_word' id='word_1_25' title='bbox 474 575 720 630; x_wconf 79' lang='lat' dir='ltr'><strong>dimisisti</strong></span> <span class='ocrx_word' id='word_1_26' title='bbox 761 583 1004 645; x_wconf 83' lang='lat' dir='ltr'><strong>peccata.</strong></span> <span class='ocrx_word' id='word_1_27' title='bbox 1055 573 1161 629; x_wconf 87' lang='lat' dir='ltr'><strong>Sed</strong></span> <span class='ocrx_word' id='word_1_28' title='bbox 1204 576 1381 630; x_wconf 90' lang='lat' dir='ltr'><strong>adhuc</strong></span> <span class='ocrx_word' id='word_1_29' title='bbox 1420 582 1603 645; x_wconf 71' lang='lat' dir='ltr'><strong>Sperat</strong></span> <span class='ocrx_word' id='word_1_30' title='bbox 1632 575 1815 629; x_wconf 85' lang='lat' dir='ltr'><strong>anima</strong></span> 
     </span>
    </p>
   </div>
   <div class='ocr_carea' id='block_1_6' title="bbox 256 663 1816 732">
    <p class='ocr_par' dir='ltr' id='par_1_6' title="bbox 256 663 1816 732">
     <span class='ocr_line' id='line_1_6' title="bbox 256 663 1816 732; baseline -0.004 -9"><span class='ocrx_word' id='word_1_31' title='bbox 256 681 372 723; x_wconf 83' lang='lat' dir='ltr'><strong>mea</strong></span> <span class='ocrx_word' id='word_1_32' title='bbox 401 666 456 719; x_wconf 90' lang='lat' dir='ltr'><strong>in</strong></span> <span class='ocrx_word' id='word_1_33' title='bbox 483 665 726 720; x_wconf 90' lang='lat' dir='ltr'><strong>Domino.</strong></span> <span class='ocrx_word' id='word_1_34' title='bbox 775 663 919 730; x_wconf 79' lang='lat' dir='ltr'><strong>Quid</strong></span> <span class='ocrx_word' id='word_1_35' title='bbox 941 664 1164 732; x_wconf 85' lang='lat' dir='ltr'><strong>sperat?</strong></span> <span class='ocrx_word' id='word_1_36' title='bbox 1207 664 1595 718; x_wconf 78' lang='lat' dir='ltr'><strong>Remissionem</strong></span> <span class='ocrx_word' id='word_1_37' title='bbox 1624 677 1816 731; x_wconf 78' lang='lat' dir='ltr'><strong>pecca-</strong></span> 
     </span>
    </p>
   </div>
   <div class='ocr_carea' id='block_1_7' title="bbox 258 752 1818 823">
    <p class='ocr_par' dir='ltr' id='par_1_7' title="bbox 258 752 1818 823">
     <span class='ocr_line' id='line_1_7' title="bbox 258 752 1818 823; baseline -0.001 -15"><span class='ocrx_word' id='word_1_38' title='bbox 258 764 433 809; x_wconf 83' lang='lat' dir='ltr'><strong>torum</strong></span> <span class='ocrx_word' id='word_1_39' title='bbox 449 753 710 823; x_wconf 81' lang='lat' dir='ltr'><strong>recipere.</strong></span> <span class='ocrx_word' id='word_1_40' title='bbox 742 752 846 808; x_wconf 86' lang='lat' dir='ltr'><strong>Sed</strong></span> <span class='ocrx_word' id='word_1_41' title='bbox 866 753 1031 823; x_wconf 72' lang='lat'><strong>386</strong></span> <span class='ocrx_word' id='word_1_42' title='bbox 1049 752 1223 808; x_wconf 84' lang='lat' dir='ltr'><strong>adhuc</strong></span> <span class='ocrx_word' id='word_1_43' title='bbox 1242 754 1407 807; x_wconf 90' lang='lat' dir='ltr'><strong>vitam</strong></span> <span class='ocrx_word' id='word_1_44' title='bbox 1432 762 1685 808; x_wconf 70' lang='lat' dir='ltr'><strong>aeternam</strong></span> <span class='ocrx_word' id='word_1_45' title='bbox 1711 767 1818 806; x_wconf 89' lang='lat' dir='ltr'><strong>non</strong></span> 
     </span>
    </p>
   </div>
   <div class='ocr_carea' id='block_1_8' title="bbox 257 842 1819 914">
    <p class='ocr_par' dir='ltr' id='par_1_8' title="bbox 257 842 1819 914">
     <span class='ocr_line' id='line_1_8' title="bbox 257 842 1819 914; baseline -0.003 -14"><span class='ocrx_word' id='word_1_46' title='bbox 257 853 445 900; x_wconf 84' lang='lat' dir='ltr'><strong>teneo:</strong></span> <span class='ocrx_word' id='word_1_47' title='bbox 473 851 532 900; x_wconf 90' lang='lat' dir='ltr'><strong>et</strong></span> <span class='ocrx_word' id='word_1_48' title='bbox 548 844 671 914; x_wconf 82' lang='lat' dir='ltr'><strong>quia</strong></span> <span class='ocrx_word' id='word_1_49' title='bbox 696 843 867 899; x_wconf 81' lang='lat' dir='ltr'><strong>fecisti</strong></span> <span class='ocrx_word' id='word_1_50' title='bbox 890 844 1032 914; x_wconf 89' lang='lat' dir='ltr'><strong>quod</strong></span> <span class='ocrx_word' id='word_1_51' title='bbox 1058 844 1372 913; x_wconf 83' lang='lat' dir='ltr'><strong>promisisti,</strong></span> <span class='ocrx_word' id='word_1_52' title='bbox 1395 858 1552 913; x_wconf 89' lang='lat' dir='ltr'><strong>spero</strong></span> <span class='ocrx_word' id='word_1_53' title='bbox 1576 851 1626 897; x_wconf 90' lang='lat' dir='ltr'><strong>te</strong></span> <span class='ocrx_word' id='word_1_54' title='bbox 1649 842 1819 897; x_wconf 78' lang='lat' dir='ltr'><strong>factu-</strong></span> 
     </span>
    </p>
   </div>
   <div class='ocr_carea' id='block_1_9' title="bbox 254 930 1817 1005">
    <p class='ocr_par' dir='ltr' id='par_1_9' title="bbox 254 930 1817 1005">
     <span class='ocr_line' id='line_1_9' title="bbox 254 930 1817 1005; baseline -0.002 -14"><span class='ocrx_word' id='word_1_55' title='bbox 254 930 521 991; x_wconf 75' lang='lat' dir='ltr'><strong>i-uniesse</strong></span> <span class='ocrx_word' id='word_1_56' title='bbox 546 936 689 1005; x_wconf 87' lang='lat' dir='ltr'><strong>quod</strong></span> <span class='ocrx_word' id='word_1_57' title='bbox 715 937 892 991; x_wconf 88' lang='lat' dir='ltr'><strong>adhuc</strong></span> <span class='ocrx_word' id='word_1_58' title='bbox 918 943 1115 999; x_wconf 83' lang='lat' dir='ltr'><strong>restat,</strong></span> <span class='ocrx_word' id='word_1_59' title='bbox 1140 943 1202 989; x_wconf 88' lang='lat' dir='ltr'><strong>ut</strong></span> <span class='ocrx_word' id='word_1_60' title='bbox 1228 943 1348 1005; x_wconf 88' lang='lat' dir='ltr'><strong>post</strong></span> <span class='ocrx_word' id='word_1_61' title='bbox 1373 935 1817 991; x_wconf 86' lang='lat' dir='ltr'><strong>resurrectionem</strong></span> 
     </span>
    </p>
   </div>
   <div class='ocr_carea' id='block_1_10' title="bbox 252 1027 1266 1096">
    <p class='ocr_par' dir='ltr' id='par_1_10' title="bbox 252 1027 1266 1096">
     <span class='ocr_line' id='line_1_10' title="bbox 252 1027 1266 1096; baseline -0.003 -14"><span class='ocrx_word' id='word_1_62' title='bbox 252 1027 485 1082; x_wconf 86' lang='lat' dir='ltr'><strong>umnium</strong></span> <span class='ocrx_word' id='word_1_63' title='bbox 509 1027 675 1080; x_wconf 89' lang='lat' dir='ltr'><strong>vitam</strong></span> <span class='ocrx_word' id='word_1_64' title='bbox 701 1036 957 1081; x_wconf 68' lang='lat' dir='ltr'><strong>aeternam</strong></span> <span class='ocrx_word' id='word_1_65' title='bbox 986 1027 1266 1096; x_wconf 87' lang='lat' dir='ltr'><strong>accipiam.</strong></span> 
     </span>
    </p>
   </div>
   <div class='ocr_carea' id='block_1_11' title="bbox 317 1114 1817 1184">
    <p class='ocr_par' dir='ltr' id='par_1_11' title="bbox 317 1114 1817 1184">
     <span class='ocr_line' id='line_1_11' title="bbox 317 1114 1817 1184; baseline -0.003 -13"><span class='ocrx_word' id='word_1_66' title='bbox 317 1116 479 1171; x_wconf 74' lang='lat' dir='ltr'><strong>Vsus.</strong></span> <span class='ocrx_word' id='word_1_67' title='bbox 509 1115 563 1170; x_wconf 85' lang='lat'><strong>6.</strong></span> <span class='ocrx_word' id='word_1_68' title='bbox 587 1145 661 1159; x_wconf 87' lang='grc'><strong>--</strong></span> <span class='ocrx_word' id='word_1_69' title='bbox 700 1115 746 1169; x_wconf 80' lang='grc' dir='ltr'><em>Α</em></span> <span class='ocrx_word' id='word_1_70' title='bbox 773 1116 1011 1171; x_wconf 85' lang='lat' dir='ltr'><strong>custodia</strong></span> <span class='ocrx_word' id='word_1_71' title='bbox 1036 1115 1294 1169; x_wconf 87' lang='lat' dir='ltr'><strong>matutina</strong></span> <span class='ocrx_word' id='word_1_72' title='bbox 1323 1130 1484 1184; x_wconf 81' lang='lat' dir='ltr'><strong>usque</strong></span> <span class='ocrx_word' id='word_1_73' title='bbox 1520 1114 1588 1167; x_wconf 91' lang='lat' dir='ltr'><strong>ad</strong></span> <span class='ocrx_word' id='word_1_74' title='bbox 1617 1121 1817 1167; x_wconf 90' lang='lat' dir='ltr'><strong>noctem</strong></span> 
     </span>
    </p>
   </div>
   <div class='ocr_carea' id='block_1_12' title="bbox 244 1202 1817 1275">
    <p class='ocr_par' dir='ltr' id='par_1_12' title="bbox 244 1202 1817 1275">
     <span class='ocr_line' id='line_1_12' title="bbox 244 1202 1817 1275; baseline -0.001 -17"><span class='ocrx_word' id='word_1_75' title='bbox 244 1214 408 1275; x_wconf 85' lang='lat' dir='ltr'><strong>speret</strong></span> <span class='ocrx_word' id='word_1_76' title='bbox 433 1204 605 1259; x_wconf 89' lang='lat' dir='ltr'><strong>Israel</strong></span> <span class='ocrx_word' id='word_1_77' title='bbox 628 1207 682 1260; x_wconf 88' lang='lat' dir='ltr'><strong>in</strong></span> <span class='ocrx_word' id='word_1_78' title='bbox 700 1205 950 1260; x_wconf 88' lang='lat' dir='ltr'><strong>Domino.</strong></span> <span class='ocrx_word' id='word_1_79' title='bbox 989 1205 1240 1275; x_wconf 88' lang='lat' dir='ltr'><strong>Custodia</strong></span> <span class='ocrx_word' id='word_1_80' title='bbox 1261 1205 1523 1259; x_wconf 86' lang='lat' dir='ltr'><strong>matutina</strong></span> <span class='ocrx_word' id='word_1_81' title='bbox 1547 1202 1817 1275; x_wconf 79' lang='lat' dir='ltr'><strong>[Christus</strong></span> 
     </span>
    </p>
   </div>
   <div class='ocr_carea' id='block_1_13' title="bbox 247 1295 1816 1367">
    <p class='ocr_par' dir='ltr' id='par_1_13' title="bbox 247 1295 1816 1367">
     <span class='ocr_line' id='line_1_13' title="bbox 247 1295 1816 1367; baseline -0.001 -16"><span class='ocrx_word' id='word_1_82' title='bbox 247 1296 542 1352; x_wconf 82' lang='lat' dir='ltr'><strong>resurrexit</strong></span> <span class='ocrx_word' id='word_1_83' title='bbox 568 1296 758 1366; x_wconf 82' lang='lat' dir='ltr'><strong>(Edit.,</strong></span> <span class='ocrx_word' id='word_1_84' title='bbox 798 1305 883 1353; x_wconf 88' lang='lat' dir='ltr'><strong>est</strong></span> <span class='ocrx_word' id='word_1_85' title='bbox 908 1295 1175 1361; x_wconf 84' lang='lat' dir='ltr'><strong>Christus,</strong></span> <span class='ocrx_word' id='word_1_86' title='bbox 1220 1297 1312 1366; x_wconf 85' lang='lat' dir='ltr'><strong>qui</strong></span> <span class='ocrx_word' id='word_1_87' title='bbox 1356 1295 1717 1367; x_wconf 85' lang='lat' dir='ltr'><strong>resurrexit)],</strong></span> <span class='ocrx_word' id='word_1_88' title='bbox 1762 1296 1816 1349; x_wconf 92' lang='lat' dir='ltr'><strong>in</strong></span> 
     </span>
    </p>
   </div>
   <div class='ocr_carea' id='block_1_14' title="bbox 247 1384 1815 1461">
    <p class='ocr_par' dir='ltr' id='par_1_14' title="bbox 247 1384 1815 1461">
     <span class='ocr_line' id='line_1_14' title="bbox 247 1384 1815 1461; baseline -0.001 -21"><span class='ocrx_word' id='word_1_89' title='bbox 247 1401 350 1455; x_wconf 92' lang='lat' dir='ltr'><strong>quo</strong></span> <span class='ocrx_word' id='word_1_90' title='bbox 376 1400 572 1441; x_wconf 87' lang='lat' dir='ltr'><strong>omnes</strong></span> <span class='ocrx_word' id='word_1_91' title='bbox 599 1386 956 1461; x_wconf 78' lang='lat' dir='ltr'><strong>resurrecturi</strong></span> <span class='ocrx_word' id='word_1_92' title='bbox 983 1400 1201 1450; x_wconf 85' lang='lat' dir='ltr'><strong>sumus;</strong></span> <span class='ocrx_word' id='word_1_93' title='bbox 1246 1385 1366 1440; x_wconf 88' lang='lat' dir='ltr'><strong>ideo</strong></span> <span class='ocrx_word' id='word_1_94' title='bbox 1404 1401 1467 1440; x_wconf 80' lang='lat' dir='ltr'><strong>ex</strong></span> <span class='ocrx_word' id='word_1_95' title='bbox 1511 1384 1601 1439; x_wconf 88' lang='lat' dir='ltr'><strong>illa</strong></span> <span class='ocrx_word' id='word_1_96' title='bbox 1631 1399 1815 1438; x_wconf 84' lang='lat' dir='ltr'><strong>resur—</strong></span> 
     </span>
    </p>
   </div>
   <div class='ocr_carea' id='block_1_15' title="bbox 246 1472 1816 1545">
    <p class='ocr_par' dir='ltr' id='par_1_15' title="bbox 246 1472 1816 1545">
     <span class='ocr_line' id='line_1_15' title="bbox 246 1472 1816 1545; baseline -0.003 -14"><span class='ocrx_word' id='word_1_97' title='bbox 246 1474 500 1531; x_wconf 87' lang='lat' dir='ltr'><strong>rectionis</strong></span> <span class='ocrx_word' id='word_1_98' title='bbox 526 1489 638 1530; x_wconf 60' lang='lat' dir='ltr'><strong>sua?</strong></span> <span class='ocrx_word' id='word_1_99' title='bbox 664 1474 841 1545; x_wconf 79' lang='lat' dir='ltr'><strong>vigilia</strong></span> <span class='ocrx_word' id='word_1_100' title='bbox 870 1488 1041 1543; x_wconf 86' lang='lat' dir='ltr'><strong>usque</strong></span> <span class='ocrx_word' id='word_1_101' title='bbox 1069 1472 1136 1528; x_wconf 88' lang='lat' dir='ltr'><strong>ad</strong></span> <span class='ocrx_word' id='word_1_102' title='bbox 1163 1480 1372 1527; x_wconf 89' lang='lat' dir='ltr'><strong>noctem</strong></span> <span class='ocrx_word' id='word_1_103' title='bbox 1390 1512 1404 1534; x_wconf 89' lang='lat'><strong>,</strong></span> <span class='ocrx_word' id='word_1_104' title='bbox 1439 1472 1493 1527; x_wconf 93' lang='lat' dir='ltr'><strong>id</strong></span> <span class='ocrx_word' id='word_1_105' title='bbox 1519 1481 1622 1535; x_wconf 83' lang='lat' dir='ltr'><strong>eSt,</strong></span> <span class='ocrx_word' id='word_1_106' title='bbox 1655 1472 1816 1526; x_wconf 82' lang='lat' dir='ltr'><strong>tinem</strong></span> 
     </span>
    </p>
   </div>
   <div class='ocr_carea' id='block_1_16' title="bbox 245 1564 1818 1635">
    <p class='ocr_par' dir='ltr' id='par_1_16' title="bbox 245 1564 1818 1635">
     <span class='ocr_line' id='line_1_16' title="bbox 245 1564 1818 1635; baseline -0.003 -12"><span class='ocrx_word' id='word_1_107' title='bbox 245 1567 426 1623; x_wconf 84' lang='lat' dir='ltr'><strong>mundi</strong></span> <span class='ocrx_word' id='word_1_108' title='bbox 444 1581 638 1622; x_wconf 76' lang='lat' dir='ltr'><strong>clunes</strong></span> <span class='ocrx_word' id='word_1_109' title='bbox 661 1567 837 1621; x_wconf 82' lang='lat' dir='ltr'><strong>sancti</strong></span> <span class='ocrx_word' id='word_1_110' title='bbox 857 1572 1076 1635; x_wconf 84' lang='lat' dir='ltr'><strong>sperent</strong></span> <span class='ocrx_word' id='word_1_111' title='bbox 1101 1564 1155 1619; x_wconf 93' lang='lat' dir='ltr'><strong>in</strong></span> <span class='ocrx_word' id='word_1_112' title='bbox 1189 1564 1443 1620; x_wconf 81' lang='lat' dir='ltr'><strong>Domino:</strong></span> <span class='ocrx_word' id='word_1_113' title='bbox 1474 1572 1531 1618; x_wconf 93' lang='lat' dir='ltr'><strong>et</strong></span> <span class='ocrx_word' id='word_1_114' title='bbox 1553 1564 1669 1620; x_wconf 79' lang='lat' dir='ltr'><strong>haec</strong></span> <span class='ocrx_word' id='word_1_115' title='bbox 1695 1576 1818 1632; x_wconf 83' lang='lat' dir='ltr'><strong>spes</strong></span> 
     </span>
    </p>
   </div>
   <div class='ocr_carea' id='block_1_17' title="bbox 245 1657 834 1719">
    <p class='ocr_par' dir='ltr' id='par_1_17' title="bbox 245 1657 834 1719">
     <span class='ocr_line' id='line_1_17' title="bbox 245 1657 834 1719; baseline -0.005 -5"><span class='ocrx_word' id='word_1_116' title='bbox 245 1657 364 1714; x_wconf 85' lang='lat' dir='ltr'><strong>inde</strong></span> <span class='ocrx_word' id='word_1_117' title='bbox 387 1658 695 1715; x_wconf 87' lang='lat' dir='ltr'><strong>certissima</strong></span> <span class='ocrx_word' id='word_1_118' title='bbox 721 1665 834 1719; x_wconf 87' lang='lat' dir='ltr'><strong>est,</strong></span> 
     </span>
    </p>
   </div>
   <div class='ocr_carea' id='block_1_18' title="bbox 310 1746 1812 1818">
    <p class='ocr_par' dir='ltr' id='par_1_18' title="bbox 310 1746 1812 1818">
     <span class='ocr_line' id='line_1_18' title="bbox 310 1746 1812 1818; baseline -0.001 -17"><span class='ocrx_word' id='word_1_119' title='bbox 310 1746 477 1803; x_wconf 69' lang='lat' dir='ltr'><strong>Vens.</strong></span> <span class='ocrx_word' id='word_1_120' title='bbox 508 1746 561 1801; x_wconf 84' lang='lat'><strong>7.</strong></span> <span class='ocrx_word' id='word_1_121' title='bbox 582 1776 655 1789; x_wconf 89' lang='lat'><strong>—</strong></span> <span class='ocrx_word' id='word_1_122' title='bbox 690 1746 829 1813; x_wconf 86' lang='lat' dir='ltr'><strong>Quia</strong></span> <span class='ocrx_word' id='word_1_123' title='bbox 853 1747 993 1818; x_wconf 86' lang='lat' dir='ltr'><strong>apud</strong></span> <span class='ocrx_word' id='word_1_124' title='bbox 1021 1746 1303 1801; x_wconf 87' lang='lat' dir='ltr'><strong>Dominum</strong></span> <span class='ocrx_word' id='word_1_125' title='bbox 1331 1746 1690 1805; x_wconf 74' lang='lat' dir='ltr'><strong>misericordia</strong></span> <span class='ocrx_word' id='word_1_126' title='bbox 1710 1755 1812 1812; x_wconf 83' lang='lat' dir='ltr'><strong>est,</strong></span> 
     </span>
    </p>
   </div>
   <div class='ocr_carea' id='block_1_19' title="bbox 1918 573 3484 646">
    <p class='ocr_par' dir='ltr' id='par_1_19' title="bbox 1918 573 3484 646">
     <span class='ocr_line' id='line_1_19' title="bbox 1918 573 3484 646; baseline 0.003 -19"><span class='ocrx_word' id='word_1_127' title='bbox 1918 573 2185 646; x_wconf 84' lang='lat' dir='ltr'><strong>manibus]</strong></span> <span class='ocrx_word' id='word_1_128' title='bbox 2220 574 2430 630; x_wconf 89' lang='lat' dir='ltr'><strong>illorum</strong></span> <span class='ocrx_word' id='word_1_129' title='bbox 2455 592 2470 629; x_wconf 90' lang='lat'><strong>:</strong></span> <span class='ocrx_word' id='word_1_130' title='bbox 2500 574 2634 642; x_wconf 87' lang='lat' dir='ltr'><strong>Quia</strong></span> <span class='ocrx_word' id='word_1_131' title='bbox 2663 582 2878 645; x_wconf 84' lang='lat' dir='ltr'><strong>propter</strong></span> <span class='ocrx_word' id='word_1_132' title='bbox 2906 573 3273 630; x_wconf 78' lang='lat' dir='ltr'><strong>inﬁdelitatem</strong></span> <span class='ocrx_word' id='word_1_133' title='bbox 3307 575 3484 632; x_wconf 76' lang='lat' dir='ltr'><strong>schis-</strong></span> 
     </span>
    </p>
   </div>
   <div class='ocr_carea' id='block_1_20' title="bbox 1917 665 3479 737">
    <p class='ocr_par' dir='ltr' id='par_1_20' title="bbox 1917 665 3479 737">
     <span class='ocr_line' id='line_1_20' title="bbox 1917 665 3479 737; baseline 0.001 -16"><span class='ocrx_word' id='word_1_134' title='bbox 1917 666 2078 721; x_wconf 88' lang='lat' dir='ltr'><strong>matis</strong></span> <span class='ocrx_word' id='word_1_135' title='bbox 2104 666 2155 721; x_wconf 92' lang='lat' dir='ltr'><strong>in</strong></span> <span class='ocrx_word' id='word_1_136' title='bbox 2181 667 2357 720; x_wconf 85' lang='lat' dir='ltr'><strong>anima</strong></span> <span class='ocrx_word' id='word_1_137' title='bbox 2385 674 2724 737; x_wconf 85' lang='lat' dir='ltr'><strong>recesserunt</strong></span> <span class='ocrx_word' id='word_1_138' title='bbox 2751 666 2783 720; x_wconf 78' lang='lat' dir='ltr'><strong>a</strong></span> <span class='ocrx_word' id='word_1_139' title='bbox 2809 665 2934 731; x_wconf 85' lang='lat' dir='ltr'><strong>llde,</strong></span> <span class='ocrx_word' id='word_1_140' title='bbox 2964 667 3083 722; x_wconf 87' lang='lat' dir='ltr'><strong>ideo</strong></span> <span class='ocrx_word' id='word_1_141' title='bbox 3110 665 3164 720; x_wconf 91' lang='lat' dir='ltr'><strong>in</strong></span> <span class='ocrx_word' id='word_1_142' title='bbox 3187 667 3366 722; x_wconf 85' lang='lat' dir='ltr'><strong>anima</strong></span> <span class='ocrx_word' id='word_1_143' title='bbox 3391 680 3479 723; x_wconf 84' lang='lat' dir='ltr'><strong>re-</strong></span> 
     </span>
    </p>
   </div>
   <div class='ocr_carea' id='block_1_21' title="bbox 1917 755 2970 825">
    <p class='ocr_par' dir='ltr' id='par_1_21' title="bbox 1917 755 2970 825">
     <span class='ocr_line' id='line_1_21' title="bbox 1917 755 2970 825; baseline 0 -15"><span class='ocrx_word' id='word_1_144' title='bbox 1917 755 2121 824; x_wconf 86' lang='lat' dir='ltr'><strong>cepturi</strong></span> <span class='ocrx_word' id='word_1_145' title='bbox 2150 764 2328 820; x_wconf 90' lang='lat' dir='ltr'><strong>erunt,</strong></span> <span class='ocrx_word' id='word_1_146' title='bbox 2354 757 2612 825; x_wconf 80' lang='lat' dir='ltr'><strong>quidquid</strong></span> <span class='ocrx_word' id='word_1_147' title='bbox 2641 764 2970 811; x_wconf 86' lang='lat' dir='ltr'><strong>meruerunt.</strong></span> 
     </span>
    </p>
   </div>
   <div class='ocr_carea' id='block_1_22' title="bbox 1989 847 3482 919">
    <p class='ocr_par' dir='ltr' id='par_1_22' title="bbox 1989 847 3482 919">
     <span class='ocr_line' id='line_1_22' title="bbox 1989 847 3482 919; baseline -0.001 -16"><span class='ocrx_word' id='word_1_148' title='bbox 1989 849 2150 903; x_wconf 76' lang='lat' dir='ltr'><strong>Vens.</strong></span> <span class='ocrx_word' id='word_1_149' title='bbox 2182 849 2235 901; x_wconf 79' lang='lat'><strong>5.</strong></span> <span class='ocrx_word' id='word_1_150' title='bbox 2259 879 2331 889; x_wconf 95' lang='lat'><strong>—</strong></span> <span class='ocrx_word' id='word_1_151' title='bbox 2361 847 2543 917; x_wconf 88' lang='lat' dir='ltr'><strong>Speret</strong></span> <span class='ocrx_word' id='word_1_152' title='bbox 2572 847 2739 903; x_wconf 81' lang='lat' dir='ltr'><strong>Israel</strong></span> <span class='ocrx_word' id='word_1_153' title='bbox 2773 849 2827 902; x_wconf 87' lang='lat' dir='ltr'><strong>in</strong></span> <span class='ocrx_word' id='word_1_154' title='bbox 2854 848 3098 915; x_wconf 84' lang='lat' dir='ltr'><strong>Domino,</strong></span> <span class='ocrx_word' id='word_1_155' title='bbox 3132 848 3223 918; x_wconf 85' lang='lat' dir='ltr'><strong>qui</strong></span> <span class='ocrx_word' id='word_1_156' title='bbox 3249 858 3332 904; x_wconf 86' lang='lat' dir='ltr'><strong>est</strong></span> <span class='ocrx_word' id='word_1_157' title='bbox 3355 863 3482 919; x_wconf 76' lang='lat' dir='ltr'><strong>spes</strong></span> 
     </span>
    </p>
   </div>
   <div class='ocr_carea' id='block_1_23' title="bbox 1915 939 3483 1010">
    <p class='ocr_par' dir='ltr' id='par_1_23' title="bbox 1915 939 3483 1010">
     <span class='ocr_line' id='line_1_23' title="bbox 1915 939 3483 1010; baseline 0.002 -18"><span class='ocrx_word' id='word_1_158' title='bbox 1915 939 2153 993; x_wconf 88' lang='lat' dir='ltr'><strong>omnium</strong></span> <span class='ocrx_word' id='word_1_159' title='bbox 2181 940 2345 993; x_wconf 90' lang='lat' dir='ltr'><strong>Deum</strong></span> <span class='ocrx_word' id='word_1_160' title='bbox 2371 940 2685 994; x_wconf 83' lang='lat' dir='ltr'><strong>videntium.</strong></span> <span class='ocrx_word' id='word_1_161' title='bbox 2739 940 2823 993; x_wconf 78' lang='lat' dir='ltr'><strong>Ea:</strong></span> <span class='ocrx_word' id='word_1_162' title='bbox 2849 941 2945 993; x_wconf 87' lang='lat' dir='ltr'><strong>hoc</strong></span> <span class='ocrx_word' id='word_1_163' title='bbox 2971 956 3108 993; x_wconf 87' lang='lat' dir='ltr'><strong>nunc</strong></span> <span class='ocrx_word' id='word_1_164' title='bbox 3147 952 3195 994; x_wconf 89' lang='lat' dir='ltr'><strong>et</strong></span> <span class='ocrx_word' id='word_1_165' title='bbox 3235 957 3395 1010; x_wconf 80' lang='lat' dir='ltr'><strong>usque</strong></span> <span class='ocrx_word' id='word_1_166' title='bbox 3422 942 3483 995; x_wconf 83' lang='lat' dir='ltr'><strong>in</strong></span> 
     </span>
    </p>
   </div>
   <div class='ocr_carea' id='block_1_24' title="bbox 1915 1028 3481 1100">
    <p class='ocr_par' dir='ltr' id='par_1_24' title="bbox 1915 1028 3481 1100">
     <span class='ocr_line' id='line_1_24' title="bbox 1915 1028 3481 1100; baseline 0.002 -19"><span class='ocrx_word' id='word_1_167' title='bbox 1915 1029 2309 1096; x_wconf 80' lang='lat' dir='ltr'><strong>sempiternum,</strong></span> <span class='ocrx_word' id='word_1_168' title='bbox 2339 1028 2392 1081; x_wconf 91' lang='lat' dir='ltr'><strong>id</strong></span> <span class='ocrx_word' id='word_1_169' title='bbox 2414 1037 2528 1092; x_wconf 90' lang='lat' dir='ltr'><strong>est,</strong></span> <span class='ocrx_word' id='word_1_170' title='bbox 2554 1043 2724 1099; x_wconf 88' lang='lat' dir='ltr'><strong>usque</strong></span> <span class='ocrx_word' id='word_1_171' title='bbox 2756 1030 2825 1083; x_wconf 89' lang='lat' dir='ltr'><strong>ad</strong></span> <span class='ocrx_word' id='word_1_172' title='bbox 2850 1030 3200 1084; x_wconf 63' lang='lat' dir='ltr'><strong>aeternitatem</strong></span> <span class='ocrx_word' id='word_1_173' title='bbox 3219 1069 3236 1096; x_wconf 95' lang='lat'><strong>,</strong></span> <span class='ocrx_word' id='word_1_174' title='bbox 3281 1030 3337 1085; x_wconf 91' lang='lat' dir='ltr'><strong>in</strong></span> <span class='ocrx_word' id='word_1_175' title='bbox 3374 1045 3481 1100; x_wconf 86' lang='lat' dir='ltr'><strong>qua</strong></span> 
     </span>
    </p>
   </div>
   <div class='ocr_carea' id='block_1_25' title="bbox 1916 1118 2994 1187">
    <p class='ocr_par' dir='ltr' id='par_1_25' title="bbox 1916 1118 2994 1187">
     <span class='ocr_line' id='line_1_25' title="bbox 1916 1118 2994 1187; baseline 0.002 -17"><span class='ocrx_word' id='word_1_176' title='bbox 1916 1118 2236 1182; x_wconf 79' lang='lat' dir='ltr'><strong>videbimus,</strong></span> <span class='ocrx_word' id='word_1_177' title='bbox 2265 1118 2317 1171; x_wconf 90' lang='lat' dir='ltr'><strong>in</strong></span> <span class='ocrx_word' id='word_1_178' title='bbox 2343 1133 2500 1186; x_wconf 91' lang='lat' dir='ltr'><strong>quem</strong></span> <span class='ocrx_word' id='word_1_179' title='bbox 2527 1134 2667 1173; x_wconf 92' lang='lat' dir='ltr'><strong>nunc</strong></span> <span class='ocrx_word' id='word_1_180' title='bbox 2694 1132 2994 1187; x_wconf 84' lang='lat' dir='ltr'><strong>speramus.</strong></span> 
     </span>
    </p>
   </div>
   <div class='ocr_carea' id='block_1_26' title="bbox 2408 1207 2995 1263">
    <p class='ocr_par' dir='ltr' id='par_1_26' title="bbox 2408 1207 2995 1263">
     <span class='ocr_line' id='line_1_26' title="bbox 2408 1207 2995 1263; baseline 0.005 -3"><span class='ocrx_word' id='word_1_181' title='bbox 2408 1207 2726 1262; x_wconf 81' lang='lat' dir='ltr'><strong>PSALMUS</strong></span> <span class='ocrx_word' id='word_1_182' title='bbox 2763 1207 2995 1263; x_wconf 80' lang='lat' dir='ltr'><strong>CXXXI.</strong></span> 
     </span>
    </p>
   </div>
   <div class='ocr_carea' id='block_1_27' title="bbox 1987 1297 3483 1371">
    <p class='ocr_par' dir='ltr' id='par_1_27' title="bbox 1987 1297 3483 1371">
     <span class='ocr_line' id='line_1_27' title="bbox 1987 1297 3483 1371; baseline 0.001 -18"><span class='ocrx_word' id='word_1_183' title='bbox 1987 1298 2146 1353; x_wconf 78' lang='lat' dir='ltr'><strong>Venit</strong></span> <span class='ocrx_word' id='word_1_184' title='bbox 2181 1298 2271 1352; x_wconf 90' lang='lat' dir='ltr'><strong>hic</strong></span> <span class='ocrx_word' id='word_1_185' title='bbox 2312 1298 2542 1367; x_wconf 66' lang='lat' dir='ltr'><strong>praevius</strong></span> <span class='ocrx_word' id='word_1_186' title='bbox 2570 1306 2768 1351; x_wconf 69' lang='lat' dir='ltr'><strong>nostra:</strong></span> <span class='ocrx_word' id='word_1_187' title='bbox 2798 1297 2947 1369; x_wconf 77' lang='lat' dir='ltr'><strong>[Ms.,</strong></span> <span class='ocrx_word' id='word_1_188' title='bbox 2978 1297 3182 1371; x_wconf 90' lang='lat' dir='ltr'><strong>noster]</strong></span> <span class='ocrx_word' id='word_1_189' title='bbox 3212 1298 3483 1355; x_wconf 87' lang='lat' dir='ltr'><strong>ascensio-</strong></span> 
     </span>
    </p>
   </div>
   <div class='ocr_carea' id='block_1_28' title="bbox 1915 1386 3481 1457">
    <p class='ocr_par' dir='ltr' id='par_1_28' title="bbox 1915 1386 3481 1457">
     <span class='ocr_line' id='line_1_28' title="bbox 1915 1386 3481 1457; baseline 0.001 -16"><span class='ocrx_word' id='word_1_190' title='bbox 1915 1388 2021 1449; x_wconf 88' lang='lat' dir='ltr'><strong>nis,</strong></span> <span class='ocrx_word' id='word_1_191' title='bbox 2053 1395 2107 1442; x_wconf 90' lang='lat' dir='ltr'><strong>et</strong></span> <span class='ocrx_word' id='word_1_192' title='bbox 2134 1386 2202 1440; x_wconf 88' lang='lat' dir='ltr'><strong>ad</strong></span> <span class='ocrx_word' id='word_1_193' title='bbox 2228 1386 2448 1455; x_wconf 83' lang='lat' dir='ltr'><strong>gradum</strong></span> <span class='ocrx_word' id='word_1_194' title='bbox 2478 1387 2921 1451; x_wconf 82' lang='lat' dir='ltr'><strong>mansuetudinis,</strong></span> <span class='ocrx_word' id='word_1_195' title='bbox 2956 1386 3011 1441; x_wconf 91' lang='lat' dir='ltr'><strong>in</strong></span> <span class='ocrx_word' id='word_1_196' title='bbox 3044 1402 3148 1456; x_wconf 88' lang='lat' dir='ltr'><strong>qua</strong></span> <span class='ocrx_word' id='word_1_197' title='bbox 3179 1388 3481 1457; x_wconf 74' lang='lat' dir='ltr'><strong>exemplum</strong></span> 
     </span>
    </p>
   </div>
   <div class='ocr_carea' id='block_1_29' title="bbox 1914 1475 3483 1549">
    <p class='ocr_par' dir='ltr' id='par_1_29' title="bbox 1914 1475 3483 1549">
     <span class='ocr_line' id='line_1_29' title="bbox 1914 1475 3483 1549; baseline 0.002 -18"><span class='ocrx_word' id='word_1_198' title='bbox 1914 1477 2069 1531; x_wconf 86' lang='lat' dir='ltr'><strong>nobis</strong></span> <span class='ocrx_word' id='word_1_199' title='bbox 2098 1475 2420 1530; x_wconf 86' lang='lat' dir='ltr'><strong>sanctissimi</strong></span> <span class='ocrx_word' id='word_1_200' title='bbox 2451 1475 2617 1529; x_wconf 80' lang='lat' dir='ltr'><strong>David</strong></span> <span class='ocrx_word' id='word_1_201' title='bbox 2643 1476 2940 1545; x_wconf 89' lang='lat' dir='ltr'><strong>proposuit,</strong></span> <span class='ocrx_word' id='word_1_202' title='bbox 2967 1478 3119 1547; x_wconf 89' lang='lat' dir='ltr'><strong>quasi</strong></span> <span class='ocrx_word' id='word_1_203' title='bbox 3148 1492 3216 1533; x_wconf 81' lang='lat' dir='ltr'><strong>ex</strong></span> <span class='ocrx_word' id='word_1_204' title='bbox 3240 1493 3336 1534; x_wconf 89' lang='lat' dir='ltr'><strong>sua</strong></span> <span class='ocrx_word' id='word_1_205' title='bbox 3360 1491 3483 1549; x_wconf 85' lang='lat' dir='ltr'><strong>per-</strong></span> 
     </span>
    </p>
   </div>
   <div class='ocr_carea' id='block_1_30' title="bbox 1914 1568 2293 1623">
    <p class='ocr_par' dir='ltr' id='par_1_30' title="bbox 1914 1568 2293 1623">
     <span class='ocr_line' id='line_1_30' title="bbox 1914 1568 2293 1623; baseline -0.008 0"><span class='ocrx_word' id='word_1_206' title='bbox 1914 1583 2046 1623; x_wconf 87' lang='lat' dir='ltr'><strong>sona</strong></span> <span class='ocrx_word' id='word_1_207' title='bbox 2076 1568 2261 1623; x_wconf 85' lang='lat' dir='ltr'><strong>dicens</strong></span> <span class='ocrx_word' id='word_1_208' title='bbox 2281 1584 2293 1620; x_wconf 91' lang='lat'><strong>:</strong></span> 
     </span>
    </p>
   </div>
   <div class='ocr_carea' id='block_1_31' title="bbox 1985 1655 3482 1723">
    <p class='ocr_par' dir='ltr' id='par_1_31' title="bbox 1985 1655 3482 1723">
     <span class='ocr_line' id='line_1_31' title="bbox 1985 1655 3482 1723; baseline 0.001 -11"><span class='ocrx_word' id='word_1_209' title='bbox 1985 1658 2147 1712; x_wconf 77' lang='lat' dir='ltr'><strong>Vens.</strong></span> <span class='ocrx_word' id='word_1_210' title='bbox 2179 1658 2229 1709; x_wconf 85' lang='grc'><strong>1.</strong></span> <span class='ocrx_word' id='word_1_211' title='bbox 2256 1687 2323 1696; x_wconf 90' lang='grc'><strong><em>-</em></strong></span> <span class='ocrx_word' id='word_1_212' title='bbox 2367 1655 2647 1720; x_wconf 78' lang='lat' dir='ltr'><strong>Memento,</strong></span> <span class='ocrx_word' id='word_1_213' title='bbox 2691 1656 2931 1723; x_wconf 81' lang='lat' dir='ltr'><strong>Domine,</strong></span> <span class='ocrx_word' id='word_1_214' title='bbox 2977 1655 3169 1722; x_wconf 81' lang='lat' dir='ltr'><strong>Dauid,</strong></span> <span class='ocrx_word' id='word_1_215' title='bbox 3216 1665 3265 1713; x_wconf 90' lang='lat' dir='ltr'><strong>et</strong></span> <span class='ocrx_word' id='word_1_216' title='bbox 3312 1658 3482 1713; x_wconf 87' lang='lat' dir='ltr'><strong>omnis</strong></span> 
     </span>
    </p>
   </div>
   <div class='ocr_carea' id='block_1_32' title="bbox 1909 1746 3480 1816">
    <p class='ocr_par' dir='ltr' id='par_1_32' title="bbox 1909 1746 3480 1816">
     <span class='ocr_line' id='line_1_32' title="bbox 1909 1746 3480 1816; baseline -0.001 -15"><span class='ocrx_word' id='word_1_217' title='bbox 1909 1748 2330 1802; x_wconf 74' lang='lat' dir='ltr'><strong>mansuetudinis</strong></span> <span class='ocrx_word' id='word_1_218' title='bbox 2352 1748 2487 1815; x_wconf 85' lang='lat' dir='ltr'><strong>ejus.</strong></span> <span class='ocrx_word' id='word_1_219' title='bbox 2519 1747 2684 1802; x_wconf 81' lang='lat' dir='ltr'><strong>David</strong></span> <span class='ocrx_word' id='word_1_220' title='bbox 2710 1761 2866 1803; x_wconf 83' lang='lat' dir='ltr'><strong>manu</strong></span> <span class='ocrx_word' id='word_1_221' title='bbox 2898 1746 3051 1803; x_wconf 79' lang='lat' dir='ltr'><strong>fortis</strong></span> <span class='ocrx_word' id='word_1_222' title='bbox 3079 1748 3480 1816; x_wconf 85' lang='lat' dir='ltr'><strong>interpretatur,</strong></span> 
     </span>
    </p>
   </div>
   <div class='ocr_carea' id='block_1_33' title="bbox 232 1834 3479 1908">
    <p class='ocr_par' dir='ltr' id='par_1_33' title="bbox 232 1834 3479 1908">
     <span class='ocr_line' id='line_1_33' title="bbox 232 1834 3479 1908; baseline -0.001 -19"><span class='ocrx_word' id='word_1_223' title='bbox 232 1844 290 1889; x_wconf 78' lang='lat' dir='ltr'><strong>et</strong></span> <span class='ocrx_word' id='word_1_224' title='bbox 317 1836 529 1906; x_wconf 87' lang='lat' dir='ltr'><strong>copiosa</strong></span> <span class='ocrx_word' id='word_1_225' title='bbox 556 1836 696 1907; x_wconf 87' lang='lat' dir='ltr'><strong>apud</strong></span> <span class='ocrx_word' id='word_1_226' title='bbox 723 1852 842 1895; x_wconf 87' lang='lat' dir='ltr'><strong>eum</strong></span> <span class='ocrx_word' id='word_1_227' title='bbox 870 1836 1172 1906; x_wconf 76' lang='lat' dir='ltr'><strong>redemptio.</strong></span> <span class='ocrx_word' id='word_1_228' title='bbox 1214 1836 1319 1891; x_wconf 86' lang='lat' dir='ltr'><strong>Per</strong></span> <span class='ocrx_word' id='word_1_229' title='bbox 1346 1836 1496 1890; x_wconf 90' lang='lat' dir='ltr'><strong>illum</strong></span> <span class='ocrx_word' id='word_1_230' title='bbox 1521 1836 1703 1905; x_wconf 82' lang='lat' dir='ltr'><strong>itaque</strong></span> <span class='ocrx_word' id='word_1_231' title='bbox 1731 1851 1817 1891; x_wconf 87' lang='lat' dir='ltr'><strong>re-</strong></span> <span class='ocrx_word' id='word_1_232' title='bbox 1848 1836 1892 1896; x_wconf 83' lang='lat' dir='ltr'><strong>B</strong></span> <span class='ocrx_word' id='word_1_233' title='bbox 1916 1838 2009 1908; x_wconf 92' lang='lat' dir='ltr'><strong>qui</strong></span> <span class='ocrx_word' id='word_1_234' title='bbox 2046 1838 2196 1906; x_wconf 73' lang='lat' dir='ltr'><strong>juxta</strong></span> <span class='ocrx_word' id='word_1_235' title='bbox 2230 1837 2507 1892; x_wconf 87' lang='lat' dir='ltr'><strong>historiam</strong></span> <span class='ocrx_word' id='word_1_236' title='bbox 2535 1837 2773 1905; x_wconf 84' lang='lat' dir='ltr'><strong>pepercit</strong></span> <span class='ocrx_word' id='word_1_237' title='bbox 2807 1836 3024 1891; x_wconf 88' lang='lat' dir='ltr'><strong>inimico</strong></span> <span class='ocrx_word' id='word_1_238' title='bbox 3057 1834 3315 1906; x_wconf 75' lang='lat' dir='ltr'><strong>quaerenti</strong></span> <span class='ocrx_word' id='word_1_239' title='bbox 3355 1834 3479 1888; x_wconf 88' lang='lat' dir='ltr'><strong>ani-</strong></span> 
     </span>
    </p>
   </div>
   <div class='ocr_carea' id='block_1_34' title="bbox 226 1923 1587 1995">
    <p class='ocr_par' dir='ltr' id='par_1_34' title="bbox 226 1923 1587 1995">
     <span class='ocr_line' id='line_1_34' title="bbox 226 1923 1587 1995; baseline 0.001 -18"><span class='ocrx_word' id='word_1_240' title='bbox 226 1923 442 1993; x_wconf 79' lang='lat' dir='ltr'><strong>.dempti</strong></span> <span class='ocrx_word' id='word_1_241' title='bbox 470 1938 677 1989; x_wconf 87' lang='lat' dir='ltr'><strong>sumus,</strong></span> <span class='ocrx_word' id='word_1_242' title='bbox 706 1939 806 1995; x_wconf 88' lang='lat' dir='ltr'><strong>per</strong></span> <span class='ocrx_word' id='word_1_243' title='bbox 828 1923 978 1980; x_wconf 90' lang='lat' dir='ltr'><strong>illum</strong></span> <span class='ocrx_word' id='word_1_244' title='bbox 1004 1924 1361 1981; x_wconf 85' lang='lat' dir='ltr'><strong>resurrecturi</strong></span> <span class='ocrx_word' id='word_1_245' title='bbox 1384 1938 1587 1979; x_wconf 88' lang='lat' dir='ltr'><strong>sumus.</strong></span> 
     </span>
    </p>
   </div>
   <div class='ocr_carea' id='block_1_35' title="bbox 310 2015 1820 2087">
    <p class='ocr_par' dir='ltr' id='par_1_35' title="bbox 310 2015 1820 2087">
     <span class='ocr_line' id='line_1_35' title="bbox 310 2015 1820 2087; baseline 0.001 -15"><span class='ocrx_word' id='word_1_246' title='bbox 310 2016 477 2072; x_wconf 76' lang='lat' dir='ltr'><strong>Vens.</strong></span> <span class='ocrx_word' id='word_1_247' title='bbox 507 2015 562 2070; x_wconf 91' lang='lat'><strong>8.</strong></span> <span class='ocrx_word' id='word_1_248' title='bbox 585 2046 657 2059; x_wconf 83' lang='lat'><strong>--</strong></span> <span class='ocrx_word' id='word_1_249' title='bbox 681 2016 804 2087; x_wconf 83' lang='lat' dir='ltr'><strong>Ipse</strong></span> <span class='ocrx_word' id='word_1_250' title='bbox 832 2018 1048 2072; x_wconf 77' lang='lat' dir='ltr'><strong>redimet</strong></span> <span class='ocrx_word' id='word_1_251' title='bbox 1076 2016 1247 2071; x_wconf 82' lang='lat' dir='ltr'><strong>Israel</strong></span> <span class='ocrx_word' id='word_1_252' title='bbox 1272 2033 1337 2072; x_wconf 78' lang='lat' dir='ltr'><strong>ea:</strong></span> <span class='ocrx_word' id='word_1_253' title='bbox 1362 2017 1599 2072; x_wconf 84' lang='lat' dir='ltr'><strong>omnibus</strong></span> <span class='ocrx_word' id='word_1_254' title='bbox 1625 2016 1820 2087; x_wconf 85' lang='lat' dir='ltr'><strong>iniqui-</strong></span> 
     </span>
    </p>
   </div>
   <div class='ocr_carea' id='block_1_36' title="bbox 224 2105 1817 2180">
    <p class='ocr_par' dir='ltr' id='par_1_36' title="bbox 224 2105 1817 2180">
     <span class='ocr_line' id='line_1_36' title="bbox 224 2105 1817 2180; baseline 0.001 -20"><span class='ocrx_word' id='word_1_255' title='bbox 224 2105 433 2160; x_wconf 75' lang='lat' dir='ltr'><strong>tatibus</strong></span> <span class='ocrx_word' id='word_1_256' title='bbox 459 2107 590 2161; x_wconf 83' lang='lat' dir='ltr'><strong>suis.</strong></span> <span class='ocrx_word' id='word_1_257' title='bbox 640 2106 1256 2179; x_wconf 79' lang='lat' dir='ltr'><strong>{Ubisuperabundavit</strong></span> <span class='ocrx_word' id='word_1_258' title='bbox 1289 2107 1592 2180; x_wconf 89' lang='lat' dir='ltr'><strong>peccatum]</strong></span> <span class='ocrx_word' id='word_1_259' title='bbox 1622 2122 1817 2177; x_wconf 90' lang='lat' dir='ltr'><strong>super-</strong></span> 
     </span>
    </p>
   </div>
   <div class='ocr_carea' id='block_1_37' title="bbox 237 2195 1821 2270">
    <p class='ocr_par' dir='ltr' id='par_1_37' title="bbox 237 2195 1821 2270">
     <span class='ocr_line' id='line_1_37' title="bbox 237 2195 1821 2270; baseline 0.002 -20"><span class='ocrx_word' id='word_1_260' title='bbox 237 2195 528 2254; x_wconf 77' lang='lat' dir='ltr'><strong>abundavit</strong></span> <span class='ocrx_word' id='word_1_261' title='bbox 564 2198 774 2269; x_wconf 69' lang='lat' dir='ltr'><strong>gratia:</strong></span> <span class='ocrx_word' id='word_1_262' title='bbox 814 2199 988 2270; x_wconf 74' lang='lat' dir='ltr'><strong>gratia</strong></span> <span class='ocrx_word' id='word_1_263' title='bbox 1025 2199 1170 2257; x_wconf 89' lang='lat' dir='ltr'><strong>enim</strong></span> <span class='ocrx_word' id='word_1_264' title='bbox 1202 2198 1298 2253; x_wconf 86' lang='lat' dir='ltr'><strong>Dei</strong></span> <span class='ocrx_word' id='word_1_265' title='bbox 1333 2198 1526 2253; x_wconf 89' lang='lat' dir='ltr'><strong>salvati</strong></span> <span class='ocrx_word' id='word_1_266' title='bbox 1565 2207 1705 2253; x_wconf 84' lang='lat' dir='ltr'><strong>sunt</strong></span> <span class='ocrx_word' id='word_1_267' title='bbox 1723 2212 1821 2268; x_wconf 90' lang='lat' dir='ltr'><strong>per</strong></span> 
     </span>
    </p>
   </div>
   <div class='ocr_carea' id='block_1_38' title="bbox 216 2283 1820 2358">
    <p class='ocr_par' dir='ltr' id='par_1_38' title="bbox 216 2283 1820 2358">
     <span class='ocr_line' id='line_1_38' title="bbox 216 2283 1820 2358; baseline 0 -16"><span class='ocrx_word' id='word_1_268' title='bbox 216 2283 421 2354; x_wconf 64' lang='lat' dir='ltr'><strong>ﬁdem,</strong></span> <span class='ocrx_word' id='word_1_269' title='bbox 451 2288 522 2343; x_wconf 90' lang='lat' dir='ltr'><strong>ab</strong></span> <span class='ocrx_word' id='word_1_270' title='bbox 546 2287 798 2345; x_wconf 81' lang='lat' dir='ltr'><strong>omnibus</strong></span> <span class='ocrx_word' id='word_1_271' title='bbox 828 2288 1203 2358; x_wconf 86' lang='lat' dir='ltr'><strong>iniquitatibus</strong></span> <span class='ocrx_word' id='word_1_272' title='bbox 1234 2288 1366 2343; x_wconf 85' lang='lat' dir='ltr'><strong>suis.</strong></span> <span class='ocrx_word' id='word_1_273' title='bbox 1407 2286 1606 2343; x_wconf 85' lang='lat' dir='ltr'><strong>Omnes</strong></span> <span class='ocrx_word' id='word_1_274' title='bbox 1633 2286 1820 2343; x_wconf 81' lang='lat' dir='ltr'><strong>ﬁdeles</strong></span> 
     </span>
    </p>
   </div>
   <div class='ocr_carea' id='block_1_39' title="bbox 232 2376 1820 2449">
    <p class='ocr_par' dir='ltr' id='par_1_39' title="bbox 232 2376 1820 2449">
     <span class='ocr_line' id='line_1_39' title="bbox 232 2376 1820 2449; baseline -0.001 -17"><span class='ocrx_word' id='word_1_275' title='bbox 232 2379 457 2434; x_wconf 85' lang='lat' dir='ltr'><strong>nomine</strong></span> <span class='ocrx_word' id='word_1_276' title='bbox 488 2377 640 2449; x_wconf 77' lang='lat' dir='ltr'><strong>[Ms.,</strong></span> <span class='ocrx_word' id='word_1_277' title='bbox 670 2376 889 2449; x_wconf 89' lang='lat' dir='ltr'><strong>nomen]</strong></span> <span class='ocrx_word' id='word_1_278' title='bbox 918 2376 1134 2432; x_wconf 84' lang='lat' dir='ltr'><strong>lsraelis</strong></span> <span class='ocrx_word' id='word_1_279' title='bbox 1159 2376 1437 2446; x_wconf 79' lang='lat' dir='ltr'><strong>designat,</strong></span> <span class='ocrx_word' id='word_1_280' title='bbox 1477 2378 1605 2444; x_wconf 87' lang='lat' dir='ltr'><strong>quia</strong></span> <span class='ocrx_word' id='word_1_281' title='bbox 1630 2390 1820 2430; x_wconf 89' lang='lat' dir='ltr'><strong>omnes</strong></span> 
     </span>
    </p>
   </div>
   <div class='ocr_carea' id='block_1_40' title="bbox 228 2463 1820 2536">
    <p class='ocr_par' dir='ltr' id='par_1_40' title="bbox 228 2463 1820 2536">
     <span class='ocr_line' id='line_1_40' title="bbox 228 2463 1820 2536; baseline -0.002 -15"><span class='ocrx_word' id='word_1_282' title='bbox 228 2480 331 2536; x_wconf 89' lang='lat' dir='ltr'><strong>per</strong></span> <span class='ocrx_word' id='word_1_283' title='bbox 377 2468 656 2536; x_wconf 85' lang='lat' dir='ltr'><strong>copiosam</strong></span> <span class='ocrx_word' id='word_1_284' title='bbox 705 2467 1130 2536; x_wconf 87' lang='lat' dir='ltr'><strong>redemptionem</strong></span> <span class='ocrx_word' id='word_1_285' title='bbox 1184 2465 1397 2520; x_wconf 90' lang='lat' dir='ltr'><strong>Domini</strong></span> <span class='ocrx_word' id='word_1_286' title='bbox 1436 2463 1571 2521; x_wconf 76' lang='lat' dir='ltr'><strong>Jesu</strong></span> <span class='ocrx_word' id='word_1_287' title='bbox 1618 2463 1820 2518; x_wconf 87' lang='lat' dir='ltr'><strong>Christi</strong></span> 
     </span>
    </p>
   </div>
   <div class='ocr_carea' id='block_1_41' title="bbox 233 2552 1820 2627">
    <p class='ocr_par' dir='ltr' id='par_1_41' title="bbox 233 2552 1820 2627">
     <span class='ocr_line' id='line_1_41' title="bbox 233 2552 1820 2627; baseline -0.001 -17"><span class='ocrx_word' id='word_1_288' title='bbox 233 2556 506 2627; x_wconf 89' lang='lat' dir='ltr'><strong>redempti</strong></span> <span class='ocrx_word' id='word_1_289' title='bbox 543 2564 671 2612; x_wconf 92' lang='lat' dir='ltr'><strong>sunt</strong></span> <span class='ocrx_word' id='word_1_290' title='bbox 705 2555 773 2611; x_wconf 91' lang='lat' dir='ltr'><strong>ab</strong></span> <span class='ocrx_word' id='word_1_291' title='bbox 800 2555 1049 2610; x_wconf 91' lang='lat' dir='ltr'><strong>omnibus</strong></span> <span class='ocrx_word' id='word_1_292' title='bbox 1078 2555 1450 2624; x_wconf 87' lang='lat' dir='ltr'><strong>iniquitatibus</strong></span> <span class='ocrx_word' id='word_1_293' title='bbox 1484 2553 1615 2609; x_wconf 89' lang='lat' dir='ltr'><strong>suis.</strong></span> <span class='ocrx_word' id='word_1_294' title='bbox 1666 2552 1820 2609; x_wconf 89' lang='lat' dir='ltr'><strong>Scire</strong></span> 
     </span>
    </p>
   </div>
   <div class='ocr_carea' id='block_1_42' title="bbox 232 2644 1820 2717">
    <p class='ocr_par' dir='ltr' id='par_1_42' title="bbox 232 2644 1820 2717">
     <span class='ocr_line' id='line_1_42' title="bbox 232 2644 1820 2717; baseline -0.003 -14"><span class='ocrx_word' id='word_1_295' title='bbox 232 2646 499 2703; x_wconf 85' lang='lat' dir='ltr'><strong>debemus</strong></span> <span class='ocrx_word' id='word_1_296' title='bbox 525 2646 668 2717; x_wconf 91' lang='lat' dir='ltr'><strong>quod</strong></span> <span class='ocrx_word' id='word_1_297' title='bbox 697 2647 751 2702; x_wconf 92' lang='lat' dir='ltr'><strong>in</strong></span> <span class='ocrx_word' id='word_1_298' title='bbox 782 2645 1049 2716; x_wconf 88' lang='lat' dir='ltr'><strong>aliquibus</strong></span> <span class='ocrx_word' id='word_1_299' title='bbox 1078 2644 1214 2700; x_wconf 91' lang='lat' dir='ltr'><strong>locis</strong></span> <span class='ocrx_word' id='word_1_300' title='bbox 1253 2645 1308 2699; x_wconf 93' lang='lat' dir='ltr'><strong>in</strong></span> <span class='ocrx_word' id='word_1_301' title='bbox 1350 2644 1453 2701; x_wconf 80' lang='lat' dir='ltr'><strong>his&#39;</strong></span> <span class='ocrx_word' id='word_1_302' title='bbox 1473 2644 1693 2713; x_wconf 89' lang='lat' dir='ltr'><strong>psalmis</strong></span> <span class='ocrx_word' id='word_1_303' title='bbox 1730 2658 1820 2698; x_wconf 89' lang='lat' dir='ltr'><strong>so—</strong></span> 
     </span>
    </p>
   </div>
   <div class='ocr_carea' id='block_1_43' title="bbox 211 2733 1819 2807">
    <p class='ocr_par' dir='ltr' id='par_1_43' title="bbox 211 2733 1819 2807">
     <span class='ocr_line' id='line_1_43' title="bbox 211 2733 1819 2807; baseline -0.005 -10"><span class='ocrx_word' id='word_1_304' title='bbox 211 2746 371 2797; x_wconf 87' lang='lat' dir='ltr'><strong>.nant</strong></span> <span class='ocrx_word' id='word_1_305' title='bbox 396 2737 561 2791; x_wconf 87' lang='lat' dir='ltr'><strong>verba</strong></span> <span class='ocrx_word' id='word_1_306' title='bbox 587 2737 741 2807; x_wconf 88' lang='lat' dir='ltr'><strong>quasi</strong></span> <span class='ocrx_word' id='word_1_307' title='bbox 771 2736 837 2792; x_wconf 90' lang='lat' dir='ltr'><strong>de</strong></span> <span class='ocrx_word' id='word_1_308' title='bbox 862 2736 1066 2799; x_wconf 86' lang='lat' dir='ltr'><strong>multis,</strong></span> <span class='ocrx_word' id='word_1_309' title='bbox 1108 2736 1250 2790; x_wconf 90' lang='lat' dir='ltr'><strong>sicut</strong></span> <span class='ocrx_word' id='word_1_310' title='bbox 1282 2734 1373 2789; x_wconf 90' lang='lat' dir='ltr'><strong>ubi</strong></span> <span class='ocrx_word' id='word_1_311' title='bbox 1404 2735 1481 2788; x_wconf 90' lang='lat' dir='ltr'><strong>ait</strong></span> <span class='ocrx_word' id='word_1_312' title='bbox 1509 2753 1522 2787; x_wconf 91' lang='lat'><strong>:</strong></span> <span class='ocrx_word' id='word_1_313' title='bbox 1568 2733 1819 2789; x_wconf 77' lang='lat' dir='ltr'><strong>Miserere</strong></span> 
     </span>
    </p>
   </div>
   <div class='ocr_carea' id='block_1_44' title="bbox 239 2822 1818 2901">
    <p class='ocr_par' dir='ltr' id='par_1_44' title="bbox 239 2822 1818 2901">
     <span class='ocr_line' id='line_1_44' title="bbox 239 2822 1818 2901; baseline -0.003 -16"><span class='ocrx_word' id='word_1_314' title='bbox 239 2831 404 2886; x_wconf 81' lang='lat' dir='ltr'><strong>nostri</strong></span> <span class='ocrx_word' id='word_1_315' title='bbox 451 2828 597 2901; x_wconf 59' lang='grc' dir='ltr'><strong>[Μέγα.⁹</strong></span> <span class='ocrx_word' id='word_1_316' title='bbox 625 2822 830 2899; x_wconf 83' lang='lat' dir='ltr'><strong>nobis],</strong></span> <span class='ocrx_word' id='word_1_317' title='bbox 876 2827 1121 2894; x_wconf 80' lang='lat' dir='ltr'><strong>Domine,</strong></span> <span class='ocrx_word' id='word_1_318' title='bbox 1170 2827 1415 2881; x_wconf 86' lang='lat' dir='ltr'><strong>miserere</strong></span> <span class='ocrx_word' id='word_1_319' title='bbox 1462 2827 1647 2891; x_wconf 85' lang='lat' dir='ltr'><strong>nostri,</strong></span> <span class='ocrx_word' id='word_1_320' title='bbox 1693 2827 1818 2897; x_wconf 86' lang='lat' dir='ltr'><strong>quia</strong></span> 
     </span>
    </p>
   </div>
   <div class='ocr_carea' id='block_1_45' title="bbox 240 2916 1814 2990">
    <p class='ocr_par' dir='ltr' id='par_1_45' title="bbox 240 2916 1814 2990">
     <span class='ocr_line' id='line_1_45' title="bbox 240 2916 1814 2990; baseline -0.004 -13"><span class='ocrx_word' id='word_1_321' title='bbox 240 2919 463 2977; x_wconf 84' lang='lat' dir='ltr'><strong>multum</strong></span> <span class='ocrx_word' id='word_1_322' title='bbox 512 2918 689 2990; x_wconf 86' lang='lat' dir='ltr'><strong>repleti</strong></span> <span class='ocrx_word' id='word_1_323' title='bbox 733 2934 913 2974; x_wconf 87' lang='lat' dir='ltr'><strong>sumus</strong></span> <span class='ocrx_word' id='word_1_324' title='bbox 959 2917 1280 2989; x_wconf 87' lang='lat' dir='ltr'><strong>despectione</strong></span> <span class='ocrx_word' id='word_1_325' title='bbox 1309 2916 1478 2987; x_wconf 86' lang='lat' dir='ltr'><strong>(Psal.</strong></span> <span class='ocrx_word' id='word_1_326' title='bbox 1508 2932 1652 2973; x_wconf 80' lang='lat' dir='ltr'><strong>cxxn</strong></span> <span class='ocrx_word' id='word_1_327' title='bbox 1679 2955 1694 2980; x_wconf 93' lang='lat'><strong>,</strong></span> <span class='ocrx_word' id='word_1_328' title='bbox 1738 2916 1814 2988; x_wconf 78' lang='grc'><strong>3).</strong></span> 
     </span>
    </p>
   </div>
   <div class='ocr_carea' id='block_1_46' title="bbox 242 3007 1819 3083">
    <p class='ocr_par' dir='ltr' id='par_1_46' title="bbox 242 3007 1819 3083">
     <span class='ocr_line' id='line_1_46' title="bbox 242 3007 1819 3083; baseline -0.007 -13"><span class='ocrx_word' id='word_1_329' title='bbox 242 3012 300 3070; x_wconf 83' lang='lat' dir='ltr'><strong>In</strong></span> <span class='ocrx_word' id='word_1_330' title='bbox 327 3013 597 3083; x_wconf 87' lang='lat' dir='ltr'><strong>aliquibus</strong></span> <span class='ocrx_word' id='word_1_331' title='bbox 624 3012 762 3069; x_wconf 91' lang='lat' dir='ltr'><strong>sicut</strong></span> <span class='ocrx_word' id='word_1_332' title='bbox 786 3011 854 3067; x_wconf 85' lang='lat' dir='ltr'><strong>de</strong></span> <span class='ocrx_word' id='word_1_333' title='bbox 878 3025 1007 3075; x_wconf 91' lang='lat' dir='ltr'><strong>uno,</strong></span> <span class='ocrx_word' id='word_1_334' title='bbox 1036 3010 1125 3064; x_wconf 89' lang='lat' dir='ltr'><strong>ubi</strong></span> <span class='ocrx_word' id='word_1_335' title='bbox 1156 3009 1267 3063; x_wconf 86' lang='lat' dir='ltr'><strong>ait:</strong></span> <span class='ocrx_word' id='word_1_336' title='bbox 1301 3009 1378 3077; x_wconf 81' lang='lat' dir='ltr'><strong>De</strong></span> <span class='ocrx_word' id='word_1_337' title='bbox 1404 3007 1680 3079; x_wconf 81' lang='lat' dir='ltr'><strong>profundis</strong></span> <span class='ocrx_word' id='word_1_338' title='bbox 1710 3007 1819 3060; x_wconf 86' lang='lat' dir='ltr'><strong>cla-</strong></span> 
     </span>
    </p>
   </div>
   <div class='ocr_carea' id='block_1_47' title="bbox 242 3084 1817 3171">
    <p class='ocr_par' dir='ltr' id='par_1_47' title="bbox 242 3084 1817 3171">
     <span class='ocr_line' id='line_1_47' title="bbox 242 3084 1817 3171; baseline -0.004 -14"><span class='ocrx_word' id='word_1_339' title='bbox 242 3103 376 3158; x_wconf 75' lang='lat' dir='ltr'><strong>mani</strong></span> <span class='ocrx_word' id='word_1_340' title='bbox 402 3102 472 3156; x_wconf 89' lang='lat' dir='ltr'><strong>ad</strong></span> <span class='ocrx_word' id='word_1_341' title='bbox 499 3112 569 3166; x_wconf 89' lang='lat' dir='ltr'><strong>te,</strong></span> <span class='ocrx_word' id='word_1_342' title='bbox 591 3100 833 3163; x_wconf 79' lang='lat' dir='ltr'><strong>Domine.</strong></span> <span class='ocrx_word' id='word_1_343' title='bbox 872 3099 945 3154; x_wconf 86' lang='lat' dir='ltr'><strong>Et</strong></span> <span class='ocrx_word' id='word_1_344' title='bbox 968 3101 1071 3155; x_wconf 92' lang='lat' dir='ltr'><strong>hoc</strong></span> <span class='ocrx_word' id='word_1_345' title='bbox 1099 3098 1265 3171; x_wconf 89' lang='lat' dir='ltr'><strong>[ideo]</strong></span> <span class='ocrx_word' id='word_1_346' title='bbox 1292 3099 1419 3168; x_wconf 89' lang='lat' dir='ltr'><strong>quia</strong></span> <span class='ocrx_word' id='word_1_347' title='bbox 1452 3098 1605 3151; x_wconf 91' lang='lat' dir='ltr'><strong>multi</strong></span> <span class='ocrx_word' id='word_1_348' title='bbox 1630 3084 1817 3152; x_wconf 67' lang='lat' dir='ltr'><strong>sumas</strong></span> 
     </span>
    </p>
   </div>
   <div class='ocr_carea' id='block_1_48' title="bbox 1907 1924 3484 1997">
    <p class='ocr_par' dir='ltr' id='par_1_48' title="bbox 1907 1924 3484 1997">
     <span class='ocr_line' id='line_1_48' title="bbox 1907 1924 3484 1997; baseline -0.003 -11"><span class='ocrx_word' id='word_1_349' title='bbox 1907 1940 2060 1987; x_wconf 70' lang='lat' dir='ltr'><strong>.‘niam</strong></span> <span class='ocrx_word' id='word_1_350' title='bbox 2090 1942 2283 1982; x_wconf 90' lang='lat' dir='ltr'><strong>suam:</strong></span> <span class='ocrx_word' id='word_1_351' title='bbox 2320 1926 2629 1997; x_wconf 76' lang='lat' dir='ltr'><strong>signiﬁcans</strong></span> <span class='ocrx_word' id='word_1_352' title='bbox 2657 1924 2928 1986; x_wconf 84' lang='lat' dir='ltr'><strong>Christum</strong></span> <span class='ocrx_word' id='word_1_353' title='bbox 2972 1934 3214 1979; x_wconf 90' lang='lat' dir='ltr'><strong>nostrum</strong></span> <span class='ocrx_word' id='word_1_354' title='bbox 3256 1924 3484 1981; x_wconf 85' lang='lat' dir='ltr'><strong>bellato-</strong></span> 
     </span>
    </p>
   </div>
   <div class='ocr_carea' id='block_1_49' title="bbox 1912 2011 3486 2089">
    <p class='ocr_par' dir='ltr' id='par_1_49' title="bbox 1912 2011 3486 2089">
     <span class='ocr_line' id='line_1_49' title="bbox 1912 2011 3486 2089; baseline -0.002 -18"><span class='ocrx_word' id='word_1_355' title='bbox 1912 2032 2051 2089; x_wconf 76' lang='lat' dir='ltr'><strong>rem,</strong></span> <span class='ocrx_word' id='word_1_356' title='bbox 2079 2017 2171 2086; x_wconf 93' lang='lat' dir='ltr'><strong>qui</strong></span> <span class='ocrx_word' id='word_1_357' title='bbox 2197 2015 2636 2085; x_wconf 75' lang='lat' dir='ltr'><strong>superbissimum</strong></span> <span class='ocrx_word' id='word_1_358' title='bbox 2660 2012 2873 2069; x_wconf 84' lang='lat' dir='ltr'><strong>Goliath</strong></span> <span class='ocrx_word' id='word_1_359' title='bbox 2900 2013 3129 2083; x_wconf 61' lang='lat' dir='ltr'><strong>propriae</strong></span> <span class='ocrx_word' id='word_1_360' title='bbox 3154 2011 3486 2069; x_wconf 78' lang='lat' dir='ltr'><strong>fortitudinis</strong></span> 
     </span>
    </p>
   </div>
   <div class='ocr_carea' id='block_1_50' title="bbox 1902 2104 3483 2179">
    <p class='ocr_par' dir='ltr' id='par_1_50' title="bbox 1902 2104 3483 2179">
     <span class='ocr_line' id='line_1_50' title="bbox 1902 2104 3483 2179; baseline -0.001 -18"><span class='ocrx_word' id='word_1_361' title='bbox 1902 2107 2092 2179; x_wconf 88' lang='lat' dir='ltr'><strong>.lapide</strong></span> <span class='ocrx_word' id='word_1_362' title='bbox 2130 2106 2455 2178; x_wconf 84' lang='lat' dir='ltr'><strong>prostravit,</strong></span> <span class='ocrx_word' id='word_1_363' title='bbox 2501 2114 2557 2161; x_wconf 90' lang='lat' dir='ltr'><strong>et</strong></span> <span class='ocrx_word' id='word_1_364' title='bbox 2600 2104 2785 2171; x_wconf 88' lang='lat' dir='ltr'><strong>nobis,</strong></span> <span class='ocrx_word' id='word_1_365' title='bbox 2831 2120 2954 2161; x_wconf 89' lang='lat' dir='ltr'><strong>cum</strong></span> <span class='ocrx_word' id='word_1_366' title='bbox 2992 2104 3195 2160; x_wconf 89' lang='lat' dir='ltr'><strong>inimici</strong></span> <span class='ocrx_word' id='word_1_367' title='bbox 3219 2117 3483 2168; x_wconf 81' lang='lat' dir='ltr'><strong>essemus,</strong></span> 
     </span>
    </p>
   </div>
   <div class='ocr_carea' id='block_1_51' title="bbox 1916 2194 3486 2266">
    <p class='ocr_par' dir='ltr' id='par_1_51' title="bbox 1916 2194 3486 2266">
     <span class='ocr_line' id='line_1_51' title="bbox 1916 2194 3486 2266; baseline -0.001 -14"><span class='ocrx_word' id='word_1_368' title='bbox 1916 2207 2229 2253; x_wconf 88' lang='lat' dir='ltr'><strong>mansuetus</strong></span> <span class='ocrx_word' id='word_1_369' title='bbox 2264 2205 2347 2252; x_wconf 92' lang='lat' dir='ltr'><strong>est</strong></span> <span class='ocrx_word' id='word_1_370' title='bbox 2384 2196 2574 2261; x_wconf 81' lang='lat' dir='ltr'><strong>factus,</strong></span> <span class='ocrx_word' id='word_1_371' title='bbox 2623 2206 2684 2252; x_wconf 93' lang='lat' dir='ltr'><strong>ut</strong></span> <span class='ocrx_word' id='word_1_372' title='bbox 2726 2212 2825 2252; x_wconf 91' lang='lat' dir='ltr'><strong>nos</strong></span> <span class='ocrx_word' id='word_1_373' title='bbox 2871 2195 2988 2265; x_wconf 90' lang='lat' dir='ltr'><strong>ejus</strong></span> <span class='ocrx_word' id='word_1_374' title='bbox 3033 2196 3277 2266; x_wconf 82' lang='lat' dir='ltr'><strong>exemplo</strong></span> <span class='ocrx_word' id='word_1_375' title='bbox 3307 2194 3486 2252; x_wconf 88' lang='lat' dir='ltr'><strong>edocti</strong></span> 
     </span>
    </p>
   </div>
   <div class='ocr_carea' id='block_1_52' title="bbox 1917 2290 2656 2353">
    <p class='ocr_par' dir='ltr' id='par_1_52' title="bbox 1917 2290 2656 2353">
     <span class='ocr_line' id='line_1_52' title="bbox 1917 2290 2656 2353; baseline 0 -11"><span class='ocrx_word' id='word_1_376' title='bbox 1917 2290 2183 2353; x_wconf 75' lang='lat' dir='ltr'><strong>mansueti</strong></span> <span class='ocrx_word' id='word_1_377' title='bbox 2208 2290 2376 2347; x_wconf 86' lang='lat' dir='ltr'><strong>simus</strong></span> <span class='ocrx_word' id='word_1_378' title='bbox 2397 2296 2453 2343; x_wconf 91' lang='lat' dir='ltr'><strong>et</strong></span> <span class='ocrx_word' id='word_1_379' title='bbox 2478 2293 2656 2343; x_wconf 87' lang='lat' dir='ltr'><strong>mites.</strong></span> 
     </span>
    </p>
   </div>
   <div class='ocr_carea' id='block_1_53' title="bbox 1937 2378 3486 2449">
    <p class='ocr_par' dir='ltr' id='par_1_53' title="bbox 1937 2378 3486 2449">
     <span class='ocr_line' id='line_1_53' title="bbox 1937 2378 3486 2449; baseline -0.001 -14"><span class='ocrx_word' id='word_1_380' title='bbox 1937 2378 2152 2435; x_wconf 71' lang='lat' dir='ltr'><strong>.-Vr.as.</strong></span> <span class='ocrx_word' id='word_1_381' title='bbox 2189 2380 2310 2434; x_wconf 72' lang='lat'><strong>2-5.</strong></span> <span class='ocrx_word' id='word_1_382' title='bbox 2333 2409 2406 2420; x_wconf 91' lang='lat'><strong>—</strong></span> <span class='ocrx_word' id='word_1_383' title='bbox 2443 2379 2592 2435; x_wconf 86' lang='lat' dir='ltr'><strong>Sicut</strong></span> <span class='ocrx_word' id='word_1_384' title='bbox 2623 2379 2822 2449; x_wconf 76' lang='lat' dir='ltr'><strong>juravit</strong></span> <span class='ocrx_word' id='word_1_385' title='bbox 2860 2378 3108 2444; x_wconf 89' lang='lat' dir='ltr'><strong>Domino,</strong></span> <span class='ocrx_word' id='word_1_386' title='bbox 3149 2387 3323 2434; x_wconf 74' lang='lat' dir='ltr'><strong>notum</strong></span> <span class='ocrx_word' id='word_1_387' title='bbox 3354 2380 3486 2434; x_wconf 78' lang='lat' dir='ltr'><strong>vovit</strong></span> 
     </span>
    </p>
   </div>
   <div class='ocr_carea' id='block_1_54' title="bbox 1917 2465 3484 2536">
    <p class='ocr_par' dir='ltr' id='par_1_54' title="bbox 1917 2465 3484 2536">
     <span class='ocr_line' id='line_1_54' title="bbox 1917 2465 3484 2536; baseline 0.002 -16"><span class='ocrx_word' id='word_1_388' title='bbox 1917 2465 2028 2521; x_wconf 87' lang='lat' dir='ltr'><strong>Deo</strong></span> <span class='ocrx_word' id='word_1_389' title='bbox 2056 2467 2240 2522; x_wconf 74' lang='lat' dir='ltr'><strong>Iacob.</strong></span> <span class='ocrx_word' id='word_1_390' title='bbox 2279 2465 2472 2523; x_wconf 85' lang='lat' dir='ltr'><strong>Jurare</strong></span> <span class='ocrx_word' id='word_1_391' title='bbox 2501 2467 2625 2529; x_wconf 87' lang='lat' dir='ltr'><strong>Dei,</strong></span> <span class='ocrx_word' id='word_1_392' title='bbox 2657 2475 2740 2522; x_wconf 90' lang='lat' dir='ltr'><strong>est</strong></span> <span class='ocrx_word' id='word_1_393' title='bbox 2766 2467 3136 2536; x_wconf 89' lang='lat' dir='ltr'><strong>promissionis</strong></span> <span class='ocrx_word' id='word_1_394' title='bbox 3161 2482 3273 2522; x_wconf 69' lang='lat' dir='ltr'><strong>suae</strong></span> <span class='ocrx_word' id='word_1_395' title='bbox 3298 2475 3484 2523; x_wconf 86' lang='lat' dir='ltr'><strong>votum</strong></span> 
     </span>
    </p>
   </div>
   <div class='ocr_carea' id='block_1_55' title="bbox 1918 2557 3508 2631">
    <p class='ocr_par' dir='ltr' id='par_1_55' title="bbox 1918 2557 3508 2631">
     <span class='ocr_line' id='line_1_55' title="bbox 1918 2557 3508 2631; baseline -0.003 -18"><span class='ocrx_word' id='word_1_396' title='bbox 1918 2558 2200 2613; x_wconf 89' lang='lat' dir='ltr'><strong>ostendere</strong></span> <span class='ocrx_word' id='word_1_397' title='bbox 2224 2557 2375 2630; x_wconf 60' lang='grc' dir='ltr'><strong>[δίδη</strong></span> <span class='ocrx_word' id='word_1_398' title='bbox 2396 2558 2782 2627; x_wconf 84' lang='lat' dir='ltr'><strong>promissiones</strong></span> <span class='ocrx_word' id='word_1_399' title='bbox 2800 2574 2927 2613; x_wconf 88' lang='lat' dir='ltr'><strong>suas</strong></span> <span class='ocrx_word' id='word_1_400' title='bbox 2944 2558 3271 2631; x_wconf 88' lang='lat' dir='ltr'><strong>ostendere].</strong></span> <span class='ocrx_word' id='word_1_401' title='bbox 3301 2557 3508 2614; x_wconf 28' lang='lat' dir='ltr'><strong>Votum.</strong></span> 
     </span>
    </p>
   </div>
   <div class='ocr_carea' id='block_1_56' title="bbox 1918 2649 3485 2717">
    <p class='ocr_par' dir='ltr' id='par_1_56' title="bbox 1918 2649 3485 2717">
     <span class='ocr_line' id='line_1_56' title="bbox 1918 2649 3485 2717; baseline 0.003 -13"><span class='ocrx_word' id='word_1_402' title='bbox 1918 2651 2049 2704; x_wconf 74' lang='lat' dir='ltr'><strong>novit</strong></span> <span class='ocrx_word' id='word_1_403' title='bbox 2076 2650 2186 2705; x_wconf 89' lang='lat' dir='ltr'><strong>Deo</strong></span> <span class='ocrx_word' id='word_1_404' title='bbox 2210 2649 2396 2705; x_wconf 78' lang='lat' dir='ltr'><strong>Jacob.</strong></span> <span class='ocrx_word' id='word_1_405' title='bbox 2430 2650 2566 2717; x_wconf 85' lang='lat' dir='ltr'><strong>Quid</strong></span> <span class='ocrx_word' id='word_1_406' title='bbox 2593 2659 2678 2706; x_wconf 87' lang='lat' dir='ltr'><strong>est</strong></span> <span class='ocrx_word' id='word_1_407' title='bbox 2704 2659 2884 2706; x_wconf 85' lang='lat' dir='ltr'><strong>votum</strong></span> <span class='ocrx_word' id='word_1_408' title='bbox 2910 2649 3145 2717; x_wconf 89' lang='lat' dir='ltr'><strong>Christi,</strong></span> <span class='ocrx_word' id='word_1_409' title='bbox 3174 2651 3276 2705; x_wconf 90' lang='lat' dir='ltr'><strong>nisi</strong></span> <span class='ocrx_word' id='word_1_410' title='bbox 3307 2659 3365 2705; x_wconf 91' lang='lat' dir='ltr'><strong>ut</strong></span> <span class='ocrx_word' id='word_1_411' title='bbox 3393 2666 3485 2708; x_wconf 86' lang='lat' dir='ltr'><strong>re-</strong></span> 
     </span>
    </p>
   </div>
   <div class='ocr_carea' id='block_1_57' title="bbox 1917 2738 3484 2810">
    <p class='ocr_par' dir='ltr' id='par_1_57' title="bbox 1917 2738 3484 2810">
     <span class='ocr_line' id='line_1_57' title="bbox 1917 2738 3484 2810; baseline 0.002 -19"><span class='ocrx_word' id='word_1_412' title='bbox 1917 2739 2149 2793; x_wconf 81' lang='lat' dir='ltr'><strong>dimeret</strong></span> <span class='ocrx_word' id='word_1_413' title='bbox 2176 2740 2469 2797; x_wconf 88' lang='lat' dir='ltr'><strong>humanum</strong></span> <span class='ocrx_word' id='word_1_414' title='bbox 2508 2739 2717 2810; x_wconf 74' lang='lat' dir='ltr'><strong>genus?</strong></span> <span class='ocrx_word' id='word_1_415' title='bbox 2768 2738 2919 2793; x_wconf 82' lang='lat' dir='ltr'><strong>Unde</strong></span> <span class='ocrx_word' id='word_1_416' title='bbox 2955 2739 3031 2792; x_wconf 90' lang='lat' dir='ltr'><strong>ait</strong></span> <span class='ocrx_word' id='word_1_417' title='bbox 3066 2738 3117 2792; x_wconf 92' lang='lat' dir='ltr'><strong>in</strong></span> <span class='ocrx_word' id='word_1_418' title='bbox 3154 2738 3484 2809; x_wconf 80' lang='lat' dir='ltr'><strong>Evangelio:</strong></span> 
     </span>
    </p>
   </div>
   <div class='ocr_carea' id='block_1_58' title="bbox 1921 2820 3499 2900">
    <p class='ocr_par' dir='ltr' id='par_1_58' title="bbox 1921 2820 3499 2900">
     <span class='ocr_line' id='line_1_58' title="bbox 1921 2820 3499 2900; baseline 0.001 -18"><span class='ocrx_word' id='word_1_419' title='bbox 1921 2827 2063 2899; x_wconf 89' lang='lat' dir='ltr'><strong>Opus</strong></span> <span class='ocrx_word' id='word_1_420' title='bbox 2091 2830 2251 2900; x_wconf 78' lang='lat'><strong>387</strong></span> <span class='ocrx_word' id='word_1_421' title='bbox 2272 2820 2592 2893; x_wconf 83' lang='lat' dir='ltr'><strong>consumavi,</strong></span> <span class='ocrx_word' id='word_1_422' title='bbox 2617 2829 2756 2899; x_wconf 87' lang='lat' dir='ltr'><strong>quod</strong></span> <span class='ocrx_word' id='word_1_423' title='bbox 2782 2829 2968 2883; x_wconf 85' lang='lat' dir='ltr'><strong>dedisti</strong></span> <span class='ocrx_word' id='word_1_424' title='bbox 2996 2830 3124 2883; x_wconf 80' lang='lat' dir='ltr'><strong>milli</strong></span> <span class='ocrx_word' id='word_1_425' title='bbox 3146 2828 3326 2898; x_wconf 83' lang='lat' dir='ltr'><strong>(Joan.</strong></span> <span class='ocrx_word' id='word_1_426' title='bbox 3350 2844 3499 2894; x_wconf 74' lang='lat' dir='ltr'><strong>xv&quot;,-</strong></span> 
     </span>
    </p>
   </div>
   <div class='ocr_carea' id='block_1_59' title="bbox 1900 2917 3482 2990">
    <p class='ocr_par' dir='ltr' id='par_1_59' title="bbox 1900 2917 3482 2990">
     <span class='ocr_line' id='line_1_59' title="bbox 1900 2917 3482 2990; baseline 0 -18"><span class='ocrx_word' id='word_1_427' title='bbox 1900 2919 1996 2990; x_wconf 11' lang='lat'><strong>74).</strong></span> <span class='ocrx_word' id='word_1_428' title='bbox 2039 2918 2226 2973; x_wconf 85' lang='lat' dir='ltr'><strong>Votum</strong></span> <span class='ocrx_word' id='word_1_429' title='bbox 2251 2921 2383 2974; x_wconf 81' lang='lat' dir='ltr'><strong>vovit</strong></span> <span class='ocrx_word' id='word_1_430' title='bbox 2409 2919 2516 2974; x_wconf 89' lang='lat' dir='ltr'><strong>Deo</strong></span> <span class='ocrx_word' id='word_1_431' title='bbox 2541 2918 2726 2973; x_wconf 85' lang='lat' dir='ltr'><strong>Jacob.</strong></span> <span class='ocrx_word' id='word_1_432' title='bbox 2778 2919 2835 2973; x_wconf 86' lang='lat' dir='ltr'><strong>In</strong></span> <span class='ocrx_word' id='word_1_433' title='bbox 2875 2918 3221 2987; x_wconf 83' lang='lat' dir='ltr'><strong>sequentibus</strong></span> <span class='ocrx_word' id='word_1_434' title='bbox 3261 2917 3482 2972; x_wconf 83' lang='lat' dir='ltr'><strong>demon-</strong></span> 
     </span>
    </p>
   </div>
   <div class='ocr_carea' id='block_1_60' title="bbox 1918 3006 3486 3079">
    <p class='ocr_par' dir='ltr' id='par_1_60' title="bbox 1918 3006 3486 3079">
     <span class='ocr_line' id='line_1_60' title="bbox 1918 3006 3486 3079; baseline -0.003 -15"><span class='ocrx_word' id='word_1_435' title='bbox 1918 3018 2054 3064; x_wconf 85' lang='lat' dir='ltr'><strong>Strat</strong></span> <span class='ocrx_word' id='word_1_436' title='bbox 2081 3009 2211 3078; x_wconf 90' lang='lat' dir='ltr'><strong>quid</strong></span> <span class='ocrx_word' id='word_1_437' title='bbox 2235 3009 2471 3064; x_wconf 81' lang='lat' dir='ltr'><strong>vovisset</strong></span> <span class='ocrx_word' id='word_1_438' title='bbox 2495 3009 2625 3073; x_wconf 88' lang='lat' dir='ltr'><strong>Deo,</strong></span> <span class='ocrx_word' id='word_1_439' title='bbox 2665 3008 2718 3063; x_wconf 90' lang='lat' dir='ltr'><strong>id</strong></span> <span class='ocrx_word' id='word_1_440' title='bbox 2752 3015 2855 3072; x_wconf 91' lang='lat' dir='ltr'><strong>est,</strong></span> <span class='ocrx_word' id='word_1_441' title='bbox 2895 3017 2956 3062; x_wconf 92' lang='lat' dir='ltr'><strong>ut</strong></span> <span class='ocrx_word' id='word_1_442' title='bbox 2994 3008 3257 3062; x_wconf 88' lang='lat' dir='ltr'><strong>inveniret</strong></span> <span class='ocrx_word' id='word_1_443' title='bbox 3292 3006 3486 3079; x_wconf 85' lang='lat' dir='ltr'><strong>[Edit.,</strong></span> 
     </span>
    </p>
   </div>
   <div class='ocr_carea' id='block_1_61' title="bbox 1918 3096 3489 3171">
    <p class='ocr_par' dir='ltr' id='par_1_61' title="bbox 1918 3096 3489 3171">
     <span class='ocr_line' id='line_1_61' title="bbox 1918 3096 3489 3171; baseline -0.001 -16"><span class='ocrx_word' id='word_1_444' title='bbox 1918 3099 2203 3171; x_wconf 80' lang='lat' dir='ltr'><strong>invenerit]</strong></span> <span class='ocrx_word' id='word_1_445' title='bbox 2227 3098 2628 3155; x_wconf 85' lang='lat' dir='ltr'><strong>tabernaculum</strong></span> <span class='ocrx_word' id='word_1_446' title='bbox 2656 3099 2765 3153; x_wconf 89' lang='lat' dir='ltr'><strong>Deo</strong></span> <span class='ocrx_word' id='word_1_447' title='bbox 2789 3096 2975 3163; x_wconf 75' lang='lat' dir='ltr'><strong>Iacob,</strong></span> <span class='ocrx_word' id='word_1_448' title='bbox 2994 3100 3046 3153; x_wconf 91' lang='lat' dir='ltr'><strong>id</strong></span> <span class='ocrx_word' id='word_1_449' title='bbox 3068 3107 3171 3163; x_wconf 89' lang='lat' dir='ltr'><strong>est,</strong></span> <span class='ocrx_word' id='word_1_450' title='bbox 3192 3098 3489 3154; x_wconf 86' lang='lat' dir='ltr'><strong>Eeclesiatn</strong></span> 
     </span>
    </p>
   </div>
   <div class='ocr_carea' id='block_1_62' title="bbox 243 3178 3490 3267">
    <p class='ocr_par' dir='ltr' id='par_1_62' title="bbox 243 3178 3490 3267">
     <span class='ocr_line' id='line_1_62' title="bbox 243 3178 3490 3267; baseline -0.002 -18"><span class='ocrx_word' id='word_1_451' title='bbox 243 3194 295 3249; x_wconf 91' lang='lat' dir='ltr'><strong>in</strong></span> <span class='ocrx_word' id='word_1_452' title='bbox 333 3194 623 3259; x_wconf 90' lang='lat' dir='ltr'><strong>membris,</strong></span> <span class='ocrx_word' id='word_1_453' title='bbox 664 3207 830 3247; x_wconf 89' lang='lat' dir='ltr'><strong>unum</strong></span> <span class='ocrx_word' id='word_1_454' title='bbox 859 3198 1039 3246; x_wconf 88' lang='lat' dir='ltr'><strong>autem</strong></span> <span class='ocrx_word' id='word_1_455' title='bbox 1070 3190 1123 3267; x_wconf 86' lang='lat' dir='ltr'><strong>in</strong></span> <span class='ocrx_word' id='word_1_456' title='bbox 1152 3189 1365 3245; x_wconf 84' lang='lat' dir='ltr'><strong>Christo</strong></span> <span class='ocrx_word' id='word_1_457' title='bbox 1392 3207 1404 3242; x_wconf 93' lang='lat'>:</span> <span class='ocrx_word' id='word_1_458' title='bbox 1446 3196 1501 3243; x_wconf 88' lang='lat' dir='ltr'><strong>et</strong></span> <span class='ocrx_word' id='word_1_459' title='bbox 1533 3203 1719 3243; x_wconf 91' lang='lat' dir='ltr'><strong>omnes</strong></span> <span class='ocrx_word' id='word_1_460' title='bbox 1762 3189 1814 3242; x_wconf 72' lang='lat' dir='ltr'><strong>in</strong></span> <span class='ocrx_word' id='word_1_461' title='bbox 1843 3178 1890 3241; x_wconf 89' lang='lat' dir='ltr'><strong>C</strong></span> <span class='ocrx_word' id='word_1_462' title='bbox 1919 3198 2179 3252; x_wconf 78' lang='lat' dir='ltr'><strong>sanctam,</strong></span> <span class='ocrx_word' id='word_1_463' title='bbox 2212 3191 2278 3244; x_wconf 90' lang='lat' dir='ltr'><strong>de</strong></span> <span class='ocrx_word' id='word_1_464' title='bbox 2305 3205 2410 3259; x_wconf 90' lang='lat' dir='ltr'><strong>qua</strong></span> <span class='ocrx_word' id='word_1_465' title='bbox 2439 3190 2636 3244; x_wconf 89' lang='lat' dir='ltr'><strong>dicitur</strong></span> <span class='ocrx_word' id='word_1_466' title='bbox 2663 3189 2718 3244; x_wconf 91' lang='lat' dir='ltr'><strong>in</strong></span> <span class='ocrx_word' id='word_1_467' title='bbox 2746 3189 2851 3245; x_wconf 89' lang='lat' dir='ltr'><strong>alio</strong></span> <span class='ocrx_word' id='word_1_468' title='bbox 2877 3188 3117 3258; x_wconf 87' lang='lat' dir='ltr'><strong>psalmo:</strong></span> <span class='ocrx_word' id='word_1_469' title='bbox 3149 3187 3317 3257; x_wconf 83' lang='lat' dir='ltr'><strong>Quam</strong></span> <span class='ocrx_word' id='word_1_470' title='bbox 3342 3204 3490 3242; x_wconf 85' lang='lat' dir='ltr'><strong>ama-</strong></span> 
     </span>
    </p>
   </div>
   <div class='ocr_carea' id='block_1_63' title="bbox 243 3279 1820 3357">
    <p class='ocr_par' dir='ltr' id='par_1_63' title="bbox 243 3279 1820 3357">
     <span class='ocr_line' id='line_1_63' title="bbox 243 3279 1820 3357; baseline -0.004 -19"><span class='ocrx_word' id='word_1_471' title='bbox 243 3298 346 3338; x_wconf 80' lang='lat' dir='ltr'><strong>mo</strong></span> <span class='ocrx_word' id='word_1_472' title='bbox 380 3283 695 3357; x_wconf 88' lang='lat' dir='ltr'><strong>loquuntur,</strong></span> <span class='ocrx_word' id='word_1_473' title='bbox 742 3293 799 3337; x_wconf 90' lang='lat' dir='ltr'><strong>et</strong></span> <span class='ocrx_word' id='word_1_474' title='bbox 839 3296 977 3336; x_wconf 88' lang='lat' dir='ltr'><strong>unus</strong></span> <span class='ocrx_word' id='word_1_475' title='bbox 1006 3280 1061 3335; x_wconf 88' lang='lat' dir='ltr'><strong>in</strong></span> <span class='ocrx_word' id='word_1_476' title='bbox 1086 3279 1335 3337; x_wconf 89' lang='lat' dir='ltr'><strong>omnibus</strong></span> <span class='ocrx_word' id='word_1_477' title='bbox 1370 3279 1627 3351; x_wconf 87' lang='lat' dir='ltr'><strong>loquitur.</strong></span> <span class='ocrx_word' id='word_1_478' title='bbox 1678 3279 1820 3335; x_wconf 88' lang='lat' dir='ltr'><strong>Dicit</strong></span> 
     </span>
    </p>
   </div>
   <div class='ocr_carea' id='block_1_64' title="bbox 243 3372 836 3431">
    <p class='ocr_par' dir='ltr' id='par_1_64' title="bbox 243 3372 836 3431">
     <span class='ocr_line' id='line_1_64' title="bbox 243 3372 836 3431; baseline -0.01 0"><span class='ocrx_word' id='word_1_479' title='bbox 243 3372 379 3431; x_wconf 85' lang='lat' dir='ltr'><strong>enim</strong></span> <span class='ocrx_word' id='word_1_480' title='bbox 408 3373 515 3429; x_wconf 89' lang='lat' dir='ltr'><strong>iste</strong></span> <span class='ocrx_word' id='word_1_481' title='bbox 541 3386 836 3429; x_wconf 88' lang='lat' dir='ltr'><strong>ascensor:</strong></span> 
     </span>
    </p>
   </div>
   <div class='ocr_carea' id='block_1_65' title="bbox 740 3481 1318 3541">
    <p class='ocr_par' dir='ltr' id='par_1_65' title="bbox 740 3481 1318 3541">
     <span class='ocr_line' id='line_1_65' title="bbox 740 3481 1318 3541; baseline -0.005 -1"><span class='ocrx_word' id='word_1_482' title='bbox 740 3481 1062 3541; x_wconf 77' lang='lat' dir='ltr'><strong>PSALMUS</strong></span> <span class='ocrx_word' id='word_1_483' title='bbox 1103 3482 1318 3539; x_wconf 80' lang='lat' dir='ltr'><strong>CXXX.</strong></span> 
     </span>
    </p>
   </div>
   <div class='ocr_carea' id='block_1_66' title="bbox 308 3570 1816 3639">
    <p class='ocr_par' dir='ltr' id='par_1_66' title="bbox 308 3570 1816 3639">
     <span class='ocr_line' id='line_1_66' title="bbox 308 3570 1816 3639; baseline -0.004 -9"><span class='ocrx_word' id='word_1_484' title='bbox 308 3575 474 3631; x_wconf 78' lang='lat' dir='ltr'><strong>Vens.</strong></span> <span class='ocrx_word' id='word_1_485' title='bbox 507 3575 558 3629; x_wconf 74' lang='grc'><strong>1.</strong></span> <span class='ocrx_word' id='word_1_486' title='bbox 579 3603 654 3617; x_wconf 87' lang='lat'><strong>--</strong></span> <span class='ocrx_word' id='word_1_487' title='bbox 687 3572 926 3639; x_wconf 88' lang='lat' dir='ltr'><strong>Domine,</strong></span> <span class='ocrx_word' id='word_1_488' title='bbox 957 3589 1062 3627; x_wconf 87' lang='lat' dir='ltr'><strong>non</strong></span> <span class='ocrx_word' id='word_1_489' title='bbox 1087 3582 1161 3627; x_wconf 89' lang='lat' dir='ltr'><strong>est</strong></span> <span class='ocrx_word' id='word_1_490' title='bbox 1185 3570 1472 3627; x_wconf 70' lang='lat' dir='ltr'><strong>exaltatum</strong></span> <span class='ocrx_word' id='word_1_491' title='bbox 1506 3587 1597 3625; x_wconf 88' lang='lat' dir='ltr'><strong>cor</strong></span> <span class='ocrx_word' id='word_1_492' title='bbox 1619 3587 1816 3636; x_wconf 83' lang='lat' dir='ltr'><strong>meum,</strong></span> 
     </span>
    </p>
   </div>
   <div class='ocr_carea' id='block_1_67' title="bbox 220 3662 1818 3737">
    <p class='ocr_par' dir='ltr' id='par_1_67' title="bbox 220 3662 1818 3737">
     <span class='ocr_line' id='line_1_67' title="bbox 220 3662 1818 3737; baseline -0.004 -12"><span class='ocrx_word' id='word_1_493' title='bbox 220 3682 395 3737; x_wconf 59' lang='lat' dir='ltr'><strong>neque</strong></span> <span class='ocrx_word' id='word_1_494' title='bbox 412 3664 545 3722; x_wconf 89' lang='lat' dir='ltr'><strong>elati</strong></span> <span class='ocrx_word' id='word_1_495' title='bbox 566 3673 687 3720; x_wconf 88' lang='lat' dir='ltr'><strong>sunt</strong></span> <span class='ocrx_word' id='word_1_496' title='bbox 707 3664 844 3722; x_wconf 84' lang='lat' dir='ltr'><strong>oculi</strong></span> <span class='ocrx_word' id='word_1_497' title='bbox 866 3664 986 3719; x_wconf 83' lang='lat' dir='ltr'><strong>mei.</strong></span> <span class='ocrx_word' id='word_1_498' title='bbox 1010 3662 1349 3719; x_wconf 81' lang='lat' dir='ltr'><strong>Sacriﬁcium</strong></span> <span class='ocrx_word' id='word_1_499' title='bbox 1370 3663 1480 3718; x_wconf 91' lang='lat' dir='ltr'><strong>Deo</strong></span> <span class='ocrx_word' id='word_1_500' title='bbox 1500 3664 1818 3719; x_wconf 89' lang='lat' dir='ltr'><strong>humilitatis</strong></span> 
     </span>
    </p>
   </div>
   <div class='ocr_carea' id='block_1_68' title="bbox 218 3753 1813 3824">
    <p class='ocr_par' dir='ltr' id='par_1_68' title="bbox 218 3753 1813 3824">
     <span class='ocr_line' id='line_1_68' title="bbox 218 3753 1813 3824; baseline -0.002 -14"><span class='ocrx_word' id='word_1_501' title='bbox 218 3754 390 3811; x_wconf 84' lang='lat' dir='ltr'><strong>.oll‘ert</strong></span> <span class='ocrx_word' id='word_1_502' title='bbox 436 3756 500 3809; x_wconf 85' lang='lat' dir='ltr'><strong>in</strong></span> <span class='ocrx_word' id='word_1_503' title='bbox 542 3755 628 3810; x_wconf 88' lang='lat' dir='ltr'><strong>his</strong></span> <span class='ocrx_word' id='word_1_504' title='bbox 653 3754 834 3810; x_wconf 89' lang='lat' dir='ltr'><strong>verbis</strong></span> <span class='ocrx_word' id='word_1_505' title='bbox 857 3784 889 3818; x_wconf 88' lang='lat'><strong>,-</strong></span> <span class='ocrx_word' id='word_1_506' title='bbox 924 3754 1066 3811; x_wconf 87' lang='lat' dir='ltr'><strong>sicut</strong></span> <span class='ocrx_word' id='word_1_507' title='bbox 1103 3754 1156 3808; x_wconf 94' lang='lat' dir='ltr'><strong>in</strong></span> <span class='ocrx_word' id='word_1_508' title='bbox 1196 3753 1303 3808; x_wconf 91' lang='lat' dir='ltr'><strong>alio</strong></span> <span class='ocrx_word' id='word_1_509' title='bbox 1332 3753 1545 3823; x_wconf 87' lang='lat' dir='ltr'><strong>psalmo</strong></span> <span class='ocrx_word' id='word_1_510' title='bbox 1580 3753 1813 3824; x_wconf 83' lang='lat' dir='ltr'><strong>legitur:</strong></span> 
     </span>
    </p>
   </div>
   <div class='ocr_carea' id='block_1_69' title="bbox 246 3843 1816 3917">
    <p class='ocr_par' dir='ltr' id='par_1_69' title="bbox 246 3843 1816 3917">
     <span class='ocr_line' id='line_1_69' title="bbox 246 3843 1816 3917; baseline -0.002 -16"><span class='ocrx_word' id='word_1_511' title='bbox 246 3843 604 3917; x_wconf 79' lang='lat' dir='ltr'><strong>[Sacri/icium</strong></span> <span class='ocrx_word' id='word_1_512' title='bbox 632 3843 764 3916; x_wconf 88' lang='lat' dir='ltr'><strong>Deo]</strong></span> <span class='ocrx_word' id='word_1_513' title='bbox 786 3845 999 3911; x_wconf 85' lang='lat' dir='ltr'><strong>spiritus</strong></span> <span class='ocrx_word' id='word_1_514' title='bbox 1024 3843 1422 3907; x_wconf 87' lang='lat' dir='ltr'><strong>contribulatus,</strong></span> <span class='ocrx_word' id='word_1_515' title='bbox 1473 3843 1527 3897; x_wconf 88' lang='lat' dir='ltr'><strong>id</strong></span> <span class='ocrx_word' id='word_1_516' title='bbox 1565 3852 1668 3903; x_wconf 87' lang='lat' dir='ltr'><strong>est.</strong></span> <span class='ocrx_word' id='word_1_517' title='bbox 1714 3844 1816 3898; x_wconf 87' lang='lat' dir='ltr'><strong>hu-</strong></span> 
     </span>
    </p>
   </div>
   <div class='ocr_carea' id='block_1_70' title="bbox 244 3934 1820 4008">
    <p class='ocr_par' dir='ltr' id='par_1_70' title="bbox 244 3934 1820 4008">
     <span class='ocr_line' id='line_1_70' title="bbox 244 3934 1820 4008; baseline 0.001 -19"><span class='ocrx_word' id='word_1_518' title='bbox 244 3936 476 3992; x_wconf 86' lang='lat' dir='ltr'><strong>miliatus</strong></span> <span class='ocrx_word' id='word_1_519' title='bbox 506 3934 675 4006; x_wconf 89' lang='lat' dir='ltr'><strong>(Psal.</strong></span> <span class='ocrx_word' id='word_1_520' title='bbox 703 3951 752 3998; x_wconf 78' lang='grc' dir='ltr'><strong>ι..</strong></span> <span class='ocrx_word' id='word_1_521' title='bbox 785 3935 893 4006; x_wconf 86' lang='lat' dir='ltr'><strong>l9).</strong></span> <span class='ocrx_word' id='word_1_522' title='bbox 926 3935 1093 4008; x_wconf 77' lang='lat' dir='ltr'><strong>Magis</strong></span> <span class='ocrx_word' id='word_1_523' title='bbox 1121 3935 1301 4006; x_wconf 87' lang='lat' dir='ltr'><strong>itaque</strong></span> <span class='ocrx_word' id='word_1_524' title='bbox 1328 3936 1509 3990; x_wconf 87' lang='lat' dir='ltr'><strong>audita</strong></span> <span class='ocrx_word' id='word_1_525' title='bbox 1539 3944 1621 3991; x_wconf 90' lang='lat' dir='ltr'><strong>est</strong></span> <span class='ocrx_word' id='word_1_526' title='bbox 1645 3936 1820 3990; x_wconf 87' lang='lat' dir='ltr'><strong>humi-</strong></span> 
     </span>
    </p>
   </div>
   <div class='ocr_carea' id='block_1_71' title="bbox 242 4024 1821 4099">
    <p class='ocr_par' dir='ltr' id='par_1_71' title="bbox 242 4024 1821 4099">
     <span class='ocr_line' id='line_1_71' title="bbox 242 4024 1821 4099; baseline -0.002 -19"><span class='ocrx_word' id='word_1_527' title='bbox 242 4024 414 4083; x_wconf 88' lang='lat' dir='ltr'><strong>liautis</strong></span> <span class='ocrx_word' id='word_1_528' title='bbox 438 4024 599 4099; x_wconf 76' lang='lat' dir='ltr'><strong>[Ms.,</strong></span> <span class='ocrx_word' id='word_1_529' title='bbox 624 4024 911 4098; x_wconf 88' lang='lat' dir='ltr'><strong>humiliati]</strong></span> <span class='ocrx_word' id='word_1_530' title='bbox 936 4025 1203 4096; x_wconf 90' lang='lat' dir='ltr'><strong>publicani</strong></span> <span class='ocrx_word' id='word_1_531' title='bbox 1225 4025 1424 4090; x_wconf 85' lang='lat' dir='ltr'><strong>oratio,</strong></span> <span class='ocrx_word' id='word_1_532' title='bbox 1440 4041 1605 4095; x_wconf 88' lang='lat' dir='ltr'><strong>quam</strong></span> <span class='ocrx_word' id='word_1_533' title='bbox 1633 4039 1821 4094; x_wconf 87' lang='lat' dir='ltr'><strong>super-</strong></span> 
     </span>
    </p>
   </div>
   <div class='ocr_carea' id='block_1_72' title="bbox 244 4115 1818 4189">
    <p class='ocr_par' dir='ltr' id='par_1_72' title="bbox 244 4115 1818 4189">
     <span class='ocr_line' id='line_1_72' title="bbox 244 4115 1818 4189; baseline -0.003 -15"><span class='ocrx_word' id='word_1_534' title='bbox 244 4119 432 4176; x_wconf 87' lang='lat' dir='ltr'><strong>bientis</strong></span> <span class='ocrx_word' id='word_1_535' title='bbox 461 4119 745 4174; x_wconf 74' lang='lat' dir='ltr'><strong>Pharismi.</strong></span> <span class='ocrx_word' id='word_1_536' title='bbox 786 4118 969 4189; x_wconf 86' lang='lat' dir='ltr'><strong>Neque</strong></span> <span class='ocrx_word' id='word_1_537' title='bbox 995 4117 1119 4172; x_wconf 88' lang='lat' dir='ltr'><strong>elati</strong></span> <span class='ocrx_word' id='word_1_538' title='bbox 1144 4127 1265 4173; x_wconf 89' lang='lat' dir='ltr'><strong>sunt</strong></span> <span class='ocrx_word' id='word_1_539' title='bbox 1291 4116 1428 4171; x_wconf 88' lang='lat' dir='ltr'><strong>oculi</strong></span> <span class='ocrx_word' id='word_1_540' title='bbox 1457 4118 1578 4171; x_wconf 88' lang='lat' dir='ltr'><strong>mei.</strong></span> <span class='ocrx_word' id='word_1_541' title='bbox 1619 4115 1818 4172; x_wconf 88' lang='lat' dir='ltr'><strong>Oculos</strong></span> 
     </span>
    </p>
   </div>
   <div class='ocr_carea' id='block_1_73' title="bbox 224 4206 1819 4275">
    <p class='ocr_par' dir='ltr' id='par_1_73' title="bbox 224 4206 1819 4275">
     <span class='ocr_line' id='line_1_73' title="bbox 224 4206 1819 4275; baseline -0.004 -9"><span class='ocrx_word' id='word_1_542' title='bbox 224 4212 416 4267; x_wconf 84' lang='lat' dir='ltr'><strong>.cordis</strong></span> <span class='ocrx_word' id='word_1_543' title='bbox 453 4210 631 4266; x_wconf 89' lang='lat' dir='ltr'><strong>elatos</strong></span> <span class='ocrx_word' id='word_1_544' title='bbox 670 4224 779 4264; x_wconf 83' lang='lat' dir='ltr'><strong>non</strong></span> <span class='ocrx_word' id='word_1_545' title='bbox 812 4223 932 4264; x_wconf 89' lang='lat' dir='ltr'><strong>esse</strong></span> <span class='ocrx_word' id='word_1_546' title='bbox 975 4208 1140 4273; x_wconf 82' lang='lat' dir='ltr'><strong>dixit,</strong></span> <span class='ocrx_word' id='word_1_547' title='bbox 1186 4206 1280 4262; x_wconf 89' lang='lat' dir='ltr'><strong>sed</strong></span> <span class='ocrx_word' id='word_1_548' title='bbox 1323 4207 1649 4269; x_wconf 87' lang='lat' dir='ltr'><strong>humiliatos,</strong></span> <span class='ocrx_word' id='word_1_549' title='bbox 1691 4207 1819 4275; x_wconf 89' lang='lat' dir='ltr'><strong>quia</strong></span> 
     </span>
    </p>
   </div>
   <div class='ocr_carea' id='block_1_74' title="bbox 247 4295 1820 4366">
    <p class='ocr_par' dir='ltr' id='par_1_74' title="bbox 247 4295 1820 4366">
     <span class='ocr_line' id='line_1_74' title="bbox 247 4295 1820 4366; baseline -0.004 -11"><span class='ocrx_word' id='word_1_550' title='bbox 247 4301 486 4355; x_wconf 88' lang='lat' dir='ltr'><strong>omnium</strong></span> <span class='ocrx_word' id='word_1_551' title='bbox 514 4298 777 4353; x_wconf 90' lang='lat' dir='ltr'><strong>bonorum</strong></span> <span class='ocrx_word' id='word_1_552' title='bbox 803 4297 1045 4353; x_wconf 85' lang='lat' dir='ltr'><strong>custodia</strong></span> <span class='ocrx_word' id='word_1_553' title='bbox 1068 4305 1152 4351; x_wconf 90' lang='lat' dir='ltr'><strong>est</strong></span> <span class='ocrx_word' id='word_1_554' title='bbox 1176 4296 1473 4351; x_wconf 89' lang='lat' dir='ltr'><strong>humilitas.</strong></span> <span class='ocrx_word' id='word_1_555' title='bbox 1508 4295 1689 4366; x_wconf 84' lang='lat' dir='ltr'><strong>Neque</strong></span> <span class='ocrx_word' id='word_1_556' title='bbox 1709 4312 1820 4349; x_wconf 87' lang='lat' dir='ltr'><strong>am—</strong></span> 
     </span>
    </p>
   </div>
   <div class='ocr_carea' id='block_1_75' title="bbox 248 4385 1822 4460">
    <p class='ocr_par' dir='ltr' id='par_1_75' title="bbox 248 4385 1822 4460">
     <span class='ocr_line' id='line_1_75' title="bbox 248 4385 1822 4460; baseline -0.001 -17"><span class='ocrx_word' id='word_1_557' title='bbox 248 4389 410 4445; x_wconf 73' lang='lat' dir='ltr'><strong>bulavi</strong></span> <span class='ocrx_word' id='word_1_558' title='bbox 432 4391 496 4445; x_wconf 84' lang='lat' dir='ltr'><strong>in</strong></span> <span class='ocrx_word' id='word_1_559' title='bbox 534 4390 758 4460; x_wconf 85' lang='lat' dir='ltr'><strong>magnis,</strong></span> <span class='ocrx_word' id='word_1_560' title='bbox 787 4403 948 4459; x_wconf 87' lang='lat' dir='ltr'><strong>neque</strong></span> <span class='ocrx_word' id='word_1_561' title='bbox 979 4388 1035 4442; x_wconf 89' lang='lat' dir='ltr'><strong>in</strong></span> <span class='ocrx_word' id='word_1_562' title='bbox 1053 4386 1376 4442; x_wconf 84' lang='lat' dir='ltr'><strong>mirabilibus</strong></span> <span class='ocrx_word' id='word_1_563' title='bbox 1403 4402 1559 4456; x_wconf 86' lang='lat' dir='ltr'><strong>super</strong></span> <span class='ocrx_word' id='word_1_564' title='bbox 1581 4402 1681 4440; x_wconf 89' lang='lat' dir='ltr'><strong>me.</strong></span> <span class='ocrx_word' id='word_1_565' title='bbox 1709 4385 1822 4441; x_wconf 86' lang='lat' dir='ltr'><strong>Nec</strong></span> 
     </span>
    </p>
   </div>
   <div class='ocr_carea' id='block_1_76' title="bbox 1921 3277 3486 3353">
    <p class='ocr_par' dir='ltr' id='par_1_76' title="bbox 1921 3277 3486 3353">
     <span class='ocr_line' id='line_1_76' title="bbox 1921 3277 3486 3353; baseline -0.001 -17"><span class='ocrx_word' id='word_1_566' title='bbox 1921 3281 2046 3336; x_wconf 84' lang='lat' dir='ltr'><strong>bilia</strong></span> <span class='ocrx_word' id='word_1_567' title='bbox 2072 3290 2194 3335; x_wconf 86' lang='lat' dir='ltr'><strong>sunt</strong></span> <span class='ocrx_word' id='word_1_568' title='bbox 2221 3280 2559 3353; x_wconf 87' lang='lat' dir='ltr'><strong>tabernacula</strong></span> <span class='ocrx_word' id='word_1_569' title='bbox 2585 3290 2697 3344; x_wconf 89' lang='lat' dir='ltr'><strong>tua,</strong></span> <span class='ocrx_word' id='word_1_570' title='bbox 2714 3279 2939 3353; x_wconf 83' lang='lat' dir='ltr'><strong>Domine</strong></span> <span class='ocrx_word' id='word_1_571' title='bbox 2966 3279 3137 3350; x_wconf 86' lang='lat' dir='ltr'><strong>(Psal.</strong></span> <span class='ocrx_word' id='word_1_572' title='bbox 3158 3294 3383 3345; x_wconf 75' lang='lat' dir='ltr'><strong>uniti,</strong></span> <span class='ocrx_word' id='word_1_573' title='bbox 3406 3277 3486 3349; x_wconf 67' lang='grc' dir='ltr'><strong>Ξ).</strong></span> 
     </span>
    </p>
   </div>
   <div class='ocr_carea' id='block_1_77' title="bbox 1920 3350 3490 3440">
    <p class='ocr_par' dir='ltr' id='par_1_77' title="bbox 1920 3350 3490 3440">
     <span class='ocr_line' id='line_1_77' title="bbox 1920 3350 3490 3440; baseline -0.001 -15"><span class='ocrx_word' id='word_1_574' title='bbox 1920 3369 2027 3426; x_wconf 92' lang='lat' dir='ltr'><strong>Sed</strong></span> <span class='ocrx_word' id='word_1_575' title='bbox 2072 3384 2189 3431; x_wconf 87' lang='lat' dir='ltr'><strong>nos,</strong></span> <span class='ocrx_word' id='word_1_576' title='bbox 2238 3350 2287 3424; x_wconf 88' lang='lat' dir='ltr'><strong>si</strong></span> <span class='ocrx_word' id='word_1_577' title='bbox 2331 3370 2468 3423; x_wconf 88' lang='lat' dir='ltr'><strong>bene</strong></span> <span class='ocrx_word' id='word_1_578' title='bbox 2508 3350 2795 3440; x_wconf 77' lang='lat' dir='ltr'><strong>egerimus,</strong></span> <span class='ocrx_word' id='word_1_579' title='bbox 2846 3368 3247 3423; x_wconf 86' lang='lat' dir='ltr'><strong>tabernaculum</strong></span> <span class='ocrx_word' id='word_1_580' title='bbox 3285 3368 3490 3424; x_wconf 87' lang='lat' dir='ltr'><strong>erimus</strong></span> 
     </span>
    </p>
   </div>
   <div class='ocr_carea' id='block_1_78' title="bbox 1918 3457 3484 3529">
    <p class='ocr_par' dir='ltr' id='par_1_78' title="bbox 1918 3457 3484 3529">
     <span class='ocr_line' id='line_1_78' title="bbox 1918 3457 3484 3529; baseline -0.002 -16"><span class='ocrx_word' id='word_1_581' title='bbox 1918 3458 2054 3524; x_wconf 90' lang='lat' dir='ltr'><strong>Dei,</strong></span> <span class='ocrx_word' id='word_1_582' title='bbox 2104 3466 2160 3514; x_wconf 89' lang='lat' dir='ltr'><strong>et</strong></span> <span class='ocrx_word' id='word_1_583' title='bbox 2206 3458 2463 3527; x_wconf 91' lang='lat' dir='ltr'><strong>templum</strong></span> <span class='ocrx_word' id='word_1_584' title='bbox 2509 3457 2603 3513; x_wconf 91' lang='lat' dir='ltr'><strong>Dei</strong></span> <span class='ocrx_word' id='word_1_585' title='bbox 2634 3458 2780 3523; x_wconf 90' lang='lat' dir='ltr'><strong>vivi,</strong></span> <span class='ocrx_word' id='word_1_586' title='bbox 2832 3458 2970 3529; x_wconf 88' lang='lat' dir='ltr'><strong>sicut</strong></span> <span class='ocrx_word' id='word_1_587' title='bbox 2997 3457 3133 3512; x_wconf 83' lang='lat' dir='ltr'><strong>dixit</strong></span> <span class='ocrx_word' id='word_1_588' title='bbox 3157 3457 3484 3528; x_wconf 84' lang='lat' dir='ltr'><strong>Apostolus:</strong></span> 
     </span>
    </p>
   </div>
   <div class='ocr_carea' id='block_1_79' title="bbox 1921 3546 3490 3625">
    <p class='ocr_par' dir='ltr' id='par_1_79' title="bbox 1921 3546 3490 3625">
     <span class='ocr_line' id='line_1_79' title="bbox 1921 3546 3490 3625; baseline -0.001 -21"><span class='ocrx_word' id='word_1_589' title='bbox 1921 3549 2189 3621; x_wconf 86' lang='lat' dir='ltr'><strong>Templum</strong></span> <span class='ocrx_word' id='word_1_590' title='bbox 2224 3549 2324 3604; x_wconf 90' lang='lat' dir='ltr'><strong>Dei</strong></span> <span class='ocrx_word' id='word_1_591' title='bbox 2362 3551 2483 3604; x_wconf 85' lang='lat' dir='ltr'><strong>estis</strong></span> <span class='ocrx_word' id='word_1_592' title='bbox 2523 3566 2629 3604; x_wconf 78' lang='lat' dir='ltr'><strong>vos.</strong></span> <span class='ocrx_word' id='word_1_593' title='bbox 2681 3548 2963 3625; x_wconf 82' lang='lat' dir='ltr'><strong>Nullanos</strong></span> <span class='ocrx_word' id='word_1_594' title='bbox 2993 3546 3188 3620; x_wconf 81' lang='lat' dir='ltr'><strong>[Edit.,</strong></span> <span class='ocrx_word' id='word_1_595' title='bbox 3219 3548 3334 3621; x_wconf 85' lang='lat' dir='ltr'><strong>vos]</strong></span> <span class='ocrx_word' id='word_1_596' title='bbox 3367 3549 3490 3603; x_wconf 90' lang='lat' dir='ltr'><strong>dor-</strong></span> 
     </span>
    </p>
   </div>
   <div class='ocr_carea' id='block_1_80' title="bbox 1918 3636 3491 3703">
    <p class='ocr_par' dir='ltr' id='par_1_80' title="bbox 1918 3636 3491 3703">
     <span class='ocr_line' id='line_1_80' title="bbox 1918 3636 3491 3703; baseline -0.001 -9"><span class='ocrx_word' id='word_1_597' title='bbox 1918 3638 2149 3702; x_wconf 89' lang='lat' dir='ltr'><strong>mitatio,</strong></span> <span class='ocrx_word' id='word_1_598' title='bbox 2179 3638 2321 3692; x_wconf 88' lang='lat' dir='ltr'><strong>nulla</strong></span> <span class='ocrx_word' id='word_1_599' title='bbox 2350 3638 2633 3694; x_wconf 88' lang='lat' dir='ltr'><strong>oblectatio</strong></span> <span class='ocrx_word' id='word_1_600' title='bbox 2661 3638 2860 3703; x_wconf 89' lang='lat' dir='ltr'><strong>carnis,</strong></span> <span class='ocrx_word' id='word_1_601' title='bbox 2891 3637 3035 3692; x_wconf 92' lang='lat' dir='ltr'><strong>nulla</strong></span> <span class='ocrx_word' id='word_1_602' title='bbox 3059 3638 3278 3693; x_wconf 83' lang='lat' dir='ltr'><strong>ambitio</strong></span> <span class='ocrx_word' id='word_1_603' title='bbox 3307 3636 3491 3694; x_wconf 71' lang='lat' dir='ltr'><strong>steculi</strong></span> 
     </span>
    </p>
   </div>
   <div class='ocr_carea' id='block_1_81' title="bbox 1919 3720 3491 3792">
    <p class='ocr_par' dir='ltr' id='par_1_81' title="bbox 1919 3720 3491 3792">
     <span class='ocr_line' id='line_1_81' title="bbox 1919 3720 3491 3792; baseline 0.001 -8"><span class='ocrx_word' id='word_1_604' title='bbox 1919 3730 2221 3792; x_wconf 86' lang='lat' dir='ltr'><strong>deterreat,</strong></span> <span class='ocrx_word' id='word_1_605' title='bbox 2260 3720 2327 3783; x_wconf 89' lang='lat' dir='ltr'><strong>ut</strong></span> <span class='ocrx_word' id='word_1_606' title='bbox 2353 3729 2756 3785; x_wconf 85' lang='lat' dir='ltr'><strong>tabernaculum</strong></span> <span class='ocrx_word' id='word_1_607' title='bbox 2785 3729 2893 3784; x_wconf 91' lang='lat' dir='ltr'><strong>Deo</strong></span> <span class='ocrx_word' id='word_1_608' title='bbox 2921 3743 3029 3783; x_wconf 92' lang='lat' dir='ltr'><strong>non</strong></span> <span class='ocrx_word' id='word_1_609' title='bbox 3056 3728 3391 3784; x_wconf 87' lang='lat' dir='ltr'><strong>inveniamus</strong></span> <span class='ocrx_word' id='word_1_610' title='bbox 3433 3727 3491 3785; x_wconf 89' lang='lat' dir='ltr'><strong>in</strong></span> 
     </span>
    </p>
   </div>
   <div class='ocr_carea' id='block_1_82' title="bbox 1919 3820 2340 3890">
    <p class='ocr_par' dir='ltr' id='par_1_82' title="bbox 1919 3820 2340 3890">
     <span class='ocr_line' id='line_1_82' title="bbox 1919 3820 2340 3890; baseline -0.002 -15"><span class='ocrx_word' id='word_1_611' title='bbox 1919 3820 2340 3890; x_wconf 87' lang='lat' dir='ltr'><strong>nobismetipsis.</strong></span> 
     </span>
    </p>
   </div>
   <div class='ocr_carea' id='block_1_83' title="bbox 1990 3910 3490 3982">
    <p class='ocr_par' dir='ltr' id='par_1_83' title="bbox 1990 3910 3490 3982">
     <span class='ocr_line' id='line_1_83' title="bbox 1990 3910 3490 3982; baseline -0.003 -13"><span class='ocrx_word' id='word_1_612' title='bbox 1990 3913 2153 3969; x_wconf 75' lang='lat' dir='ltr'><strong>Vsus.</strong></span> <span class='ocrx_word' id='word_1_613' title='bbox 2182 3912 2234 3967; x_wconf 91' lang='lat'><strong>6.</strong></span> <span class='ocrx_word' id='word_1_614' title='bbox 2261 3943 2333 3955; x_wconf 88' lang='lat'><strong>—</strong></span> <span class='ocrx_word' id='word_1_615' title='bbox 2359 3912 2494 3968; x_wconf 85' lang='lat' dir='ltr'><strong>Ecce</strong></span> <span class='ocrx_word' id='word_1_616' title='bbox 2519 3913 2812 3967; x_wconf 76' lang='lat' dir='ltr'><strong>audivimus</strong></span> <span class='ocrx_word' id='word_1_617' title='bbox 2840 3928 2955 3966; x_wconf 88' lang='lat' dir='ltr'><strong>eam</strong></span> <span class='ocrx_word' id='word_1_618' title='bbox 2982 3913 3037 3966; x_wconf 89' lang='lat' dir='ltr'><strong>in</strong></span> <span class='ocrx_word' id='word_1_619' title='bbox 3060 3911 3315 3982; x_wconf 83' lang='lat' dir='ltr'><strong>Ephrata,</strong></span> <span class='ocrx_word' id='word_1_620' title='bbox 3344 3910 3490 3967; x_wconf 74' lang='lat' dir='ltr'><strong>inre-</strong></span> 
     </span>
    </p>
   </div>
   <div class='ocr_carea' id='block_1_84' title="bbox 1919 3998 3492 4075">
    <p class='ocr_par' dir='ltr' id='par_1_84' title="bbox 1919 3998 3492 4075">
     <span class='ocr_line' id='line_1_84' title="bbox 1919 3998 3492 4075; baseline -0.004 -14"><span class='ocrx_word' id='word_1_621' title='bbox 1919 4008 2091 4061; x_wconf 86' lang='lat' dir='ltr'><strong>nimus</strong></span> <span class='ocrx_word' id='word_1_622' title='bbox 2119 4022 2231 4059; x_wconf 88' lang='lat' dir='ltr'><strong>eam</strong></span> <span class='ocrx_word' id='word_1_623' title='bbox 2257 4006 2312 4059; x_wconf 91' lang='lat' dir='ltr'><strong>in</strong></span> <span class='ocrx_word' id='word_1_624' title='bbox 2337 4005 2535 4075; x_wconf 87' lang='lat' dir='ltr'><strong>campis</strong></span> <span class='ocrx_word' id='word_1_625' title='bbox 2559 4004 2721 4058; x_wconf 72' lang='lat' dir='ltr'><strong>silete.</strong></span> <span class='ocrx_word' id='word_1_626' title='bbox 2756 4004 2995 4072; x_wconf 84' lang='lat' dir='ltr'><strong>Ephrata</strong></span> <span class='ocrx_word' id='word_1_627' title='bbox 3022 3998 3294 4072; x_wconf 85' lang='lat' dir='ltr'><strong>speculum</strong></span> <span class='ocrx_word' id='word_1_628' title='bbox 3323 4002 3492 4056; x_wconf 86' lang='lat' dir='ltr'><strong>inter—</strong></span> 
     </span>
    </p>
   </div>
   <div class='ocr_carea' id='block_1_85' title="bbox 1917 4091 3492 4166">
    <p class='ocr_par' dir='ltr' id='par_1_85' title="bbox 1917 4091 3492 4166">
     <span class='ocr_line' id='line_1_85' title="bbox 1917 4091 3492 4166; baseline -0.003 -16"><span class='ocrx_word' id='word_1_629' title='bbox 1917 4104 2193 4166; x_wconf 86' lang='lat' dir='ltr'><strong>pretatur;</strong></span> <span class='ocrx_word' id='word_1_630' title='bbox 2239 4096 2291 4150; x_wconf 92' lang='lat' dir='ltr'><strong>in</strong></span> <span class='ocrx_word' id='word_1_631' title='bbox 2323 4094 2538 4164; x_wconf 72' lang='lat' dir='ltr'><strong>speculo</strong></span> <span class='ocrx_word' id='word_1_632' title='bbox 2567 4094 2827 4165; x_wconf 77' lang='lat' dir='ltr'><strong>imagines</strong></span> <span class='ocrx_word' id='word_1_633' title='bbox 2854 4093 3284 4162; x_wconf 89' lang='lat' dir='ltr'><strong>conspiciuntur;</strong></span> <span class='ocrx_word' id='word_1_634' title='bbox 3326 4091 3492 4162; x_wconf 73' lang='lat' dir='ltr'><strong>signi-</strong></span> 
     </span>
    </p>
   </div>
   <div class='ocr_carea' id='block_1_86' title="bbox 1902 4183 3491 4261">
    <p class='ocr_par' dir='ltr' id='par_1_86' title="bbox 1902 4183 3491 4261">
     <span class='ocr_line' id='line_1_86' title="bbox 1902 4183 3491 4261; baseline -0.006 -13"><span class='ocrx_word' id='word_1_635' title='bbox 1902 4193 2046 4261; x_wconf 68' lang='lat' dir='ltr'><strong>licat</strong></span> <span class='ocrx_word' id='word_1_636' title='bbox 2077 4190 2392 4259; x_wconf 64' lang='lat' dir='ltr'><strong>prophetas,</strong></span> <span class='ocrx_word' id='word_1_637' title='bbox 2439 4188 2533 4256; x_wconf 90' lang='lat' dir='ltr'><strong>qui</strong></span> <span class='ocrx_word' id='word_1_638' title='bbox 2581 4201 2674 4255; x_wconf 90' lang='lat' dir='ltr'><strong>per</strong></span> <span class='ocrx_word' id='word_1_639' title='bbox 2722 4185 3005 4255; x_wconf 81' lang='lat' dir='ltr'><strong>Imaginem</strong></span> <span class='ocrx_word' id='word_1_640' title='bbox 3051 4183 3217 4239; x_wconf 84' lang='lat' dir='ltr'><strong>locuti</strong></span> <span class='ocrx_word' id='word_1_641' title='bbox 3259 4191 3383 4238; x_wconf 90' lang='lat' dir='ltr'><strong>sunt</strong></span> <span class='ocrx_word' id='word_1_642' title='bbox 3424 4183 3491 4238; x_wconf 89' lang='lat' dir='ltr'><strong>de</strong></span> 
     </span>
    </p>
   </div>
   <div class='ocr_carea' id='block_1_87' title="bbox 1902 4274 3484 4348">
    <p class='ocr_par' dir='ltr' id='par_1_87' title="bbox 1902 4274 3484 4348">
     <span class='ocr_line' id='line_1_87' title="bbox 1902 4274 3484 4348; baseline -0.008 -9"><span class='ocrx_word' id='word_1_643' title='bbox 1902 4284 2097 4345; x_wconf 55' lang='lat' dir='ltr'><strong>,futura</strong></span> <span class='ocrx_word' id='word_1_644' title='bbox 2128 4283 2285 4336; x_wconf 88' lang='lat' dir='ltr'><strong>domo</strong></span> <span class='ocrx_word' id='word_1_645' title='bbox 2318 4280 2439 4344; x_wconf 91' lang='lat' dir='ltr'><strong>Dei,</strong></span> <span class='ocrx_word' id='word_1_646' title='bbox 2471 4294 2631 4348; x_wconf 87' lang='lat' dir='ltr'><strong>quam</strong></span> <span class='ocrx_word' id='word_1_647' title='bbox 2666 4277 2968 4332; x_wconf 87' lang='lat' dir='ltr'><strong>invenimus</strong></span> <span class='ocrx_word' id='word_1_648' title='bbox 2998 4276 3053 4330; x_wconf 89' lang='lat' dir='ltr'><strong>in</strong></span> <span class='ocrx_word' id='word_1_649' title='bbox 3080 4274 3284 4345; x_wconf 88' lang='lat' dir='ltr'><strong>campis</strong></span> <span class='ocrx_word' id='word_1_650' title='bbox 3317 4274 3484 4339; x_wconf 77' lang='lat' dir='ltr'><strong>silvze,</strong></span> 
     </span>
    </p>
   </div>
   <div class='ocr_carea' id='block_1_88' title="bbox 1920 4365 3486 4433">
    <p class='ocr_par' dir='ltr' id='par_1_88' title="bbox 1920 4365 3486 4433">
     <span class='ocr_line' id='line_1_88' title="bbox 1920 4365 3486 4433; baseline -0.006 -2"><span class='ocrx_word' id='word_1_651' title='bbox 1920 4375 1994 4431; x_wconf 86' lang='lat' dir='ltr'><strong>ibi</strong></span> <span class='ocrx_word' id='word_1_652' title='bbox 2023 4372 2326 4428; x_wconf 88' lang='lat' dir='ltr'><strong>audivimus</strong></span> <span class='ocrx_word' id='word_1_653' title='bbox 2364 4371 2430 4425; x_wconf 89' lang='lat' dir='ltr'><strong>de</strong></span> <span class='ocrx_word' id='word_1_654' title='bbox 2465 4368 2625 4423; x_wconf 92' lang='lat' dir='ltr'><strong>domo</strong></span> <span class='ocrx_word' id='word_1_655' title='bbox 2670 4367 2798 4433; x_wconf 92' lang='lat' dir='ltr'><strong>Dei,</strong></span> <span class='ocrx_word' id='word_1_656' title='bbox 2846 4367 2901 4422; x_wconf 89' lang='lat' dir='ltr'><strong>id</strong></span> <span class='ocrx_word' id='word_1_657' title='bbox 2944 4375 3060 4432; x_wconf 91' lang='lat' dir='ltr'><strong>est,</strong></span> <span class='ocrx_word' id='word_1_658' title='bbox 3104 4366 3157 4420; x_wconf 93' lang='lat' dir='ltr'><strong>in</strong></span> <span class='ocrx_word' id='word_1_659' title='bbox 3203 4365 3486 4422; x_wconf 88' lang='lat' dir='ltr'><strong>latitudine</strong></span> 
     </span>
    </p>
   </div>
   <div class='ocr_carea' id='block_1_89' title="bbox 228 4458 3491 4584">
    <p class='ocr_par' dir='ltr' id='par_1_89' title="bbox 228 4458 3491 4584">
     <span class='ocr_line' id='line_1_89' title="bbox 228 4458 3491 4584; baseline -0.003 -47"><span class='ocrx_word' id='word_1_660' title='bbox 228 4482 462 4550; x_wconf 76' lang='lat' dir='ltr'><strong>.qutesivi</strong></span> <span class='ocrx_word' id='word_1_661' title='bbox 480 4520 500 4547; x_wconf 84' lang='lat'><strong>,</strong></span> <span class='ocrx_word' id='word_1_662' title='bbox 526 4488 588 4535; x_wconf 91' lang='lat' dir='ltr'><strong>ut</strong></span> <span class='ocrx_word' id='word_1_663' title='bbox 613 4458 839 4551; x_wconf 81' lang='lat' dir='ltr'><strong>magnus</strong></span> <span class='ocrx_word' id='word_1_664' title='bbox 863 4458 1037 4535; x_wconf 86' lang='lat' dir='ltr'><strong>essem</strong></span> <span class='ocrx_word' id='word_1_665' title='bbox 1070 4479 1212 4535; x_wconf 90' lang='lat' dir='ltr'><strong>inter</strong></span> <span class='ocrx_word' id='word_1_666' title='bbox 1239 4478 1505 4542; x_wconf 88' lang='lat' dir='ltr'><strong>homines,</strong></span> <span class='ocrx_word' id='word_1_667' title='bbox 1534 4486 1628 4532; x_wconf 91' lang='lat' dir='ltr'><strong>aut</strong></span> <span class='ocrx_word' id='word_1_668' title='bbox 1653 4477 1817 4531; x_wconf 89' lang='lat' dir='ltr'><strong>mira-</strong></span> <span class='ocrx_word' id='word_1_669' title='bbox 1849 4526 1896 4584; x_wconf 66' lang='grc' dir='ltr'>υ</span> <span class='ocrx_word' id='word_1_670' title='bbox 1923 4466 2119 4584; x_wconf 40' lang='lat' dir='ltr'><strong>Uidit-3</strong></span> <span class='ocrx_word' id='word_1_671' title='bbox 2146 4461 2447 4584; x_wconf 53' lang='grc' dir='ltr'><strong>διιίῐυάἐηξῗ]</strong></span> <span class='ocrx_word' id='word_1_672' title='bbox 2492 4461 2730 4584; x_wconf 48' lang='lat' dir='ltr'><strong>Sentium</strong></span> <span class='ocrx_word' id='word_1_673' title='bbox 2751 4474 2926 4584; x_wconf 44' lang='lat' dir='ltr'><strong>iam]:</strong></span> <span class='ocrx_word' id='word_1_674' title='bbox 2948 4458 3221 4584; x_wconf 49' lang='grc' dir='ltr'><strong>νθιζτίδιιεδ</strong></span> <span class='ocrx_word' id='word_1_675' title='bbox 3235 4465 3290 4512; x_wconf 59' lang='grc' dir='ltr'><strong>εἴ</strong></span> <span class='ocrx_word' id='word_1_676' title='bbox 3301 4458 3491 4584; x_wconf 51' lang='lat' dir='ltr'><strong>Aspim“</strong></span> 
     </span>
    </p>
   </div>
   <div class='ocr_carea' id='block_1_90' title="bbox 226 4550 3492 4641">
    <p class='ocr_par' dir='ltr' id='par_1_90' title="bbox 226 4550 3492 4641">
     <span class='ocr_line' id='line_1_90' title="bbox 226 4550 3492 4641; baseline 0.001 -21"><span class='ocrx_word' id='word_1_677' title='bbox 226 4568 365 4627; x_wconf 85' lang='lat' dir='ltr'><strong>.bilis</strong></span> <span class='ocrx_word' id='word_1_678' title='bbox 390 4570 642 4627; x_wconf 79' lang='lat' dir='ltr'><strong>iaciendo</strong></span> <span class='ocrx_word' id='word_1_679' title='bbox 666 4550 817 4641; x_wconf 78' lang='lat' dir='ltr'><strong>signa</strong></span> <span class='ocrx_word' id='word_1_680' title='bbox 855 4578 911 4625; x_wconf 92' lang='lat' dir='ltr'><strong>et</strong></span> <span class='ocrx_word' id='word_1_681' title='bbox 946 4569 1241 4625; x_wconf 88' lang='lat' dir='ltr'><strong>miracula:</strong></span> <span class='ocrx_word' id='word_1_682' title='bbox 1273 4569 1399 4639; x_wconf 88' lang='lat' dir='ltr'><strong>quia</strong></span> <span class='ocrx_word' id='word_1_683' title='bbox 1424 4568 1573 4639; x_wconf 74' lang='lat' dir='ltr'><strong>signa</strong></span> <span class='ocrx_word' id='word_1_684' title='bbox 1601 4575 1820 4638; x_wconf 87' lang='lat' dir='ltr'><strong>propter</strong></span> <span class='ocrx_word' id='word_1_685' title='bbox 1850 4550 1896 4584; x_wconf 76' lang='grc' dir='ltr'><strong>ν</strong></span> <span class='ocrx_word' id='word_1_686' title='bbox 1922 4563 2264 4627; x_wconf 67' lang='grc' dir='ltr'><strong>Ρθεοδῑοτυω</strong></span> <span class='ocrx_word' id='word_1_687' title='bbox 2293 4554 2481 4609; x_wconf 51' lang='grc' dir='ltr'><strong>θ’)δίίίθ</strong></span> <span class='ocrx_word' id='word_1_688' title='bbox 2517 4560 2679 4607; x_wconf 60' lang='lat' dir='ltr'><strong>sum:</strong></span> <span class='ocrx_word' id='word_1_689' title='bbox 2718 4551 2811 4605; x_wconf 66' lang='lat' dir='ltr'><strong>sed</strong></span> <span class='ocrx_word' id='word_1_690' title='bbox 2858 4550 2931 4605; x_wconf 62' lang='lat' dir='ltr'><strong>ibi</strong></span> <span class='ocrx_word' id='word_1_691' title='bbox 2972 4557 3058 4605; x_wconf 60' lang='grc' dir='ltr'><strong>θεῖ</strong></span> <span class='ocrx_word' id='word_1_692' title='bbox 3101 4550 3259 4606; x_wconf 67' lang='lat' dir='ltr'><strong>“mdo</strong></span> <span class='ocrx_word' id='word_1_693' title='bbox 3300 4551 3492 4607; x_wconf 60' lang='lat' dir='ltr'><strong>domus</strong></span> 
     </span>
    </p>
   </div>
   <div class='ocr_carea' id='block_1_91' title="bbox 225 4642 1819 4733">
    <p class='ocr_par' dir='ltr' id='par_1_91' title="bbox 225 4659 1819 4733">
     <span class='ocr_line' id='line_1_91' title="bbox 225 4659 1819 4733; baseline 0.002 -21"><span class='ocrx_word' id='word_1_694' title='bbox 225 4659 492 4719; x_wconf 76' lang='lat' dir='ltr'><strong>inﬁdeles</strong></span> <span class='ocrx_word' id='word_1_695' title='bbox 514 4663 638 4717; x_wconf 90' lang='lat' dir='ltr'><strong>data</strong></span> <span class='ocrx_word' id='word_1_696' title='bbox 663 4672 806 4727; x_wconf 89' lang='lat' dir='ltr'><strong>sunt,</strong></span> <span class='ocrx_word' id='word_1_697' title='bbox 840 4678 945 4718; x_wconf 91' lang='lat' dir='ltr'><strong>non</strong></span> <span class='ocrx_word' id='word_1_698' title='bbox 974 4671 1194 4733; x_wconf 88' lang='lat' dir='ltr'><strong>propter</strong></span> <span class='ocrx_word' id='word_1_699' title='bbox 1222 4661 1429 4727; x_wconf 81' lang='lat' dir='ltr'><strong>ﬁdeles,</strong></span> <span class='ocrx_word' id='word_1_700' title='bbox 1456 4669 1516 4715; x_wconf 93' lang='lat' dir='ltr'><strong>ut</strong></span> <span class='ocrx_word' id='word_1_701' title='bbox 1545 4676 1641 4731; x_wconf 91' lang='lat' dir='ltr'><strong>per</strong></span> <span class='ocrx_word' id='word_1_702' title='bbox 1667 4661 1819 4731; x_wconf 79' lang='lat' dir='ltr'><strong>signa</strong></span> 
     </span>
    </p>
   </div>
   <div class='ocr_carea' id='block_1_92' title="bbox 1915 4642 3489 4733">
    <p class='ocr_par' dir='ltr' id='par_1_92' title="bbox 1923 4642 3489 4717">
     <span class='ocr_line' id='line_1_92' title="bbox 1923 4642 3489 4717; baseline -0.007 -10"><span class='ocrx_word' id='word_1_703' title='bbox 1923 4652 2048 4717; x_wconf 90' lang='lat' dir='ltr'><strong>Dei,</strong></span> <span class='ocrx_word' id='word_1_704' title='bbox 2084 4660 2140 4705; x_wconf 89' lang='lat' dir='ltr'><strong>et</strong></span> <span class='ocrx_word' id='word_1_705' title='bbox 2168 4648 2407 4705; x_wconf 86' lang='lat' dir='ltr'><strong>Ecclesia</strong></span> <span class='ocrx_word' id='word_1_706' title='bbox 2434 4646 2665 4709; x_wconf 88' lang='lat' dir='ltr'><strong>Christi,</strong></span> <span class='ocrx_word' id='word_1_707' title='bbox 2698 4646 2765 4700; x_wconf 91' lang='lat' dir='ltr'><strong>de</strong></span> <span class='ocrx_word' id='word_1_708' title='bbox 2792 4659 2897 4714; x_wconf 89' lang='lat' dir='ltr'><strong>qua</strong></span> <span class='ocrx_word' id='word_1_709' title='bbox 2924 4643 3199 4714; x_wconf 74' lang='lat' dir='ltr'><strong>propheta:</strong></span> <span class='ocrx_word' id='word_1_710' title='bbox 3224 4642 3489 4714; x_wconf 76' lang='lat' dir='ltr'><strong>praedixe-</strong></span> 
     </span>
    </p>
   </div>
   <div class='ocr_carea' id='block_1_93' title="bbox 224 4751 1817 4824">
    <p class='ocr_par' dir='ltr' id='par_1_93' title="bbox 224 4751 1817 4824">
     <span class='ocr_line' id='line_1_93' title="bbox 224 4751 1817 4824; baseline -0.001 -20"><span class='ocrx_word' id='word_1_711' title='bbox 224 4754 564 4819; x_wconf 81' lang='lat' dir='ltr'><strong>crederent,</strong></span> <span class='ocrx_word' id='word_1_712' title='bbox 610 4754 705 4824; x_wconf 89' lang='lat' dir='ltr'><strong>qui</strong></span> <span class='ocrx_word' id='word_1_713' title='bbox 742 4768 841 4824; x_wconf 91' lang='lat' dir='ltr'><strong>per</strong></span> <span class='ocrx_word' id='word_1_714' title='bbox 863 4753 1274 4823; x_wconf 84' lang='lat' dir='ltr'><strong>praedicationes</strong></span> <span class='ocrx_word' id='word_1_715' title='bbox 1305 4767 1415 4807; x_wconf 90' lang='lat' dir='ltr'><strong>non</strong></span> <span class='ocrx_word' id='word_1_716' title='bbox 1451 4751 1817 4807; x_wconf 88' lang='lat' dir='ltr'><strong>crediderunt.</strong></span> 
     </span>
    </p>
   </div>
   <div class='ocr_carea' id='block_1_94' title="bbox 255 4840 706 4901">
    <p class='ocr_par' dir='ltr' id='par_1_94' title="bbox 255 4840 706 4901">
     <span class='ocr_line' id='line_1_94' title="bbox 255 4840 706 4901; baseline 0.004 -3"><span class='ocrx_word' id='word_1_717' title='bbox 255 4840 400 4900; x_wconf 85' lang='lat' dir='ltr'><strong>Unde</strong></span> <span class='ocrx_word' id='word_1_718' title='bbox 426 4845 706 4901; x_wconf 89' lang='lat' dir='ltr'><strong>subdidit:</strong></span> 
     </span>
    </p>
   </div>
   <div class='ocr_carea' id='block_1_95' title="bbox 318 4931 1818 4999">
    <p class='ocr_par' dir='ltr' id='par_1_95' title="bbox 318 4931 1818 4999">
     <span class='ocr_line' id='line_1_95' title="bbox 318 4931 1818 4999; baseline -0.005 -6"><span class='ocrx_word' id='word_1_719' title='bbox 318 4935 479 4993; x_wconf 73' lang='lat' dir='ltr'><strong>Vens.</strong></span> <span class='ocrx_word' id='word_1_720' title='bbox 510 4935 565 4989; x_wconf 71' lang='lat'><strong>2.</strong></span> <span class='ocrx_word' id='word_1_721' title='bbox 587 4964 665 4977; x_wconf 91' lang='lat'><strong>——</strong></span> <span class='ocrx_word' id='word_1_722' title='bbox 686 4934 749 4991; x_wconf 90' lang='lat' dir='ltr'><strong>Si</strong></span> <span class='ocrx_word' id='word_1_723' title='bbox 777 4952 880 4991; x_wconf 88' lang='lat' dir='ltr'><strong>non</strong></span> <span class='ocrx_word' id='word_1_724' title='bbox 910 4934 1173 4990; x_wconf 82' lang='lat' dir='ltr'><strong>humiliter</strong></span> <span class='ocrx_word' id='word_1_725' title='bbox 1196 4934 1508 4999; x_wconf 87' lang='lat' dir='ltr'><strong>sentiebam,</strong></span> <span class='ocrx_word' id='word_1_726' title='bbox 1549 4932 1641 4987; x_wconf 88' lang='lat' dir='ltr'><strong>sed</strong></span> <span class='ocrx_word' id='word_1_727' title='bbox 1668 4931 1818 4987; x_wconf 75' lang='lat' dir='ltr'><strong>exal-</strong></span> 
     </span>
    </p>
   </div>
   <div class='ocr_carea' id='block_1_96' title="bbox 252 5023 1823 5094">
    <p class='ocr_par' dir='ltr' id='par_1_96' title="bbox 252 5023 1823 5094">
     <span class='ocr_line' id='line_1_96' title="bbox 252 5023 1823 5094; baseline 0.001 -20"><span class='ocrx_word' id='word_1_728' title='bbox 252 5023 349 5076; x_wconf 82' lang='lat' dir='ltr'><strong>tavi</strong></span> <span class='ocrx_word' id='word_1_729' title='bbox 376 5024 609 5085; x_wconf 87' lang='lat' dir='ltr'><strong>animam</strong></span> <span class='ocrx_word' id='word_1_730' title='bbox 637 5041 846 5079; x_wconf 88' lang='lat' dir='ltr'><strong>meam:</strong></span> <span class='ocrx_word' id='word_1_731' title='bbox 877 5026 1010 5080; x_wconf 90' lang='lat' dir='ltr'><strong>sicut</strong></span> <span class='ocrx_word' id='word_1_732' title='bbox 1044 5024 1335 5079; x_wconf 85' lang='lat' dir='ltr'><strong>ablactatus</strong></span> <span class='ocrx_word' id='word_1_733' title='bbox 1370 5034 1445 5078; x_wconf 89' lang='lat' dir='ltr'><strong>est</strong></span> <span class='ocrx_word' id='word_1_734' title='bbox 1478 5039 1632 5094; x_wconf 85' lang='lat' dir='ltr'><strong>super</strong></span> <span class='ocrx_word' id='word_1_735' title='bbox 1657 5031 1823 5076; x_wconf 86' lang='lat' dir='ltr'><strong>matre</strong></span> 
     </span>
    </p>
   </div>
   <div class='ocr_carea' id='block_1_97' title="bbox 252 5113 1824 5177">
    <p class='ocr_par' dir='ltr' id='par_1_97' title="bbox 252 5113 1824 5177">
     <span class='ocr_line' id='line_1_97' title="bbox 252 5113 1824 5177; baseline 0.001 -13"><span class='ocrx_word' id='word_1_736' title='bbox 252 5126 374 5177; x_wconf 85' lang='lat' dir='ltr'><strong>sua,</strong></span> <span class='ocrx_word' id='word_1_737' title='bbox 421 5115 500 5169; x_wconf 90' lang='lat' dir='ltr'><strong>ita</strong></span> <span class='ocrx_word' id='word_1_738' title='bbox 546 5114 812 5170; x_wconf 81' lang='lat' dir='ltr'><strong>retributio</strong></span> <span class='ocrx_word' id='word_1_739' title='bbox 844 5116 900 5170; x_wconf 88' lang='lat' dir='ltr'><strong>in</strong></span> <span class='ocrx_word' id='word_1_740' title='bbox 929 5116 1107 5169; x_wconf 87' lang='lat' dir='ltr'><strong>animo</strong></span> <span class='ocrx_word' id='word_1_741' title='bbox 1135 5131 1269 5169; x_wconf 88' lang='lat' dir='ltr'><strong>mea.</strong></span> <span class='ocrx_word' id='word_1_742' title='bbox 1311 5115 1574 5170; x_wconf 83' lang='lat' dir='ltr'><strong>Videntur</strong></span> <span class='ocrx_word' id='word_1_743' title='bbox 1602 5113 1824 5167; x_wconf 88' lang='lat' dir='ltr'><strong>maledi-</strong></span> 
     </span>
    </p>
   </div>
   <div class='ocr_carea' id='block_1_98' title="bbox 232 5202 1825 5273">
    <p class='ocr_par' dir='ltr' id='par_1_98' title="bbox 232 5202 1825 5273">
     <span class='ocr_line' id='line_1_98' title="bbox 232 5202 1825 5273; baseline -0.003 -11"><span class='ocrx_word' id='word_1_744' title='bbox 232 5202 483 5262; x_wconf 87' lang='lat' dir='ltr'><strong>.ctionem</strong></span> <span class='ocrx_word' id='word_1_745' title='bbox 513 5221 707 5261; x_wconf 86' lang='lat' dir='ltr'><strong>sonare</strong></span> <span class='ocrx_word' id='word_1_746' title='bbox 734 5206 788 5261; x_wconf 89' lang='lat' dir='ltr'><strong>hi</strong></span> <span class='ocrx_word' id='word_1_747' title='bbox 815 5206 922 5260; x_wconf 92' lang='lat' dir='ltr'><strong>duo</strong></span> <span class='ocrx_word' id='word_1_748' title='bbox 946 5221 1164 5269; x_wconf 90' lang='lat' dir='ltr'><strong>versus,</strong></span> <span class='ocrx_word' id='word_1_749' title='bbox 1207 5214 1262 5261; x_wconf 94' lang='lat' dir='ltr'><strong>et</strong></span> <span class='ocrx_word' id='word_1_750' title='bbox 1302 5206 1371 5261; x_wconf 91' lang='lat' dir='ltr'><strong>ad</strong></span> <span class='ocrx_word' id='word_1_751' title='bbox 1396 5205 1679 5260; x_wconf 69' lang='lat' dir='ltr'><strong>haereticos</strong></span> <span class='ocrx_word' id='word_1_752' title='bbox 1703 5218 1825 5273; x_wconf 90' lang='lat' dir='ltr'><strong>per-</strong></span> 
     </span>
    </p>
   </div>
   <div class='ocr_carea' id='block_1_99' title="bbox 256 5292 1821 5367">
    <p class='ocr_par' dir='ltr' id='par_1_99' title="bbox 256 5292 1821 5367">
     <span class='ocr_line' id='line_1_99' title="bbox 256 5292 1821 5367; baseline 0.002 -22"><span class='ocrx_word' id='word_1_753' title='bbox 256 5292 446 5361; x_wconf 87' lang='lat' dir='ltr'><strong>tinere,</strong></span> <span class='ocrx_word' id='word_1_754' title='bbox 475 5296 567 5367; x_wconf 89' lang='lat' dir='ltr'><strong>qui</strong></span> <span class='ocrx_word' id='word_1_755' title='bbox 598 5311 705 5353; x_wconf 89' lang='lat' dir='ltr'><strong>non</strong></span> <span class='ocrx_word' id='word_1_756' title='bbox 733 5295 918 5353; x_wconf 91' lang='lat' dir='ltr'><strong>volunt</strong></span> <span class='ocrx_word' id='word_1_757' title='bbox 961 5296 1235 5353; x_wconf 87' lang='lat' dir='ltr'><strong>humiliari</strong></span> <span class='ocrx_word' id='word_1_758' title='bbox 1279 5295 1335 5350; x_wconf 92' lang='lat' dir='ltr'><strong>in</strong></span> <span class='ocrx_word' id='word_1_759' title='bbox 1380 5310 1512 5364; x_wconf 89' lang='lat' dir='ltr'><strong>pace</strong></span> <span class='ocrx_word' id='word_1_760' title='bbox 1543 5294 1821 5358; x_wconf 76' lang='lat' dir='ltr'><strong>Ecclesiae,</strong></span> 
     </span>
    </p>
   </div>
   <div class='ocr_carea' id='block_1_100' title="bbox 1921 4751 2066 4799">
    <p class='ocr_par' dir='ltr' id='par_1_100' title="bbox 1921 4751 2066 4799">
     <span class='ocr_line' id='line_1_100' title="bbox 1921 4751 2066 4799; baseline -0.021 0"><span class='ocrx_word' id='word_1_761' title='bbox 1921 4751 2066 4799; x_wconf 89' lang='lat' dir='ltr'><strong>runt.</strong></span> 
     </span>
    </p>
   </div>
   <div class='ocr_carea' id='block_1_101' title="bbox 1993 4819 3485 4895">
    <p class='ocr_par' dir='ltr' id='par_1_101' title="bbox 1993 4819 3485 4895">
     <span class='ocr_line' id='line_1_101' title="bbox 1993 4819 3485 4895; baseline -0.008 -4"><span class='ocrx_word' id='word_1_762' title='bbox 1993 4836 2155 4892; x_wconf 77' lang='lat' dir='ltr'><strong>Vens.</strong></span> <span class='ocrx_word' id='word_1_763' title='bbox 2202 4832 2255 4885; x_wconf 90' lang='lat'><strong>7.</strong></span> <span class='ocrx_word' id='word_1_764' title='bbox 2299 4860 2371 4872; x_wconf 91' lang='lat'><strong>-—</strong></span> <span class='ocrx_word' id='word_1_765' title='bbox 2415 4828 2754 4885; x_wconf 87' lang='lat' dir='ltr'><strong>Introibimus</strong></span> <span class='ocrx_word' id='word_1_766' title='bbox 2790 4819 2863 4880; x_wconf 78' lang='lat' dir='ltr'><strong>in</strong></span> <span class='ocrx_word' id='word_1_767' title='bbox 2909 4824 3300 4883; x_wconf 85' lang='lat' dir='ltr'><strong>tabernaculum</strong></span> <span class='ocrx_word' id='word_1_768' title='bbox 3350 4824 3485 4895; x_wconf 83' lang='lat' dir='ltr'><strong>ejus.</strong></span> 
     </span>
    </p>
   </div>
   <div class='ocr_carea' id='block_1_102' title="bbox 1921 4915 3486 4992">
    <p class='ocr_par' dir='ltr' id='par_1_102' title="bbox 1921 4915 3486 4992">
     <span class='ocr_line' id='line_1_102' title="bbox 1921 4915 3486 4992; baseline -0.008 -11"><span class='ocrx_word' id='word_1_769' title='bbox 1921 4922 2125 4992; x_wconf 80' lang='lat' dir='ltr'><strong>Cujus?</strong></span> <span class='ocrx_word' id='word_1_770' title='bbox 2160 4922 2255 4976; x_wconf 89' lang='lat' dir='ltr'><strong>Dei</strong></span> <span class='ocrx_word' id='word_1_771' title='bbox 2274 4918 2459 4974; x_wconf 84' lang='lat' dir='ltr'><strong>Jacob.</strong></span> <span class='ocrx_word' id='word_1_772' title='bbox 2490 4916 2767 4984; x_wconf 83' lang='lat' dir='ltr'><strong>Quomodo</strong></span> <span class='ocrx_word' id='word_1_773' title='bbox 2791 4916 3148 4972; x_wconf 89' lang='lat' dir='ltr'><strong>introibimus.</strong></span> <span class='ocrx_word' id='word_1_774' title='bbox 3181 4916 3285 4971; x_wconf 85' lang='lat' dir='ltr'><strong>Per</strong></span> <span class='ocrx_word' id='word_1_775' title='bbox 3305 4915 3486 4969; x_wconf 81' lang='lat' dir='ltr'><strong>ﬁdem.</strong></span> 
     </span>
    </p>
   </div>
   <div class='ocr_carea' id='block_1_103' title="bbox 1921 5004 3490 5082">
    <p class='ocr_par' dir='ltr' id='par_1_103' title="bbox 1921 5004 3490 5082">
     <span class='ocr_line' id='line_1_103' title="bbox 1921 5004 3490 5082; baseline -0.009 -11"><span class='ocrx_word' id='word_1_776' title='bbox 1921 5015 2269 5070; x_wconf 81' lang='lat' dir='ltr'><strong>Adorabimus</strong></span> <span class='ocrx_word' id='word_1_777' title='bbox 2298 5013 2355 5065; x_wconf 90' lang='lat' dir='ltr'><strong>in</strong></span> <span class='ocrx_word' id='word_1_778' title='bbox 2385 5011 2521 5074; x_wconf 90' lang='lat' dir='ltr'><strong>loco,</strong></span> <span class='ocrx_word' id='word_1_779' title='bbox 2549 5010 2635 5063; x_wconf 89' lang='lat' dir='ltr'><strong>ubi</strong></span> <span class='ocrx_word' id='word_1_780' title='bbox 2663 5018 2911 5063; x_wconf 84' lang='lat' dir='ltr'><strong>steterunt</strong></span> <span class='ocrx_word' id='word_1_781' title='bbox 2936 5008 3087 5079; x_wconf 87' lang='lat' dir='ltr'><strong>pedes</strong></span> <span class='ocrx_word' id='word_1_782' title='bbox 3111 5007 3245 5077; x_wconf 84' lang='lat' dir='ltr'><strong>ejus.</strong></span> <span class='ocrx_word' id='word_1_783' title='bbox 3286 5004 3490 5082; x_wconf 75' lang='lat' dir='ltr'><strong>Cujus?</strong></span> 
     </span>
    </p>
   </div>
   <div class='ocr_carea' id='block_1_104' title="bbox 1921 5096 3490 5180">
    <p class='ocr_par' dir='ltr' id='par_1_104' title="bbox 1921 5096 3490 5180">
     <span class='ocr_line' id='line_1_104' title="bbox 1921 5096 3490 5180; baseline -0.008 -18"><span class='ocrx_word' id='word_1_784' title='bbox 1921 5106 2133 5180; x_wconf 50' lang='lat' dir='ltr'><strong>Chrisﬁ</strong></span> <span class='ocrx_word' id='word_1_785' title='bbox 2165 5102 2376 5158; x_wconf 89' lang='lat' dir='ltr'><strong>Domini</strong></span> <span class='ocrx_word' id='word_1_786' title='bbox 2425 5101 2629 5162; x_wconf 81' lang='lat' dir='ltr'><strong>nostri,</strong></span> <span class='ocrx_word' id='word_1_787' title='bbox 2681 5100 2772 5154; x_wconf 89' lang='lat' dir='ltr'><strong>ubi</strong></span> <span class='ocrx_word' id='word_1_788' title='bbox 2818 5100 3042 5170; x_wconf 76' lang='lat' dir='ltr'><strong>vestigia</strong></span> <span class='ocrx_word' id='word_1_789' title='bbox 3088 5096 3490 5166; x_wconf 85' lang='lat' dir='ltr'><strong>conspiciuntur</strong></span> 
     </span>
    </p>
   </div>
   <div class='ocr_carea' id='block_1_105' title="bbox 1921 5188 3490 5269">
    <p class='ocr_par' dir='ltr' id='par_1_105' title="bbox 1921 5188 3490 5269">
     <span class='ocr_line' id='line_1_105' title="bbox 1921 5188 3490 5269; baseline -0.005 -16"><span class='ocrx_word' id='word_1_790' title='bbox 1921 5199 2055 5269; x_wconf 84' lang='lat' dir='ltr'><strong>ejus,</strong></span> <span class='ocrx_word' id='word_1_791' title='bbox 2080 5206 2136 5251; x_wconf 89' lang='lat' dir='ltr'><strong>et</strong></span> <span class='ocrx_word' id='word_1_792' title='bbox 2156 5196 2229 5250; x_wconf 91' lang='lat' dir='ltr'><strong>ibi</strong></span> <span class='ocrx_word' id='word_1_793' title='bbox 2258 5193 2512 5249; x_wconf 89' lang='lat' dir='ltr'><strong>miracula</strong></span> <span class='ocrx_word' id='word_1_794' title='bbox 2537 5193 2679 5248; x_wconf 88' lang='lat' dir='ltr'><strong>illius</strong></span> <span class='ocrx_word' id='word_1_795' title='bbox 2701 5200 3010 5252; x_wconf 82' lang='lat' dir='ltr'><strong>narrantur,</strong></span> <span class='ocrx_word' id='word_1_796' title='bbox 3029 5199 3085 5245; x_wconf 91' lang='lat' dir='ltr'><strong>et</strong></span> <span class='ocrx_word' id='word_1_797' title='bbox 3107 5188 3490 5257; x_wconf 82' lang='lat' dir='ltr'><strong>redemptionis</strong></span> 
     </span>
    </p>
   </div>
   <div class='ocr_carea' id='block_1_106' title="bbox 1923 5278 3491 5351">
    <p class='ocr_par' dir='ltr' id='par_1_106' title="bbox 1923 5278 3491 5351">
     <span class='ocr_line' id='line_1_106' title="bbox 1923 5278 3491 5351; baseline -0.005 -10"><span class='ocrx_word' id='word_1_798' title='bbox 1923 5296 2120 5341; x_wconf 59' lang='lat' dir='ltr'><strong>nostra?</strong></span> <span class='ocrx_word' id='word_1_799' title='bbox 2148 5284 2371 5338; x_wconf 88' lang='lat' dir='ltr'><strong>tirmitas</strong></span> <span class='ocrx_word' id='word_1_800' title='bbox 2396 5300 2408 5335; x_wconf 92' lang='lat'><strong>:</strong></span> <span class='ocrx_word' id='word_1_801' title='bbox 2445 5284 2571 5351; x_wconf 87' lang='lat' dir='ltr'><strong>quia</strong></span> <span class='ocrx_word' id='word_1_802' title='bbox 2598 5282 2800 5348; x_wconf 80' lang='lat' dir='ltr'><strong>absque</strong></span> <span class='ocrx_word' id='word_1_803' title='bbox 2829 5278 2986 5348; x_wconf 86' lang='lat' dir='ltr'><strong>hujus</strong></span> <span class='ocrx_word' id='word_1_804' title='bbox 3010 5278 3201 5333; x_wconf 76' lang='lat' dir='ltr'><strong>domus</strong></span> <span class='ocrx_word' id='word_1_805' title='bbox 3225 5278 3491 5333; x_wconf 88' lang='lat' dir='ltr'><strong>charitate</strong></span> 
     </span>
    </p>
   </div>
   <div class='ocr_carea' id='block_1_107' title="bbox 257 5369 3493 5445">
    <p class='ocr_par' dir='ltr' id='par_1_107' title="bbox 257 5369 3493 5445">
     <span class='ocr_line' id='line_1_107' title="bbox 257 5369 3493 5445; baseline -0.004 -8"><span class='ocrx_word' id='word_1_806' title='bbox 257 5384 347 5438; x_wconf 83' lang='lat' dir='ltr'><strong>sed</strong></span> <span class='ocrx_word' id='word_1_807' title='bbox 385 5386 611 5441; x_wconf 77' lang='lat' dir='ltr'><strong>exaltari</strong></span> <span class='ocrx_word' id='word_1_808' title='bbox 657 5386 713 5441; x_wconf 89' lang='lat' dir='ltr'><strong>in</strong></span> <span class='ocrx_word' id='word_1_809' title='bbox 756 5386 992 5442; x_wconf 86' lang='lat' dir='ltr'><strong>schisma</strong></span> <span class='ocrx_word' id='word_1_810' title='bbox 1038 5385 1295 5441; x_wconf 66' lang='lat' dir='ltr'><strong>doctrina:</strong></span> <span class='ocrx_word' id='word_1_811' title='bbox 1339 5383 1833 5439; x_wconf 70' lang='lat' dir='ltr'><strong>suae.-Noluerunt</strong></span> <span class='ocrx_word' id='word_1_812' title='bbox 1905 5376 2068 5437; x_wconf 78' lang='lat' dir='ltr'><strong>salus</strong></span> <span class='ocrx_word' id='word_1_813' title='bbox 2098 5374 2289 5445; x_wconf 84' lang='lat' dir='ltr'><strong>[Edit.,</strong></span> <span class='ocrx_word' id='word_1_814' title='bbox 2318 5371 2486 5442; x_wconf 85' lang='lat' dir='ltr'><strong>solus]</strong></span> <span class='ocrx_word' id='word_1_815' title='bbox 2532 5387 2636 5427; x_wconf 86' lang='lat' dir='ltr'><strong>non</strong></span> <span class='ocrx_word' id='word_1_816' title='bbox 2679 5372 3050 5426; x_wconf 77' lang='lat' dir='ltr'><strong>inveniretur:</strong></span> <span class='ocrx_word' id='word_1_817' title='bbox 3084 5369 3156 5423; x_wconf 85' lang='lat' dir='ltr'><strong>ibi</strong></span> <span class='ocrx_word' id='word_1_818' title='bbox 3187 5369 3493 5424; x_wconf 85' lang='lat' dir='ltr'><strong>adorandus</strong></span> 
     </span>
    </p>
   </div>
   <div class='ocr_carea' id='block_1_108' title="bbox 259 5473 1820 5540">
    <p class='ocr_par' dir='ltr' id='par_1_108' title="bbox 259 5473 1820 5540">
     <span class='ocr_line' id='line_1_108' title="bbox 259 5473 1820 5540; baseline 0.001 -15"><span class='ocrx_word' id='word_1_819' title='bbox 259 5475 443 5532; x_wconf 86' lang='lat' dir='ltr'><strong>matris</strong></span> <span class='ocrx_word' id='word_1_820' title='bbox 471 5476 721 5531; x_wconf 64' lang='lat' dir='ltr'><strong>Ecclesiae</strong></span> <span class='ocrx_word' id='word_1_821' title='bbox 767 5476 904 5531; x_wconf 88' lang='lat' dir='ltr'><strong>lacte</strong></span> <span class='ocrx_word' id='word_1_822' title='bbox 932 5476 1161 5540; x_wconf 89' lang='lat' dir='ltr'><strong>nutriri,</strong></span> <span class='ocrx_word' id='word_1_823' title='bbox 1187 5482 1247 5529; x_wconf 91' lang='lat' dir='ltr'><strong>ut</strong></span> <span class='ocrx_word' id='word_1_824' title='bbox 1274 5475 1340 5528; x_wconf 90' lang='lat' dir='ltr'><strong>ad</strong></span> <span class='ocrx_word' id='word_1_825' title='bbox 1365 5473 1593 5529; x_wconf 86' lang='lat' dir='ltr'><strong>solidum</strong></span> <span class='ocrx_word' id='word_1_826' title='bbox 1620 5474 1820 5535; x_wconf 92' lang='lat' dir='ltr'><strong>cibum,</strong></span> 
     </span>
    </p>
   </div>
   <div class='ocr_carea' id='block_1_109' title="bbox 234 5560 1826 5636">
    <p class='ocr_par' dir='ltr' id='par_1_109' title="bbox 234 5560 1826 5636">
     <span class='ocr_line' id='line_1_109' title="bbox 234 5560 1826 5636; baseline 0 -21"><span class='ocrx_word' id='word_1_827' title='bbox 234 5560 349 5629; x_wconf 78' lang='lat' dir='ltr'><strong>.qul</strong></span> <span class='ocrx_word' id='word_1_828' title='bbox 372 5560 618 5621; x_wconf 86' lang='lat' dir='ltr'><strong>Christus</strong></span> <span class='ocrx_word' id='word_1_829' title='bbox 646 5574 748 5629; x_wconf 87' lang='lat' dir='ltr'><strong>est,</strong></span> <span class='ocrx_word' id='word_1_830' title='bbox 780 5565 1144 5636; x_wconf 87' lang='lat' dir='ltr'><strong>pervenirent.</strong></span> <span class='ocrx_word' id='word_1_831' title='bbox 1188 5563 1312 5618; x_wconf 87' lang='lat' dir='ltr'><strong>Ideo</strong></span> <span class='ocrx_word' id='word_1_832' title='bbox 1336 5562 1588 5617; x_wconf 83' lang='lat' dir='ltr'><strong>ablactati</strong></span> <span class='ocrx_word' id='word_1_833' title='bbox 1619 5570 1746 5617; x_wconf 86' lang='lat' dir='ltr'><strong>sunt</strong></span> <span class='ocrx_word' id='word_1_834' title='bbox 1770 5569 1826 5615; x_wconf 90' lang='lat' dir='ltr'><strong>et</strong></span> 
     </span>
    </p>
   </div>
   <div class='ocr_carea' id='block_1_110' title="bbox 262 5651 1824 5727">
    <p class='ocr_par' dir='ltr' id='par_1_110' title="bbox 262 5651 1824 5727">
     <span class='ocr_line' id='line_1_110' title="bbox 262 5651 1824 5727; baseline -0.001 -20"><span class='ocrx_word' id='word_1_835' title='bbox 262 5662 291 5701; x_wconf 66' lang='grc' dir='ltr'>θ</span> <span class='ocrx_word' id='word_1_836' title='bbox 316 5660 484 5711; x_wconf 86' lang='lat' dir='ltr'><strong>matre</strong></span> <span class='ocrx_word' id='word_1_837' title='bbox 511 5654 741 5726; x_wconf 87' lang='lat' dir='ltr'><strong>repulsi,</strong></span> <span class='ocrx_word' id='word_1_838' title='bbox 784 5654 910 5727; x_wconf 87' lang='lat' dir='ltr'><strong>quia</strong></span> <span class='ocrx_word' id='word_1_839' title='bbox 940 5670 970 5708; x_wconf 92' lang='lat' dir='ltr'><strong>a</strong></span> <span class='ocrx_word' id='word_1_840' title='bbox 997 5654 1135 5709; x_wconf 89' lang='lat' dir='ltr'><strong>lacte</strong></span> <span class='ocrx_word' id='word_1_841' title='bbox 1158 5653 1374 5724; x_wconf 88' lang='lat' dir='ltr'><strong>pietatis</strong></span> <span class='ocrx_word' id='word_1_842' title='bbox 1402 5651 1596 5705; x_wconf 90' lang='lat' dir='ltr'><strong>nutriri</strong></span> <span class='ocrx_word' id='word_1_843' title='bbox 1638 5651 1824 5705; x_wconf 86' lang='lat' dir='ltr'><strong>nolue-</strong></span> 
     </span>
    </p>
   </div>
   <div class='ocr_carea' id='block_1_111' title="bbox 264 5738 1824 5810">
    <p class='ocr_par' dir='ltr' id='par_1_111' title="bbox 264 5738 1824 5810">
     <span class='ocr_line' id='line_1_111' title="bbox 264 5738 1824 5810; baseline 0.001 -18"><span class='ocrx_word' id='word_1_844' title='bbox 264 5747 415 5795; x_wconf 90' lang='lat' dir='ltr'><strong>runt:</strong></span> <span class='ocrx_word' id='word_1_845' title='bbox 438 5750 491 5797; x_wconf 91' lang='lat' dir='ltr'><strong>et</strong></span> <span class='ocrx_word' id='word_1_846' title='bbox 510 5751 636 5799; x_wconf 87' lang='lat' dir='ltr'><strong>sunt</strong></span> <span class='ocrx_word' id='word_1_847' title='bbox 657 5744 905 5800; x_wconf 81' lang='lat' dir='ltr'><strong>doctores</strong></span> <span class='ocrx_word' id='word_1_848' title='bbox 927 5742 1149 5809; x_wconf 90' lang='lat' dir='ltr'><strong>erroris,</strong></span> <span class='ocrx_word' id='word_1_849' title='bbox 1171 5756 1294 5797; x_wconf 91' lang='lat' dir='ltr'><strong>cum</strong></span> <span class='ocrx_word' id='word_1_850' title='bbox 1320 5754 1426 5795; x_wconf 89' lang='lat' dir='ltr'><strong>non</strong></span> <span class='ocrx_word' id='word_1_851' title='bbox 1448 5738 1555 5795; x_wconf 90' lang='lat' dir='ltr'><strong>sint</strong></span> <span class='ocrx_word' id='word_1_852' title='bbox 1576 5738 1824 5810; x_wconf 88' lang='lat' dir='ltr'><strong>discipuli</strong></span> 
     </span>
    </p>
   </div>
   <div class='ocr_carea' id='block_1_112' title="bbox 1904 5460 3490 5541">
    <p class='ocr_par' dir='ltr' id='par_1_112' title="bbox 1904 5460 3490 5541">
     <span class='ocr_line' id='line_1_112' title="bbox 1904 5460 3490 5541; baseline -0.006 -17"><span class='ocrx_word' id='word_1_853' title='bbox 1904 5466 2078 5541; x_wconf 81' lang='lat' dir='ltr'><strong>.[Ms.,</strong></span> <span class='ocrx_word' id='word_1_854' title='bbox 2101 5464 2452 5536; x_wconf 84' lang='lat' dir='ltr'><strong>adorandum]</strong></span> <span class='ocrx_word' id='word_1_855' title='bbox 2474 5472 2578 5527; x_wconf 91' lang='lat' dir='ltr'><strong>est,</strong></span> <span class='ocrx_word' id='word_1_856' title='bbox 2606 5463 2698 5517; x_wconf 89' lang='lat' dir='ltr'><strong>ubi</strong></span> <span class='ocrx_word' id='word_1_857' title='bbox 2726 5463 2858 5517; x_wconf 84' lang='lat' dir='ltr'><strong>ﬁdes</strong></span> <span class='ocrx_word' id='word_1_858' title='bbox 2885 5469 3030 5515; x_wconf 87' lang='lat' dir='ltr'><strong>recta</strong></span> <span class='ocrx_word' id='word_1_859' title='bbox 3056 5475 3176 5517; x_wconf 86' lang='lat' dir='ltr'><strong>esse</strong></span> <span class='ocrx_word' id='word_1_860' title='bbox 3198 5460 3490 5516; x_wconf 84' lang='lat' dir='ltr'><strong>diceretur.</strong></span> 
     </span>
    </p>
   </div>
   <div class='ocr_carea' id='block_1_113' title="bbox 1994 5550 3493 5624">
    <p class='ocr_par' dir='ltr' id='par_1_113' title="bbox 1994 5550 3493 5624">
     <span class='ocr_line' id='line_1_113' title="bbox 1994 5550 3493 5624; baseline -0.007 -11"><span class='ocrx_word' id='word_1_861' title='bbox 1994 5559 2154 5613; x_wconf 74' lang='lat' dir='ltr'><strong>Vsus.</strong></span> <span class='ocrx_word' id='word_1_862' title='bbox 2184 5559 2332 5613; x_wconf 89' lang='lat'><strong>8.—</strong></span> <span class='ocrx_word' id='word_1_863' title='bbox 2369 5555 2630 5624; x_wconf 73' lang='lat' dir='ltr'><strong>Exsurge,</strong></span> <span class='ocrx_word' id='word_1_864' title='bbox 2670 5553 2913 5617; x_wconf 83' lang='lat' dir='ltr'><strong>Domine,</strong></span> <span class='ocrx_word' id='word_1_865' title='bbox 2952 5554 3006 5605; x_wconf 88' lang='lat' dir='ltr'><strong>in</strong></span> <span class='ocrx_word' id='word_1_866' title='bbox 3047 5550 3273 5620; x_wconf 87' lang='lat' dir='ltr'><strong>requiem</strong></span> <span class='ocrx_word' id='word_1_867' title='bbox 3314 5559 3493 5613; x_wconf 85' lang='lat' dir='ltr'><strong>tuam,</strong></span> 
     </span>
    </p>
   </div>
   <div class='ocr_carea' id='block_1_114' title="bbox 1924 5642 3499 5725">
    <p class='ocr_par' dir='ltr' id='par_1_114' title="bbox 1924 5642 3499 5725">
     <span class='ocr_line' id='line_1_114' title="bbox 1924 5642 3499 5725; baseline -0.006 -20"><span class='ocrx_word' id='word_1_868' title='bbox 1924 5661 1980 5705; x_wconf 87' lang='lat' dir='ltr'><strong>tu</strong></span> <span class='ocrx_word' id='word_1_869' title='bbox 2022 5660 2070 5705; x_wconf 87' lang='lat' dir='ltr'><strong>et</strong></span> <span class='ocrx_word' id='word_1_870' title='bbox 2111 5667 2234 5704; x_wconf 88' lang='lat' dir='ltr'><strong>arca</strong></span> <span class='ocrx_word' id='word_1_871' title='bbox 2275 5645 2703 5716; x_wconf 83' lang='lat' dir='ltr'><strong>sanctiﬁcationis</strong></span> <span class='ocrx_word' id='word_1_872' title='bbox 2747 5654 2870 5703; x_wconf 77' lang='lat' dir='ltr'><strong>tute.</strong></span> <span class='ocrx_word' id='word_1_873' title='bbox 2925 5643 3141 5699; x_wconf 84' lang='lat' dir='ltr'><strong>Christo</strong></span> <span class='ocrx_word' id='word_1_874' title='bbox 3171 5642 3389 5725; x_wconf 82' lang='lat' dir='ltr'><strong>dicitur,</strong></span> <span class='ocrx_word' id='word_1_875' title='bbox 3436 5648 3499 5697; x_wconf 86' lang='lat' dir='ltr'><strong>ut</strong></span> 
     </span>
    </p>
   </div>
   <div class='ocr_carea' id='block_1_115' title="bbox 1874 5729 3496 5817">
    <p class='ocr_par' dir='ltr' id='par_1_115' title="bbox 1874 5729 3496 5817">
     <span class='ocr_line' id='line_1_115' title="bbox 1874 5729 3496 5817; baseline -0.008 -20"><span class='ocrx_word' id='word_1_876' title='bbox 1874 5746 1879 5751; x_wconf 79' lang='grc'><strong>’</strong></span> <span class='ocrx_word' id='word_1_877' title='bbox 1923 5748 2175 5812; x_wconf 74' lang='lat' dir='ltr'><strong>exsurgat</strong></span> <span class='ocrx_word' id='word_1_878' title='bbox 2207 5756 2236 5795; x_wconf 89' lang='lat' dir='ltr'><strong>a</strong></span> <span class='ocrx_word' id='word_1_879' title='bbox 2268 5738 2517 5817; x_wconf 79' lang='lat' dir='ltr'><strong>mortuis,</strong></span> <span class='ocrx_word' id='word_1_880' title='bbox 2558 5743 2614 5792; x_wconf 91' lang='lat' dir='ltr'><strong>et</strong></span> <span class='ocrx_word' id='word_1_881' title='bbox 2651 5734 2813 5789; x_wconf 88' lang='lat' dir='ltr'><strong>intret</strong></span> <span class='ocrx_word' id='word_1_882' title='bbox 2847 5734 2901 5789; x_wconf 90' lang='lat' dir='ltr'><strong>in</strong></span> <span class='ocrx_word' id='word_1_883' title='bbox 2939 5733 3179 5802; x_wconf 84' lang='lat' dir='ltr'><strong>requiem</strong></span> <span class='ocrx_word' id='word_1_884' title='bbox 3206 5748 3397 5789; x_wconf 86' lang='lat' dir='ltr'><strong>suam:</strong></span> <span class='ocrx_word' id='word_1_885' title='bbox 3440 5729 3496 5785; x_wconf 89' lang='lat' dir='ltr'><strong>id</strong></span> 
     </span>
    </p>
   </div>
  </div>
