4072 6340
519 320 629 379 655

1394 315 1455 372 Β.
1494 312 1558 371 ι’.
1597 312 1819 369 ALBlNl
1857 310 1989 366 εει]
2028 305 2302 365 ALCUINI
2339 307 2623 366 OPERUM
2662 305 2839 362 PARS
2876 305 2932 362 ΙΙ.

3669 306 3771 364 636

516 443 618 496 est,
648 440 773 503 post
801 431 1039 487 laborem
1068 428 1332 501 passionis
1361 429 1416 483 in
1445 427 1688 498 requiem
1713 425 1951 482 cmlestis
1975 424 2092 495 glo-
2120 428 2170 484 Α
2186 422 2278 495 [lic
2297 421 2558 487 habitabo,
2580 422 2831 493 quoniam
2853 420 2985 491 elegi
3006 436 3143 476 eam.
3176 420 3281 477 lsta
3305 420 3400 476 Dei
3424 422 3591 476 verba
3618 434 3772 488 sunt;

518 523 635 578 riae.
686 520 766 575 Tu
811 531 859 575 et
908 530 1034 574 arca
1077 517 1503 588 sanctificationis
1550 528 1673 571 tute.
1723 516 1864 585 Area
1897 514 2098 570 Christi

526 613 769 669 Ecclesia
794 620 879 668 est
901 611 1123 666 Christi.
1155 608 1498 664 Resurrectio
1519 607 1796 679 prmeessit
1823 607 1878 661 in
1903 605 2097 674 capite,

523 718 643 772 quae
660 709 909 758 secutura
934 698 1125 772 [Edit.,
1148 696 1357 768 secuta]
1380 697 1485 752 erit
1513 696 1567 750 in
1596 695 1877 759 membris,
1898 702 1959 747 ut
1983 692 2109 757 ﬁat,

525 794 670 864 quod
696 794 812 864 ipsa
840 792 1054 847 Veritas
1080 790 1192 847 ait:
1232 787 1383 854 Volo,
1413 787 1594 853 Pater,
1621 796 1678 841 ut
1700 786 1788 841 ubi
1824 802 1917 857 ego
1951 799 2066 839 sum
2084 822 2101 849 ,

525 892 575 938 et
602 884 689 938 isti
716 884 819 937 sint
847 897 1067 935 mecum.

598 973 762 1028 Vsus.
785 970 840 1026 9.
855 999 921 1010 —-
951 967 1259 1026 Sacerdotes
1281 968 1358 1021 tui
1380 966 1672 1020 induantur
1693 964 1839 1037 [Ms.,
1856 962 2102 1034 induant]

517 1062 805 1134 justitiam,
837 1069 885 1114 et
913 1059 1082 1114 sancti
1107 1058 1185 1113 tui
1213 1057 1473 1112 laetentur.
1508 1054 1818 1111 Sacerdotis
1846 1060 1930 1108 est
1950 1052 2107 1121 justi-

529 1152 657 1207 tiam
687 1149 1004 1221 praedicare,
1047 1155 1102 1203 et
1145 1147 1407 1217 exemplis
1433 1145 1754 1211 ostendere;
1801 1143 1980 1214 populi
2025 1151 2110 1199 est

529 1241 765 1312 gaudere
815 1239 869 1295 in
913 1237 1125 1308 iustitia
1148 1278 1163 1304 ,
1227 1244 1284 1292 et
1335 1236 1677 1292 sacerdotum
1727 1233 2109 1306 praedicatione

532 1331 729 1405 [Edit.,
775 1330 1031 1403 gaudium
1056 1365 1167 1386 .....
1195 1328 1551 1401 praedicatio].
1604 1328 1737 1383 Item
1768 1345 1781 1381 :
1820 1327 2112 1382 induantur

530 1422 842 1479 sacerdotes
863 1421 968 1476 ﬁde
990 1428 1045 1476 et
1067 1435 1183 1490 spe,
1207 1420 1485 1489 sanctique
1508 1419 1759 1474 laetentur
1778 1437 1790 1451 -
1819 1418 1947 1489 quia
1972 1416 2114 1471 sicut

528 1513 780 1570 Christus
808 1512 1045 1567 Surrexit
1070 1512 1124 1566 in
1150 1509 1341 1579 gloria,
1370 1510 1445 1564 ita
1470 1518 1527 1565 et
1552 1508 1724 1564 sancti
1753 1522 1876 1563 cum
1895 1505 2114 1562 Christo

531 1607 831 1663 surrecturi
856 1614 983 1661 sunt
1006 1607 1058 1659 in
1086 1605 1275 1677 gloria.

600 1698 764 1754 Vens.
794 1697 968 1751 l0.-—
990 1695 1206 1766 Propter
1235 1693 1405 1749 David
1432 1709 1635 1748 servum
1664 1700 1811 1747 tuum
1841 1708 1945 1746 non
1969 1706 2116 1746 auer-

531 1798 614 1845 tas
654 1789 845 1859 faciem
887 1786 1082 1842 Christi
1124 1786 1224 1840 tui.
1277 1785 1395 1841 Vox
1438 1790 1524 1839 est
1569 1783 1637 1837 ad
1685 1783 1855 1837 Deum
1901 1782 2116 1837 Patrem

532 1878 875 1948 deprecantis
914 1876 1231 1949 [Ecclesizez
1281 1889 1390 1929 non
1431 1880 1641 1929 avertat
1684 1872 1877 1928 faciem
1914 1871 2119 1928 Christi

533 1967 652 2032 sui,
692 1974 915 2037 propter
939 1965 1223 2021 victoriam
1252 1979 1412 2035 quam
1449 1963 1579 2019 fecit
1610 1964 1677 2019 de
1713 1961 1949 2018 inimicis
1982 1963 2116 2029 suis,

535 2058 591 2114 id
619 2067 735 2126 est,
775 2067 837 2114 ut
869 2058 1064 2113 avertit
1091 2072 1212 2112 eam
1246 2073 1278 2111 a
1306 2055 1525 2127 Iudaeis]
1554 2067 1580 2096 η
1608 2072 1622 2111 :
1659 2062 1714 2110 et
1740 2063 1864 2125 post
1888 2054 2123 2126 plenitu-

534 2150 717 2206 dinem
752 2151 992 2223 gentium
1021 2152 1197 2207 omnis
1234 2150 1398 2206 Israel
1441 2150 1624 2206 salvus
1655 2149 1778 2217 ﬁet,
1825 2152 1918 2221 qui
1963 2152 2122 2207 modo

537 2240 693 2315 μὴ,
718 2256 826 2312 quo
850 2240 1032 2314 modo]
1071 2242 1127 2297 in
1153 2241 1412 2312 apostolis
1437 2249 1494 2296 et
1517 2241 1739 2311 reliquis
1767 2241 1949 2297 salvus
1973 2249 2077 2297 est.

609 2335 771 2390 Vsus.
803 2335 891 2389 11.
917 2364 988 2374 -
1014 2334 1225 2388 Iuravit
1258 2333 1514 2387 Dominus
1544 2332 1714 2388 David
1749 2334 2044 2399 veritatem,
2075 2342 2124 2387 et

538 2440 645 2480 non
665 2424 1007 2495 frustrabitur
1026 2440 1165 2479 eum.
1195 2422 1405 2479 Juratio
1428 2423 1637 2478 Domini
1661 2422 2126 2481 conﬁrmationem

537 2515 816 2571 sententias
840 2513 1129 2586 signiﬁcat,
1151 2530 1250 2571 nec
1271 2513 1471 2569 frustra
1490 2515 1660 2586 iurat,
1682 2531 1785 2571 nec
1806 2516 1923 2570 sine
1945 2515 2124 2570 fructu

537 2608 643 2661 erit
669 2605 822 2679 [Ms.,
850 2622 952 2663 nec
978 2606 1237 2663 frustrum
1267 2606 1393 2679 erit]
1423 2607 1566 2677 quod
1592 2608 1877 2677 promittit,
1911 2608 2009 2663 sed
2037 2622 2128 2663 ve-

538 2696 759 2751 ritatem
798 2696 989 2768 jurans
1015 2697 1299 2752 veritatem
1346 2697 1567 2768 implet,
1615 2698 1741 2769 quia
1775 2698 1976 2753 veritas
2015 2696 2126 2755 falli

542 2803 651 2843 nou
681 2797 877 2859 potest.
916 2789 993 2844 De
1021 2790 1197 2859 fructu
1222 2789 1415 2844 ventris
1445 2791 1523 2843 tui
1550 2808 1741 2861 ponam
1768 2808 1927 2862 super
1953 2792 2128 2847 sedem

541 2885 691 2933 tuam
720 2878 864 2952 [Ms.,
898 2879 1118 2953 meam],
1161 2880 1215 2935 id
1242 2888 1355 2945 est,
1388 2881 1455 2936 de
1484 2890 1639 2937 utero
1666 2884 1912 2954 virginali
1940 2899 2130 2939 nasce-

542 2976 653 3035 tur,
694 2983 856 3038 quem
884 2984 1079 3038 ponam
1120 2985 1283 3040 super
1319 2971 1499 3025 sedem
1541 2986 1739 3026 meam.
1791 2972 1946 3028 Exiet
1980 2975 2129 3044 virga

484 3094 487 3097 ν
541 3061 608 3116 de
637 3062 813 3117 radice
838 3062 1009 3129 Iesse,
1042 3073 1090 3118 et
1123 3064 1221 3134 ﬂos
1248 3064 1313 3119 de
1348 3064 1524 3119 radice
1552 3066 1666 3136 ejus
1699 3068 1938 3122 ascendet
1966 3067 2123 3140 (Isai.

540 3165 620 3217 ιι,
649 3150 723 3222 1).
768 3151 931 3223 Virga
964 3152 1031 3207 de
1067 3154 1247 3209 radice
1274 3155 1599 3224 patriarchae
1626 3157 1799 3222 exiet,
1841 3168 1895 3213 et
1920 3157 2038 3226 ﬁos,
2073 3160 2128 3215 id

541 3251 653 3303 est,
681 3240 929 3298 Christus
957 3242 1024 3297 de
1050 3252 1241 3299 ventre
1264 3245 1490 3313 virginis
1519 3248 1793 3303 ascendet.
1838 3247 1991 3322 [Sed]
2021 3234 2128 3305 alia

540 3328 705 3384 habet
733 3330 1015 3386 translatio
1041 3349 1053 3385 :
1085 3332 1297 3388 Iurabit
1325 3334 1605 3401 Dominus,
1646 3346 1695 3391 et
1735 3354 1838 3392 non
1866 3341 2130 3410 paenitebit

542 3437 684 3475 eum.
718 3420 836 3476 Non
865 3421 1090 3491 alicujus
1114 3423 1282 3480 Deum
1310 3427 1557 3497 panitet,
1588 3427 1682 3483 sed
1711 3429 1912 3499 aliquid
1939 3431 2131 3487 immu-

542 3520 662 3569 tare
705 3529 829 3568 eum
874 3515 1177 3584 signiﬁcat,
1225 3517 1354 3572 dum
1400 3518 1618 3585 dicitur,
1667 3523 1891 3591 paenitet
1937 3522 2126 3578 Deum.

543 3603 754 3658 Iurabit
781 3604 1052 3671 Dominus,
1080 3616 1127 3660 et
1154 3624 1257 3663 non
1279 3610 1539 3679 paenitebit
1565 3628 1704 3676 eum,
1731 3612 1785 3666 id
1808 3621 1910 3677 est,
1937 3614 2132 3669 immu-

545 3691 710 3750 tabile
741 3694 858 3749 vult
885 3709 1230 3761 conservare,
1261 3697 1401 3767 quod
1431 3696 1561 3754 facit
1600 3697 1754 3772 [Ms.,
1798 3701 1936 3775 ﬁat],
1985 3706 2133 3774 quod

546 3785 739 3841 statuit
766 3801 889 3842 cum
917 3786 1085 3842 David
1114 3803 1270 3843 servo
1296 3804 1412 3843 suo.

618 3874 781 3929 Vens.
813 3875 899 3929 12.
940 3905 1011 3915 -
1057 3873 1115 3930 Si
1160 3878 1499 3932 custodierint
1524 3879 1624 3949 ﬁlii
1653 3881 1732 3934 tui
1765 3888 2130 3938 testamentum

546 3980 740 4031 meum,
789 3974 838 4019 et
885 3967 1180 4021 testimonia
1224 3985 1338 4022 mea
1382 3970 1516 4036 lucc,
1547 3987 1664 4036 qua:
1693 3970 1883 4026 docebo
1907 3989 2013 4028 eos.
2059 3972 2130 4028 Et

549 3987 740 4031 meum,
789 3987 837 4019 et
885 3987 1180 4021 tcsumoma
1224 3987 1338 4022 mea
1382 3987 1516 4036 nate,
1583 3987 1664 4025 ua:
1693 3987 1883 4026 nocebo
1907 3989 2013 4028 eos.
2059 3987 2130 4028 Et

549 4052 651 4124 ﬁlii
685 4072 866 4110 eorum
905 4073 1068 4127 usque
1107 4058 1162 4111 in
1198 4059 1449 4113 sacculum
1484 3987 1732 4114 segebunt
1768 4077 1924 4132 super
1956 4062 2130 4117 sedem

550 4160 739 4200 meam.
788 4145 985 4216 Utique
1027 4155 1082 4202 et
1127 4147 1219 4202 ﬁlii
1250 4146 1349 4220 [tui
1380 4156 1436 4205 et
1464 4147 1581 4221 lilii]
1615 4148 1848 4205 ﬁliorum
1877 4158 2092 4207 tuorum
2112 4193 2127 4218 ,

547 4233 593 4286 si
624 4235 979 4290 custodierint
1004 4245 1274 4306 praecepta
1301 4253 1444 4304 mea,
1472 4239 1733 4293 sedebant
1760 4253 1920 4309 super
1946 4240 2131 4295 sedem

548 4323 893 4380 beatitudinis
937 4335 1079 4381 tuae:
1120 4328 1247 4396 quia
1288 4343 1479 4383 omnes
1507 4327 1690 4384 ﬁdeles
1719 4328 1816 4383 ﬁlii
1861 4328 2031 4401 [sunt]
2075 4332 2130 4386 in

549 4412 768 4473 Christo
789 4409 954 4469 David
979 4423 1032 4470 et
1052 4416 1144 4470 lilii
1166 4417 1455 4483 Abraham,
1479 4418 1544 4473 de
1564 4419 1759 4488 quibus
1784 4420 1897 4490 ipsa
1916 4421 2126 4478 Veritas

552 4501 718 4562 dicit;
765 4501 958 4561 Potens
1003 4513 1076 4557 est
1122 4503 1263 4559 Deus
1306 4506 1369 4559 de
1412 4504 1671 4576 lapidibus
1718 4508 1831 4562 istis
1875 4512 2128 4565 suscitare

550 4588 692 4665 ﬁlios
718 4591 985 4646 Abraham
1014 4591 1227 4651 (Matth.
1258 4611 1341 4661 ιιι,
1368 4595 1445 4663 9).

624 4680 786 4738 Vsus.
812 4683 898 4739 l3.
921 4684 1262 4751 —Quonlam
1288 4685 1438 4758 elegit
1458 4687 1715 4743 Dominus
1738 4687 1888 4757 Sion,
1912 4691 2129 4762 pra'ele-

553 4772 629 4844 git
646 4788 762 4827 eam
775 4772 830 4827 in
841 4773 1213 4831 habitationem
1226 4777 1344 4832 sibi.
1373 4776 1501 4832 Sion
1515 4777 1835 4835 universalis
1847 4790 1928 4835 est
1940 4781 2129 4837 Eccle-

556 4860 658 4928 sia,
682 4861 735 4917 in
750 4862 953 4933 angelis
973 4864 1149 4931 beata,
1167 4866 1221 4920 in
1238 4867 1633 4923 habitatoribus
1655 4866 1847 4940 [Edit.,
1868 4870 2131 4927 habitatio

556 4950 734 5027 nibus]
759 4960 918 5008 terras
942 4956 1244 5025 peregrina,
1273 4972 1391 5025 qua:
1412 4966 1468 5012 et
1486 4957 1599 5027 ipsa
1630 4958 1685 5013 in
1722 4967 1878 5028 parte
1906 4970 2131 5018 ventura

551 5046 637 5094 est
670 5038 826 5111 [Ms.,
851 5056 978 5111 pars
1008 5041 1184 5098 futura
1233 5044 1336 5116 est]
1375 5045 1723 5104 beatitudinis
1750 5049 2021 5123 angekaa.
2064 5051 2135 5107 Et

554 5134 671 5189 haec
699 5144 774 5189 est
801 5135 1065 5192 habitatio
1091 5137 1184 5192 Dei
1215 5138 1381 5208 388
1407 5139 1459 5192 in
1488 5148 1768 5195 aeternum.
1797 5141 1943 5210 Quos
1971 5144 2134 5215 elegit

556 5222 613 5277 in
637 5220 852 5279 Christo
863 5225 1038 5293 ‘Deus,
1064 5226 1359 5299 praeelegit,
1382 5228 1434 5281 id
1461 5238 1560 5293 est,
1585 5231 1992 5299 praedestinavit
2008 5246 2134 5291 ante

556 5316 993 5372 constitutionem
1028 5318 1206 5373 saeculi
1237 5317 1394 5387 juxta
1423 5322 1742 5388 apostolum,
1776 5322 2127 5399 [dicentem]:

556 5400 696 5468 Quia
714 5422 842 5475 quos
866 5408 1090 5474 vocavit,
1106 5409 1199 5463 hos
1216 5417 1264 5463 et
1283 5408 1670 5479 prcedestinavit
1687 5411 1858 5484 (Rom.
1875 5428 1992 5480 vnl,
2015 5415 2126 5484 30).

626 5495 787 5555 Vens.
819 5498 904 5555 14.
927 5528 998 5539 -
1036 5498 1167 5555 Ηωσ
1196 5500 1393 5571 requies
1429 5516 1544 5554 mea
1571 5500 1627 5555 in
1653 5501 1906 5557 sarculum
1928 5507 2126 5566 surculi.

2200 513 2314 568 hzec
2350 512 2565 582 requies
2604 525 2751 574 mea,
2801 511 2890 565 hic
2928 511 3229 581 requiesco.
3278 508 3549 577 Quantum
3580 508 3774 582 [Edit.,

2199 599 2477 674 quoniam]
2519 616 2621 655 nos
2659 607 2807 655 amat
2843 599 2987 654 Deus
3018 596 3284 670 [fratres],
3314 607 3375 655 ut
3400 599 3529 668 quia
3557 614 3662 654 nos
3693 615 3778 656 re-

2200 693 2546 763 quiescimus,
2576 707 2638 748 se
2659 691 2805 748 dicat
2830 690 3191 762 requiescere.
3223 689 3339 745 Non
3368 690 3513 746 enim
3546 690 3663 759 ipse
3687 690 3785 746 alio

2201 784 2416 853 quando
2440 782 2708 848 turbatur,
2739 789 2833 835 aut
2860 781 2943 837 sic
2969 780 3300 851 requiescit:
3339 782 3435 837 sed
3464 781 3539 835 ibi
3567 796 3631 836 se
3656 781 3789 837 dicit

2203 872 2561 941 requiescere,
2591 871 2717 941 quia
2746 886 2844 926 nos
2870 871 2926 925 in
2965 870 3057 926 illo
3084 871 3327 941 requiem
3355 870 3649 927 habemus.
3686 869 3787 926 Hie

2202 963 2524 1029 inhabitabo,
2549 966 2797 1034 quoniam
2825 961 2954 1034 elegi
2981 978 3116 1016 eam.

2275 1054 2439 1109 Vens.
2472 1052 2558 1110 l5.
2583 1082 2655 1094 -—
2691 1051 2917 1107 Viduam
2953 1053 3070 1123 ejus
3109 1051 3414 1107 benedicens
3452 1050 3796 1117 benedicens,

2204 1159 2455 1216 pauperes
2478 1142 2592 1213 ejus
2614 1142 2859 1197 saturabo
2882 1142 3127 1215 panibus.
3166 1140 3355 1197 Omnis
3381 1141 3563 1196 anima
3586 1156 3712 1213 qua:
3737 1158 3797 1198 se

2208 1234 2456 1305 intelligit
2481 1233 2752 1289 desertam
2793 1234 2862 1290 ab
2898 1235 3047 1289 omni
3077 1224 3301 1297 auxilio,
3332 1233 3436 1288 nisi
3465 1232 3641 1287 solius
3667 1233 3797 1295 Dei,

2207 1327 2371 1382 vidua
2410 1334 2497 1382 est
2529 1326 2824 1382 secundum
2853 1324 3107 1381 saeculum
3129 1363 3145 1389 ,
3196 1323 3323 1394 quia
3371 1323 3634 1380 saeculum
3678 1338 3800 1379 eam

2208 1406 2446 1472 deserit:
2479 1430 2587 1471 non
2616 1423 2795 1470 tamen
2822 1414 3019 1471 exinde
3045 1415 3206 1469 vidua
3234 1420 3341 1480 est,
3370 1427 3492 1484 qua:
3518 1412 3800 1469 Christum

2211 1507 2376 1562 habet
2412 1507 2628 1571 virum;
2679 1505 2882 1562 idcirco
2931 1513 3120 1561 sancta
3161 1503 3402 1564 Ecclesia
3449 1504 3504 1559 in
3546 1505 3806 1560 omnibus

2211 1599 2473 1653 membris
2517 1598 2630 1653 suis
2666 1598 2828 1655 vidua
2868 1605 2985 1663 est,
3027 1613 3061 1653 a
3099 1596 3296 1653 smculo
3336 1596 3598 1653 derelicta
3639 1606 3804 1667 atque

2214 1696 2525 1759 contempta
2544 1728 2560 1756 ,
2602 1704 2633 1742 a
2672 1685 2890 1743 Christo
2916 1696 3098 1742 autem
3124 1687 3297 1743 electa
3325 1696 3381 1743 et
3407 1697 3688 1758 sponsata.
3735 1689 3802 1745 Et

2150 1781 2195 1841 Β
2219 1796 2474 1850 pauperes
2520 1779 2637 1850 ejus
2680 1779 2927 1834 saturabo
2973 1778 3219 1849 panibus.
3280 1778 3554 1851 Pauperes
3603 1779 3809 1836 Christi

2219 1879 2367 1937 sunt,
2397 1872 2489 1942 qui
2517 1886 2626 1927 non
2653 1879 2840 1928 amant
2868 1870 2970 1927 hoc
2998 1870 3284 1936 sarculum,
3317 1872 3432 1927 sive
3457 1872 3702 1928 habeant
3727 1874 3809 1929 di-

2218 1962 2398 2029 vitias,
2445 1963 2558 2018 sive
2583 1977 2693 2018 non
2721 1962 2979 2019 habeant.
3025 1961 3309 2032 Aliquibus
3336 1962 3483 2019 enim
3511 1963 3657 2019 datae
3685 1972 3809 2019 sunt

2220 2051 2422 2107 divitia:
2466 2051 2535 2108 ad
2574 2052 2994 2122 dispensandum
3025 2054 3211 2125 egenis
3234 2093 3251 2122 ,
3301 2070 3409 2110 non
3447 2062 3634 2110 autem
3674 2056 3819 2111 data

2221 2148 2348 2197 sunt
2371 2141 2453 2198 eis
2476 2142 2545 2197 ad
2569 2142 2985 2213 possidendum:
3019 2159 3194 2217 neque
3217 2160 3369 2217 spem
3394 2146 3452 2202 in
3479 2146 3590 2202 illis
3615 2147 3813 2202 debent

2220 2248 2444 2304 ponere,
2464 2248 2566 2289 nec
2586 2234 2888 2291 satietatem
2916 2235 2969 2290 in
2998 2236 3103 2292 illis
3128 2236 3360 2303 habere;
3391 2237 3487 2293 sed
3513 2238 3568 2293 in
3595 2240 3820 2294 nomine

2222 2327 2424 2384 Christi
2453 2328 2757 2395 conlidere,
2803 2336 2856 2384 et
2883 2328 2937 2383 in
2958 2327 3170 2399 iustitia
3189 2370 3204 2395 ,
3249 2337 3305 2384 et
3333 2330 3387 2383 in
3415 2330 3688 2385 charitate
3716 2328 3815 2388 Dei

2222 2426 2278 2473 et
2301 2419 2574 2489 proximi:
2607 2420 2724 2476 hac
2742 2428 2828 2476 est
2854 2421 3110 2477 saturitas
3134 2428 3468 2487 sanctorum,
3493 2436 3605 2477 non
3630 2420 3821 2480 steatli‘

2225 2510 2445 2565 divitiae.

2295 2603 2461 2659 Vsns.
2492 2601 2578 2658 16.
2602 2633 2675 2644 -
2704 2601 3011 2659 Sacerdotes
3048 2604 3165 2675 ejus
3202 2604 3423 2660 induam
3464 2604 3726 2671 salutari,
3769 2615 3817 2660 et

2225 2695 2395 2748 sancti
2423 2694 2541 2763 eius
2568 2693 2916 2749 exsultatione
2941 2695 3296 2750 exsultabant.
3351 2694 3451 2764 Qui
3484 2705 3616 2752 sunt
3641 2712 3821 2752 sacer-

2227 2785 2421 2841 dotes?
2469 2786 2563 2856 qui
2608 2786 2812 2856 seipsos
2852 2786 3163 2842 obtulerunt
3211 2785 3367 2859 [Hs.,
3397 2786 3658 2860 offerunt]
3707 2787 3824 2843 Deo

2227 2882 2462 2941 hostiam
2490 2883 2690 2949 vivam,
2723 2882 2832 2938 Deo
2858 2883 3180 2954 placentem.
3217 2884 3282 2938 Et
3311 2886 3532 2941 induam
3559 2887 3817 2949 salutari,

2228 2973 2281 3027 id
2312 2980 2427 3039 est,
2466 2972 2680 3029 Christo
2709 2972 2866 3040 Jesu,
2907 2975 2999 3044 qui
3024 2982 3106 3030 est
3137 2975 3279 3030 salus
3308 2977 3551 3031 omnium
3582 2977 3816 3033 creden~

2231 3065 2363 3119 tium
2412 3074 2474 3121 ut
2519 3064 2807 3135 Apostolus
2855 3066 2933 3120 ait
2972 3066 2989 3120 ε’
3040 3066 3305 3138 Quotquot
3352 3067 3608 3139 baptizati
3653 3069 3781 3123 estis
3806 3108 3827 3134 ,

2231 3155 2499 3211 Christum
2529 3156 2772 3211 induistis
2801 3155 2945 3228 (Gal.
2974 3172 3055 3222 ιιι,
3082 3140 3221 3230 97).’
3249 3157 3321 3213 Et
3364 3160 3534 3213 sancti
3570 3160 3689 3229 ejus
3726 3175 3826 3214 ea:-

2228 3243 2513 3299 sultatione
2541 3244 2894 3300 exsultabunt.
2950 3246 3010 3301 In
3048 3263 3157 3317 quo
3197 3248 3586 3304 cxsultabunt?
3640 3247 3714 3304 Ut
3743 3249 3827 3304 in—

2230 3335 2468 3390 duantur
2492 3335 2740 3401 Christo;
2772 3336 2895 3392 ideo
2919 3338 3154 3408 subjecit
3179 3356 3193 3392 :

2300 3426 2463 3481 Vnus.
2496 3426 2582 3480 17.
2610 3456 2683 3467 --
2720 3426 2858 3482 Illuc
2894 3428 3182 3499 producam
3216 3444 3381 3483 cornu
3409 3427 3608 3496 David,
3639 3432 3829 3501 parari

2229 3516 2499 3571 lucernam
2530 3517 2737 3572 Christo
2771 3534 2905 3572 meo.
2967 3518 3039 3574 Ut
3083 3519 3149 3574 de
3195 3518 3414 3576 Christo
3464 3519 3826 3593 intelligatur,

2229 3623 2336 3662 non
2371 3607 2436 3662 de
2469 3608 2583 3663 solo
2618 3622 2784 3677 regno
2812 3607 2970 3680 μὴ,
3000 3610 3062 3664 ut
3090 3611 3157 3666 de
3182 3609 3399 3668 Christo
3425 3621 3824 3683 prtesumatur,

2229 3716 2335 3755 non
2365 3699 2432 3754 de
2459 3700 2699 3773 saeculo].
2736 3701 2916 3758 Cornu
2946 3716 3170 3774 regnum
3208 3711 3263 3759 et
3286 3702 3623 3759 altitudinem
3644 3705 3829 3776 signi-

2231 3790 2356 3846 ﬁcat
2371 3807 2385 3856 ;
2403 3790 2571 3845 David
2590 3806 2770 3863 regem
2788 3790 3082 3848 Christum.
3106 3792 3302 3849 Paravi
3323 3792 3594 3848 lucernam
3609 3792 3827 3849 Christo

2229 3896 2364 3934 meo.
2421 3880 2540 3950 Ipsa
2569 3881 2782 3936 Veritas
2834 3881 2888 3936 in
2938 3881 3228 3954 Evangelia
3274 3882 3340 3937 de
3388 3880 3598 3937 Joanne
3646 3882 3827 3937 dicit:

2231 3971 2332 4026 Ille
2357 3981 2471 4026 erat
2505 3971 2717 4027 lucerna
2751 3972 2942 4027 ardens
2971 3982 3019 4027 et
3048 3972 3225 4027 lucens
3242 4014 3257 4038 ,
3296 3971 3386 4027 ille
3411 3981 3632 4044 paratus
3661 3972 3768 4041 fuit
3795 3991 3829 4027 a

2228 4061 2340 4118 Deo
2369 4062 2547 4127 Patre,
2579 4072 2635 4116 ut
2658 4063 2868 4133 prwiret
2893 4063 3081 4132 faciem
3105 4062 3303 4117 Christi
3329 4063 3436 4128 sui,
3461 4062 3598 4117 sicut
3620 4062 3832 4116 dictum

2229 4163 2305 4207 est
2350 4168 2370 4208 :
2405 4151 2542 4208 Ecce
2573 4168 2667 4224 ego
2701 4153 2852 4208 mitto
2881 4151 3123 4225 angelum
3153 4168 3346 4219 meum,
3382 4152 3476 4224 qui
3502 4151 3832 4223 prrrparabit

2230 4244 2369 4299 riam
2396 4251 2543 4297 tuam
2569 4251 2781 4298 ante‘te.

2300 4333 2463 4390 Vsus.
2492 4334 2579 4389 18.
2600 4363 2673 4374 -
2706 4331 2955 4388 Inimicos
2980 4332 3093 4404 ejus
3119 4333 3339 4389 induam
3366 4330 3695 4403 confusione,
3724 4348 3827 4386 su-

2228 4438 2322 4494 per
2356 4424 2527 4494 ipsum
2566 4432 2743 4479 autem
2791 4423 3034 4495 efﬂorebit
3068 4424 3416 4495 sanctiﬁcatio
3453 4439 3607 4478 mea.
3645 4421 3834 4492 Super

2231 4512 2426 4582 ipsum,
2455 4513 2511 4569 id
2533 4522 2637 4579 est,
2666 4513 2960 4579 Christum,
2990 4512 3253 4570 elllorebit
3280 4512 3643 4571 sanctiﬁcatio
3669 4528 3827 4569 mea.

2226 4595 2286 4658 la
2323 4604 2493 4674 ipsius
2519 4620 2647 4662 vero
2680 4605 3003 4676 baptismate
3037 4606 3283 4662 remissio
3318 4612 3667 4676 peccatorum
3692 4612 3826 4669 est,

2228 4703 2285 4750 et
2306 4696 2663 4751 sanctiﬁcatio
2687 4706 2742 4753 et
2768 4696 3005 4768 Spiritus
3029 4698 3202 4754 sancti
3227 4700 3444 4762 donum,
3473 4697 3591 4765 ipso
3611 4694 3833 4752 Joanne

2229 4795 2520 4843 attestante
2551 4787 2665 4860 [qui
2695 4788 2791 4861 ait]
2816 4804 2831 4843 :
2864 4788 2968 4843 Hic
2994 4799 3102 4855 est,
3143 4790 3232 4862 qui
3262 4790 3491 4862 baptizat
3524 4789 3584 4843 in
3613 4786 3832 4858 Spiritu

2236 4888 2436 4942 sancto,
2472 4888 2522 4934 et
2549 4895 2643 4950 ego
2668 4880 2796 4946 vidi,
2834 4891 2884 4936 et
2919 4882 3269 4936 testimonium
3298 4879 3557 4952 perhibui,
3580 4880 3705 4951 quia
3734 4879 3830 4934 hic

2236 4979 2313 5025 est
2338 4968 2513 5025 Filius
2540 4970 2642 5025 Dei
2668 4970 2850 5042 (Ioan.
2876 4970 2940 5043 ι).

2718 5059 3037 5117 PSALMUS
3072 5059 3331 5117 CXXXII.

2308 5148 2559 5206 Pervenit
2591 5150 2705 5220 jam
2746 5151 2812 5206 ad
2851 5149 3112 5219 psalmum
3153 5148 3356 5221 [quarti
3393 5148 3587 5206 decimi
3611 5147 3828 5220 (Edit.,

2232 5250 2484 5310 quartum
2506 5242 2798 5309 decimum)
2821 5240 3063 5314 gradus],
3094 5241 3151 5296 in
3176 5255 3283 5310 quo
3310 5241 3570 5296 unitatem
3599 5248 3829 5295 sancto—

2233 5346 2351 5385 rum
2390 5331 2573 5387 laudat
2609 5333 2712 5387 iste
2745 5332 3078 5387 ascensionis
3113 5338 3367 5386 amator:
3412 5329 3610 5402 gaudet
3645 5344 3705 5385 se
3742 5330 3825 5384 ad

2232 5420 2491 5476 unitatem
2517 5419 2771 5477 fraterna:
2796 5420 3076 5476 charitatis
3098 5419 3403 5490 pervenire,
3432 5420 3551 5476 ideo
3576 5417 3685 5473 ait:

2303 5509 2464 5566 Vsus.
2500 5511 2550 5565 l.
2573 5542 2643 5553 --
2667 5510 2802 5566 Ecce
2829 5526 2987 5565 ouant
3016 5510 3209 5564 bonum
3236 5519 3286 5565 et
3308 5525 3467 5582 quam
3486 5507 3823 5579 jucundum,

628 5625 865 5715 {ﬁdit}
914 5629 1404 5715 Deprecantispro
1449 5634 1724 5715 Ecclesia:
1769 5638 1891 5693 Non
1921 5648 2123 5695 avertas
2162 5640 2349 5711 [aciem
2370 5643 2563 5700 Christi
2586 5644 2682 5709 tui,
2705 5652 2924 5715 propter
2945 5642 3222 5699 victoriam
3269 5657 3429 5715 quam
3478 5640 3606 5697 fecit
3646 5639 3824 5696 David

557 5692 625 5748 de
652 5697 879 5755 inimicis
905 5692 1037 5769 suis,
1063 5712 1245 5760 averte
1274 5692 1407 5761 iram
1435 5722 1466 5760 a
1490 5704 1708 5762 Iuda-is.
