4072 6340
234 330 330 389 657

223 527 497 605 jucundius
519 534 621 592 est,
652 526 760 581 imo
786 525 915 595 quid
938 524 1152 589 melius,
1179 539 1341 593 quam
1367 522 1547 578 unitas
1574 528 1630 577 et
1653 522 1779 576 cha-

227 626 350 681 ritas
378 621 432 675 in
455 617 659 675 Christi
688 616 965 684 membris,
986 632 1108 686 quae
1135 615 1332 670 fratres
1357 616 1636 670 nominare
1656 614 1776 685 pla-

226 715 361 785 cuit;
406 717 463 765 et
502 710 589 765 cui
630 709 709 764 rei
738 708 928 765 similis
954 707 1024 762 sit
1047 708 1165 762 haec
1191 706 1400 771 unitas,
1446 704 1502 759 in
1530 703 1774 774 sequenti

223 802 577 878 paradigmate
601 799 868 871 exposuit,
896 797 1116 853 dicens:

291 919 443 975 Vens.
470 914 527 969 2.
551 942 621 963 -ν-
648 911 795 968 Sicut
831 919 1150 982 unguentum
1186 909 1244 962 in
1278 907 1474 976 capite,
1511 904 1650 978 quod
1684 905 1780 961 de-

220 1007 403 1068 scendit
421 1006 479 1059 in
499 1004 735 1067 barbam,
752 1001 966 1056 barbam
979 999 1177 1054 Aaron.
1202 997 1334 1064 Quis
1350 1006 1434 1052 est
1455 997 1555 1052 iste
1569 994 1781 1049 Aaron?

222 1095 406 1167 Utique
423 1094 695 1159 Christus,
722 1091 813 1163 qui
850 1089 997 1146 solus
1024 1089 1244 1144 intravit
1262 1088 1318 1143 in
1347 1087 1546 1143 Sancta
1567 1093 1782 1142 sancto-

221 1205 331 1247 rum
360 1189 414 1242 in
438 1186 719 1258 sanguine,
750 1200 857 1240 non
885 1182 1081 1247 alieno,
1122 1181 1215 1237 sed
1248 1180 1484 1251 proprio,
1517 1180 1780 1234 interces-

220 1294 370 1337 surus
399 1294 502 1349 pro
531 1277 686 1332 nobis
724 1276 864 1346 apud
898 1275 1065 1329 Deum
1091 1273 1327 1329 Patrem.
1373 1273 1520 1329 Sicut
1547 1290 1784 1344 unguen-

218 1380 320 1425 tum
347 1371 403 1424 in
428 1369 596 1440 capite
619 1384 638 1423 :
674 1367 1015 1438 Unguentum
1042 1366 1145 1421 hoc
1175 1365 1408 1435 Spiritus
1435 1374 1654 1421 sanctus
1677 1373 1780 1430 est,

215 1460 348 1530 quod
383 1473 413 1513 a
450 1458 631 1529 capite
654 1456 856 1512 Christi
895 1455 1107 1521 deﬂuit;
1160 1471 1287 1509 nam
1334 1464 1494 1524 caput
1541 1462 1784 1510 nostrum

211 1551 453 1607 Christus
478 1556 583 1606 est.
620 1548 899 1603 Descendit
930 1549 986 1602 in
1013 1546 1257 1612 barbam,
1297 1546 1348 1601 id
1375 1554 1487 1611 est,
1527 1544 1695 1601 fortes
1730 1551 1787 1600 et

213 1641 545 1697 invincibiles
569 1647 895 1712 pugnatores
915 1654 1011 1709 pro
1035 1636 1235 1693 Christi
1259 1636 1490 1698 nomine,
1516 1634 1786 1705 apostolos

210 1732 438 1813 primum
479 1739 536 1787 et
571 1731 998 1786 sanctiﬁcatores
1026 1728 1179 1801 [Ms.,
1208 1725 1595 1798 sanctificatos]
1634 1741 1779 1780 mar-

212 1831 382 1895 tyres,
425 1831 484 1879 et
528 1824 609 1879 sic
653 1823 710 1879 in
755 1836 944 1877 omnes
986 1820 1173 1876 ﬁdeles
1209 1819 1490 1889 pervenit,
1535 1818 1655 1872 ideo
1683 1817 1779 1871 ad-

200 1912 415 1981 junxit:
455 1910 611 1977 Quod
655 1911 917 1966 descendit
963 1911 1020 1965 in
1067 1926 1215 1965 oram
1259 1909 1565 1964 vestimenti.
1615 1906 1783 1977 Hujus

205 2003 586 2059 vestimentum
612 2002 906 2058 sacerdotis
933 2009 1117 2058 sancta
1140 2000 1269 2074 [est]
1294 2000 1557 2068 Ecclesia,
1581 2016 1702 2071 quae
1727 2001 1783 2056 in

204 2093 365 2157 tinem
410 2096 602 2150 mundi
643 2095 762 2167 ejus
805 2096 1064 2167 sanguine
1107 2103 1422 2151 consecrata
1462 2103 1582 2163 est,
1632 2103 1687 2150 et
1728 2095 1782 2150 in

200 2192 404 2239 vestem
435 2184 543 2240 sibi
568 2193 839 2241 contexta.
876 2184 1001 2241 Ideo
1027 2184 1161 2240 dixit
1189 2185 1244 2238 in
1269 2199 1421 2240 oram
1446 2183 1780 2246 vestimenti,

192 2273 646 2345 subjungensque
687 2276 764 2329 ait
803 2274 964 2331 aliam
1003 2274 1407 2330 similitudinem
1453 2274 1554 2329 sub
1597 2272 1786 2328 eadem

186 2364 603 2437 signiﬁcatione
632 2382 646 2420 :

248 2473 426 2544 389
464 2473 642 2528 Vens.
683 2475 737 2529 5.
773 2502 846 2519 -ν
884 2471 1034 2528 Sicut
1075 2489 1159 2527 ros
1187 2471 1439 2536 Hermon,
1465 2471 1554 2542 qui
1577 2470 1789 2525 descen-

175 2561 255 2616 dit
284 2562 344 2616 in
377 2570 626 2617 montem
663 2562 814 2619 Sion.
853 2563 1087 2620 Hermon
1127 2562 1322 2619 dicitur
1358 2562 1786 2631 interpretatum,

179 2666 382 2708 nomen
409 2653 752 2719 exaltatum,
779 2654 921 2723 quod
946 2661 1031 2709 est
1054 2653 1298 2709 Christus
1322 2653 1377 2707 in
1405 2667 1564 2711 cruce
1584 2652 1791 2707 exalta-

183 2754 295 2811 ωε,
322 2752 384 2801 et
406 2751 613 2815 postea
642 2745 696 2799 in
717 2744 912 2800 coelum
935 2745 1193 2808 elevatus,
1217 2742 1370 2813 cujus
1391 2743 1583 2814 gratia,
1608 2742 1663 2797 id
1683 2750 1787 2808 est,

196 2839 479 2904 rosiliius,
510 2838 785 2894 descendit
812 2838 866 2893 in
904 2846 1141 2893 montem
1170 2836 1321 2903 Sion,
1349 2836 1403 2890 id
1430 2843 1534 2900 est,
1570 2846 1793 2890 sanctus

196 2937 251 2985 et
273 2927 558 2999 perfectus
583 2927 638 2982 in
662 2927 906 2983 Ecclesia
925 2926 1145 2982 Christi.
1172 2926 1322 2993 Quod
1350 2925 1493 2982 enim
1515 2924 1682 2980 barba
1705 2922 1792 2980 vel

197 3032 291 3077 Ora
320 3016 641 3073 vestimenti
664 3017 952 3085 significat,
979 3018 1083 3072 hoc
1109 3016 1272 3071 etiam
1293 3029 1449 3069 mons
1470 3013 1599 3069 Sion
1621 3013 1790 3083 signi-

967 320 1377 379 EXEGETICA.
1413 348 1487 361 —
1520 313 1884 375 EXPOSITIO
1919 317 1987 373 IN
2023 315 2216 373 PSAL.
2259 313 2693 373 CRADUALES.

229 440 450 497 habitare
473 433 663 506 fratres
690 433 747 489 in
770 449 952 487 unum.
990 432 1127 499 Quid
1152 430 1428 501 pulchrius
1448 436 1556 523 est,
1587 428 1782 499 quidve
1800 436 1853 523 ρ

3354 315 3459 379 638

2351 422 2669 480 PSALMUS
2709 422 2983 480 CXXXIII.

1949 517 2111 572 Vsus.
2149 516 2202 572 1.
2239 546 2311 557 --
2350 516 2482 571 Ecce
2508 533 2645 570 nunc
2665 514 2943 570 benedicite
2963 514 3458 581 Dommum,omnes

1876 611 2010 667 servi
2034 610 2265 665 Domini.
2296 610 2439 665 Ecce
2467 624 2630 675 nunc,
2661 609 2716 663 id
2751 614 2855 672 est,
2894 607 2950 663 in
2981 608 3086 663 hoc
3115 615 3376 679 tempore,
3403 608 3460 666 in

1878 716 1985 772 quo
2014 700 2359 771 congregavit
2384 714 2482 754 nos
2507 698 2765 753 Dominus
2784 713 2882 769 per
2908 698 3237 769 unigenitum
3262 697 3458 753 Filium

1875 806 2033 847 suum
2056 790 2113 846 in
2140 791 2356 846 domum
2382 788 2679 844 dilectionis
2701 802 2811 841 suae
2826 827 2842 853 ,
2872 786 3255 843 benedicamus
3279 786 3461 843 Domi-

1878 895 2028 944 num,
2050 893 2157 933 non
2183 875 2494 933 transitoria
2522 876 2617 930 sed
2642 874 3014 945 permansoria
3051 874 3229 940 laude,
3262 874 3462 930 alteru-

1880 979 2023 1025 trum
2050 970 2350 1033 hortantes,
2378 982 2476 1021 nos
2500 976 2646 1022 stare
2670 976 2725 1021 et
2750 981 3067 1037 permanere
3086 967 3142 1021 in
3161 965 3320 1022 laude
3339 965 3457 1022 Dei.

1883 1061 1984 1128 Qui
2015 1062 2164 1115 statis
2191 1061 2247 1115 in
2283 1060 2438 1115 domo
2467 1058 2698 1123 Domini,
2734 1058 2790 1111 in
2827 1058 2974 1112 atriis
3009 1057 3194 1111 domus
3232 1056 3328 1111 Dei
3365 1073 3462 1111 no-

1880 1150 1995 1205 stri.
2026 1149 2083 1204 ld
2113 1156 2216 1211 est,
2255 1149 2345 1218 qui
2372 1146 2701 1217 permanetis
2734 1145 2788 1200 in
2812 1145 3076 1201 catholica
3106 1144 3230 1211 ﬁde,
3252 1146 3308 1200 in
3335 1147 3461 1200 uni-

1882 1247 1993 1295 tate
2019 1236 2318 1302 charitatis,
2349 1251 2469 1306 qua:
2515 1235 2642 1290 atrii
2676 1235 2893 1290 nomine
2927 1235 2979 1289 in
3017 1235 3122 1290 hoc
3156 1234 3276 1289 loco
3318 1233 3463 1289 desi-

1882 1337 2097 1402 gnatur.
2124 1327 2338 1383 Atrium
2366 1333 2545 1380 autem
2570 1324 2710 1379 latus
2738 1331 2823 1379 est
2860 1324 3033 1390 locus,
3066 1332 3122 1379 et
3148 1330 3366 1394 apertus
3393 1322 3464 1378 ad

1883 1423 2054 1478 solem
2081 1440 2094 1475 :
2122 1421 2196 1495 ita
2224 1434 2377 1475 mens
2400 1426 2607 1483 nostra,
2633 1416 2917 1471 latitudine
2944 1404 3225 1470 chari'tatis
3263 1414 3461 1469 illumi-

1885 1521 2033 1577 nata,
2067 1508 2318 1566 omnibus
2348 1516 2536 1580 aperta
2562 1506 2721 1563 debet
2745 1517 2867 1560 esse
2895 1504 2962 1559 ad
2996 1503 3459 1559 benefaciendum.

1881 1601 2104 1659 Addidit
2125 1618 2140 1656 :

1956 1693 2119 1748 Vsus.
2159 1689 2213 1746 2.
2251 1720 2325 1731 -
2358 1687 2426 1744 1η
2455 1687 2691 1744 noctibus
2719 1684 2947 1740 extollite
2970 1700 3156 1738 manus
3186 1696 3377 1739 vestras
3405 1683 3463 1737 in

1815 1788 1859 1848 Β
1883 1792 2085 1848 sancta,
2109 1791 2157 1837 et
2184 1780 2466 1837 benedicite
2488 1777 2789 1832 Dominum.
2814 1774 3009 1830 Noctes
3035 1775 3217 1843 itaque
3239 1770 3463 1831 tribula—

1886 1876 2060 1932 tiones
2084 1871 2389 1943 significant
2414 1868 2573 1939 hujus
2602 1866 2802 1933 saeculi,
2838 1866 2893 1921 in
2922 1865 3117 1935 quibus
3146 1864 3465 1918 admonetur

1885 1982 2079 2025 manus
2115 1965 2184 2021 ad
2222 1964 2367 2020 bona
2401 1976 2567 2032 opera
2607 1959 2807 2024 levare,
2833 1964 2890 2013 et
2921 1955 3208 2011 Dominum
3242 1951 3465 2009 benedi-

1884 2071 2029 2123 cere,
2056 2070 2162 2111 non
2201 2053 2373 2109 solum
2404 2050 2603 2116 verbis,
2639 2048 2734 2104 sed
2769 2053 2825 2102 et
2856 2045 3108 2116 Operibus
3141 2042 3316 2097 bonis.
3357 2039 3464 2095 Fa-

1885 2144 1988 2200 cile
2011 2151 2095 2200 est
2119 2141 2291 2197 Deum
2326 2141 2382 2197 in
2421 2136 2695 2211 prosperis
2732 2134 3076 2197 benedicere,
3113 2129 3207 2186 sed
3240 2127 3467 2183 multum

1887 2233 2253 2292 necessarium
2276 2238 2382 2296 est,
2421 2244 2543 2284 eum
2580 2228 2636 2283 in
2678 2224 2921 2280 adversis
2945 2222 3167 2277 laudare
3194 2234 3314 2274 cum
3342 2216 3464 2284 Job,

1888 2327 1982 2397 qui
1999 2324 2251 2381 omnibus
2279 2321 2471 2376 ablatis
2498 2333 2617 2391 quae
2651 2317 2853 2372 habere
2885 2313 3076 2384 potuit,
3112 2311 3188 2365 ait
3215 2324 3231 2363 :
3263 2309 3346 2364 Sit
3374 2324 3469 2362 no-

1888 2432 2008 2471 men
2034 2413 2249 2469 Domini
2274 2410 2594 2465 benedictum
2621 2424 2684 2463 ex
2703 2408 2800 2460 hoc
2830 2420 2966 2461 nunc
3001 2411 3051 2458 et
3083 2417 3239 2473 usque
3275 2401 3331 2453 in
3368 2414 3470 2454 sa:-

1890 2505 2067 2560 culum
2097 2502 2238 2575 (Job.
2269 2517 2311 2567 I,
2335 2500 2448 2570 21).
2481 2497 2734 2567 Sequitur
2764 2513 2777 2549 :

1961 2594 2125 2650 Vnus.
2165 2578 2220 2648 5.
2258 2620 2330 2632 —
2364 2587 2644 2643 Benedicat
2672 2595 2720 2640 te
2743 2583 2999 2638 Dominus
3025 2596 3089 2635 ea:
3108 2578 3260 2645 Sion,
3280 2578 3369 2649 qui
3393 2575 3470 2647 fe-

1891 2688 1963 2743 cit
1990 2686 2173 2742 caelum
2201 2693 2251 2740 et
2289 2692 2502 2740 terram.
2543 2680 2671 2736 Sion
2700 2677 2918 2750 specula
2947 2674 3137 2748 [Edit.,
3169 2669 3466 2744 speculum]

1892 2777 2107 2841 dicitur,
2139 2775 2192 2829 in
2211 2788 2318 2844 qua
2344 2769 2690 2826 benedicendi
2714 2774 2841 2823 sunt
2863 2765 3058 2830 sancti,
3085 2763 3176 2832 qui
3213 2761 3282 2817 ad
3314 2759 3473 2831 quin-

1893 2880 2009 2926 tum
2028 2869 2295 2925 decimum
2315 2866 2538 2940 gradum
2558 2861 2894 2933 perveniunt,
2917 2865 2969 2913 et
2992 2857 3047 2912 in
3068 2851 3347 2912 caenaculo
3365 2852 3469 2906 sub

1894 2976 2121 3017 numero
2151 2958 2328 3016 decies
2364 2953 2692 3011 duodenario
2726 2950 2985 3020 Spiritum
3020 2952 3268 3002 sanctum
3313 2956 3471 2999 rece-

1895 3058 2112 3123 perunt.
2142 3050 2284 3121 Ergo
2321 3047 2368 3102 si
2412 3059 2602 3101 omnes
2649 3055 2901 3097 numeros
2939 3037 3008 3093 ab
3050 3051 3159 3091 uno
3194 3048 3366 3104 usque
3403 3031 3474 3087 ad

196 3107 361 3211 ac?”
389 3107 919 3215 Ῡίᾱθῃῖἷῖἓθᾳυίωτ
945 3109 1261 3215 ³,,ραθπὶαηδ
1285 3108 1356 3213 if".
1383 3107 1649 3215 mamfav“
1816 3128 1865 3195 C
1894 3105 2196 3215 quindecim
2218 3105 2565 3211 aggregabis,
2596 3134 2732 3189 ﬁunt
2765 3140 2981 3188 centum
3012 3129 3222 3200 viginti,
3252 3126 3345 3196 qui
3371 3140 3474 3180 nu-

198 3199 372 3252 minus
400 3198 835 3271 benedictionem,
859 3210 908 3254 et
932 3200 1083 3255 vitam
1120 3216 1280 3270 usque
1304 3200 1360 3254 in
1385 3199 1655 3255 sarculum.
1689 3196 1792 3254 Ubi

195 3287 513 3343 mandavit?
571 3287 632 3342 In
683 3286 939 3345 fratribus
993 3288 1241 3344 videlicet
1291 3288 1383 3358 qui
1435 3288 1681 3343 habitant
1734 3286 1791 3342 in

194 3392 379 3444 unum,
428 3379 508 3434 ibi
555 3381 811 3451 praecepit
845 3380 1302 3447 benedictionem,
1348 3378 1424 3435 ibi
1465 3378 1793 3434 benedicunt

192 3465 504 3535 Dominum,
530 3468 628 3540 qui
654 3470 898 3526 habitant
924 3471 1278 3537 concorditer,
1308 3470 1382 3525 ibi
1416 3470 1577 3525 etiam
1612 3477 1667 3523 et
1702 3468 1785 3523 vi-

194 3562 301 3613 tam
324 3565 601 3615 aeternam
622 3560 926 3631 percipiunt
946 3559 1101 3633 [Hs.,
1129 3560 1200 3616 ibi
1221 3561 1385 3616 etiam
1406 3561 1517 3615 vita
1538 3558 1783 3631 aeterna].

259 3665 563 3741 ﬂuensque
601 3684 701 3743 per
737 3671 935 3741 gradus
967 3680 1223 3727 canentes
1260 3670 1683 3727 ascendebamus
1720 3667 1789 3723 ad

194 3755 408 3815 domum
439 3759 566 3815 Dei.
603 3760 894 3819 Videamus
919 3764 1045 3833 quid
1068 3764 1332 3834 agendum
1357 3765 1428 3818 sit
1458 3763 1513 3818 in
1539 3777 1623 3817 ea.
1650 3761 1788 3829 Quid

193 3846 381 3919 igitur?
411 3851 523 3906 nisi
554 3851 846 3908 Dominum
871 3854 1054 3922 corde,
1073 3862 1129 3909 et
1147 3870 1241 3909 ore
1261 3854 1315 3910 in
1340 3855 1603 3911 charitate
1628 3854 1791 3909 bene-

192 3935 388 4005 dicere,
420 3955 555 3996 cum
586 3940 857 4013 Propheta
884 3944 1122 4001 dicentes
1154 3963 1166 3996 :

1892 3250 2098 3300 merus,
2127 3234 2295 3289 sancti
2337 3230 2572 3301 Spiritus
2608 3227 2837 3281 adventu
2874 3227 3239 3285 consecratus,
3270 3215 3474 3288 signiﬁ-

1890 3336 1998 3393 cat,
2023 3325 2192 3380 veteri
2228 3328 2551 3378 testamento
2589 3333 2789 3374 novum
2814 3313 3109 3384 designari,
3136 3317 3193 3366 et
3221 3324 3357 3365 novo
3378 3322 3473 3362 ve—

1886 3427 1976 3475 tur
1997 3415 2296 3487 adimpleri.
2318 3414 2376 3469 In
2396 3412 2571 3484 primo
2591 3410 2759 3486 gradu
2783 3405 3021 3462 tribulati
3037 3401 3387 3459 clamavimus
3403 3399 3472 3455 ad

1886 3512 2173 3568 Dominum
2200 3526 2214 3563 :
2247 3508 2300 3562 in
2328 3496 2516 3576 quinto
2541 3502 2748 3558 decimo
2782 3496 2998 3554 liberati
3041 3510 3072 3550 a
3113 3491 3473 3548 tribulationi-

1885 3605 2006 3669 bus,
2048 3602 2332 3658 Dominum
2359 3597 2681 3655 benedicere
2714 3593 2987 3665 jubemur,
3027 3603 3135 3643 non
3176 3586 3339 3645 alium
3364 3582 3472 3639 nisi

1886 3710 2033 3759 eum,
2074 3692 2166 3761 qui
2206 3690 2335 3745 fecit
2365 3687 2562 3744 coelum
2598 3692 2655 3740 et
2696 3690 2897 3759 terram
2935 3697 2948 3734 :
2981 3677 3178 3734 Cadunt
3206 3673 3321 3730 coeli
3357 3670 3472 3761 Do-

1889 3759 2312 3846 mino,_terram
2370 3765 2544 3832 autem
2590 3774 2733 3830 dedit
2784 3771 2910 3841 ﬁliis
2954 3769 3224 3824 hominum
3288 3759 3468 3834 (Psai.

1890 3864 2045 3936 cxiii,
2078 3870 2189 3943 16),
2223 3870 2315 3940 qui
2347 3868 2415 3923 de
2442 3865 2669 3923 terrenis
2699 3862 2764 3918 ad
2792 3859 3035 3918 cmicstia
3070 3853 3361 3912 ascendere
3381 3851 3488 3921 ju-.

1891 3962 2107 4020 bentur.

200 4049 3457 4108 mm

1519 4173 1850 4238 HYMNUS
1900 4173 2156 4235 VETUS

1366 4296 1451 4351 DE
1488 4296 1583 4352 XV
1619 4291 1913 4349 PSALMIS
1945 4289 2303 4348 GRADUUM.

1631 4395 2023 4409 ,Ψ

1564 4474 1806 4519 IONITUII
1844 4470 2116 4515 PREVIUX.

253 4596 427 4672 Iiujus
450 4598 657 4672 hymni
684 4584 957 4654 auctorem
970 4585 1092 4672 non
1113 4611 1232 4654 esse
1255 4595 1561 4672 tileuinum,
1602 4593 1834 4672 diximus
1874 4590 2121 4672 superius
2149 4583 2626 4672 inipraenotatione
2668 4579 2735 4637 ad
2772 4580 2972 4672 trian
2997 4577 3476 4672 'Comm'en‘tprium

188 4636 862 4738 Psalm‘oi'tiiiluhucb‘s‘qbve
1255 4636 2386 4738 'cBiiSéaii
2396 4636 2730 4738 Vciensuirlnlts.
2757 4650 2902 4738 quod
2934 4648 3122 4738 saltem
3139 4647 3220 4730 _ab
3242 4636 3473 4700 Alcuino

189 4719 857 4810 ᾖέιέἰρῐιῐὲζὲῖὲιῇὲῐάῖυὲῖ
882 4719 1540 4810 édéaﬁé'uu'é‘ctasqiius
1574 4719 2034 4810 directusfuerii,
2075 4727 2524 4810 proutnexnepist.
2689 4719 3474 4810 consgm‘tiliupncipsumlerc

186 4785 571 4866 iam";qu
596 4785 1974 4881 ﬁt};'iﬁ'iéiieii'gﬁgabigéihsjﬁiudqiées
2003 4785 2204 4856 nostra:
2233 4797 2293 4852 S.
2317 4785 2663 4852 Enimerami.
2689 4790 2971 4847 Lectiones
3000 4785 3307 4846 diil‘erentes
3326 4785 3475 4846 inter

189 4889 355 4935 uncos
385 4872 821 4939 inclusimus‘ex
845 4872 964 4936 cod:
988 4877 1454 4942 Reichenaviensi,
1477 4891 1574 4931 seu
1603 4873 1799 4929 Divitis
1820 4872 2026 4944 Augiaa.

560 4972 654 5028 Ad
678 4972 962 5028 Dominum
990 4971 1357 5034 clamauerunt,
1382 4968 1509 5024 dum
1535 4965 1689 5040 [Cod.
1723 4964 1926 5029 Reich.,
1956 4960 2103 5034 cum]
2135 4957 2419 5015 tribulatus
2446 4953 2675 5020 fueram,

557 5062 636 5119 Et
663 5061 936 5121 exaudivit
961 5059 1221 5115 Dominus
1248 5073 1463 5114 servum
1488 5072 1646 5111 suum
1674 5053 2014 5126 quantocius.

557 5153 756 5210 Levavi
777 5169 917 5208 meos
943 5151 1140 5217 oculos,
1168 5150 1349 5209 statim
1381 5148 1450 5203 ad
1477 5154 1688 5204 montes
1711 5143 1989 5215 pristinos,

562 5241 727 5299 Unde
754 5241 860 5297 erit
886 5239 1147 5295 altissimo
1174 5237 1432 5293 auxilium
1463 5251 1495 5295 a
1517 5235 1768 5290 Domino.

560 5331 736 5404 390
762 5330 993 5385 Laetatus
1021 5345 1138 5384 sum
1161 5328 1218 5381 in
1245 5326 1505 5392 omnibus,
1534 5338 1655 5395 quae
1677 5322 1813 5377 dixit
1834 5321 1968 5376 mihi
1995 5318 2254 5376 Dominus
2277 5335 2292 5372 :

563 5424 656 5483 Ad
682 5425 899 5479 domum
925 5420 1019 5477 Dei
1047 5419 1183 5494 [Id.,
1214 5416 1447 5489 Domini]
1474 5416 1691 5478 ibimus,
1717 5413 1772 5468 in
1797 5428 1903 5483 qua
1931 5425 2145 5481 semper
2171 5408 2526 5465 manebimus.

551 5516 646 5574 Ad
672 5526 721 5572 te
745 5531 885 5571 meos
907 5513 1065 5570 levavi
1088 5511 1285 5577 oculos,
1309 5527 1342 5566 ο
1364 5510 1509 5567 Deus
1533 5508 1670 5581 [Id.,
1698 5505 2036 5579 Dominator]
2065 5506 2207 5562 inter
2233 5519 2350 5570 nos,

564 5615 681 5682 Qui
705 5630 766 5671 es
792 5615 845 5670 in
869 5614 992 5669 οωιὶ
1018 5612 1269 5677 culmine,
1298 5624 1421 5665 cum
1448 5606 1760 5677 angelorum
1791 5604 2020 5675 agmine.

573 5706 702 5762 Nisi
725 5706 849 5777 quia
878 5704 1171 5762 altissimus
1193 5709 1303 5756 erat
1326 5699 1384 5754 in
1412 5696 1559 5754 nobis
1586 5694 1863 5761 Dominus,
