4072 6340
251 394 343 455 sn
1065 393 1474 452 exessum.
1514 423 1586 435 .-.
1621 392 2068 450 COMPENDIUM
2102 392 2172 448 IN
2209 392 2411 450 nam.
2451 393 2643 451 cur.
3306 256 3336 457 \l

247 507 354 577 ejus
377 501 645 580 editionis,
672 500 832 580 cujus
858 502 1344 580 quidempraefatis
1359 504 1492 558 viris
1517 503 1653 559 alias
1680 520 1810 560 sane
1832 504 1885 568 Ἀ
1913 506 2015 573 Qui
2045 514 2191 562 tenet
2215 509 2457 580 egregias
2487 507 2679 578 Sponsi
2710 503 3036 579 Sponsaeque
3061 523 3336 577 camenas,

247 507 354 577 ejus
377 501 645 568 editionis,
672 500 826 570 cujus
858 502 1070 571 quidem
1095 503 1332 574 praefatis
1359 504 1492 558 viris
1517 503 1653 559 alias
1680 520 1802 560 sane

246 575 466 649 egregiis
492 574 644 644 copia
672 588 777 627 non
808 571 926 637 fuit,
958 574 1151 627 intuitu
1181 573 1459 629 refellitur.

254 646 522 735 "9599."?
545 642 1437 735 fillflhﬁgisilliﬂl‘iflﬂlﬁ‘f:
1472 642 1802 735 Siiﬁfl‘il’f'f'

1913 506 2015 573 Qui
2045 514 2191 562 tenet
2215 509 2457 580 egregias
2487 507 2679 578 Sponsi
2710 503 3036 579 Sponsaeque
3061 486 3525 735 camenas,\

1912 596 2166 652 Ecclesiae
2192 608 2249 654 et
2269 598 2466 653 Christi
2493 599 2676 654 laudes
2710 599 2837 654 hinc
2862 600 2986 655 inde
3009 609 3298 668 canentes;

1912 682 1983 735 Εῗ
2002 689 2218 735 thalami
2249 699 2515 735 memnrat
2543 690 2719 735 smine
2745 689 3025 735 miomne
3048 691 3247 735 ﬁdeles-

3588 682 3609 721 /

308 642 522 699 Certum
562 642 740 713 igitur,
783 642 886 696 ﬁde
930 643 1115 697 saltem
1154 645 1431 706 historica,
1472 657 1593 697 esse
1630 642 1812 708 debet,
1911 642 2166 742 Ev'wm
2193 642 2249 702 ἷ⁷
2273 642 2466 653 "mw"
2493 642 2675 704 ’““”“’,“’
2710 642 2853 704 “’”’“’,

308 716 514 742 -..:.......
545 720 787 742 “nm...
820 727 923 742 πη..
961 720 1165 742 ...........
1209 714 1440 742 .u:.........
1472 714 1785 742 ............:.....
2002 689 2219 742 thalami
2249 699 2515 742 memorat
2543 705 2719 742 SOCIOS
2745 706 2853 742 SOCI

243 691 522 772 tanta;
545 691 1440 781 tzgta'm’nan'ast..."suam
1472 691 1812 782 animus;
1911 691 1983 782 ET
2002 691 2219 743 thalami
2249 699 2515 782 memorat
2543 691 2720 782 socios
2745 691 3025 761 sociasque
3048 691 3248 748 ﬁdeles.

3528 732 3895 805 ,β

244 787 332 841 sed
358 786 621 847 integrum
647 782 841 836 librum
861 783 1068 837 Cantici
1097 785 1427 837 canticorum
1467 782 1614 836 brevi
1651 784 1808 847 style,

241 839 351 918 seu,
376 861 434 906 ut
461 839 593 909 Vite
613 852 731 922 ejus
754 852 984 922 scriptor
1007 853 1260 922 loquitur,
1283 851 1546 904 luculenta
1583 853 1676 904 sub
1699 839 1812 905 bre;

240 926 385 980 ritate
426 919 756 989 exposuisse.
792 919 943 975 Nunc
991 919 1365 991 inquirendum
1400 929 1592 991 restat,
1628 929 1808 975 utrum

237 992 618 1076 Compendium
649 992 841 1076 hocce,
868 992 1102 1076 quodex
1138 990 1748 1076 editionekondinensi,
1778 1006 1809 1045 a

236 1059 465 1119 Patricio
488 1060 646 1115 Junio
670 1071 881 1124 curata,
901 1060 1236 1123 exhibemus,
1259 1061 1331 1114 sit
1369 1059 1458 1114 ille
1504 1060 1617 1129 ipse
1660 1060 1812 1115 labor

272 1148 388 1187 nem
434 1131 690 1184 Alcuinus
726 1130 779 1183 in
815 1130 904 1184 Illo
934 1130 1071 1183 libro
1114 1131 1426 1199 exponendo
1466 1130 1676 1199 posuit?
1706 1129 1807 1185 Pro

278 1203 454 1256 lcuino
490 1200 1020 1271 pugnat‘auctoritas
1058 1200 1156 1252 viri
1184 1196 1266 1252 'cl.
1305 1196 1522 1252 Patricii
1550 1196 1692 1251 Junii
1724 1199 1806 1253 bi-

230 1254 742 1338 bliothecai'iiuregil,
764 1278 819 1323 et
838 1277 1079 1323 veterum
1109 1277 1571 1322 monumentorum
1593 1337 1597 1338 ί
1625 1278 1810 1322 cruta—

230 1342 359 1395 toris
383 1339 579 1402 seduli,
607 1337 698 1407 qui
736 1338 862 1393 illud
891 1339 1273 1407 Compendium
1320 1338 1421 1392 sub
1458 1337 1675 1392 nomine
1710 1338 1805 1391 Al-

228 1410 390 1474 cuini,
422 1408 624 1477 absque
653 1410 1005 1473 hxesitatione,
1029 1423 1061 1462 e
1085 1408 1405 1462 bibliotheca
1436 1409 1603 1476 regia,
1631 1408 1805 1475 primo

226 1479 277 1548 in
316 1478 587 1548 publicum
632 1478 857 1547 protulit
894 1491 948 1543 a;
1003 1479 1143 1548 quod
1182 1493 1306 1548 eum
1352 1477 1803 1548 handl'acturum

225 1543 390 1602 fuisse
422 1547 614 1602 merito
632 1543 1153 1616 ‘przesumiturfnisi
1195 1545 1298 1599 fite
1333 1543 1609 1617 cujusdam
1643 1546 1802 1617 392

222 1617 424 1672 codicis
462 1631 588 1681 ms.,
622 1617 769 1685 omni
808 1618 1063 1671 novitatis
1103 1625 1195 1670 aut
1232 1616 1804 1685 corruptionis-suspi-

222 1688 372 1743 cione
402 1687 659 1750 carentis,
685 1684 875 1742 fuisset
907 1686 1172 1743 sull‘ultus.
1215 1685 1348 1738 lluic
1374 1684 1678 1739 auctoritati
1711 1684 1801 1739 ro-

219 1755 319 1810 bur
349 1757 506 1824 addit,
521 1758 689 1810 codex
714 1772 818 1810 ms.
851 1756 918 1811 69
946 1755 1282 1810 bibliothecae
1310 1754 1469 1824 regiae
1506 1755 1799 1822 Vaticanus,

220 1824 396 1917 in-8ot,‘
412 1823 594 1917 saec}:
620 1834 890 1917 caligatus,
923 1824 1075 1893 cujus
1107 1823 1588 1917 mihi'copi‘akfacta
1615 1833 1699 1917 e‘st
1732 1826 1800 1879 ab
1834 1858 1876 1917 Β

219 1909 321 1949 em.
352 1896 416 1949 D.
446 1895 702 1949 cardinali
724 1894 1034 1958 Passioneo,
1058 1903 1184 1947 tunc
1207 1894 1347 1947 illius
1371 1894 1497 1947 bibl.
1523 1895 1794 1962 pnefecto,

217 1965 378 2035 etiam
407 1974 531 2035 post
552 1963 663 2019 fata
692 1966 746 2019 in
774 1965 1045 2035 republica
1074 1964 1331 2035 litteraria
1360 1964 1586 2035 summis
1625 1964 1797 2018 laudi-

215 2033 317 2089 bus
355 2033 677 2104 celebrando
714 2053 726 2089 :
770 2033 960 2104 iniquo
990 2035 1172 2088 codice
1208 2034 1349 2087 idem
1388 2033 1795 2104 Compendium,

216 2103 429 2174 paucis,
460 2120 581 2174 mue
616 2103 886 2169 notamus,
917 2104 1289 2174 mutatis,rnon
1332 2104 1546 2171 quidem
1580 2103 1798 2172 praeﬁxo

214 2173 459 2238 nomine,
489 2177 629 2229 inter
651 2174 905 2242 epistolas
935 2184 1112 2228 tamen
1146 2173 1352 2227 Alcuini
1389 2174 1801 2243 comprehendi-

213 2251 321 2297 tur.
358 2243 541 2314 Stylus
566 2245 795 2314 denique
818 2259 923 2313 quo
961 2245 1061 2299 iste
1099 2244 1519 2314 commentarius
1544 2253 1800 2314 exaratus

209 2322 296 2384 est
325 2312 528 2384 astylo
564 2312 775 2384 Alcuini
811 2312 1027 2366 minime
1050 2312 1341 2384 abhorret,
1375 2313 1619 2380 quamvis
1657 2312 1797 2384 idem

207 2382 263 2437 in
288 2383 408 2437 suis
428 2381 991 2445 commentationibus,
1014 2381 1103 2434 ubi
1126 2382 1461 2450 plerumque,
1485 2393 1633 2433 more
1658 2381 1798 2434 illius

204 2453 334 2515 aevi,
366 2452 606 2519 priorum
631 2451 848 2504 Patrum
872 2448 1150 2505 sententiae
1175 2448 1520 2512 deﬂorantur,
1543 2459 1801 2503 constan-

200 2532 320 2600 tem
348 2521 743 2600 characterem,
768 2529 826 2575 ut
848 2521 901 2579 in
921 2519 1162 2591 epistolis
1182 2536 1212 2575 e
1227 2521 1447 2591 proprio
1462 2520 1641 2590 genio,
1663 2519 1800 2575 scri-

202 2598 342 2660 ptis,
375 2606 481 2643 non
509 2598 703 2645 servet.

278 2659 349 2712 Et
387 2660 501 2713 hzec
528 2660 740 2729 quidem
773 2657 1118 2714 fundamenta
1148 2667 1232 2714 sat
1263 2658 1416 2729 ﬁrma
1445 2673 1565 2721 esse
1595 2658 1795 2713 nemini

203 2743 313 2782 non
339 2729 687 2799 videbuntur,
714 2737 773 2782 ut
810 2730 912 2799 hoc
948 2730 1296 2799 expositionis
1330 2728 1531 2783 Cantici
1563 2729 1800 2782 cantico-

205 2796 756 2869 rum_Compendium
800 2796 1045 2864 Alcuino',
1096 2808 1348 2869 tanquam
1396 2815 1522 2853 vero
1568 2799 1793 2869 auctori,

207 2867 436 2939 attribui
467 2867 670 2937 absque
694 2868 1090 2939 allucinationis
1115 2867 1355 2939 periculo
1381 2870 1567 2939 possit.
1606 2868 1799 2922 Fateor

207 2938 486 3006 equidem,
517 2939 646 2992 mihi
671 2938 737 2992 de
757 2953 883 2991 vero
906 2937 1062 3006 hujus
1089 2937 1554 2993 cbmmentitionis
1580 2946 1798 2991 auctore

206 3007 352 3094 quod
374 3008 481 3094 tam
506 3008 722 3089 dubium
750 3007 1223 3094 injccuun‘fuissel,‘
1243 3011 1369 3094 dum
1394 3009 1596 3094 Angelo
1620 3030 1630 3059 ι
1654 3007 1670 3060 i
1702 3008 1797 3060 ab-

206 3076 349 3131 batis
387 3076 743 3132 Luxoviensis
787 3076 1054 3132 Stromata
1096 3078 1150 3132 in
1185 3078 1404 3132 Cantica
1440 3076 1793 3141 canticorum,

205 3154 339 3202 tom.
364 3142 465 3202 XV
484 3146 617 3219 Bibl.
646 3146 745 3219 SS.
771 3146 873 3199 PP.
898 3148 1025 3219 edit.
1052 3148 1442 3219 Lugdunensis,
1468 3163 1587 3217 pag.
1617 3145 1718 3199 M5
1741 3154 1798 3200 et

206 3231 385 3286 seqq.,
419 3216 779 3284 pervolvendo
809 3208 1793 3286 reperissemribidemillnlc'nostram
1824 3208 1870 3271 C

205 3285 635 3357 Expositionem,
660 3288 947 3341 maximam
970 3297 1197 3357 partem,
1223 3285 1398 3355 quoad
1428 3288 1725 3340 sententias
1745 3294 1799 3341 et

205 3354 316 3411 ipsa
370 3357 542 3410 etiam
592 3357 754 3411 verba
794 3354 1080 3411 contineri.
1122 3354 1568 3411 Animazlverteus
1622 3365 1799 3410 tamen

252 3426 565 3550 ngelomnm
586 3428 765 3480 omnia
784 3442 920 3495 pene
940 3442 1058 3495 quae
1081 3442 1176 3480 seu
1198 3426 1250 3479 in
1274 3426 1439 3480 libros
1462 3426 1685 3497 Regum,
1705 3441 1799 3481 seu

252 3516 257 3548 ι
311 3497 519 3550 'antica
546 3496 899 3550 canticorum.
934 3504 1326 3550 commentatus
1351 3503 1453 3550 est.
1484 3512 1549 3548 ea:
1573 3495 1798 3547 aliorum

204 3494 257 3548 in
283 3494 519 3550 Cantica
546 3494 899 3561 canticorum,
934 3494 1326 3551 commentatus
1351 3503 1453 3555 est,
1484 3494 1798 3548 ex'aliorum

205 3564 488 3618 doctorum
514 3575 562 3618 et
590 3567 939 3635 expositorum
965 3567 1116 3620 dictis
1144 3573 1431 3635 mutuasse,
1464 3573 1624 3634 atque
1652 3581 1683 3617 a
1713 3564 1798 3617 di-

204 3635 501 3706 sertissimo
528 3634 777 3706 magistro
813 3636 951 3706 (ipso
973 3635 1198 3690 Alcuino
1239 3634 1673 3706 fortassis)ruure
1711 3650 1801 3689 ac-

206 3705 607 3776 commodante,
627 3704 891 3776 didicisse,
915 3714 1092 3776 prout)
1112 3706 1224 3774 ipse
1248 3704 1303 3759 in
1329 3704 1641 3776 prtefatione
1666 3718 1797 3774 apo-

206 3771 437 3843 lugetica
463 3775 527 3846 in
558 3773 720 3846 libros
744 3771 945 3846 Regum
973 3771 1283 3845 profitetur;
1306 3771 1643 3846 perpendens
1662 3771 1799 3846 pific-

207 3842 382 3909 terea,
440 3842 797 3914 Angelomum
828 3842 1055 3899 initum
1095 3842 1323 3914 quoque"
1348 3842 1431 3898 sui
1481 3844 1532 3914 in
1578 3844 1797 3897 Cantica

206 3912 553 3969 canticorum
573 3915 940 3969 commentarii
969 3916 1039 3969 ab
1070 3912 1174 3968 illis
1210 3912 1389 3969 verbis
1427 3932 1439 3968 :
1481 3912 1669 3967 Tribus
1706 3929 1799 3965 no-

206 3984 436 4040 minibus
472 3995 707 4049 vocatum
745 3984 905 4053 fuisse
935 3984 1268 4039 Salomonem
1307 3983 1798 4053 Scripturwgmani-A

208 4052 719 4132 {est-issipteaocent,
746 4051 876 4132 etc._,
903 4070 970 4108 cx
1004 4055 1157 4132 i_nit_i_o
1188 4051 1558 4132 commentarii
1588 4051 1797 4132 Aleuiui

207 4122 259 4193 in
284 4122 660 4177 Ecclesiasten
684 4125 975 4193 accepisse,
1003 4122 1157 4177 facile
1176 4129 1671 4193 conceptumrantea
1697 4122 1796 4173 du-

204 4189 350 4263 bium
376 4193 633 4258 excussi;
666 4202 724 4245 ut
754 4189 866 4263 jam
902 4194 1120 4247 minime
1151 4189 1387 4247 dubitem
1421 4192 1547 4262 quin
1586 4205 1648 4244 ea
1678 4203 1798 4263 qum

206 4260 259 4316 in
306 4263 712 4333 commentario
755 4260 1037 4333 'Angelomi
1083 4278 1207 4317 cum
1256 4260 1797 4333 hocceitjompenttio

206 4335 566 4396 concordant,
593 4332 660 4386 ab
690 4329 874 4403 eodem
910 4348 1120 4403 quoque
1148 4340 1387 4387 mutuata
1414 4331 1521 4386 sint
1530 4348 1548 4403 ;
1577 4338 1631 4403 et
1663 4329 1793 4403 nihil

206 4416 290 4470 tne
326 4410 581 4458 moretur
617 4402 901 4470 quominus
927 4398 1227 4456 'Alc'uinnm
1278 4417 1465 4457 verum
1526 4398 1684 4468 hujus
1742 4398 1796 4452 in

206 4469 500 4541 Canticum
524 4469 852 4526 canticorum
873 4471 1180 4541 Compendii
1210 4481 1482 4525 auctorem
1511 4484 1791 4541 censeam;

1911 777 2021 833 Has
2050 794 2179 850 rogo
2204 780 2371 833 menti
2398 788 2517 841 tuae,
2542 778 2781 847 juvenis,
2808 782 3066 837 mandare
3092 794 3378 851 memento,

1910 868 2132 924 Cantica
2162 879 2290 925 sunt
2313 872 2535 926 nimium
2566 870 2684 925 falsi
2716 872 2829 941 haec
2856 872 3075 927 meliora
3100 873 3354 931 Maronis.

1909 960 2035 1016 Haec
2064 962 2157 1015 tibi
2183 977 2314 1016 vera
2341 970 2543 1017 canunt
2565 963 2687 1017 vita:
2714 971 2979 1032 praecepta
3006 967 3287 1034 perennis;

1907 1050 2143 1105 Auribus
2173 1051 2261 1106 ille
2294 1053 2401 1108 tuis
2433 1053 2575 1108 male
2605 1052 2817 1119 frivola,
2854 1053 2997 1109 salsa
3040 1053 3156 1126 [F.,
3199 1055 3355 1130 falsa]
3397 1073 3488 1115 so-

3243 1145 3412 1202 nabit.

2419 1250 2646 1308 CAPUT
2683 1252 2970 1310 PRIMUM.

1974 1363 2137 1417 Vnus.
2173 1361 2223 1415 Ι.
2246 1390 2316 1403 -
2348 1362 2626 1418 Osculetur
2644 1381 2724 1420 me
2748 1366 2923 1421 osculo
2946 1368 3050 1422 oris
3076 1370 3177 1423 sui.
3203 1368 3484 1444 Synagoga

1903 1451 2072 1508 Deum
2102 1455 2369 1510 incarnari
2402 1452 2693 1522 desiderat,
2728 1472 2791 1512 ac
2816 1457 3051 1514 venienti
3077 1460 3264 1515 devota
3300 1464 3483 1517 chari-

1904 1549 2014 1597 tate
2035 1545 2290 1598 occurrit.
2317 1544 2483 1615 Hujus
2503 1560 2603 1599 vox
2628 1545 2799 1615 prima
2826 1555 2982 1602 sonat
3009 1549 3059 1602 in
3086 1547 3305 1605 Cantico
3334 1567 3484 1605 amo-

1901 1634 2011 1697 ris;
2039 1635 2123 1688 cui
2161 1650 2282 1688 cum
2320 1637 2595 1705 propheta:
2632 1638 2803 1691 sancti
2846 1638 2989 1693 viam
3033 1639 3245 1695 vivendi
3289 1643 3480 1698 crebro

1901 1723 2353 1790 demonstrarent,
2370 1725 2590 1795 ejusque
2611 1726 2916 1793 adventum,
2935 1729 3025 1799 qui
3040 1734 3287 1800 tanquam
3309 1730 3481 1801 Spon-

1901 1830 1989 1867 sus
2016 1814 2296 1882 procedens
2325 1830 2353 1867 e
2390 1813 2619 1869 thalamo
2651 1818 2907 1871 mundum
2943 1834 3080 1873 nova
3108 1817 3481 1875 benedictione

1902 1902 2120 1969 ditaret,
2170 1904 2545 1969 ostenderent;
2599 1905 2819 1960 vocibus
2864 1922 3169 1977 praeconum
3214 1907 3480 1975 transitis,

1900 1993 2069 2063 ipsius
2108 1994 2251 2064 regis
2281 2007 2344 2048 ac
2380 1994 2677 2049 Salvatoris
2707 1996 2866 2066 coepit
2903 1997 3211 2052 desiderare
3238 2011 3480 2066 praesen-

1900 2082 2052 2147 tiam,
2081 2083 2266 2138 dicens
2294 2102 2307 2137 :
2343 2084 2618 2139 Osculetur
2638 2102 2717 2140 me
2738 2087 2913 2141 osculo
2936 2088 3042 2141 oris
3070 2088 3173 2150 sui,
3199 2088 3339 2158 quod
3364 2096 3477 2153 est;

1898 2189 2006 2227 non
2032 2188 2245 2242 semper
2274 2175 2339 2229 ad
2366 2191 2451 2229 me
2480 2176 2823 2230 erudiendam
2860 2177 3099 2246 angelos,
3120 2192 3228 2231 non
3252 2178 3483 2246 prophe-

1898 2270 1983 2315 tas
2003 2263 2262 2324 destinet;
2291 2264 2469 2317 veniat
2497 2264 2610 2333 ipse
2639 2264 2852 2334 aliquan
2874 2267 2946 2329 lo,
2973 2266 3063 2333 qui
3095 2272 3203 2319 tam
3233 2266 3322 2320 diu
3355 2273 3482 2335 pro-

1898 2353 2095 2407 missus
2124 2378 2129 2395 ι
2154 2361 2225 2416 st,
2247 2355 2545 2421 prmseutia:
2573 2369 2685 2408 suae
2714 2370 2799 2409 me
2826 2354 2946 2409 luce
2972 2355 3219 2416 illustret,
3249 2370 3314 2409 ac
3339 2356 3486 2411 velut

1897 2442 2139 2498 osculum
2170 2443 2424 2508 inferens,
2455 2446 2673 2515 proprio
2707 2444 2985 2513 alloquens
3018 2460 3112 2499 ore
3150 2459 3233 2498 me
3269 2443 3484 2499 confor-

1897 2541 1995 2598 tet,
2029 2533 2082 2589 id
2104 2541 2207 2598 est,
2244 2549 2329 2588 me
2364 2534 2785 2604 interrogantem
2813 2535 2879 2589 de
2911 2536 2999 2589 via
3038 2534 3228 2589 salutis
3264 2535 3483 2591 erudire

1898 2639 2004 2679 non
2034 2633 2272 2694 spernat.
2305 2625 2455 2691 Quod
2484 2639 2607 2679 esse
2633 2625 2908 2695 impletum
2934 2626 3128 2696 legitur
3158 2625 3212 2679 in
3236 2625 3481 2697 Evange-

1896 2712 1969 2767 lio
1999 2728 2016 2766 :
2050 2712 2273 2767 Sedente
2294 2714 2421 2767 Jesu
2448 2716 2502 2767 in
2531 2721 2703 2767 monte
2730 2723 3055 2768 accesserunt
3085 2726 3151 2767 aa
3180 2729 3296 2767 eum
3323 2714 3485 2768 disci-

1896 2803 2008 2874 puli
2036 2804 2169 2873 ejus.
2215 2803 2283 2858 Et
2313 2804 2548 2875 aperiens
2587 2819 2644 2858 os
2685 2821 2837 2858 suum
2880 2805 3094 2858 docebat
3133 2820 3222 2859 eos
3260 2805 3436 2858 dicens
3462 2820 3483 2859 :

1897 2894 2048 2949 Beati
2084 2908 2334 2964 pauperes
2370 2896 2579 2963 spiritu,
2616 2896 2863 2965 quoniam
2890 2895 3122 2964 ipsorum
3162 2904 3235 2949 est
3266 2910 3480 2965 regnum

1898 2984 2141 3038 caelorum
2191 2982 2404 3054 (Matth.
2448 2998 2503 3048 v,
2550 2983 2626 3053 l).
2667 2983 2808 3037 Dicit
2848 2998 2977 3053 ergo
3021 3000 3034 3037 :
3084 2982 3360 3038 Oseulctur
3400 2999 3485 3040 me

1897 3076 2074 3130 osculo
2096 3077 2202 3129 oris
2229 3077 2333 3131 sui.
2355 3075 2376 3130 Ι
2396 3077 2411 3129 1
2430 3084 2534 3141 est,
2561 3084 2746 3148 tangat
2764 3092 2851 3131 me
2878 3077 3155 3131 dulcedine
3188 3076 3484 3147 praesentia

1898 3183 2032 3234 suae,
2058 3184 2219 3238 quam
2252 3170 2448 3239 sapius
2481 3184 2510 3223 a
2544 3171 2819 3239 prophetis
2856 3171 3179 3241 promissam
3218 3170 3396 3224 audivi
3428 3168 3481 3223 ι’.

1969 3281 2129 3351 393
2167 3279 2304 3346 Quia
2342 3282 2556 3336 meliora
2586 3292 2707 3336 sunt
2752 3283 2911 3336 ubera
2938 3291 3031 3336 tua
3069 3283 3206 3337 vino.
3236 3280 3475 3336 Dulcedo

1899 3372 2221 3442 erangelicm
2260 3373 2518 3427 doctrinae
2558 3373 2875 3427 austeritate
2922 3372 3076 3444 legali
3126 3372 3315 3427 melior
3366 3378 3472 3427 est.

1904 3474 1927 3502 ε
1974 3461 2159 3515 Vinum
2198 3459 2466 3516 fervorem
2513 3462 2753 3517 scientia:
2782 3462 2994 3532 legalis;
3025 3462 3131 3516 Lac
3159 3463 3289 3517 dicit
3324 3462 3477 3516 rudi-

1898 3551 2078 3606 menta
2107 3550 2225 3604 fi-lei
2253 3566 2424 3621 evang
2455 3549 2591 3606 lic:e.
2626 3551 2776 3606 Unde
2812 3550 3009 3607 Paulus
3040 3570 3054 3607 :
3084 3551 3188 3606 an
3220 3552 3361 3606 vobis
3385 3568 3479 3622 po—

1898 3650 2007 3694 tum
2029 3641 2151 3694 dedi
2199 3639 2250 3712 (1
2279 3639 2401 3695 Cor.
2433 3656 2519 3705 ιιι,
2548 3640 2628 3710 2),
2657 3641 2710 3696 id
2737 3649 2844 3707 est,
2875 3657 3077 3697 escam.
3108 3642 3326 3696 Meliora
3350 3649 3479 3696 sunt

1897 3730 2064 3783 ubera
2086 3729 2266 3799 sponsi
2284 3728 2431 3793 vino,
2473 3728 2600 3799 quia
2640 3744 2989 3800 quoscunque
3014 3730 3317 3785 rudimenta
3358 3728 3481 3785 ﬁdei

1898 3831 1963 3871 ex
1992 3832 2129 3886 aqua
2160 3825 2215 3871 et
2242 3817 2431 3887 spiritu
2461 3826 2803 3888 regenerant,
2828 3819 2951 3872 vita:
2978 3808 3212 3873 caelestis
3258 3819 3479 3873 introitu

1899 3917 2086 3978 aperto
2131 3909 2386 3972 educant,
2430 3910 2573 3977 qnozl
2594 3926 2597 3929 ·
2619 3909 2773 3979 longa
2803 3909 2935 3979 legis
2964 3900 3270 3964 observatio
3300 3909 3480 3964 facere

1898 4015 2002 4053 non
2032 3998 2264 4063 valebat,
2291 3999 2545 4068 Apostolo
2572 4007 2732 4064 teste,
2756 4001 2879 4069 quia
2901 4001 3004 4054 ait:
3028 3998 3176 4053 Nihil
3205 3999 3275 4052 ad
3302 3998 3475 4069 perfe-

1896 4090 2113 4141 ctionem
2136 4087 2283 4140 duxit
2310 4087 2393 4141 lea:
2420 4084 2605 4156 (Hebr.
2632 4103 2732 4154 vn,
2766 4088 2873 4159 19).
2903 4088 3006 4143 Per
3028 4089 3192 4141 ubera
3224 4089 3477 4142 doctores

1898 4178 2285 4248 intelliguntur,
2311 4179 2400 4247 qui
2424 4193 2522 4231 nos
2548 4186 2737 4247 potant
2773 4179 2906 4231 lacte
2935 4177 3190 4231 scientize.
3430 4170 3435 4175 ’

1968 4280 2129 4335 Vens.
2176 4278 2231 4333 2.
2257 4308 2327 4318 —
2354 4276 2676 4349 Fragrantia
2713 4280 2989 4350 unguentis
3032 4278 3237 4349 optimis
3262 4278 3315 4331 ἆ.
3350 4276 3477 4334 Ideo

1899 4367 2134 4437 Spiritus
2172 4377 2391 4424 sanctus
2428 4369 2715 4440 unguentis
2755 4377 3120 4439 comparatur,
3162 4369 3287 4439 quia
3338 4367 3481 4423 sicut

1896 4470 2226 4532 unguentum
2260 4469 2416 4516 sanat
2457 4460 2670 4525 vulnus,
2702 4461 2775 4514 ita
2806 4457 3040 4529 Spiritus
3085 4466 3304 4514 sanctus
3330 4456 3481 4529 fugat

206 4538 378 4623 fretus
402 4542 667 4623 nimiarum
685 4538 1019 4623 scriptorum
1053 4542 1302 4610 superius
1328 4543 1611 4621 citatorum

1902 4552 2051 4616 vi‘.ia,
2082 4551 2293 4606 animas
2337 4551 2480 4606 fovet
2522 4558 2578 4606 et
2622 4560 2798 4607 sanat.
2845 4552 2991 4607 Bona
3022 4559 3177 4607 erant
3206 4559 3478 4623 unguenta

206 4612 416 4682 monio,
441 4619 507 4667 et.
529 4611 635 4682 fide
649 4609 879 4682 plurium
899 4609 1140 4682 codicum
1166 4626 1321 4675 mss.,
1338 4609 1635 4682 pra‘primis
1651 4609 1798 4682 Vati-

205 4681 351 4745 cani,
381 4697 499 4805 Ἕω
526 4681 613 4735 hic
639 4678 785 4744 utor;
819 4690 873 4735 et
898 4681 1125 4751 Anglici,
1156 4697 1263 4751 quo
1296 4678 1423 4736 uSus
1444 4678 1526 4736 est
1553 4678 1797 4734 celeber-

206 4748 380 4805 rimus
466 4790 482 4804 .
510 4750 767 4805 Patritius
792 4750 1004 4805 Junius.

206 4750 380 4807 rimus
406 4750 482 4805 D.
510 4750 767 4805 Patritius
792 4750 1004 4806 Junius;

870 4858 1156 4916 CARMEN

206 4945 274 5003 In
318 4946 518 5005 Codice
575 4948 823 5004 Vaticano
873 4950 1145 5072 prta/iitum
1198 4951 1429 5021 sequenti
1476 4961 1797 5005 commenta-

934 5036 1012 5072 rw
1037 5036 1086 5072 ο.

934 5036 1086 5073 ηοω.

208 5102 365 5164 Hunc
389 5108 595 5164 cecinit.
621 5107 874 5164 Salomon
902 5108 1039 5162 mira
1065 5107 1345 5190 dulcedine
1372 5106 1587 5174 librum,

278 5274 306 5303 ι
346 5260 568 5316 Titulus
584 5259 748 5315 libelli
770 5257 1054 5321 rarissimi,
1074 5272 1106 5310 a
1128 5257 1246 5310 viro
1272 5255 1466 5310 illustri
1485 5263 1539 5309 et
1558 5254 1700 5309 bono
1723 5254 1798 5307 rei

206 5330 496 5387 litterariae
517 5339 663 5394 nato,
685 5330 748 5384 D.
770 5328 1078 5384 Christiano
1108 5326 1377 5381 Friderico
1398 5325 1647 5379 Temlero
1675 5323 1803 5378 Haf-

208 5403 413 5466 niensi,
443 5401 818 5469 potentissimo
842 5398 1114 5469 Danorum
1128 5395 1256 5469 «Legi
1298 5395 1366 5469 ab
1391 5394 1803 5469 epistolissan-I

208 5462 503 5552 ςιίοτξβιιὶιν
529 5471 670 5552 eos?
708 5468 937 5552 aesaes
962 5474 1046 5552 est
1086 5462 1429 5552 1919a“?
1429 5462 1562 5552 9'???
1576 5462 1803 5552 eis???

207 5540 571 5596 Londinensis
609 5534 973 5610 Expositiain
1000 5534 1273 5610 Canticum
1300 5534 1620 5610 canticorum
1640 5573 1654 5596 ,
1695 5548 1803 5587 una

208 5626 334 5664 cum
348 5609 675 5679 compendio
693 5602 934 5672 'Alcuini;
953 5622 1089 5660 nunc
1108 5604 1381 5679 primum}
1401 5602 1705 5679 bibliotheca
1726 5619 1803 5679 rc-

251 5682 299 5734 ia
328 5682 391 5733 in
414 5672 586 5732 lucem
608 5678 818 5749 prodiit,
840 5692 1002 5749 opera
1028 5685 1075 5729 et
1103 5672 1276 5749 studio
1308 5672 1526 5749 Patricii
1552 5672 1700 5749 Junii
1729 5672 1804 5749 bi—_

265 5697 299 5734 a
328 5697 391 5733 tn
414 5696 586 5732 tucem
608 5696 818 5749 proaut,
846 5696 876 5731 ο
912 5696 1002 5730 era
1028 5696 1075 5729 ει
1103 5696 1276 5727 σιιιαιυ
1308 5696 1526 5753 {utnon
1552 5696 1699 5727 ,ηιηη
1729 5696 1804 5754 tu:

210 5696 551 5818 bliothecarii
590 5749 738 5818 regii.
777 5696 979 5802 lbitllam
1013 5759 1133 5818 pag.
1163 5742 1289 5807 275,
1326 5748 1527 5818 rumpit
1551 5741 1804 5818 :‘Alcumt

214 5816 602 5889 Compendium
624 5810 678 5873 in
701 5817 968 5875 Canticum
992 5810 1335 5870 coniicorum.
1360 5810 1605 5880 Londini,
1635 5827 1699 5866 ex
1726 5821 1804 5882 ty-

1900 4646 2096 4714 quibus
2132 4647 2409 4715 propheta:
2450 4656 2505 4701 et
2535 4646 2844 4702 sacerdotes
2874 4647 3211 4716 angebantur
3247 4645 3302 4701 in
3340 4645 3477 4716 lege,

1898 4735 1994 4789 sed
2038 4734 2282 4799 meliora,
2309 4736 2505 4805 quibus
2541 4735 2766 4805 apostoli
2814 4743 2868 4791 et
2911 4751 3252 4791 successores
3291 4750 3479 4791 eorum

1897 4822 2239 4878 invisibiliter
2262 4832 2389 4878 sunt
2412 4824 2591 4889 uncti;
2621 4824 2686 4878 de
2710 4824 2906 4894 quibus
2922 4824 3123 4879 Paulus
3147 4837 3161 4878 :
3188 4824 3256 4878 Et
3275 4824 3364 4894 qui
3386 4837 3479 4878 nos

1898 4914 2047 4967 unxit
2072 4910 2232 4979 Deus,
2261 4921 2309 4967 et
2351 4916 2439 4985 qui
2469 4914 2695 4984 signavit
2731 4931 2823 4969 nos
2846 4914 2985 4969 Deus
3030 4913 3116 4984 (11
3137 4913 3259 4969 Cor.
3293 4930 3330 4979 ι,
3361 4912 3474 4984 2t).

1898 5001 1965 5056 Et
1990 5000 2225 5058 Joannes
2254 5020 2267 5056 :
2300 5001 2634 5071 Unctionem,
2678 5020 2836 5075 quam
2874 5004 3143 5075 accepistis
3182 5003 3246 5056 ab
3294 5018 3375 5067 eo,
3418 5003 3476 5056 in

1900 5095 2040 5150 vobis
2067 5106 2273 5152 maneat
2299 5096 2354 5168 (1
2373 5097 2535 5152 Joan.
2566 5115 2627 5164 ιι,
2650 5098 2765 5171 27).
2816 5097 3003 5157 Oleum
3029 5099 3253 5168 effusum
3282 5113 3469 5152 nomen

1898 5258 2186 5379 poqrqphio
2208 5259 2363 5337 reqia;
2384 5259 2696 5343 majestatis,
2721 5256 2878 5313 1638.
2942 5266 2949 5273 '

2079 5326 2215 5379 odex
2243 5314 2528 5380 Vaticanus
2556 5336 2677 5393 post
2698 5336 2902 5382 textum
2923 5322 3200 5388 osculetur,
3227 5329 3359 5388 etc.,
3390 5337 3473 5378 so-

1899 5394 2011 5450 lum
2037 5395 2280 5478 ultimam
2309 5397 2449 5478 hanc
2465 5399 2850 5466 expositionem
2872 5394 3069 5450 habet:
3098 5394 3154 5448 id
3175 5401 3272 5458 est,
3296 5402 3477 5464 tangat

1900 5465 2620 5617 ωεέῖδᾏξῗζῗὲἐθᾳιιθηιὶα
2651 5549 2687 5589 a
2709 5534 2878 5590 verbo
2906 5534 3085 5589 pinum
3110 5546 3284 5603 usque
3315 5532 3382 5587 ad
3412 5532 3478 5587 ll-

1901 5619 2025 5660 nem
2052 5614 2273 5659 omittit.
2893 5636 2899 5643 -

1939 5745 1943 5746 7
1972 5674 1999 5716 ἀ
2029 5675 2161 5731 Cod.
2189 5676 2330 5746 νειμ,
2356 5674 2715 5746 Donissancti
2745 5673 2993 5746 Spiritus.
3044 5671 3271 5732 Omissis
3315 5679 3475 5729 caete-

1903 5745 2000 5814 ris,
2032 5760 2225 5817 usque,
2254 5744 2442 5801 Oleum
2471 5744 2716 5813 e/fusum.
