4066 6438
612 417 716 474 645

1484 418 1542 472 Β.
1587 417 1647 473 F.
1686 415 1909 472 ALBINI
1945 414 2076 472 S‘EU
2112 414 2383 472 ALCUINI
2417 413 2698 471 OPERUM
2736 413 2914 470 PARS
2949 414 3012 471 Il.

3745 417 3852 473 644

612 545 762 589 tuum
790 547 838 587 ιι.
875 533 1122 590 Redditio
1148 547 1323 589 causa:
1364 539 1474 598 est;
1524 547 1628 586 non
1670 531 1812 588 enim
1844 529 2038 584 mirum
2078 537 2180 593 est,
2215 533 2260 590 Α
2288 535 2374 582 tur
2400 527 2639 580 tenebrw.
2681 526 2822 580 Dicit
2866 536 3048 581 sancta
3075 526 3313 583 Ecclesia
3345 543 3403 583 se
3428 528 3638 599 nigram
3663 538 3723 584 ut
3747 531 3855 588 lte-

610 625 655 678 si
692 624 934 679 membra
983 622 1126 677 illius
1151 621 1436 692 unguentis
1476 620 1773 685 redoleant,
1802 635 1924 674 cum
1958 620 2069 689 ipse
2111 619 2178 672 ab

609 722 880 783 unguento
915 727 1109 767 nomen
1137 710 1421 778 acceperit.
1449 709 1496 763 Α
1522 711 1814 765 chrismate
1835 709 2100 772 Christus,
2125 707 2180 762 id

607 816 712 870 est,
765 805 832 858 ab
861 803 1112 857 unctione
1156 808 1369 865 unctus,
1418 799 1558 869 quod
1603 814 1798 854 nomen
1843 814 1964 854 cum
2007 797 2177 866 gratia

610 895 842 964 Spiritus
883 891 1055 946 sancti
1103 891 1156 944 in
1203 889 1527 959 baptismate
1571 887 1809 942 funditur
1853 889 1906 942 in
1953 896 2177 942 cunctos

608 979 810 1032 ﬁdeles.
842 965 994 1031 Unde
1015 974 1208 1028 Petrus
1233 991 1246 1026 :
1277 971 1549 1038 Quomodo
1574 973 1720 1025 unxit
1748 988 1866 1025 eum
1895 971 2029 1025 Deus
2057 971 2179 1042 Spi-

607 1069 713 1120 ritu
757 1073 942 1119 sancto
989 1073 1038 1117 et
1087 1065 1273 1116 virtute
1321 1062 1456 1132 (Act.
1499 1077 1558 1126 Χ,
1584 1061 1697 1131 38).
1742 1061 1809 1115 Et
1837 1061 1888 1116 in
1913 1061 2174 1117 Psalmis:

607 1153 768 1208 Unxit
799 1162 846 1207 te
871 1151 1011 1205 Deus
1038 1149 1149 1205 oleo
1176 1149 1358 1220 gaudii
1382 1166 1491 1220 prce
1521 1149 1844 1202 consortibus
1873 1150 1977 1203 tuis
2002 1147 2172 1219 (Psal.

603 1258 726 1305 ην.
754 1242 827 1313 7).
877 1240 1063 1296 Oleum
1105 1241 1238 1296 dicit
1277 1257 1290 1293 :
1336 1255 1441 1294 non
1471 1239 1750 1304 stillatum,
1789 1239 1880 1294 sed
1920 1240 2176 1308 effusum;

603 1350 712 1389 non
736 1335 879 1388 enim
911 1335 1001 1388 dat
1029 1333 1079 1388 ei
1124 1333 1264 1387 Deus
1295 1332 1360 1386 ad
1391 1347 1699 1387 mensuram
1748 1333 2018 1402 spiritum,
2051 1334 2176 1402 quia

603 1427 718 1498 ipse
765 1435 852 1481 est
890 1426 1079 1496 plenus
1108 1424 1310 1496 Spiritu
1355 1432 1560 1480 sancto.
1609 1424 1736 1479 Ideo
1779 1426 2176 1481 adolescentulis

602 1515 894 1570 dilexerunt
922 1524 991 1569 te.
1020 1514 1076 1570 Id
1099 1523 1202 1581 est,
1235 1514 1528 1571 electorum
1556 1514 1748 1569 animae
1775 1515 1946 1582 gratia
1973 1515 2176 1585 baptis-

601 1606 762 1661 matis
789 1615 1082 1660 renovatae.

670 1697 834 1751 Vens.
882 1697 936 1752 5.
981 1723 1053 1737 ιιι-
1091 1696 1258 1750 Trahe
1287 1712 1368 1750 me
1393 1705 1506 1767 post
1534 1705 1582 1752 te
1608 1697 1658 1750 ιι.
1705 1696 1987 1768 Synagoga
2025 1699 2176 1768 prius

597 1786 767 1841 Deum
792 1788 996 1853 venire,
1024 1796 1077 1842 et
1103 1789 1344 1843 osculum
1373 1790 1520 1858 pacis
1564 1789 1662 1843 sibi
1708 1790 1902 1844 oll'errc
1929 1791 2170 1860 postula-

2280 621 2397 683 dar,
2427 619 2550 687 quia
2587 617 2964 673 afflictionibus
3001 619 3295 675 inﬁdelium
3327 622 3400 675 ita
3428 625 3850 692 est'obscurata,

2277 707 2436 778 quasi
2483 706 2649 760 totius
2694 707 2876 760 mundi
2924 707 3078 762 ﬁeret
3117 709 3352 762 inimica.
3387 710 3641 766 Salomon
3672 723 3730 768 et
3755 731 3855 771 no-

2277 797 2441 862 mine,
2485 803 2540 852 et
2583 799 2693 852 vita
2739 798 2996 868 paciﬁcus
3041 807 3176 863 erat,
3216 801 3307 870 qui
3352 802 3454 856 sibi
3505 805 3736 858 tentoria
3786 807 3856 862 de

2276 895 2611 941 mortuorum
2643 889 2954 942 animalium
2989 889 3216 959 pellibus
3254 890 3517 959 faciebat;
3564 895 3640 948 ita
3671 895 3855 956 Domi-

2276 993 2377 1031 nus
2404 977 2701 1033 Ecclesiam
2727 979 2794 1034 de
2822 980 2927 1034 illis
2953 981 3270 1037 animalibus
3295 983 3396 1038 sibi
3424 995 3574 1040 creat
3599 1002 3721 1056 qua:
3758 988 3855 1042 de-

2277 1069 2470 1124 sideria
2518 1072 2698 1126 carnis
2739 1073 2792 1126 in
2824 1089 2883 1127 se
2920 1071 3281 1140 mortiﬁcant;
3326 1091 3456 1145 ergo
3501 1087 3586 1133 est
3609 1079 3852 1138 Ecclesia

2276 1159 2466 1214 similis
2499 1162 2652 1230 pellis
2683 1163 2983 1218 Salomonis
3015 1164 3057 1217 ί.

2345 1251 2508 1306 Vens.
2542 1252 2593 1306 5.
2611 1284 2681 1292 —
2702 1253 2879 1307 Nolite
2907 1271 2986 1308 me
3013 1254 3364 1320 considerare,
3386 1259 3527 1328 quod
3550 1257 3704 1328 fusca
3731 1263 3850 1326 sim,

2273 1343 2398 1412 quia
2424 1335 2738 1397 decoloravit
2767 1361 2847 1399 me
2885 1345 2984 1398 sol.
3026 1345 3084 1400 ld
3113 1355 3215 1412 est,
3254 1348 3417 1403 nolite
3461 1351 3652 1406 mirari
3681 1354 3726 1407 si
3756 1354 3851 1408 bo-

2275 1432 2510 1488 minibus
2538 1433 2786 1504 despecta
2814 1436 2936 1500 sim,
2969 1437 3092 1506 quia
3119 1447 3284 1494 aestus
3307 1437 3485 1495 nimia:
3518 1445 3851 1510 persecutio-

2274 1520 2377 1585 nis,
2421 1520 2505 1576 vel
2531 1537 2684 1578 amor
2710 1522 2911 1578 Christi
2941 1541 3025 1580 me
3059 1527 3384 1582 decoloravit
3414 1531 3459 1581 Β.
3504 1527 3636 1585 Filii
3665 1535 3849 1588 matris

2273 1626 2402 1664 mea:
2438 1623 2794 1684 pugnaverunt
2834 1625 3016 1669 contra
3056 1633 3136 1670 me
3165 1634 3181 1671 ἔ
3209 1631 3492 1688 posuerunt
3539 1636 3624 1674 me
3675 1631 3849 1675 custo-

2273 1701 2389 1754 dem
2413 1696 2468 1756 in
2485 1703 2680 1768 vineis;
2713 1706 2910 1758 vincam
2938 1723 3104 1760 meam
3137 1724 3239 1761 non
3267 1710 3517 1764 custodiri
3565 1709 3850 1767 Acerbitas

2273 1793 2661 1860 persecutionis
2701 1794 2932 1850 ﬁliorum
2982 1796 3274 1869 Synagogze
3317 1812 3404 1854 me
3458 1799 3588 1854 fecit
3633 1803 3847 1857 vineam

597 1878 719 1943 bat;
753 1895 894 1934 nunc
922 1881 1158 1936 Ecclesia
1179 1880 1289 1948 jam
1320 1881 1542 1947 venisse,
1564 1881 1677 1952 jam
1706 1883 1772 1936 ad
1801 1883 1965 1937 cmlos
1993 1883 2170 1937 sciens
2202 1865 2244 1924 Β
2273 1880 2655 1952 Hierosolymis
2701 1899 2808 1937 non
2857 1885 3148 1950 custodire,
3197 1886 3292 1940 sed
3337 1887 3631 1944 multarum
3681 1889 3842 1962 [esse]

597 1971 842 2040 rediisse,
874 1982 934 2028 ut
962 1972 1110 2028 illum
1139 1975 1307 2044 possit
1345 1975 1516 2043 sequi,
1553 1974 1837 2029 desiderat.
1865 1964 2017 2042 Quod
2044 1976 2171 2044 quia

596 2076 701 2131 per.
743 2078 801 2119 se
843 2064 1013 2134 ipsam
1058 2065 1282 2134 implere
1319 2081 1427 2121 non
1473 2073 1668 2135 potest,
1717 2064 1854 2136 ejus,
1896 2066 1961 2120 ad
2008 2082 2170 2136 quem

596 2152 782 2207 venire
819 2155 985 2222 cupit,
1026 2155 1241 2210 ductum
1288 2156 1554 2224 implorat.
1600 2155 1767 2209 Trahe
1816 2173 1896 2210 me
1933 2166 2045 2226 post
2097 2166 2166 2210 te.

596 2241 652 2297 ld
675 2247 778 2308 est,
799 2244 924 2312 quia
952 2244 1066 2298 sine
1093 2254 1143 2299 te
1169 2245 1304 2299 nihil
1332 2261 1614 2314 possumus
1638 2245 1835 2318 facere,
1860 2261 2166 2316 precamur,

596 2345 696 2386 nos
727 2333 794 2386 ad
828 2341 878 2386 te
904 2342 1182 2389 currentes
1219 2343 1321 2389 tua:
1347 2337 1697 2405 protectiouis
1730 2338 1920 2392 dextra
1959 2351 2169 2393 susten-

593 2431 696 2478 tes.
755 2425 989 2480 Currere
1064 2427 1205 2481 enim
1250 2427 1332 2481 γει
1383 2443 1600 2482 cursum
1645 2444 2019 2485 consummare
2063 2445 2168 2485 non

593 2531 899 2587 possumus,
929 2519 1030 2574 nisi
1070 2528 1122 2573 te
1153 2521 1280 2575 duce
1307 2529 1362 2575 et
1397 2521 1640 2590 adjutore
1677 2539 1976 2580 curramus.
2017 2526 2170 2582 Unde

595 2605 794 2663 Paulus
821 2627 834 2662 :
867 2609 996 2663 Plus
1021 2610 1128 2666 illis
1153 2611 1388 2666 omnibus
1434 2611 1684 2678 laboravi,
1717 2632 1819 2669 non
1849 2624 2022 2670 tamen
2051 2633 2164 2687 ego,

591 2697 683 2751 sed
711 2699 882 2768 gratia
910 2699 1104 2754 Christi
1135 2700 1190 2771 (Ι
1213 2700 1335 2755 Cor.
1359 2713 1449 2767 xv,
1477 2703 1586 2776 10).
1617 2702 1900 2759 Curremus
1929 2705 2086 2760 simul
2114 2708 2168 2761 in

593 2789 806 2844 odorem
846 2799 1226 2861 unguentorum
1272 2803 1501 2848 tuorum.
1569 2795 1624 2850 ld
1669 2804 1754 2851 est
1835 2797 2168 2853 incremento

597 2879 860 2934 donorum
892 2879 1127 2949 Spiritus
1171 2883 1341 2937 sancti
1380 2884 1520 2939 bene
1559 2886 1832 2954 operando
1864 2895 2064 2952 tecum,
2100 2887 2169 2941 ad

594 2971 926 3025 consortium
972 2971 1206 3026 caelestis
1245 2970 1543 3028 Jerusalem
1595 2974 1949 3042 festinemus,
2002 2985 2061 3031 ut
2116 2985 2170 3031 te

593 3062 974 3118 ascendentem
1001 3065 1052 3118 in
1077 3064 1272 3119 cmlum
1297 3081 1606 3136 sequamur.
1651 3067 1950 3123 Introduxit
1975 3086 2055 3124 me
2080 3087 2170 3124 rea:

593 3155 649 3207 in
687 3153 901 3209 cellaria
944 3172 1060 3210 sua.
1108 3153 1166 3210 Id
1207 3165 1319 3224 est,
1362 3158 1416 3212 in
1462 3157 1656 3228 gaudia
1705 3159 1938 3215 caelestis
1979 3162 2168 3231 patria:

594 3249 795 3298 aeterna
827 3256 873 3298 ο.
903 3244 1127 3302 Cellaria
1157 3249 1299 3320 regis
1325 3250 1509 3305 πιετηί
1537 3252 1730 3323 gaudia
1773 3259 1900 3307 sunt
1929 3253 2167 3310 caelestis

596 3335 802 3403 patriar,
833 3335 886 3389 in
924 3354 1042 3407 qua:
1081 3355 1222 3394 nunc
1250 3339 1489 3396 Ecclesia
1534 3343 1836 3399 introducta
1866 3354 1950 3399 est
1975 3361 2070 3416 per
2100 3345 2166 3400 ﬁ-

599 3422 739 3488 dem,
771 3423 1153 3481 introducenda
1179 3428 1387 3497 plenius
1407 3444 1504 3498 per
1532 3445 1666 3485 rem.
1699 3429 2092 3489 Exsultabimus
2119 3446 2168 3489 et

598 3511 893 3567 (tutabimur
922 3515 976 3568 in
1014 3525 1090 3582 te,
1129 3534 1377 3573 memores
1409 3519 1624 3573 uberum
1663 3531 1872 3575 tuorum
1913 3540 2066 3593 super
2095 3526 2170 3579 vi-

599 3619 742 3656 num.
771 3603 830 3656 In
860 3611 928 3667 te,
960 3621 1066 3660 non
1115 3607 1167 3660 in
1194 3608 1368 3673 nobis,
1396 3625 1662 3666 memores
1690 3627 1788 3681 per
1817 3614 1999 3668 omnia
2044 3613 2167 3670 ﬁdei

599 3692 828 3760 gratiam
872 3708 1031 3764 super
1074 3696 1207 3767 legis
1245 3699 1542 3755 doctrinam
1567 3702 1615 3767 ἀ,
1645 3703 1787 3772 quod
1834 3711 1916 3760 est
1954 3705 2163 3761 dicere:

597 3795 934 3852 nequaquam
993 3801 1092 3842 nos
1149 3787 1214 3842 de
1263 3791 1529 3860 perceptis
1579 3793 1916 3859 extollimus,
1968 3796 2061 3849 sed
2112 3797 2166 3850 in

598 3875 743 3928 omni
773 3915 787 3941 ,
839 3878 983 3946 quod
1029 3878 1167 3934 bene
1210 3881 1476 3946 vivimus,
1540 3883 1605 3938 de
1653 3891 1744 3938 tua
1797 3885 2167 3941 misericordia

597 3963 999 4031 exsultabimus,
1021 3980 1306 4034 memores,
1331 3978 1530 4038 quanta
1549 3973 1748 4042 pietate
1773 3990 1870 4028 nos
1897 3989 2166 4040 recreare,

599 4055 831 4123 qualiter
872 4060 1240 4114 austeritatem
1289 4061 1440 4132 legis,
1471 4066 1642 4135 gratia
1685 4067 2004 4138 evangelica:
2045 4067 2166 4122 ﬁdei

599 4144 848 4215 dignatus
894 4163 954 4203 es
998 4150 1262 4220 mitigare.
1307 4151 1454 4207 Recti
1496 4155 1721 4226 diligunt
1763 4168 1830 4211 te.
1883 4158 2068 4214 Nullus
2114 4169 2168 4215 te

598 4235 772 4306 diligit
809 4237 913 4293 nisi
953 4249 1163 4305 rectus;
1213 4250 1268 4297 et
1305 4243 1482 4300 nullus
1517 4254 1603 4299 est
1635 4255 1817 4302 rectus
1853 4249 1958 4303 nisi
1985 4249 2076 4318 qui
2116 4258 2168 4306 te

600 4325 791 4396 diligit.

669 4423 830 4478 Vsus.
862 4425 916 4479 4.
935 4457 1006 4466 -
1028 4427 1197 4499 Nigra
1225 4447 1364 4496 sum,
1398 4432 1487 4487 sed
1523 4433 1772 4503 formosa,
1806 4435 1931 4504 ﬁlia:
1951 4436 2168 4493 Jerusa—

597 4509 718 4564 lem.
775 4513 938 4584 Nigra
983 4532 1100 4571 sum
1145 4518 1199 4572 in
1241 4524 1506 4590 pressuris
1540 4527 1974 4592 persecutionum
2001 4570 2016 4594 ,
2068 4531 2160 4584 sed
2191 4545 2238 4604 ο

598 4600 833 4657 formosa
863 4605 916 4658 in
953 4606 1148 4664 decore
1172 4609 1427 4666 virtutum
1462 4625 1506 4668 ε.
1544 4615 1694 4683 Quod
1723 4626 1821 4682 est,
1868 4619 2021 4688 nigra
2047 4622 2166 4690 qui-

594 4693 722 4773 dem
774 4694 827 4749 in
876 4699 1047 4754 oculis
1099 4706 1536 4773 persequentium
1585 4725 1846 4784 apparco,
1899 4713 1993 4766 sed
2041 4722 2166 4768 ante

599 4784 766 4839 Deum
798 4797 988 4843 ornata
1010 4790 1202 4847 decore
1226 4794 1486 4850 virtutum
1526 4797 1783 4868 rel'ulgeo.
1819 4800 1967 4855 Sicut
1996 4802 2168 4856 taber-

601 4875 792 4930 nacula
829 4877 1006 4934 Kedar
1033 4881 1184 4952 [Cod.
1215 4885 1359 4952 Vat.,
1391 4886 1606 4960 Cedat],
1648 4891 1782 4944 sicut
1823 4891 1971 4960 pellis
2009 4892 2167 4948 Salo-

599 4967 786 5021 monis.
818 4969 995 5026 Kedar
1023 4971 1166 5030 ﬁlius
1195 4975 1452 5044 lsmaelis,
1485 4980 1628 5047 quod
1646 4979 1810 5052 395.
1847 4981 2167 5036 interpreta-

671 5113 696 5142 ³
720 5102 852 5159 Cod.
878 5105 1032 5165 Vat.:
1055 5110 1097 5162 Α
1118 5111 1345 5166 chrisma
1369 5113 1623 5177 Christus,
1647 5113 1701 5166 id
1722 5123 1819 5177 est,
1841 5115 1904 5168 ab
1925 5116 2167 5171 unctione

595 5182 804 5252 unctus,
833 5177 971 5252 quod
994 5195 1185 5252 nomen
1205 5197 1320 5234 cum
1349 5183 1522 5252 gratia?
1546 5184 1712 5252 sancti
1737 5183 1966 5252 Spiritus
1995 5184 2049 5237 in
2076 5185 2167 5238 ba-

595 5243 854 5312 ptismate
875 5245 1112 5314 funditur
1153 5249 1210 5302 in
1236 5243 1444 5304 cunEtos
1477 5250 1688 5372 ﬁdeles.
1735 5243 1941 5308 Cietera
1967 5255 2164 5310 omissa

596 5319 741 5372 sunt,
766 5329 934 5372 usque
957 5333 969 5369 :
997 5315 1124 5370 Ideo
1150 5318 1472 5372 adolescenti;
1498 5337 1561 5372 ιε.

596 5319 749 5383 sunt,
766 5329 934 5383 usque
957 5333 969 5369 :
997 5315 1124 5370 Ideo
1150 5315 1561 5373 adolescentulis.

669 5381 1034 5464 {’Cod.:V_at.:
1066 5385 1134 5440 Ut
1171 5397 1220 5441 te
1238 5389 1596 5464 gscendentem
1637 5389 1697 5464 in_
1723 5389 1906 5446 ctelum
1943 5410 2164 5464 sequar;

599 5450 978 5525 aliisnomissis,
1009 5471 1201 5525 usque,
1228 5455 1510 5512 Currcmus
1539 5457 1716 5512 simul.

670 5531 692 5560 ε
712 5521 842 5602 God.
879 5524 998 5602 \lat.
1017 5521 1226 5602 omittit
1241 5542 1304 5582 ea
1320 5542 1438 5596 quae
1457 5529 1595 5583 hanc
1609 5536 1721 5584 not.
1738 5541 2056 5602 sequuntur,
2079 5551 2166 5590 us-

596 5604 722 5660 que,
752 5591 1162 5648 Exsultabimus.

667 5661 693 5742 ξ*
719 5661 852 5744 (3οᾴἶ
883 5665 996 5717 Vat.
1018 5681 1029 5715 :
1059 5665 1279 5744 Intende
1306 5666 1368 5744 in.
1387 5667 1532 5744 nobis
1561 5686 1758 5744 memo_r
1783 5689 1874 5743 per
1897 5675 2071 5727 omnia
2089 5676 2165 5744 ﬁ-

596 5727 679 5782 dei
717 5734 940 5811 gratigm
972 5750 1127 5811 super
1171 5732 1295 5802 legis
1335 5735 1646 5794 doctrinam.
1701 5727 1907 5799 Caitera
1951 5727 2163 5811 desuiit,

599 5813 768 5868 usque
801 5818 812 5853 :
845 5801 988 5857 Περιὶ
1015 5801 1238 5870 diligunt
1269 5813 1334 5856 te.

2269 1973 2582 2039 vinearum,
2629 1974 2684 2029 id
2729 1982 2812 2030 est
2841 1975 3201 2030 Ecclesiarum
3228 2017 3242 2043 ,
3286 1991 3384 2048 per
3427 1981 3617 2035 urbem
3668 1993 3846 2037 custo-

2269 2064 2392 2118 dem
2418 2065 2468 2118 ιι.
2519 2065 2692 2118 Mater
2717 2065 3003 2134 primitiva:
3025 2065 3278 2122 Ecclesia:
3309 2067 3592 2141 Synagoga
3624 2080 3728 2136 est,
3761 2074 3843 2128 cui

2267 2169 2365 2224 per
2391 2156 2707 2226 prophetam
2744 2157 2940 2211 dicitur
2971 2176 2982 2211 :
3009 2157 3162 2222 Zion,
3195 2169 3250 2212 tu
3279 2161 3539 2216 vocaberis
3565 2163 3768 2231 civitas,
3798 2175 3843 2219 et

2269 2253 2432 2297 mater
2465 2246 2732 2298 civitatum
2763 2245 2946 2316 (Zach.
2979 2264 3099 2312 vm,
3130 2250 3206 2319 5).

2337 2352 2500 2408 Vsus.
2529 2353 2581 2408 6.
2608 2385 2678 2393 ——
2711 2354 2898 2410 Indica
2924 2357 3072 2422 mihi,
3103 2376 3253 2430 quem
3285 2357 3454 2431 diligit
3491 2363 3676 2416 anima
3705 2380 3839 2429 mea,

2268 2443 2356 2497 ubi
2382 2462 2588 2515 pascas,
2625 2447 2716 2500 ubi
2736 2449 2888 2502 cubes
2931 2450 2986 2504 in
3012 2452 3248 2516 meridie,
3286 2468 3350 2506 ne
3385 2455 3563 2522 vagari
3593 2455 3840 2525 incipiam

2267 2545 2380 2606 post
2417 2554 2591 2607 greges
2617 2539 2877 2595 sodalium
2907 2551 3136 2597 tuorum.
3185 2544 3363 2600 Indica
3403 2546 3534 2600 mihi
3561 2555 3834 2615 pastorem

2269 2640 2467 2692 meum,
2494 2643 2652 2697 quem
2702 2638 2814 2685 tota
2839 2631 3018 2686 anima
3044 2633 3226 2704 diligo,
3257 2642 3309 2690 et
3339 2635 3392 2688 in
3423 2637 3618 2704 quibus
3646 2652 3840 2706 pascua

2269 2715 2425 2789 [Cod.
2459 2709 2606 2783 ναις
2628 2720 2906 2794 pascuam]
2950 2730 3004 2777 et
3046 2725 3288 2793 requiem
3317 2726 3540 2791 habeat,
3585 2742 3658 2781 ne
3706 2736 3839 2782 aestu

2268 2809 2625 2864 tentationum
2651 2812 2882 2878 turbata,
2913 2823 3034 2883 post
3058 2814 3339 2880 sodalium,
3372 2817 3423 2870 id
3450 2826 3534 2872 est
3558 2819 3840 2876 haeretico-

2269 2913 2391 2952 rum
2422 2898 2813 2967 conventicula,
2841 2917 2961 2957 eum
2989 2915 3227 2973 quaarere
3255 2906 3526 2976 incipiam.

2338 3011 2500 3067 Vsus.
2543 3014 2594 3067 7.
2623 3043 2692 3055 —-
2725 3015 2788 3070 Si
2836 3017 3046 3088 ignoras
3092 3030 3161 3084 te,
3215 3037 3244 3074 ο
3287 3020 3639 3090 pulcherrima
3687 3025 3838 3097 [ϐοά.

2269 3097 2414 3164 Vah,
2443 3101 2685 3176 pulchra]
2731 3105 2868 3159 inter
2910 3106 3172 3170 mulieres,
3224 3109 3466 3178 egredere
3507 3121 3556 3165 et
3597 3113 3686 3167 abi
3728 3125 3840 3184 post

2195 3199 2240 3264 υ
2273 3193 2483 3262 vestigia
2507 3211 2737 3265 gregum.
2776 3194 2832 3250 Si
2876 3197 3093 3266 ignoras
3126 3207 3175 3253 te
3205 3202 3302 3255 sub
3327 3199 3634 3270 huiusmodi
3673 3212 3841 3259 tenta—

2270 3283 2431 3340 tionis
2459 3286 2660 3342 ditione
2690 3287 2806 3358 [F.,
2837 3290 3164 3362 conditione]
3197 3293 3326 3348 nnni
3358 3309 3478 3349 esse
3505 3305 3838 3364 sponsatam,

2269 3377 2524 3446 egredere
2552 3393 2581 3432 a
2609 3392 2728 3434 meo
2754 3382 3043 3444 consortio,
3076 3389 3130 3436 et
3155 3383 3334 3439 varios
3362 3386 3662 3440 errantium
3693 3395 3840 3440 actus

2269 3482 2511 3536 sequere.
2544 3468 2613 3522 Et
2639 3487 2791 3540 pasce
2822 3472 2997 3525 haedos
3026 3489 3166 3526 meos
3204 3471 3354 3541 iuxta
3383 3475 3722 3530 tabernacula
3744 3495 3835 3545 pa-

2268 3565 2486 3610 storum.
2528 3557 2586 3612 Id
2611 3568 2713 3624 est,
2739 3560 2978 3629 perditos
3021 3563 3164 3617 nutri
3210 3564 3501 3628 auditores,
3533 3568 3626 3634 qui
3672 3565 3835 3622 secuti

2270 3646 2636 3717 insipientium
2671 3651 2946 3706 doctrinas
2971 3654 3375 3724 magistrorum,
3407 3669 3438 3710 a
3464 3642 3702 3713 sinistris
3735 3667 3838 3713 sta-

2271 3738 2375 3790 turi
2407 3745 2551 3792 sunt.

2345 3823 2502 3880 Vsus.
2559 3825 2613 3881 8.
2649 3857 2718 3866 -—
2740 3826 3016 3899 Equitatui
3063 3845 3172 3885 meo
3204 3832 3258 3888 in
3282 3835 3522 3890 curribus
3545 3835 3836 3891 Pharaonis

2269 3913 2554 3969 assimilavi
2589 3925 2670 3981 te,
2719 3919 2889 3973 amica
2934 3937 3072 3978 mea.
3119 3921 3269 3978 Sicut
3309 3925 3544 3994 priorem
3588 3929 3832 3997 populum

2267 4003 2335 4058 de
2358 4003 2612 4076 Egyptio
2649 4007 2866 4063 liberavi
2906 4011 3130 4077 timore;
3179 4013 3258 4067 sic
3300 4024 3350 4068 te
3377 4055 3393 4080 ,
3444 4031 3641 4085 sponsa
3689 4017 3830 4072 mea!

2270 4092 2334 4148 de
2355 4097 2806 4165 persequentium,
2839 4099 2886 4155 si
2920 4101 2972 4155 in
3000 4117 3086 4157 me
3111 4104 3421 4172 conﬁderis,
3446 4106 3691 4163 liberabo
3723 4125 3832 4164 ma-

2270 4183 2448 4239 nibus.

2340 4279 2503 4334 Vsus.
2549 4279 2603 4335 9.
2628 4311 2701 4322 ——
2745 4281 2988 4337 Pulchra:
3010 4295 3130 4339 sunt
3157 4302 3301 4355 gente
3325 4295 3430 4342 tua!
3457 4289 3594 4342 sicut
3621 4290 3833 4344 uirtutis

2273 4365 2424 4439 [Cod.
2454 4371 2600 4437 Vat.,
2629 4373 2833 4445 turris].
2885 4375 3056 4430 Tanta
3107 4383 3158 4431 te
3201 4379 3540 4434 verecundia!
3587 4380 3833 4435 salutaris

2269 4459 2467 4513 virtute
2490 4461 2760 4528 decoravi,
2791 4472 2851 4516 ut
2884 4463 3183 4520 castitatem
3213 4467 3493 4536 promissae
3527 4469 3663 4524 mihi
3695 4467 3829 4532 ﬁdei.

2264 4547 2409 4602 nulla
2455 4565 2743 4617 pravorum
2787 4553 3064 4610 doctorum
3127 4557 3438 4613 seductione
3501 4573 3827 4630 corrumpas.

2266 4636 2470 4692 Collum
2498 4651 2644 4695 tuum
2669 4643 2800 4697 sicut
2823 4644 3060 4700 monilia.
3095 4645 3151 4701 In
3177 4647 3309 4703 collo
3336 4650 3508 4704 sancti
3530 4651 3834 4721 praedicato-

2265 4745 2374 4796 res,
2405 4731 2522 4800 qui,
2571 4737 2714 4803 quod
2759 4739 2927 4791 verbo
2971 4739 3184 4805 docent,
3231 4741 3486 4811 operibus
3527 4743 3829 4807 ostendunt,

2266 4819 2652 4891 designantur:
2703 4823 2757 4878 in
2787 4826 3062 4882 monilibus
3115 4831 3295 4899 operis
3342 4845 3530 4887 eorum
3572 4831 3826 4902 perfectio

2265 4909 2586 4978 exprimitur
2614 4911 2657 4965 ί.

2335 4999 2496 5056 Vsus.
2531 4999 2618 5056 10.
2639 5031 2710 5042 —-
2733 4999 3058 5060 Murwnulas
3103 5022 3290 5060 aureas
3321 5007 3579 5076 faciamus
3607 5009 3702 5061 tibi
3728 5022 3830 5060 uer-

2339 5145 2364 5173 °
2394 5133 2522 5209 Cod.
2547 5133 2671 5188 Vat.
2696 5139 2974 5209 sequentia
3011 5140 3152 5195 hanc
3178 5148 3360 5195 notam
3386 5141 3610 5206 omittit,
3645 5155 3821 5209 usque,

2269 5201 2418 5256 Sicut
2447 5201 2803 5260 tabernaculi.

2341 5271 2361 5311 ί
2393 5273 2524 5328 Cod.
2556 5275 2678 5349 Va‘t.
2711 5284 2830 5344 post
2858 5285 3060 5332 textum
3092 5295 3105 5331 :
3135 5277 3200 5332 In
3243 5278 3574 5349 temptatione
3614 5280 3827 5349 obscura

2266 5340 2583 5417 damtonum,
2612 5340 2842 5417 formosa
2883 5349 2938 5401 in
2964 5340 3593 5417 morti/icando'carnalia
3635 5347 3830 5402 deside-

2268 5412 2370 5475 ria,
2397 5414 2606 5468 caeteris
2633 5415 2864 5470 omissis.
2910 5433 2924 5446 -

2342 5483 2365 5521 ε
2389 5480 2521 5552 Cod.
2546 5483 2667 5537 Vat.
2701 5493 2819 5552 post
2856 5494 3057 5540 textum
3082 5503 3094 5539 :
3125 5485 3302 5542 Nolite
3321 5489 3522 5550 mirari,
3547 5490 3592 5545 si
3614 5485 3832 5542 homini-

2268 5549 2361 5637 bus
2390 5551 2617 5637 dispeqt'a
2641 5549 2738 5606 siin
2768 5556 2895 5624 foris
2919 5557 2980 5608 ob
3005 5559 3396 5637 temptationum
3424 5549 3600 5613 a'stus.

2335 5621 2362 5696 1}
2388 5620 2518 5696 god.
2549 5622 2668 5696 V_'_at.
2693 5620 2892 5696 eannze
2914 5634 3092 5696 notam
3109 5620 3255 5680 'hanc
3276 5639 3591 5696 sequuntur,
3613 5621 3827 5682 omittit.

2344 5690 2358 5729 ί
2398 5689 2684 5766 Cod.__Vat.
2710 5711 2721 5744 :
2757 5689 2820 5747 In
2850 5694 2981 5748 colla
3020 5696 3255 5750 doctores
3284 5689 3450 5751 sancti
3475 5689 3826 5766 designantur.

2271 5757 2334 5812 In
2360 5759 2640 5814 monilibus
2669 5779 2825 5831 opera
2853 5766 3232 5834 exprimuntur,
3261 5769 3385 5836 quia
3404 5784 3544 5837 qute,
3566 5757 3668 5820 elo.
