4066 6442
235 411 326 472 613
1056 410 1466 466 EXEGETICA.
1505 442 1575 450 —
1613 401 2060 466 COMPENDlUM
2098 403 2176 464 [Ni
2203 407 2403 465 CANT.
2446 405 2641 464 CANT.

233 526 490 584 miculalas
537 533 767 592 argento.
820 521 876 576 lu
927 523 1236 578 muramulis
1277 522 1558 594 Scriptura
1603 531 1786 578 sancta
1815 527 1865 582 Α

230 615 533 675 ostenditur,
583 628 702 681 qua":
736 629 868 666 auro
907 613 1266 681 spiritualium
1315 629 1570 668 sensuum
1622 613 1787 686 fulget

232 707 462 769 interius,
498 713 554 760 el
585 716 809 775 argento
847 706 1083 762 cmlestis
1107 707 1302 776 eloquii
1331 708 1485 762 nitet.

292 799 446 852 Vsus.
476 797 561 850 11.
583 827 654 836 -
673 796 810 850 Dum
836 807 962 852 esset
994 815 1082 852 rex
1104 799 1159 852 in
1185 800 1423 852 accubitu
1448 816 1563 863 suo,
1591 797 1788 853 nardus

227 905 331 941 mea
352 886 488 940 dedit
513 885 723 940 odorem
749 902 922 940 suum.
958 887 1103 958 Rege
1131 887 1347 943 Christo
1377 889 1428 941 in
1458 888 1788 943 beatitudine

227 976 447 1032 cmlestis
485 977 681 1031 secreti
720 978 1026 1046 quiescente
1058 977 1210 1050 [Cod.
1250 977 1387 1043 Vat,
1414 978 1610 1048 Regi...
1639 979 1789 1046 quie-

227 1064 405 1137 scenti]
452 1072 770 1120 sanctorum
809 1066 982 1121 virtus
1019 1068 1074 1121 in
1111 1067 1349 1122 Ecclesia
1390 1083 1597 1137 magna;
1636 1068 1791 1122 nobis

226 1157 442 1229 gratiam
470 1155 754 1210 suavitatis
783 1157 1144 1212 administrat.

286 1271 442 1324 Vens.
467 1269 556 1323 12.
575 1268 968 1326 —Fasciculus
991 1272 1215 1341 myrrha:
1235 1271 1454 1326 dilectus
1475 1288 1618 1325 meus
1639 1272 1765 1325 mihi
1774 1312 1788 1337 ,

220 1360 348 1414 inter
389 1359 553 1413 ubera
595 1376 710 1414 mea
763 1362 1188 1415 commorabitur.
1241 1361 1386 1415 Mors
1430 1362 1610 1416 dilecti
1662 1363 1786 1425 mei,

221 1465 371 1519 quam
405 1465 505 1520 pro
543 1468 663 1507 mea
695 1452 868 1507 salute
896 1453 1082 1519 subiit,
1113 1468 1327 1524 semper
1356 1454 1411 1508 in
1439 1469 1558 1508 mea
1589 1468 1792 1508 memo-

221 1543 293 1597 ria
321 1545 766 1600 commorabitur.

285 1635 440 1689 Vens.
479 1636 563 1689 15.
586 1637 871 1691 —-Botrus
914 1637 1072 1710 Cypri
1114 1637 1333 1693 dilectus
1376 1655 1521 1694 meus
1556 1641 1702 1702 milii,
1734 1640 1791 1694 in

217 1723 367 1777 vineis
381 1724 646 1794 Engaddi.
675 1725 776 1792 Qui
803 1727 996 1798 [Edit.,
1024 1729 1174 1800 quid]
1202 1729 1303 1783 fuit
1333 1729 1618 1786 fasciculus
1647 1744 1792 1800 myr-

215 1813 320 1866 rha:
342 1813 394 1866 in
425 1815 783 1870 amaritudine
803 1819 1088 1887 passionis,
1109 1820 1223 1888 ipse
1246 1828 1330 1874 est
1348 1822 1533 1875 hotrus
1547 1821 1704 1892 Cypri
1733 1822 1787 1876 in

216 1903 489 1958 dulcedine
543 1909 974 1964 resurrectionis.
1023 1910 1238 1982 Myrrha
1281 1911 1565 1974 tristiﬁcat,
1604 1912 1787 1966 vinum

210 1993 435 2049 hetilicat
445 2035 460 2049 .
476 1996 544 2052 In
559 1999 716 2053 vineis
729 1999 994 2071 Engaddi,
1010 2011 1230 2072 propter
1244 2001 1571 2058 charismata
1587 2003 1786 2068 divina,

209 2102 321 2156 qua:
341 2096 466 2157 post
485 2092 937 2147 resurrectionem
961 2093 1185 2164 largitus
1204 2103 1288 2149 est
1307 2096 1361 2149 in
1385 2096 1652 2165 baptismo
1678 2096 1791 2153 suis

203 2179 843 2254 participibus.Engaddi,
860 2184 979 2240 fons
989 2185 1148 2253 haedi,
1163 2187 1486 2258 baptismum
1500 2187 1786 2259 signiﬁcat.

268 2289 431 2344 Vens.
463 2291 558 2345 14.
576 2322 648 2332 —
668 2291 804 2347 Ecce
831 2303 884 2347 tu
904 2294 1121 2364 pulchra
1144 2313 1217 2360 es,
1243 2298 1415 2350 amica
1435 2314 1570 2361 mea,
1595 2315 1709 2353 ecce
1731 2309 1789 2353 tu

195 2377 419 2444 pulchra
447 2396 531 2433 es.
585 2379 816 2435 Pulchra
845 2398 905 2437 es
929 2383 1184 2450 operibus
1212 2385 1445 2448 mundis,
1473 2387 1668 2454 quibus
1695 2403 1786 2441 so-

192 2461 313 2520 brie
346 2468 401 2520 in
432 2469 544 2522 hoc
577 2466 772 2524 sacculo
808 2473 1164 2527 conversaris.
1222 2472 1450 2528 Pulchra
1478 2490 1538 2530 es
1577 2474 1630 2530 in
1659 2477 1790 2531 sim.

186 2555 439 2625 plicitate
465 2560 674 2626 cordis,
705 2561 827 2629 quia
857 2579 957 2631 pro
986 2563 1098 2618 sola
1133 2565 1455 2620 aeternitatis
1497 2566 1791 2624 intentione

190 2643 351 2699 bonis
393 2647 616 2702 actibus
657 2649 879 2705 insistis.
926 2650 1078 2706 Oculi
1105 2654 1181 2706 tui
1209 2654 1370 2724 395
1406 2654 1786 2724 columbarum.

192 2731 344 2789 Oculi
389 2737 580 2791 cordis
631 2737 708 2792 tui
749 2741 933 2795 mundi
979 2756 1044 2796 ac
1092 2723 1393 2812 simplices,
1437 2723 1492 2799 et
1531 2746 1598 2800 ab
1641 2749 1788 2802 omni

201 2826 516 2895 duplicitate
566 2825 781 2884 fallendi
822 2826 1120 2901 immunes;
1153 2835 1258 2900 vel,
1288 2851 1480 2891 sensus
1520 2837 1597 2890 tui
1632 2837 1792 2907 spiris-

202 2916 329 2968 tuali
358 2925 490 2970 sunt
525 2917 801 2974 intellectu
827 2922 1036 2990 prmditi
1067 2936 1115 2979 ιι.

271 3005 432 3060 Vens.
475 3006 564 3061 15.
585 3037 655 3047 -—
676 3008 812 3064 Ecce
833 3019 888 3063 tu
912 3011 1127 3082 pulcher
1145 3029 1220 3079 es,
1245 3012 1429 3069 dilecte
1475 3017 1603 3070 mihi
1633 2998 1784 3089 [Cod.

208 3089 345 3162 γει,
366 3095 461 3170 mi]
489 3109 537 3153 et
573 3097 789 3155 decorus
827 3103 875 3156 ι’.
912 3102 1149 3159 Audiens
1175 3115 1359 3160 sancta
1404 3107 1646 3162 Ecclesia
1697 3124 1788 3179 ge-

209 3185 403 3240 minam
431 3185 537 3242 sibi
577 3205 608 3242 a
635 3188 862 3246 Domino
889 3192 1364 3260 pulchritudinem,
1392 3199 1572 3266 Operis
1601 3199 1788 3252 videli-

209 3286 289 3331 cet
315 3287 370 3333 et
399 3277 732 3347 intentionis,
766 3299 886 3338 cum
919 3285 1260 3354 simplicitate
1291 3291 1410 3358 puri
1443 3291 1644 3355 cordis,
1666 3305 1787 3346 esse

211 3369 558 3435 attributam,
604 3372 795 3427 devota
842 3389 972 3430 voce
1027 3379 1314 3448 respondet
1355 3396 1367 3433 :
1402 3381 1513 3451 Ego
1571 3382 1786 3452 quidem

211 3457 457 3528 quidquid
502 3460 939 3530 pulchritudinis,
991 3469 1199 3536 gratim,
1249 3469 1628 3538 simplicitatis,
1675 3473 1788 3542 spei

208 3543 403 3613 habeo,
456 3557 509 3604 te
556 3550 816 3622 largiente
874 3557 1119 3626 percepi;
1181 3566 1235 3612 tu
1292 3568 1470 3615 autem
1522 3565 1792 3618 veraciter

209 3650 258 3695 et
285 3643 397 3697 sine
433 3647 846 3714 comparatione
891 3648 1116 3717 pulcher
1154 3665 1235 3717 es,
1262 3659 1316 3707 et
1340 3653 1569 3708 decorus
1597 3656 1790 3711 divina:

207 3736 558 3803 perpetuitate
586 3744 811 3802 naturae,
838 3747 892 3791 et
926 3746 1214 3809 assumpta:
1242 3740 1593 3799 humanitatis
1621 3745 1788 3800 mira-

208 3823 288 3878 bili
329 3826 619 3898 dignitate.
677 3826 918 3884 Lectulus
958 3842 1131 3886 noster
1179 3835 1420 3904 ﬂoridus.
1476 3836 1790 3906 Bequiescit

209 3925 393 3981 sponsa
423 3931 545 3970 cum
584 3930 781 3985 sponso
809 3918 863 3972 in
914 3918 1129 3986 lectulo,
1175 3939 1298 3977 cum
1350 3934 1588 3995 tempore
1637 3927 1790 3995 pacis

209 4001 385 4060 ﬂorido
414 4019 462 4073 ε,
498 4025 617 4078 pax
647 4019 844 4065 sach
873 4011 1146 4078 Ecclesiae,
1173 4024 1228 4070 et
1250 4017 1542 4072 virtutibus
1585 4020 1790 4074 sanctis

211 4093 451 4166 florescit,
493 4110 555 4154 et
591 4100 858 4169 spirituali
893 4103 1043 4172 prole
1070 4105 1476 4176 multiplicatur.

274 4207 428 4262 Vens.
472 4209 564 4264 16.
603 4211 862 4280 —Tigna
888 4213 1163 4268 domorum
1210 4227 1504 4271 nostrarum
1552 4219 1786 4285 cedrina,

208 4292 465 4365 laquearia
487 4308 680 4353 nostra
704 4303 1020 4372 cypressina.
1047 4303 1214 4374 Tigna
1235 4312 1291 4358 et
1314 4305 1583 4374 laquearia
1606 4307 1790 4364 docto-

210 4395 510 4443 ressanctte
538 4387 822 4454 Ecclesiae,
871 4401 1088 4461 propter
1113 4395 1383 4448 munimen
1431 4395 1584 4468 [Cod.
1645 4396 1787 4464 Vat,

211 4475 623 4548 munimentum]
666 4486 722 4532 et
769 4479 1051 4546 decorem;
1100 4483 1319 4538 cedrina
1367 4494 1423 4540 et
1473 4488 1786 4556 cypressina

3357 410 3460 459 MO

2520 520 2745 576 CAPUT
2767 517 2828 575 II.

1959 611 2122 670 Vens.
2156 610 2203 667 1.
2227 644 2298 654 --
2329 611 2442 684 Ego
2469 615 2567 682 ﬂos
2607 612 2776 682 campi
2826 620 2873 664 et
2918 609 3084 663 lilium
3130 611 3460 667 convallium.

1889 705 2000 776 Ego
2020 706 2185 760 decus
2215 706 2421 770 mundi,
2461 711 2516 758 et
2551 703 2719 757 lilium
2747 702 3086 757 convallium.
3118 699 3270 774 [Cod.
3313 701 3461 770 Vat.,

1887 797 1998 866 Ego
2023 797 2186 852 decus
2211 795 2392 851 mundi
2419 804 2473 849 et
2507 794 2676 866 gloria
2706 793 3030 866 humilium]

1903 889 1917 910 '
1959 887 2117 941 Vens.
2146 887 2199 940 2.
2227 917 2298 926 -
2326 885 2475 941 Sicut
2495 885 2663 938 lilium
2688 885 2822 938 inter
2841 885 3036 954 spinas,
3065 887 3137 939 sic
3155 887 3322 940 amica
3347 903 3464 942 mea

1888 977 2024 1028 inter
2043 976 2202 1044 ﬁlias.
2239 976 2316 1030 Tu
2346 977 2588 1045 requiem
2618 976 2815 1046 quaeris
2842 983 2895 1041 et
2922 975 3107 1032 laudes
3134 977 3330 1032 lectuli.
3355 977 3464 1033 Re-

1889 1066 2118 1118 cordare
2165 1067 2308 1134 quod
2352 1066 2632 1120 candidior
2675 1065 3078 1121 tribulationum
3125 1068 3324 1123 aculeis
3354 1069 3467 1122 elli-

1888 1153 2074 1217 cieris;
2105 1163 2159 1207 et
2187 1154 2359 1223 major
2388 1161 2471 1208 est
2497 1154 2704 1209 fructus
2733 1156 3128 1226 praedicationis
3149 1155 3263 1228 [F.,
3283 1173 3466 1227 perse-

1889 1243 2142 1316 cutionis]
2175 1260 2334 1313 quam
2372 1245 2588 1313 quietis.

1959 1335 2122 1389 Vens.
2147 1335 2197 1387 5.
2226 1365 2296 1376 —
2325 1334 2474 1389 Sicut
2499 1333 2668 1388 malus
2712 1335 2848 1389 inter
2890 1335 3031 1406 ligna
3073 1335 3345 1402 silvarum,
3389 1339 3467 1390 sic

1889 1422 2107 1476 dilectus
2130 1440 2272 1476 meus
2299 1423 2436 1476 inter
2477 1423 2634 1492 ﬁlios.
2668 1423 2820 1478 Sicut
2844 1425 3017 1478 malus
3037 1426 3179 1490 visu,
3206 1427 3372 1480 odore
3407 1435 3465 1480 et

1889 1521 2045 1583 gustu
2075 1513 2341 1567 antecedit
2358 1513 2496 1584 ligna
2527 1513 2811 1580 silvestria,
2828 1515 2906 1569 sic
2928 1515 3172 1572 Christus
3195 1517 3469 1572 antecellit

1889 1616 2078 1655 omnes
2108 1611 2324 1656 sanctos
2351 1601 2504 1674 [ϐοά.
2549 1601 2583 1653 l’
2590 1612 2662 1656 at.
2686 1642 2700 1667 ,
2729 1604 2978 1658 omnibus
2999 1605 3222 1678 sanctis]
3248 1607 3338 1676 qui
3369 1607 3465 1662 ﬁlii

1891 1691 1985 1746 Dei
2030 1692 2278 1746 dicuntur
2305 1708 2370 1746 ex
2403 1692 2554 1764 [Cod.
2596 1691 2740 1759 Vat.,
2780 1695 2896 1766 sed]
2947 1697 3144 1766 gratia,
3193 1697 3280 1752 ille
3321 1698 3467 1752 solus

1891 1792 2104 1839 natura.
2139 1784 2248 1839 Sub
2282 1786 2464 1838 umbra
2490 1785 2652 1851 illius,
2679 1804 2829 1858 quem
2867 1788 3300 1855 desideraverant,
3330 1790 3460 1844 sedi.

1821 1866 1863 1924 Β
1893 1878 2092 1932 Eodem
2138 1883 2482 1948 protegente,
2530 1893 2687 1947 quem
2735 1894 2950 1949 semper
2991 1880 3177 1935 adesse
3220 1880 3464 1950 quaesivi,

1889 1969 2128 2039 quiesco,
2156 1977 2210 2023 et
2239 1983 2427 2023 secura
2473 1984 2784 2038 permaneo.
2817 1969 2884 2023 Et
2924 1969 3126 2039 fructus
3161 1971 3275 2040 ejus
3298 1970 3466 2024 dulcis

1889 2060 2087 2129 gutturi
2117 2076 2249 2112 meo.
2282 2060 2415 2126 Quia
2451 2061 2637 2131 gratiae
2683 2076 2794 2116 suae
2827 2061 3033 2115 caelesti
3065 2060 3343 2116 dulcedine
3376 2073 3465 2115 me

1891 2150 2064 2205 reiicit
2093 2149 2246 2224 [Cod.
2281 2149 2427 2215 Vat.,
2457 2151 2690 2224 refecit].

1966 2240 2125 2294 Vens.
2153 2239 2206 2292 4.
2227 2271 2297 2279 -
2318 2239 2622 2295 Introduxit
2653 2258 2732 2295 me
2767 2257 2858 2295 rex
2885 2243 2939 2294 in
2963 2241 3147 2295 cellam
3185 2242 3464 2296 vinariam.

1888 2328 2032 2386 Cella
2061 2331 2265 2385 vinaria
2290 2329 2530 2386 Ecclesia
2553 2332 2710 2387 debet
2738 2333 2978 2404 intelligi,
3010 2334 3064 2388 in
3090 2332 3241 2402 cujus
3260 2334 3467 2391 unitate

1889 2419 2226 2474 solummodo
2271 2419 2506 2488 Spiritus
2556 2432 2773 2476 sanctus
2821 2423 2936 2475 dari
2985 2423 3118 2477 solet
3166 2432 3220 2478 et
3273 2424 3465 2494 accipi,

1889 2505 2042 2575 cujus
2083 2510 2257 2576 gratia
2286 2510 2388 2565 hoc
2419 2508 2537 2564 loco
2563 2510 2672 2563 vini
2699 2511 2917 2565 nomine
2944 2511 3274 2581 designatur.
3307 2512 3467 2567 Ordiu

1889 2599 2030 2651 navit
2059 2600 2113 2652 in
2141 2615 2221 2652 me
2244 2599 2550 2653 charitatem
2582 2610 2628 2665 ο,
2661 2599 2714 2652 in
2746 2615 2850 2668 qua
2881 2600 3014 2654 cella
3051 2601 3297 2656 ordinata
3338 2604 3469 2657 cha-

1891 2689 2024 2743 ritas
2061 2697 2164 2754 est,
2209 2698 2268 2743 ut
2314 2690 2542 2760 quisque
2572 2691 2738 2745 Deum
2778 2697 2894 2746 toto
2939 2691 3120 2757 corde,
3147 2692 3270 2760 plus
3301 2707 3465 2762 quam

1891 2779 2157 2846 seipsum;
2189 2781 2493 2848 proximum
2519 2789 2770 2850 tanquam
2799 2782 3033 2851 saipsum
3057 2782 3261 2851 diligat.

1967 2870 2122 2924 Vens.
2155 2869 2208 2923 5.
2237 2899 2306 2910 --
2339 2869 2544 2925 Fulcite
2571 2888 2652 2926 me
2680 2873 2919 2941 ﬂoribus,
2960 2875 3144 2944 stipate
3175 2891 3253 2928 me
3281 2874 3460 2939 malis,

1888 2960 2011 3029 quia
2039 2973 2215 3012 amore
2242 2959 2481 3029 langueo.
2527 2960 2889 3016 Consolamini
2941 2977 3027 3015 me
3071 2961 3329 3032 exemplis
3370 2979 3464 3018 seu

1891 3049 2287 3118 incipientium,
2318 3064 2411 3103 seu
2443 3051 2869 3105 terminantium.
2911 3052 3065 3107 Viam
3111 3052 3300 3107 salutis
3329 3053 3467 3107 mihi

1891 3143 2181 3208 ostendite,
2209 3141 2336 3198 dum
2365 3143 2540 3199 adhuc
2566 3145 2619 3198 in
2645 3143 2804 3212 hujus
2832 3145 3283 3215 peregrinationis
3308 3145 3466 3201 ttedio

1811 3221 1858 3284 C
1890 3248 2072 3288 amore
2098 3248 2344 3302 superna:
2372 3233 2596 3287 visionis
2622 3233 2929 3302 languesco.

1957 3323 2121 3382 Vens.
2154 3321 2208 3375 6.
2240 3346 2309 3361 -ι-
2336 3321 2488 3375 Laeva
2519 3322 2634 3392 ejus
2659 3322 2752 3374 sub
2781 3323 2946 3392 capite
2981 3335 3092 3375 meo
3114 3360 3130 3386 ,
3163 3329 3212 3374 et
3254 3320 3470 3374 dextera

1886 3405 2030 3464 illius
2065 3410 2448 3480 amplexabitur
2483 3427 2582 3464 me.
2626 3411 2683 3464 In
2732 3411 2864 3465 laeva
2909 3410 3110 3465 Christi
3151 3409 3468 3479 temporalia

1886 3499 2002 3568 ejus
2025 3501 2185 3564 dona,
2206 3501 2259 3554 in
2283 3501 2472 3556 dextra
2486 3510 2756 3572 perpetuae
2772 3502 2894 3556 vita:
2913 3501 3186 3556 beatitudo
3201 3501 3464 3570 signatur,

1886 3593 2011 3661 quia
2046 3591 2130 3646 hic
2157 3607 2254 3661 per
2283 3608 2430 3663 spem
2459 3602 2692 3648 mentem
2738 3595 2977 3658 roborat,
3007 3601 3062 3648 et
3089 3593 3199 3649 illic
3229 3608 3327 3664 per
3371 3607 3459 3648 re-

1889 3685 2316 3738 munerationem
2347 3684 2629 3754 gloriﬁcat.

1959 3777 2122 3830 Vens.
2174 3773 2224 3828 7.
2249 3806 2319 3816 —-
2345 3776 2548 3845 Adjuro
2597 3792 2704 3838 vos,
2736 3772 2863 3844 ﬁlia:
2887 3775 3204 3840 Jerusalem,
3241 3792 3334 3847 per
3377 3792 3469 3829 ca-

1888 3883 2038 3937 preas
2070 3883 2346 3937 cervosque
2380 3883 2702 3936 camporum,
2738 3881 2800 3919 ne
2837 3867 3117 3931 suscitetis,
3167 3883 3328 3935 neque
3355 3865 3464 3919 cvi-

1887 3956 2054 4027 gilare
2083 3958 2289 4026 faciatis
2314 3957 2577 4023 dilectam,
2606 3959 2940 4028 quoadusque
2965 3960 3078 4029 ipsa
3104 3958 3241 4012 uelit.
3269 3957 3467 4012 Conte-

1889 4056 2004 4100 stor
2044 4048 2296 4115 pacilicas
2338 4046 2572 4102 ﬁdelium
2631 4047 2838 4102 animas
2879 4063 2975 4118 per
3025 4063 3152 4102 suas
3199 4061 3466 4117 quamque

1891 4135 2045 4206 [Cod.
2092 4133 2234 4200 Vah,
2259 4136 2520 4207 quasque]
2571 4137 2820 4200 virtutes,
2871 4153 2991 4206 quae
3042 4153 3141 4206 per
3173 4137 3371 4191 munda
3409 4145 3466 4192 et

1889 4226 2215 4280 ruminantia
2245 4227 2408 4296 396
2435 4226 2694 4279 animalia.
2715 4226 2938 4295 signata:
2967 4233 3113 4290 sunt,
3147 4240 3212 4280 ne
3243 4225 3330 4295 pia
3357 4224 3465 4279 fra-

1889 4322 2034 4368 trum
2063 4315 2239 4368 studia
2262 4313 2437 4382 aliqua
2469 4313 2873 4383 importunitate
2894 4311 3214 4383 impediant;
3259 4314 3352 4368 sed
3384 4313 3463 4368 sic

1888 4404 2115 4473 quisque
2153 4403 2218 4457 de
2243 4404 2610 4473 proximorum
2647 4402 2902 4474 profectu.
2922 4403 3075 4473 quasi
3105 4403 3169 4459 de
3210 4418 3308 4459 suo
3335 4419 3466 4473 gau-

1890 4495 2012 4550 deat
2043 4493 2084 4549 τ.
2127 4494 2230 4549 Per
2276 4510 2498 4565 capreas
2545 4505 2600 4550 et
2645 4511 2832 4550 cervos
2877 4497 3138 4550 virtutum
3184 4511 3346 4565 opera
3384 4497 3460 4550 si-

210 4575 418 4658 propter
437 4570 679 4625 eximias
697 4586 884 4626 eorum
909 4574 1154 4638 virtutes,
1176 4584 1232 4630 et
1255 4577 1476 4632 odorem
1493 4580 1647 4633 bona:
1665 4581 1789 4635 vita:
1820 4581 1869 4641 D
1892 4593 2144 4658 gnantur,
2174 4600 2292 4655 qua:
2321 4594 2580 4654 quantum
2631 4586 2892 4641 munditia
2922 4587 3296 4656 praeeminent,
3346 4594 3468 4640 tan-

211 4653 412 4736 signant
437 4658 486 4712 ει.
518 4659 769 4727 Quorum
791 4663 955 4716 verbo
976 4671 1030 4718 et
1049 4665 1293 4736 exemplo
1315 4667 1553 4722 Ecclesia
1577 4677 1792 4724 susten-

211 4751 366 4812 tatur,
399 4766 465 4805 ne
494 4752 759 4807 haeretica
789 4755 1055 4823 pravitate
1080 4758 1420 4814 discutiatur.
1455 4760 1602 4816 Odor
1642 4763 1787 4818 cedri

213 4847 480 4906 serpentes
530 4840 708 4911 fugat,
738 4845 881 4913 quod
919 4849 1168 4902 convenit
1210 4849 1314 4903 illis
1360 4852 1452 4920 qui
1494 4851 1546 4906 in
1591 4854 1792 4910 virtute

212 4927 350 4983 verbi
372 4932 616 4988 cmlestis
645 4944 907 4990 venenata
934 4938 1312 4994 luereticorum
1341 4942 1590 5013 dogmata
1617 4946 1793 5001 solent

211 5019 529 5090 exstirpare.
561 5022 890 5094 Cypressus,
931 5043 1052 5098 quae
1093 5046 1203 5085 sua:
1257 5025 1595 5087 venustatem
1625 5050 1792 5090 conue

213 5106 350 5163 nullo
391 5121 685 5168 ventorum
711 5115 940 5186 impulsu
965 5119 1204 5188 deponit,
1222 5125 1583 5178 constantiam
1603 5141 1789 5182 eorum

216 5200 461 5268 exprimit
493 5206 589 5273 qui
621 5217 862 5263 sanctam
889 5209 1183 5266 Ecclesiam
1213 5214 1497 5274 altioribus
1529 5218 1790 5273 virtutum

215 5297 564 5362 ornamentis,
597 5306 658 5351 ut
674 5297 970 5368 laquearia,
993 5302 1276 5362 decorant.
1296 5333 1298 5335 >

281 5454 306 5483 ³
499 5448 625 5503 Vat.
655 5466 667 5503 :
718 5449 851 5524 Ecce
874 5463 930 5506 tu
957 5453 1175 5524 pulchra
1204 5472 1280 5521 cs,
1308 5474 1478 5510 amica
1504 5475 1636 5522 mea,
1679 5475 1795 5512 ecce

217 5515 508 5595 iﬁpulchra
533 5520 779 5595 es,_oculi
805 5525 881 5576 tui
911 5515 1287 5595 columbarum.
1322 5525 1554 5580 Pulchra
1579 5515 1634 5581 in
1667 5530 1794 5581 sim-

214 5581 440 5666 plici-tate
481 5581 677 5666 cordis
698 5601 748 5642 et
775 5594 1046 5666 munditia
1072 5611 1313 5666 operum,
1349 5598 1472 5666 quia
1507 5613 1686 5650 sensus
1716 5600 1794 5652 tui

214 5655 474 5733 spiritales
500 5667 634 5733 sunt
658 5660 998 5731 intelligentia
1022 5655 1250 5733 prirditi.

500 5728 652 5790 ναι..
698 5723 1112 5797 βοεινιρῐιυὶηε
1161 5734 1237 5788 Tu
1284 5734 1426 5788 solus
1483 5737 1795 5791 naturaliter

213 5791 442 5860 pulcher,
485 5814 583 5866 ego
620 5791 766 5854 ea'te
798 5802 1036 5870 pulchra.
1081 5804 1317 5874 Reliquis
1355 5805 1568 5858 omissis
1602 5823 1788 5876 usque,

1895 4683 2008 4729 tum
2045 4676 2307 4730 violentas
2348 4676 2554 4746 antiqui
2597 4677 2768 4730 hostis
2816 4677 3040 4732 insidias
3089 4686 3465 4742 contemnere,

1895 4767 2005 4821 imo
2025 4767 2332 4836 disperdere
2357 4774 2770 4820 consueverunt.
2797 4766 2998 4836 Caprea
3024 4777 3262 4823 montem
3285 4783 3469 4824 ascen-

1896 4859 1993 4918 dit,
2027 4873 2250 4912 acumen
2275 4857 2422 4912 visus
2450 4857 2632 4921 habet,
2661 4857 2880 4912 meliora
2909 4874 3107 4928 pascua
3134 4860 3302 4929 eligit.

1968 4951 2128 5004 Vnus.
2161 4951 2213 5004 8.
2233 4979 2304 4987 —
2334 4945 2446 5001 Vox
2481 4947 2655 5001 dilecti
2686 4950 2804 5002 mei.
2845 4949 3195 5013 Subauditur,
3223 4951 3337 5004 btec
3361 4955 3463 5012 est,

1897 5057 2058 5111 quam
2115 5034 2290 5094 audivi
2328 5038 2662 5106 adjurantern
2709 5039 2846 5094 ﬁlias
2889 5039 3210 5103 Jerusalem,
3260 5053 3328 5092 ne
3381 5053 3466 5092 me

1895 5133 1947 5185 in
1973 5129 2089 5197 ejus
2115 5129 2363 5198 amplexu
2394 5119 2762 5198 quiescentem
2809 5131 3151 5185 suscitarent.
3202 5127 3337 5182 Ecce
3367 5129 3466 5182 istc

1895 5222 2026 5273 venit
2070 5219 2262 5273 saliens
2314 5220 2368 5272 in
2408 5220 2691 5285 montibus,
2746 5220 3045 5274 transiliens
3081 5218 3256 5272 colles.
3310 5216 3466 5273 Tales

1894 5311 2036 5365 enim
2060 5312 2230 5366 saltus
2247 5310 2374 5366 fecit
2399 5310 2626 5366 dilectus
2646 5327 2827 5376 meus;
2861 5312 2928 5366 de
2949 5309 3084 5366 cmlo
3105 5309 3249 5364 venit
3277 5309 3331 5364 in
3347 5319 3467 5364 utc-

1897 5468 2140 5523 Lectulus
2169 5479 2359 5523 noster.

1969 5551 1990 5579 ο
2021 5540 2152 5593 Cod.
2179 5539 2300 5609 Vat.
2325 5539 2508 5604 verba,
2535 5538 2828 5609 chuiescit
2854 5552 3066 5609 sponsa,
3087 5543 3222 5609 etc.,r
3242 5534 3459 5609 omittit.

1965 5609 1990 5649 ἀ
2026 5610 2154 5676 Qua:
2181 5607 2320 5662 hanc
2347 5620 2522 5663 notam
2554 5605 3090 5676 sequuntur,omissa
3123 5607 3176 5661 in
3189 5605 3320 5661 Cod.
3341 5607 3459 5662 Vat.

1972 5691 1994 5717 θ
2024 5675 2153 5733 Cod.
2183 5679 2299 5732 Vat.
2326 5679 2468 5732 hunc
2497 5688 2549 5732 et
2573 5675 2804 5747 priorem
2833 5686 3035 5732 textum
3054 5675 3250 5745 jungit.

1974 5750 1991 5788 ί
2027 5749 2154 5804 Cod.
2186 5749 2306 5803 Vat.
2335 5762 2394 5801 ea
2423 5763 2542 5817 qum
2573 5756 2752 5800 notam
2783 5755 3082 5817 sequuntur
3101 5747 3319 5801 omittit.
