4066 6460
601 376 704 434 647

1444 371 1503 426 Β.
1547 370 1606 424 F.
1647 367 1872 424 ALBINI
1911 365 2042 423 SEU
2080 363 2358 421 ALCUINI
2397 363 2679 422 OPERUM
2714 363 2892 421 PARS
2927 364 2989 421 ll.

3748 371 3848 429 648

597 510 742 559 rum,
783 492 850 546 de
891 498 1046 546 utero
1082 490 1138 545 in
1174 503 1434 560 praesepe,
1469 488 1534 542 de
1571 486 1798 556 praesepi
1844 485 1896 538 in
1928 497 2165 546 crucem,
2197 485 2243 541 Α
2273 480 2416 533 ceria
2459 479 2600 534 valet
2640 482 2707 535 ad
2751 483 3105 536 munitionem
3144 481 3333 547 vinete,
3382 491 3437 539 et
3479 483 3546 541 de
3586 485 3850 558 lapidibus

598 585 664 640 de
688 598 849 652 cruce
877 583 931 636 in
956 581 1280 650 sepulcrum,
1311 580 1374 632 de
1405 577 1650 647 sepulcro
1680 576 1837 631 rediit
1869 576 1921 628 in
1950 573 2165 628 caelum.

595 673 714 744 Ipse
746 682 830 728 est
849 671 941 743 qui
965 659 1202 725 elevatus
1229 677 1310 723 est
1332 682 1491 736 super
1518 679 1707 720 omnes
1736 672 1945 718 montes
1974 671 2027 716 et
2061 661 2170 715 col-

595 763 697 826 les,
728 764 778 817 id
805 769 908 827 est,
935 768 1241 816 sanctorum
1269 755 1600 810 altitudines.

668 855 829 909 Vens.
862 851 913 905 9.
937 881 1007 891 —
1027 848 1226 904 Similis
1255 846 1373 919 [est]
1402 845 1621 902 dilectus
1651 860 1794 898 meus
1825 857 2023 911 caprea:
2053 841 2169 894 hin-

597 944 820 1014 nuloque
845 957 1130 996 cervorum.
1175 939 1230 992 ln
1259 939 1624 1007 assumptione
1649 936 1850 998 carnis,
1875 941 1929 988 et
1953 932 2170 987 humili-

595 1043 708 1088 tate
745 1028 1462 1105 [Cod..Vat.,humanitate]
1513 1043 1752 1096 caprere;
1804 1026 1856 1079 in
1907 1025 2168 1079 varietate

592 1123 869 1185 virtutum,
901 1129 954 1176 et
984 1121 1292 1174 innocentia
1334 1120 1559 1174 hinnulo
1605 1132 1889 1173 cervorum
1918 1116 2167 1171 Christus

593 1219 957 1280 comparatur,
1003 1210 1054 1266 id
1084 1219 1167 1264 est
1204 1209 1650 1280 patriarcharum.
1680 1207 1765 1261 En
1792 1208 1899 1276 ipse
1924 1215 2026 1260 stat
2053 1214 2167 1276 post

590 1301 839 1371 parietem
867 1309 1120 1363 nostrum,
1146 1299 1422 1371 respiciens
1439 1315 1530 1369 per
1557 1298 1828 1367 fenestras,
1851 1297 2167 1366 prospiciens

589 1412 682 1465 per
726 1392 1002 1449 cancellos.
1054 1392 1274 1446 lndutus
1318 1390 1522 1459 pariete
1571 1395 1770 1442 nostrae
1823 1386 2168 1440 mortalitatis

591 1487 779 1552 latuit;
817 1486 911 1541 sed
940 1484 1278 1555 prospiciens
1307 1482 1372 1535 ad
1404 1495 1499 1534 nos
1523 1493 1618 1549 per
1650 1479 1917 1534 cancellos
1941 1486 1994 1532 et
2022 1476 2169 1531 fene-

590 1586 752 1641 stras,
776 1575 903 1632 dum
939 1574 1191 1630 miracula
1221 1572 1366 1636 fecit,
1392 1572 1475 1626 vel
1501 1571 1652 1643 [Cod.
1698 1568 1835 1634 Vat.,
1863 1567 1945 1640 ut]
1969 1584 2036 1622 ex
2064 1566 2170 1626 mi-,

588 1668 787 1724 raculis
815 1673 1116 1736 appareret,
1139 1664 1228 1734 qui
1255 1679 1322 1717 ex
1351 1662 1691 1733 passionibus
1721 1660 1893 1724 latuit.

659 1757 823 1813 Vens.
857 1756 942 1811 10.
969 1787 1037 1796 —
1063 1755 1130 1809 Et
1171 1755 1389 1808 dilectus
1432 1770 1575 1806 meus
1621 1751 1852 1822 loquitur
1890 1751 2037 1804 mihi.
2083 1749 2164 1803 Ad

2220 565 2227 571 ”
2271 571 2359 624 hic
2385 572 2694 640 exponitur,
2723 573 2863 628 unde
2888 571 3052 627 lsaias
3078 591 3093 629 :
3132 571 3290 627 Vinea
3311 575 3454 644 facta
3480 587 3553 631 est
3579 578 3770 633 dilecto
3795 582 3850 637 in

2269 659 2452 727 cornu,
2497 666 2550 717 in
2585 663 2698 718 loco
2737 665 2902 728 uberi,
2949 676 2997 720 et
3040 669 3268 720 maceria
3311 669 3653 724 circumdedit
3693 670 3845 744 (Isai.

2267 765 2320 815 v,
2349 754 2398 816 l,
2433 753 2508 824 2).
2560 755 2689 821 Quae
2731 757 2966 810 maceria
3031 758 3329 813 custodiam
3376 759 3670 829 significat,
3724 765 3848 832 quia

2269 842 2525 898 Dominus
2550 843 2847 900 circumdat.
2871 847 3188 915 Ecclesiam,
3219 866 3285 904 ne
3309 851 3710 907 immundorum
3738 857 3848 924 spi-

2268 933 2466 989 rituum
2516 936 2733 991 incursu
2763 939 2964 993 vastari
3001 941 3190 1009 possit.
3226 941 3451 996 Ostende
3489 943 3617 997 mihi
3660 945 3847 1015 faciem

2267 1035 2430 1078 tuam.
2461 1026 2590 1093 Qua:
2619 1029 2671 1082 in
2699 1030 2881 1084 abdito
2911 1040 3132 1085 secretae
3156 1033 3371 1100 quietis,
3398 1036 3549 1102 quasi
3576 1034 3845 1102 columba,

2268 1117 2583 1173 delitescere
2613 1121 2763 1189 cupis
2788 1132 2832 1183 ο,
2857 1136 3053 1189 precor
3081 1122 3135 1176 in
3163 1123 3406 1191 publicas
3445 1120 3690 1180 actiones
3719 1142 3847 1196 pro-

2267 1207 2418 1272 cede,
2446 1215 2501 1261 et
2526 1224 2594 1262 ex
2618 1211 2873 1278 operibus
2914 1211 3138 1266 ostende
3182 1208 3371 1267 faciem
3417 1209 3572 1284 [Cod.
3617 1211 3757 1282 Vat.,
3789 1217 3849 1271 fi-

2267 1297 2411 1371 dem]
2444 1307 2610 1354 tuam.
2651 1295 2939 1357 Sonet'vosc
2975 1312 3065 1356 tua
3102 1305 3157 1358 in
3188 1305 3403 1359 auribus
3430 1308 3576 1361 meis.
3623 1305 3741 1362 Vox
3767 1310 3844 1364 vi-

2266 1387 2460 1443 delicet
2486 1389 2677 1455 laudis,
2703 1400 2756 1446 et
2781 1392 3197 1461 praedicationis.
3235 1393 3348 1450 Vox
3374 1399 3510 1450 enim
3541 1408 3634 1450 tua
3657 1399 3840 1466 dulcis,

2265 1486 2313 1531 et
2334 1478 2494 1548 facies
2523 1491 2613 1534 tua
2635 1481 2795 1552 397
2818 1483 3026 1537 decora.
3055 1483 3200 1539 Illius
3226 1501 3458 1555 namque
3485 1503 3588 1541 vox
3618 1486 3843 1544 Domino

2267 1568 2436 1624 dulcis
2487 1580 2590 1636 est,
2641 1573 2727 1627 cui
2773 1573 2926 1628 dulce
2973 1583 3058 1629 est
3118 1578 3282 1632 verba
3329 1578 3540 1632 Domini
3583 1582 3842 1648 proximis

2265 1663 2567 1727 enuntiare,
2604 1660 2685 1718 vel
2718 1665 2818 1733 ipsi
2847 1665 3073 1721 Domino
3113 1669 3297 1724 laudes
3339 1687 3628 1738 resonare;
3660 1683 3715 1727 et
3759 1674 3842 1730 illa

2268 1749 2401 1804 ﬁdes
2432 1752 2624 1805 decora
2653 1761 2738 1807 est
2777 1769 2912 1822 quae,
2943 1757 3197 1824 operibus
3224 1768 3435 1824 ornata,
3468 1761 3699 1816 adversa
3733 1764 3839 1833 pati

588 1849 992 1920 prtedicandum
1033 1863 1118 1901 me
1162 1846 1427 1909 hortatur,
1455 1844 1639 1898 dicens
1665 1861 1677 1896 :
1705 1842 1895 1912 Surge,
1915 1858 2157 1913 propera,
2195 1837 2238 1897 Β
2265 1854 2370 1892 non
2401 1841 2591 1894 metuit
2618 1840 2772 1913 [Cod.
2802 1843 2942 1906 Vat.,
2975 1861 3078 1900 non
3113 1847 3307 1920 timet].

588 1943 760 1996 amica
805 1958 918 1995 mea
964 1939 1225 2012 [columba
1272 1936 1409 2009 mea]
1453 1937 1684 2006 formosa
1734 1952 1872 1998 mea,
1925 1943 1971 1988 et
2023 1933 2154 1987 veni.

589 2031 762 2101 Surge
790 2031 855 2085 de
882 2039 1054 2085 strato
1081 2029 1298 2098 quietis,
1329 2030 1380 2082 in
1407 2043 1515 2098 quo
1551 2028 1740 2080 tuimet
1783 2026 1948 2080 solius
1972 2041 2158 2080 curam

586 2138 748 2194 agere
776 2123 992 2192 qumris.
1038 2121 1272 2191 Propera
1304 2129 1358 2175 et
1393 2120 1512 2174 veni
1544 2119 1610 2174 ad
1642 2119 1962 2188 implendam
1993 2119 2157 2171 etiam

585 2215 848 2285 proximis
874 2229 1062 2269 curam
1108 2213 1299 2268 salutis
1326 2228 1424 2282 per
1460 2212 1696 2266 studium
1738 2211 1938 2265 sedulae
1965 2210 2160 2280 praedi-

585 2306 836 2360 cationis.
1934 2354 1936 2356 τ

658 2397 818 2452 Vens.
849 2397 935 2450 ll.
963 2424 1032 2436 —-
1053 2395 1177 2449 Jam
1206 2394 1342 2448 enim
1369 2394 1533 2448 hiems
1564 2393 1791 2456 transiit,
1831 2391 1995 2446 imber
2031 2391 2159 2446 abiit

583 2496 632 2542 et
656 2489 882 2542 recessit.
927 2485 1047 2540 lam
1077 2486 1244 2555 frigus
1289 2485 1644 2549 infidelitatis,
1674 2493 1728 2538 et
1758 2485 1930 2539 imber
1956 2485 2159 2553 iniqui-

584 2577 714 2633 tatis
743 2584 1098 2640 recesserunt,
1129 2591 1248 2643 qua:
1293 2583 1463 2628 totum
1507 2576 1696 2628 orbem
1727 2588 1898 2642 usque
1927 2573 1994 2629 ad
2025 2581 2160 2628 tem-

487 2660 492 2665 ’
581 2683 684 2740 pus
713 2667 1001 2722 Dominicae
1035 2665 1422 2720 incarnationis
1451 2666 1721 2735 tegebant.

655 2758 817 2813 Vens.
844 2757 930 2810 12.
955 2754 1230 2809 —Flores
1260 2764 1614 2826 apparuerunt
1656 2755 1712 2808 in
1750 2763 1912 2808 terra.
1958 2753 2015 2807 ld
2053 2761 2155 2818 est,

581 2851 736 2906 initia
761 2848 885 2902 fidei
911 2847 1199 2915 etjustitize
1223 2845 1522 2899 floruerunt
1553 2850 1605 2898 in
1633 2847 1853 2911 mundo,
1881 2855 2159 2902 crescente

581 2941 842 2997 Ecclesia.
879 2940 1098 3010 Tempus
1122 2939 1406 3008 putationis
1435 2936 1662 2990 advenit.
1706 2937 1762 2992 1d
1785 2947 1888 3002 est,
1916 2947 2160 3007 amputa-

578 3036 649 3090 tis
679 3033 958 3088 inutilibus
996 3046 1146 3085 vanae
1188 3029 1464 3099 religionis
1503 3030 1792 3083 sarmentis
1831 3029 2008 3084 futuro
2035 3029 2157 3085 fidei

578 3124 776 3181 fructui
806 3132 1178 3196 praeparantur
1199 3118 1285 3193 lC.
1325 3118 1409 3186 V.,
1437 3120 1828 3193 pneparentur]
1870 3122 2030 3177 corda
2060 3123 2156 3177 ho-

577 3216 802 3270 minum.
852 3212 961 3267 νοω
1005 3211 1224 3264 turturis
1261 3209 1443 3262 audita
1483 3220 1556 3263 est
1597 3210 1652 3262 in
1687 3219 1826 3263 terra
1870 3223 2070 3274 nostra,
2101 3211 2154 3265 id

577 3316 682 3371 est,
710 3307 910 3361 Christi
939 3303 1236 3358 Salvatoris
1283 3302 1454 3355 nostri
1481 3301 1712 3357 dicentis
1741 3319 1755 3357 :
1788 3302 2155 3357 Paenitentiam

578 3399 736 3468 agite,
771 3394 1199 3466 appropinquavit
1237 3392 1374 3446 enim
1414 3408 1630 3462 regnum
1661 3391 1906 3446 caelorum
1935 3391 2150 3462 (Matth.

580 3506 665 3554 ιιι,
695 3488 772 3556 2).

654 3579 817 3633 Vens.
857 3575 941 3630 l3.
965 3601 1035 3614 —-
1059 3572 1220 3628 Ficus
1255 3571 1470 3643 protulit
1516 3588 1722 3641 grossos
1751 3589 1893 3626 suos.
1945 3573 2155 3627 Veteris

577 3668 711 3739 legis
743 3675 1010 3735 prmccpta
1054 3665 1384 3719 ceciderunt.
1455 3661 1623 3717 Vinea:
1649 3665 1893 3732 ﬂorentes
1943 3665 2154 3718 odorem

580 3762 856 3824 dederunt,
895 3760 947 3813 id
970 3771 1071 3822 est,
1119 3758 1458 3827 evangelicus
1503 3759 1730 3826 populus
1769 3773 1862 3811 seu
1892 3759 2026 3812 vites
2059 3757 2155 3811 llo-

580 3861 761 3908 rentes
804 3859 1002 3906 sanctae
1046 3848 1472 3904 conversationis
1496 3848 1718 3902 odorem
1760 3847 1916 3917 longe
1941 3848 2154 3916 lateque

577 3947 857 4000 dederunt.
893 3943 1074 4014 Surge,
1100 3943 1269 3996 amica
1294 3958 1432 4004 mea,
1455 3942 1690 4010 speciosa
1722 3958 1836 3994 mea
1865 3954 1912 4006 ει,
1945 3951 1991 3995 et
2017 3942 2150 3995 veni.

579 4035 624 4093 Ο
650 4051 843 4105 sponsa
875 4043 928 4089 et
953 4035 1126 4088 amica
1151 4048 1292 4095 mea,
1319 4031 1405 4085 cui
1435 4041 1582 4085 tanta
1610 4031 1776 4086 obtuli
1802 4031 1962 4095 bona,
1994 4045 2154 4100 surge

576 4136 630 4183 et
652 4128 794 4192 veni,
819 4135 874 4180 et
909 4125 1128 4195 accinge
1174 4130 1225 4177 te
1272 4122 1338 4176 ad
1367 4129 1662 4187 certamen,
1711 4122 1851 4176 unde
1894 4130 2153 4176 aeternam

576 4220 812 4291 quietem
844 4218 1095 4287 accipias.

647 4313 810 4368 Vsus.
843 4311 927 4365 M.
948 4335 1020 4351 -—-
1040 4307 1292 4364 Columba
1318 4323 1472 4370 mea;
1503 4319 1599 4374 per
1627 4305 1950 4360 infusionem
1981 4302 2153 4372 Spirio

574 4412 662 4460 tus
689 4403 882 4459 sancti.
925 4401 993 4455 In
1029 4397 1376 4470 foraminibus
1415 4404 1592 4466 petras,
1631 4396 1686 4448 in
1713 4395 1944 4448 cavernis
1981 4409 2154 4447 mace-

574 4496 688 4550 riae.
716 4495 774 4550 ld
798 4501 900 4558 est,
923 4488 1256 4551 vulneribus,
1285 4502 1404 4556 qua:
1427 4501 1526 4553 pro
1551 4485 1720 4538 salute
1741 4499 1950 4553 sponsa:
1978 4484 2151 4552 Spon-

572 4599 669 4642 sus
713 4585 948 4654 accepit;
997 4589 1053 4636 et
1080 4593 1310 4634 caverna
1358 4576 1628 4639 maceriae,
1675 4576 1726 4630 id
1754 4584 1868 4641 est,
1908 4577 2150 4630 custodia

573 4676 832 4730 virtutum
888 4672 1190 4729 ctelestium
1231 4669 1280 4720 ι).
1337 4668 1394 4721 In
1442 4664 1798 4721 foraminibus
1846 4675 2012 4734 petrzc
2054 4681 2150 4721 co-

573 4767 753 4822 lumba
798 4766 993 4820 sedens
1032 4759 1293 4822 nidificat,
1334 4773 1457 4811 cum
1493 4757 1547 4810 in
1591 4757 1842 4826 passione
1872 4756 2150 4812 Dominica

573 4872 724 4928 spem
750 4870 859 4910 sua:
883 4852 1074 4908 salutis
1099 4851 1248 4921 ponit
1278 4848 1539 4915 Ecclesia,
1568 4863 1688 4902 cum
1717 4848 1770 4902 in
1799 4847 2151 4905 Sacramento

573 4948 766 5004 mortis
791 4945 928 5012 ejus,
950 4944 1018 4997 ab
1048 4941 1258 4995 insidiis
1281 4941 1453 4994 hostis
1479 4939 1708 5009 antiqui,
1737 4940 1890 5008 quasi
1932 4955 1964 4992 a
1996 4949 2150 5008 raptu

576 5037 871 5105 accipitris,
898 5047 1016 5088 sese
1045 5033 1206 5087 tutari
1235 5033 1474 5098 conlidit,
1503 5042 1559 5087 et
1603 5033 1653 5087 in
1685 5033 1874 5087 eodem
1899 5032 2153 5101 spiritua-

574 5127 707 5179 lium
734 5125 986 5188 liliorum,
1018 5124 1070 5177 id
1091 5134 1173 5177 est
1194 5125 1475 5189 virtutum,
1507 5125 1746 5179 sobolem
1779 5139 1966 5178 creare
2008 5135 2153 5180 sata-

574 5216 673 5286 git.
708 5214 858 5268 Unde
891 5213 1152 5269 Jeremias
1199 5215 1252 5269 in
1295 5230 1522 5284 persona
1565 5216 1718 5272 Moab
1764 5216 2047 5270 haereticos
2083 5218 2151 5271 ad

575 5307 838 5360 unitatem
870 5305 1105 5360 invitans
1132 5306 1208 5359 ait
1240 5323 1252 5358 :
1284 5306 1578 5377 Relinquite
1599 5309 1828 5362 civitates
1853 5319 1901 5362 et
1926 5310 2153 5363 habitate

574 5398 631 5451 in
662 5406 805 5468 petra
830 5396 1144 5450 habitatores
1177 5396 1366 5462 Moab;
1394 5407 1552 5452 estote
1571 5400 1720 5469 quasi
1742 5399 1980 5454 columba
2010 5400 2152 5454 nidi-

575 5488 742 5558 ficans
775 5488 830 5541 in
855 5505 1056 5542 summo
1083 5505 1171 5543 ore
1200 5488 1473 5558 foraminis
1513 5489 1646 5558 (Jer.
1672 5505 1860 5554 XLVIII,
1893 5491 2003 5564 28).
2037 5491 2150 5544 Ma-

648 5648 674 5708 {I
705 5634 989 5708 Qod.Vat.,
1016 5636 1206 5707 Surge,
1227 5656 1415 5708 sponsa
1440 5657 1576 5705 mea,
1603 5643 1772 5696 amica
1797 5660 1930 5704 mea,
1947 5653 1994 5697 et
2018 5645 2148 5697 veni.

648 5704 678 5742 ι’
709 5706 784 5758 Ea
803 5721 925 5829 qua:
949 5708 1087 5761 hanc
1109 5704 1291 5788 notam
1312 5704 1610 5780 sequuntur
1629 5712 1759 5768 Cod.
1785 5713 1903 5769 Vat.
1928 5715 2148 5772 omittit.

649 5788 772 5829 (me.
850 5777 1025 5829 stende
1053 5777 1200 5829 mihi.

582 5787 772 5842 usque,
803 5777 1025 5830 Ostende
1053 5777 1200 5832 mihi.

2332 1930 2492 1985 Vens.
2523 1931 2683 1985 15.—-
2697 1932 2874 2004 Capite
2896 1937 3040 1991 nobis
3057 1941 3228 2010 vulpes
3241 1937 3506 2009 parvulas,
3535 1958 3654 2011 qum
3671 1943 3840 1998 demo-

2259 2019 2460 2075 liuntur
2489 2025 2679 2078 vineas.
2723 2025 2780 2080 Id
2809 2036 2926 2093 est,
2957 2029 3157 2084 vinelte
3183 2031 3468 2087 hmreticos
3501 2042 3556 2087 et
3584 2035 3840 2090 schisma-

2261 2111 2394 2166 ticos
2422 2153 2435 2176 ,
2481 2114 2733 2183 parvulos
2765 2116 2917 2188 [ϐοά.
2957 2116 3097 2182 Vat.,
3137 2120 3355 2193 pravos]
3387 2121 3519 2187 fide,
3547 2134 3602 2178 et
3633 2124 3840 2181 dolosos

2257 2205 2424 2258 verbo
2451 2246 2464 2270 ,
2518 2207 2613 2274 qui
2658 2209 2817 2263 dente
2857 2224 3036 2278 prava:
3089 2213 3345 2268 doctrinas
3389 2217 3551 2270 rudes
3607 2216 3839 2273 ﬁdelium

2259 2305 2468 2351 mentes
2511 2297 2753 2352 lacerare
2783 2299 2973 2355 solent.
3016 2301 3158 2356 Nam
3183 2305 3331 2358 vinea
3352 2315 3531 2359 nostra
3556 2304 3758 2375 ﬂoruit.
3785 2308 3839 2363 ld

2257 2394 2360 2450 est,
2393 2386 2498 2441 late
2522 2386 2813 2442 electorum
2841 2390 3025 2458 plebes
3057 2394 3382 2462 germinant.

2273 2512 2276 2514 -
2329 2477 2492 2531 Vens.
2521 2477 2606 2532 l6.
2624 2509 2696 2519 —-
2725 2479 2956 2534 Dilectus
2977 2498 3122 2535 meus
3142 2483 3290 2536 mihi.
3319 2483 3376 2538 ld
3404 2493 3509 2550 est,
3543 2482 3696 2540 solus
3715 2487 3837 2543 mihi

2258 2573 2506 2639 dilectus,
2531 2583 2584 2630 ct
2612 2576 2757 2630 solus
2785 2578 2914 2632 mihi
2953 2576 3165 2646 adjutor
3184 2588 3286 2633 est.
3334 2579 3402 2633 Et
3440 2597 3534 2649 crto
3582 2581 3686 2634 illi.
3721 2581 3838 2636 Sola

2258 2680 2376 2718 sum
2403 2665 2620 2742 dilecta,
2648 2668 2772 2736 quia
2792 2669 2935 2722 nulla
2981 2670 3082 2723 alia
3114 2669 3266 2742 [Cod.
3309 2671 3446 2736 Vat.,
3472 2673 3654 2728 nullus
3683 2673 3837 2747 alius]

2257 2763 2403 2811 recte
2443 2755 2615 2826 diligit
2655 2756 2950 2823 Christum,
2979 2761 3080 2815 nisi
3120 2762 3275 2816 unica
3317 2763 3578 2829 Ecclesia,
3618 2775 3676 2819 et
3701 2764 3840 2818 nulla

2257 2847 2360 2901 alia
2401 2849 2554 2903 abeo
2595 2849 2850 2920 diligitur.
2887 2851 2990 2915 Qui
3031 2854 3267 2922 pascitur
3291 2854 3428 2907 inter
3453 2853 3588 2907 lilia.
3620 2853 3681 2908 Id
3723 2863 3835 2918 est,

2257 2939 2516 2992 munditia
2550 2939 2671 2993 fidei
2698 2948 2752 2994 et
2781 2942 3013 2995 candore
3044 2943 3326 2996 virtutum.
3837 2945 3841 2948 ’

2327 3029 2489 3083 Vens.
2527 3029 2611 3082 l7.
2636 3059 2707 3069 —
2741 3026 2914 3085 Donec
2939 3034 3131 3102 aspiret
3157 3035 3285 3098 dies,
3317 3043 3366 3088 et
3387 3035 3710 3090 inclinentur
3737 3054 3837 3091 unt-

2257 3118 2383 3172 brtv.
2435 3116 2616 3174 Donec
2664 3122 2874 3174 venturi
2929 3123 3109 3176 seculi
3159 3123 3250 3177 lux
3273 3125 3481 3178 oriatur
3527 3135 3752 3191 aeterna,
3786 3136 3836 3184 et

2258 3211 2479 3272 umbne,
2509 3209 2560 3262 id
2586 3218 2667 3264 est
2692 3226 2903 3266 errores
2930 3216 3210 3282 praesentis
3238 3217 3379 3280 vitae,
3406 3226 3707 3272 transeant.
3738 3219 3836 3273 Re-

2199 3325 2222 3344 ο
2257 3311 2470 3365 vertere,
2501 3301 2686 3355 similis
2723 3313 2828 3356 esto
2849 3343 2864 3369 ,
2891 3303 3076 3358 dilecte
3103 3307 3190 3368 mi,
3239 3319 3442 3376 Caprea'
3488 3319 3582 3362 aut
3622 3310 3835 3365 hinnulo

2255 3406 2522 3445 cervorum
2559 3408 2716 3462 super
2747 3405 2942 3448 montes
2990 3395 3189 3449 Bethel.
3235 3397 3496 3463 Obsecro,
3521 3399 3718 3455 dilecte
3745 3401 3834 3464 mi,

2254 3491 2315 3534 ut
2335 3483 2532 3551 saepius
2560 3483 2838 3538 dulcedine
2866 3494 2968 3539 tua:
2988 3485 3312 3541 visitationis
3326 3489 3618 3544 revertaris
3643 3491 3712 3543 ad
3734 3503 3829 3554 me,

2255 3577 2377 3642 quia
2405 3585 2530 3628 cum
2576 3590 2781 3641 carne,
2831 3593 2994 3647 quam
3043 3581 3109 3634 de
3151 3580 3584 3650 patriarcharum
3633 3583 3832 3651 origine

2254 3665 2550 3733 sumpsisti,
2577 3681 2740 3733 super
2760 3667 3096 3722 altitudinem
3121 3683 3336 3723 omnem
3359 3669 3666 3724 cmlestium
3691 3686 3832 3724 mon-

2254 3757 2410 3818 tium,
2447 3757 2757 3821 ascendisti,
2805 3766 2865 3812 ut
2919 3759 3160 3814 laborem
3204 3762 3659 3829 peregrinationis
3707 3775 3829 3815 meat

2254 3848 2621 3916 speculatione
2641 3857 2854 3904 aeterna:
2874 3852 3066 3923 patria:
3085 3851 3292 3908 releves
3322 3850 3479 3922 [ϐοά.
3517 3851 3666 3920 Vat.,
3694 3866 3830 3909 reve-

2256 3940 2380 4013 les].

2867 4032 3094 4089 CAPUT
3132 4034 3218 4088 lli.

2329 4122 2487 4176 Vens.
2523 4123 2571 4176 l.
2597 4153 2668 4163 —-
2692 4122 2757 4176 In
2789 4123 2975 4178 lectulo
3013 4142 3125 4179 meo
3163 4142 3255 4196 per
3295 4135 3467 4180 noctes
3508 4126 3667 4198 [Cod.
3691 4128 3820 4189 Vat.,

2255 4213 2478 4286 noctem]
2508 4216 2752 4284 qutvsivi,
2781 4232 2932 4284 quem
2957 4215 3128 4286 diligit
3156 4217 3334 4270 anima
3363 4234 3512 4283 mea;
3549 4219 3757 4288 (ιιιωεὶιὲ
3779 4227 3824 4272 et

2254 4323 2356 4360 non
2380 4308 2550 4361 inveni
2579 4306 2730 4361 illum
2756 4308 2912 4380 [Cod.
2950 4308 3096 4372 Vat.,
3120 4310 3336 4376 quasivi
3371 4308 3525 4363 illum
3554 4319 3727 4364 etnon
3751 4310 3825 4364 in-

2255 4397 2412 4468 veni].
2443 4396 2562 4451 Jam
2587 4398 2810 4463 dudum,
2843 4399 3045 4468 inquit,
3079 4399 3246 4454 multo
3273 4400 3448 4454 studio
3475 4402 3701 4469 (μιωεὶιή
3730 4401 3825 4454 Do-

2256 4488 2483 4553 minum,
2525 4489 2618 4542 sed
2651 4504 2770 4557 qua:
2793 4488 2945 4559 [Cod.
2993 4487 3138 4555 Vat.,
3170 4489 3317 4562 quia]
3349 4491 3526 4546 adhuc
3571 4491 3824 4547 illecebris

2255 4579 2437 4632 carnis
2480 4594 2615 4653 meae
2641 4580 2852 4634 subdita
2881 4578 2958 4633 fui
2982 4620 2998 4643 ,
3036 4589 3088 4635 et
3118 4583 3357 4636 tenebris
3380 4582 3661 4652 profunda:
3686 4585 3823 4654 igno-

2219 4669 2444 4724 -rantite
2481 4671 2773 4735 obcaecata,
2811 4686 2918 4725 non
2941 4671 3120 4726 inveni
3149 4673 3329 4727 lumen
3362 4674 3632 4740 veritatis,
3675 4676 3726 4730 id
3749 4682 3823 4728 est

2253 4760 2559 4816 Dominum.

2322 4851 2483 4904 Visus.
2513 4850 2873 4920 2.]-—-Surgum
2893 4861 2942 4906 et
2954 4853 3183 4907 circuibo
3209 4855 3489 4921 civitatem,
3514 4874 3610 4926 per
3629 4873 3760 4911 vicos
3777 4863 3821 4908 et

2249 4944 2448 5013 plateas
2487 4959 2719 5012 qureram
2745 4980 2760 5007 ,
2807 4959 2959 5014 quem
2989 4944 3156 5013 diligit
3196 4947 3373 4998 anima
3416 4963 3554 5001 mea.
3609 4946 3821 5013 quam"

2249 5033 2420 5096 illum,
2449 5044 2497 5087 et
2526 5051 2627 5088 non
2658 5035 2850 5088 inveni.
2875 5034 3134 5104 Pmposui
3168 5036 3348 5089 animo
3377 5052 3520 5101 meo,
3551 5039 3622 5093 de
3639 5037 3819 5093 lectulo

2252 5125 2547 5179 carnalium
2578 5126 2912 5195 voluptatum
2948 5141 3188 5196 surgere,
3239 5135 3413 5182 terras
3440 5143 3503 5185 ac
3531 5131 3702 5185 maria
3725 5130 3818 5184 cir-

2251 5217 2422 5278 cuire,
2455 5217 2972 5286 etphilosophorum
3001 5218 3151 5271 adire
3181 5219 3490 5289 magisteria
3517 5219 3815 5292 [Cod.l’at.,

2253 5309 2609 5381 ministeria];
2650 5311 2741 5364 sed
2773 5325 2872 5364 nec
2910 5311 2988 5365 sic
3013 5311 3191 5365 inveni
3229 5312 3398 5366 illum.

2324 5403 2486 5456 Vens.
2515 5401 2675 5456 5.-1
2681 5411 2961 5456 nvenerunt
2985 5419 3065 5456 me
3080 5404 3320 5458 custodes
3349 5403 3505 5476 [ϐοὰ.
3530 5407 3672 5471 Vat.,
3695 5403 3815 5473 vigi-

2253 5491 2348 5564 les]
2374 5493 2464 5564 qui
2501 5493 2799 5546 custodiunt
2821 5494 3098 5548 civitatem.
3147 5494 3291 5548 Num
3320 5513 3474 5566 quem
3512 5498 3689 5553 dilexit
3713 5494 3817 5550 ani-

2326 5659 2347 5729 ξ
2367 5645 2497 5729 God.
2518 5649 2668 5729 Vat.,
2683 5648 2908 5729 Ostende
2931 5651 3057 5706 mihi
3080 5651 3267 5721 faciem
3283 5653 3683 5729 tuam._Precor,
3697 5659 3812 5715 etc...

2251 5719 2528 5790 prioribus
2564 5721 2798 5776 omissis.
