4072 6340
274 407 377 467 849

1138 407 1550 467 EXEGETICA.
1587 439 1660 454 —
1694 409 2146 471 COMPENDIUM
2179 411 2252 471 IN
2285 410 2488 472 CANT.
2527 411 2732 470 CANT.

3429 414 3542 478 669

271 538 353 576 ma
379 536 496 576 mea
524 518 763 578 vidistis?
795 521 996 595 Vigiles
1030 533 1175 591 sunt,
1211 527 1304 597 qui
1325 526 1635 584 custodiunt
1657 528 1817 584 Eccle
1875 533 1928 594 Α
1951 532 2182 603 gratiam
2209 532 2383 589 sancti
2403 530 2636 603 Spiritus
2656 545 2794 586 nova
2815 531 3089 598 nascitur;
3113 532 3170 588 in
3189 532 3555 611 quibusdam,

269 612 422 678 siam,
461 613 688 684 apostoli
713 622 768 670 et
789 615 1082 688 doctores”
1097 618 1188 687 qui
1212 620 1568 689 gentilitatem
1600 632 1849 679 veritatis

267 701 515 774 indagine
541 703 826 762 sollicitam
875 705 1029 778 (Cod.
1071 705 1214 772 Vat.,
1253 710 1656 781 sollicitantem]
1699 713 1850 770 inve-

266 803 482 850 nerunt.

332 887 498 944 Vens.
514 887 569 944 4.
590 888 953 948 —Paululum
978 911 1096 949 cum
1117 894 1514 967 pertransissem
1538 915 1648 966 eos,
1676 901 1850 955 inveni

264 993 415 1049 quem
443 977 617 1052 diligit
656 983 832 1038 anima
869 1000 1005 1040 mea.
1047 985 1184 1040 Dum
1213 1001 1301 1042 me
1339 987 1551 1044 illorum
1596 989 1849 1060 magiste«

261 1072 338 1128 rio
365 1072 581 1140 tradidi,
619 1091 745 1132 mox
774 1078 956 1136 lumen
992 1081 1261 1150 veritatis,
1307 1085 1450 1153 quod
1477 1085 1568 1141 diu
1591 1087 1850 1156 quzcsive-

257 1184 371 1224 ram
420 1168 575 1243 [Cod.
613 1170 753 1237 ναι,
789 1177 930 1246 quod
952 1177 1232 1249 quaesivi],
1266 1178 1468 1234 inveni.
1512 1179 1678 1235 Tenui
1702 1199 1845 1249 eum,

258 1275 347 1314 nec
373 1259 658 1328 dimittam,
689 1263 853 1320 donec
878 1267 1209 1322 introducam
1238 1269 1389 1324 illum
1409 1272 1464 1326 in
1493 1272 1707 1327 domum
1731 1291 1848 1329 ma-

253 1350 346 1406 tris
380 1367 510 1407 mea:
535 1363 582 1408 et
601 1355 660 1409 in
685 1356 980 1412 cubiculum
1005 1361 1272 1430 genitricis
1295 1379 1442 1417 mea'.
1481 1363 1651 1420 Tenui
1687 1363 1842 1438 [Cod.

260 1439 405 1510 Vat.,
437 1452 594 1502 teneo
614 1447 878 1522 donec...]
913 1449 1062 1506 illum
1089 1451 1245 1507 ﬁrma
1274 1452 1380 1510 ﬁde
1409 1462 1465 1510 et
1498 1458 1722 1521 tenebo,
1751 1458 1847 1514 do-

248 1549 348 1590 nec
381 1535 436 1591 iu
474 1536 582 1594 ﬁne
613 1541 794 1596 saeculi
831 1557 932 1612 per
969 1542 1208 1600 ofﬁcium
1248 1548 1647 1617 praedicationis
1674 1549 1846 1608 intro-
1900 1605 1903 1608 .

246 1623 444 1683 ducam
486 1630 636 1687 illum
658 1633 714 1688 in
749 1634 968 1690 domum
994 1677 1010 1703 ,
1061 1645 1118 1693 et
1146 1638 1324 1694 cubile
1355 1639 1681 1714 Synagogte,
1723 1659 1844 1714 quae

245 1736 331 1780 me
357 1722 546 1794 genuit
590 1724 648 1781 in
691 1725 954 1795 Domino,
987 1735 1044 1784 et
1081 1728 1175 1786 ﬁet
1212 1746 1378 1787 unum
1415 1732 1558 1790 ovile
1594 1744 1650 1791 et
1697 1752 1838 1792 unus

243 1823 451 1885 pastor.

313 1926 480 1984 Vens.
505 1928 560 1984 5.
585 1929 875 2003 —Adjuro
891 1950 997 2001 vos,
1019 1934 1148 2005 ﬁlia:
1167 1936 1486 2007 Jerusalem,
1508 1958 1602 2013 per
1621 1959 1838 2014 capreas

242 2034 519 2092 cervosque
551 2040 877 2096 camporum,
906 2043 970 2082 ne
995 2030 1258 2085 suscitetis
1287 2049 1452 2103 neque
1481 2033 1726 2105 evigilare
1759 2037 1840 2107 fa-

239 2111 394 2168 ciatis
419 2113 686 2184 dilectam,
709 2117 872 2175 donec
899 2121 1013 2192 ipsa
1029 2121 1170 2177 velit.
1198 2123 1256 2179 In
1282 2125 1653 2195 superioribus
1675 2144 1839 2200 spon-

237 2215 358 2258 sam
395 2221 502 2262 non
537 2207 844 2267 invenimus
883 2213 950 2268 ad
981 2213 1221 2284 quietem
1264 2231 1456 2272 somno
1489 2221 1834 2290 pervenisse;

235 2297 333 2351 sed
358 2299 540 2368 potius
576 2302 642 2357 de
663 2302 862 2358 lectulo
883 2306 1255 2372 exsilientem,
1288 2308 1473 2366 labore
1500 2312 1740 2368 maximo
1769 2314 1840 2371 ad

231 2386 606 2448 inventionem
649 2395 830 2452 dilecti
869 2399 952 2452 sui
980 2414 1335 2471 pr0perasse;
1379 2411 1435 2457 et
1459 2404 1730 2472 quomodo
1756 2404 1840 2460 di-

229 2476 433 2547 lectus,
464 2498 534 2537 ne
567 2499 689 2539 eam
738 2488 1035 2559 exagitent,
1069 2489 1284 2559 adjurat
1333 2493 1472 2548 ﬁlias
1513 2493 1834 2552 Jerusalem.

232 2566 346 2624 Sed
389 2570 529 2628 forte
561 2575 742 2632 anima
773 2577 862 2632 illa
889 2579 1031 2635 felici
1073 2583 1248 2652 sopita
1278 2600 1491 2654 sopore,
1522 2602 1641 2656 qua:
1677 2588 1731 2642 in
1757 2589 1840 2644 di-

229 2658 368 2716 vino
393 2677 579 2719 amore
603 2668 752 2722 novit
779 2669 1082 2739 quiescere,
1112 2673 1318 2730 claudit
1346 2676 1562 2732 oculum
1590 2678 1644 2732 in
1680 2687 1837 2736 exte-

230 2751 476 2844 rioribus
497 2757 695 2822 cordis,
727 2768 782 2813 et
807 2762 980 2830 aperit
1008 2763 1064 2818 in
1094 2765 1464 2824 interioribus.
1495 2768 1686 2826 Merito
1707 2786 1838 2844 ergo

231 2843 556 2913 adjurantur
596 2848 719 2906 ﬁlia:
765 2848 1098 2919 Jerusalem,
1149 2873 1218 2913 ne
1247 2861 1513 2916 suscitent
1555 2843 1835 2930 dilectam,

231 2933 287 2990 id
313 2944 423 3004 est,
470 2954 538 2994 ne
567 2952 805 2999 mentem
831 2944 942 3001 Deo
971 2946 1221 3003 devotam
1250 2951 1319 3006 ab
1345 2951 1648 3009 intentione
1693 2955 1837 3010 desi-

232 3027 372 3084 derii
426 3031 664 3090 caelestis
709 3036 1018 3108 importuna
1065 3041 1366 3115 irruptione
1409 3047 1740 3118 praepediant
1784 3061 1833 3104 ι.

231 3118 526 3193 Repetitur
551 3127 642 3183 bic
673 3127 824 3186 locus
851 3129 904 3186 in
931 3131 1156 3190 Cantico
1186 3137 1411 3205 amoris,
1448 3146 1636 3195 utnon
1663 3140 1837 3196 mino-

231 3229 346 3271 rem
372 3233 438 3274 se
469 3219 729 3280 Dominus
756 3240 946 3281 curam
975 3227 1230 3285 Ecclesiae
1263 3231 1330 3286 de
1361 3233 1615 3303 gentibus
1643 3249 1834 3306 gerere

229 3306 525 3381 designet,
555 3329 716 3383 quam
745 3315 1004 3375 Ecclesiae
1032 3320 1272 3378 collectae
1313 3325 1379 3379 de
1418 3323 1636 3382 Iudaeis.
1680 3326 1833 3394 Quod

229 3403 376 3458 enim
403 3403 624 3474 adjurat
647 3408 786 3466 ﬁlias
807 3450 824 3477 ,
852 3427 921 3468 ne
950 3413 1214 3470 suscitent
1251 3414 1528 3484 dilectam,
1556 3419 1630 3474 ita
1658 3427 1837 3490 potest

229 3497 444 3568 accipi,
471 3502 614 3569 quod
638 3494 922 3574 praecipiat
961 3507 1077 3573 eis,
1105 3509 1200 3577 qui
1241 3509 1309 3565 de
1351 3509 1551 3566 ludatis
1582 3513 1634 3567 in
1673 3514 1835 3570 ﬁdem

228 3600 656 3661 prtecesserunt,
683 3610 753 3650 ne
773 3595 1074 3667 inquietent
1092 3615 1186 3656 eos
1209 3617 1224 3667 ;
1249 3617 1423 3672 neque
1449 3605 1621 3674 quieti
1643 3621 1836 3661 eorum

228 3683 633 3754 contradicant,
665 3687 758 3757 qui
787 3689 854 3746 de
882 3691 1199 3762 gentilitatis
1225 3708 1412 3750 errore
1432 3695 1501 3751 ad
1525 3695 1687 3752 ﬁdem
1713 3712 1837 3768 per-

231 3786 536 3832 venerunt.

295 3886 480 3958 398
534 3889 697 3946 Vens.
733 3890 786 3947 6.
817 3922 890 3934 --
922 3893 1054 3960 Quae
1083 3905 1160 3951 est
1189 3897 1293 3952 ista
1320 3915 1439 3970 qua:
1476 3902 1710 3958 ascendit
1743 3921 1838 3975 per

228 3977 543 4036 desertum?
580 3982 805 4040 Miratur
837 3985 1120 4062 Synagoga
1154 3992 1426 4060 quomodo
1464 3995 1705 4064 gentium
1740 4011 1838 4068 po-

226 4071 407 4140 pnilus,
461 4073 606 4131 nullo
650 4076 1080 4136 circumcisionis
1125 4083 1427 4139 ministerio
1479 4088 1832 4156 emundatus,

227 4165 374 4221 nulla
415 4167 810 4237 prophetarum
839 4171 1207 4228 admonitione
1241 4175 1506 4243 eruditus,
1556 4179 1735 4234 subito
1766 4182 1836 4236 ab

227 4255 440 4316 inﬁmis
464 4259 828 4330 voluptatibus
855 4279 953 4333 per
970 4263 1247 4321 desertum
1266 4270 1608 4339 gentilitatis,
1641 4280 1696 4328 et
1718 4273 1838 4329 ido-

227 4348 472 4408 lolatria:
493 4354 558 4409 ad
579 4353 688 4410 alta
714 4356 975 4411 virtutum
1002 4357 1239 4414 culmina
1261 4369 1316 4415 et
1339 4360 1534 4432 Sponsi
1555 4364 1836 4434 amplexus

227 4444 574 4500 ascendisset
603 4446 651 4500 δ.
701 4446 868 4519 Cujus
898 4448 1032 4505 ﬁdes
1059 4465 1125 4505 eo
1158 4450 1382 4521 majoris
1430 4463 1514 4510 est
1550 4456 1833 4524 miraculi,

228 4548 334 4603 quo
379 4537 534 4591 hanc
558 4553 791 4608 superne
833 4551 1143 4612 susceptam
1192 4544 1580 4605 invincibiliter
1627 4560 1830 4617 servat,

1951 631 2013 679 ut
2035 624 2092 679 in
2125 633 2250 681 ante
2289 625 2429 680 natis
2449 666 2464 691 ,
2497 624 2562 679 ad
2593 624 2832 680 coelestia
2863 625 3155 698 colligitur.
3195 625 3312 684 Non
3344 625 3494 684 fumo
3517 669 3535 696 ,

1951 717 2046 772 sed
2068 716 2285 788 virgulae
2313 714 2444 772 fumi
2473 715 2821 782 assimilatur,
2846 725 2908 772 ut
2931 717 3111 773 unitas
3133 717 3255 774 ﬁdei
3281 717 3538 775 Ecclesia:

1948 807 2302 878 signiﬁcetur.
2354 806 2590 878 Myrr/ue
2635 817 2683 863 et
2724 808 2928 876 thuris,
2976 817 3023 865 et
3053 808 3278 864 universi
3309 808 3538 881 pulveris

1947 901 2300 972 pigmentarii.
2321 899 2401 955 Ex
2423 899 2838 957 mortiﬁcatione
2857 901 3156 957 carnalium
3175 901 3536 974 voluptatum,

1947 1000 2003 1050 et
2045 992 2280 1063 puritate
2312 992 2652 1059 orationum,
2685 1001 2740 1048 et
2768 994 3011 1049 omnium
3049 992 3311 1048 virtutum
3344 992 3534 1050 odore.

2019 1084 2183 1140 Vens.
2217 1085 2454 1140 7.—En
2481 1084 2728 1140 lectulum
2749 1084 3049 1142 Salomonis
3074 1087 3348 1158 sexaginta
3375 1085 3537 1156 fortes

1947 1177 2185 1234 ambiunt
2225 1195 2290 1234 ea:
2326 1178 2628 1249 fortissimis
2680 1177 2873 1234 Israel.
2922 1177 3178 1236 Lectulus
3231 1176 3539 1234 Salomonis

1945 1277 2028 1325 est
2055 1269 2396 1325 conversatio
2440 1269 2622 1340 quieta
2660 1278 2994 1326 sanctorum.
3050 1269 3340 1342 Sexaginta
3369 1267 3540 1326 fortes

1945 1363 2072 1412 sunt
2105 1357 2278 1412 sancti
2307 1358 2690 1428 praedicatores
2715 1367 2770 1413 et
2797 1357 3078 1416 fortissimi
3102 1356 3414 1426 bellatores,
3444 1357 3538 1440 qui

1945 1447 2148 1503 mundo
2171 1447 2334 1505 corde
2356 1449 2500 1521 digni
2528 1459 2655 1506 sunt
2682 1450 2853 1505 Deum
2881 1449 3084 1505 videre.

2017 1540 2181 1596 Vens.
2215 1542 2270 1597 8.
2306 1570 2378 1581 —
2413 1541 2606 1598 Omnes
2658 1551 2886 1598 tenentes
2933 1540 3157 1612 gladios,
3212 1550 3261 1597 et
3288 1540 3357 1596 ad
3402 1540 3538 1597 bella

1944 1633 2255 1688 doctissimi.
2300 1633 2510 1690 Tenent
2536 1634 2681 1690 enim
2708 1634 2944 1706 gladium
2976 1633 3198 1704 spiritus
3219 1674 3236 1701 ,
3272 1634 3416 1704 quod
3454 1639 3544 1689 est

1943 1729 2172 1784 verbum
2202 1728 2337 1795 Dei,
2381 1729 2497 1799 qui,
2531 1730 2675 1801 quod
2707 1728 2729 1802 [
2758 1727 2889 1784 Cod.
2942 1727 3082 1795 Vat.,
3131 1726 3414 1800 quidquid]
3443 1741 3542 1783 ore

1946 1823 2174 1888 docent,
2217 1838 2381 1894 opere
2414 1823 2702 1895 complent.
2743 1822 3172 1895 Uniuscujusque
3212 1823 3352 1878 ensis
3385 1837 3541 1894 super

1869 1907 1920 1970 B
1944 1911 2118 1982 femur
2139 1929 2295 1968 suum
2322 1923 2534 1985 propter
2571 1915 2781 1969 timores
2829 1923 3131 1968 nocturnos.
3178 1912 3440 1969 Nocturni
3470 1913 3540 1967 ti-

1939 2020 2121 2060 mores
2148 2014 2276 2060 sunt
2307 2005 2519 2062 insidia
2546 2005 2860 2061 tentationis
2884 2005 3129 2062 occultae.
3160 2004 3321 2061 Ensis
3352 2013 3536 2059 autem

1939 2104 2022 2152 est
2035 2097 2281 2152 custodia
2293 2097 2545 2166 vigilans.
2567 2096 2748 2152 carnis
2768 2095 3237 2168 concupiscentias
3256 2109 3534 2165 premens,

1939 2202 2010 2243 ne
2045 2189 2270 2244 verbum
2298 2188 2700 2258 praedicationis
2743 2187 3085 2243 immnnditia
3123 2187 3248 2242 vitae
3276 2185 3535 2243 maculet.

2012 2279 2174 2334 Vens.
2207 2280 2261 2336 9.
2292 2309 2360 2320 —
2389 2276 2678 2334 Ferculum
2704 2279 2825 2349 fecit
2847 2281 2947 2334 sibi
2975 2277 3231 2334 Salomon
3257 2294 3348 2332 rex
3383 2276 3449 2330 de
3473 2274 3537 2328 li-

1939 2369 2054 2441 gnis
2089 2369 2296 2424 Libani.
2328 2368 2616 2425 Ferculum
2652 2368 2960 2424 Salomonis
2990 2377 3073 2424 est
3111 2375 3297 2423 sancta
3344 2364 3534 2421 Eccle-

1937 2460 2054 2528 sia,
2099 2476 2219 2533 quze
2261 2462 2543 2518 credentes
2587 2462 2657 2516 ad
2708 2467 2925 2516 aeternae
2966 2458 3314 2514 beatitudinis
3352 2455 3538 2527 epulas

1937 2556 2100 2624 levat,
2127 2573 2249 2630 qua;
2275 2557 2342 2613 de
2372 2556 2603 2613 fortibus
2630 2555 2835 2623 animo,
2863 2555 3019 2626 quasi
3040 2553 3201 2624 lignis
3225 2549 3536 2622 imputribi-

1937 2647 2100 2716 libus,
2138 2657 2451 2706 constructa
2489 2655 2592 2705 est.

2011 2764 2175 2819 Vens.
2219 2763 2307 2819 l0.
2337 2794 2410 2805 —
2443 2761 2729 2818 Columnas
2765 2760 2882 2832 ejus
2919 2760 3042 2832 fecit
3087 2767 3382 2830 argenteas.
3425 2754 3531 2812 Co-

1937 2856 2135 2913 lumnae
2157 2863 2425 2927 argenteae
2446 2866 2571 2912 sunt
2593 2857 2846 2912 doctores
2868 2853 3065 2924 eloquii
3100 2853 3222 2908 luce
3247 2851 3536 2924 fulgentes.

1939 2947 2359 3002 Reclinatorium
2407 2963 2647 3002 aureum.
2695 2945 3126 3001 Reclinatorium
3178 2958 3404 2999 aureum
3451 2949 3538 2997 est

1936 3054 2062 3110 Spes
2091 3047 2369 3111 perpetuae
2389 3039 2589 3109 quietis
2613 3038 2861 3094 ﬁdelibus
2886 3037 3168 3109 promissa:
3197 3035 3350 3109 [Cod.
3390 3032 3536 3102 Vat.,

1934 3139 2266 3201 perpetua...
2300 3128 2613 3202 promissa].
2648 3129 2936 3184 Ascensum
2963 3143 3305 3199 purpureum.
3331 3124 3538 3181 Ascen-

1937 3238 2031 3278 sus
2049 3239 2354 3294 purpureus
2376 3223 2506 3294 quid
2534 3223 2680 3278 aliud
2700 3229 2806 3289 est,
2837 3221 2942 3277 nisi
2972 3230 3270 3292 martyrum
3293 3220 3536 3292 sanguis,

1937 3323 1994 3370 et
2026 3316 2206 3386 passio
2234 3311 2616 3386 Redemptoris
2650 3314 2866 3370 nostri?
2903 3313 3039 3381 Quia
3076 3329 3184 3368 non
3225 3313 3537 3369 ascenditur

1937 3404 2005 3460 ad
2033 3405 2220 3476 epulas
2239 3407 2386 3472 vitae,
2414 3405 2517 3460 nisi
2547 3419 2643 3476 per
2665 3405 2986 3477 mysterium
3015 3404 3285 3474 passionis
3309 3401 3538 3459 Christi.

1938 3495 2120 3551 Hedia
2169 3497 2424 3552 charitate
2461 3497 2742 3552 constravit
2782 3505 2993 3568 propter
3030 3495 3172 3565 ﬁlias
3214 3493 3534 3550 Jerusalem.

1937 3587 2128 3646 Omnis
2167 3588 2316 3644 enim
2344 3589 2436 3659 qui
2465 3588 2788 3644 charitatem
2829 3590 2994 3643 hauet
3038 3587 3134 3642 Dei
3169 3595 3223 3642 et
3261 3585 3536 3658 proximi,

1939 3680 2007 3735 ad
2033 3680 2176 3735 hanc
2210 3680 2458 3751 requiem
2481 3721 2496 3746 ,
2539 3681 2607 3736 ad
2654 3680 2753 3735 bas
2801 3680 2987 3750 epulas
3035 3679 3190 3736 laetus
3235 3679 3536 3751 perveniet.

1938 3773 2067 3829 Hrec
2095 3773 2280 3828 omnia
2305 3781 2624 3829 ornamenta
2639 3773 2897 3829 Ecclesiae
2917 3773 3170 3845 praestitit
3197 3773 3446 3830 Christus
3465 3773 3537 3828 ob

1937 3867 2161 3922 nimiam
2177 3866 2499 3923 charitatem
2514 3883 2617 3939 qua
2642 3867 2832 3924 dilexit
2860 3882 2960 3924 nos
2989 3875 3044 3922 et
3065 3854 3282 3922 tradidit
3299 3867 3536 3936 seipsum

1936 3975 2038 4031 pro
2061 3961 2238 4016 nobis.

2010 4077 2175 4133 Vens.
2204 4077 2293 4132 M.
2314 4106 2387 4119 —
2405 4075 2737 4148 Egredimini
2761 4086 2809 4132 et
2833 4077 3015 4142 videte,
3033 4075 3162 4146 lilia:
3185 4076 3334 4141 Sion,
3364 4092 3538 4147 regem

1939 4168 2300 4225 Salomonem.
2332 4169 2666 4240 Egredimini
2693 4177 2872 4223 mente
2897 4179 2951 4223 et
2989 4176 3114 4224 actu
3133 4168 3200 4223 de
3231 4167 3538 4224 turbulenta

1938 4261 2127 4316 mundi
2149 4261 2581 4328 conversatione,
2606 4268 2665 4315 ut
2685 4259 2886 4331 Regem
2909 4260 3058 4331 pacis
3082 4259 3308 4316 valeatis
3327 4259 3530 4314 videre.

1937 4352 2020 4411 In,
2036 4355 2352 4419 diademate,
2396 4370 2498 4425 quo
2545 4354 2810 4408 coronavit
2837 4370 2952 4408 eum
2993 4362 3165 4408 mater
3197 4370 3314 4408 sua.
3345 4352 3537 4408 Videte

1937 4444 2228 4502 Dominum
2258 4445 2538 4502 Christum
2567 4447 2620 4501 in
2648 4447 3008 4513 humanitate,
3036 4461 3197 4517 quam
3220 4447 3288 4501 de
3323 4445 3535 4516 virgine

1939 4548 2114 4596 matre
2152 4549 2461 4611 susceptam
2483 4540 2537 4595 in
2563 4540 2864 4611 majestatis
2888 4550 3128 4611 paternae
3151 4539 3340 4594 dextra
3369 4538 3536 4594 collo-

227 4631 477 4683 testante
504 4627 730 4696 Joanne,
760 4632 850 4701 qui
873 4633 948 4688 ait
981 4651 994 4686 :
1028 4632 1154 4689 Scio
1189 4637 1275 4690 ubi
1308 4638 1515 4694 habitas
1531 4659 1550 4707 ;
1577 4643 1666 4696 ubi
1689 4643 1834 4698 εεάεε
1864 4649 1914 4710 D
1941 4631 2104 4687 cavit.
2130 4630 2197 4686 In
2219 4632 2303 4686 die
2329 4632 2734 4703 dispensationis
2749 4630 2903 4704 [Cod.
2930 4632 3072 4696 Vat.,
3100 4628 3534 4702 disponsationis]

226 4727 300 4772 est
333 4720 585 4788 Satame,
609 4732 657 4776 et
690 4732 830 4780 tenes
871 4742 1059 4781 nomen
1097 4744 1302 4796 meum,
1332 4741 1380 4786 et
1411 4749 1513 4788 non
1542 4737 1742 4805 negasti
1769 4737 1837 4806 ﬁ-

228 4807 348 4866 dem
371 4829 554 4867 meam
579 4813 762 4886 (Apoc.
793 4832 856 4883 ιι,
882 4817 992 4891 15).
1023 4819 1129 4875 Per
1151 4820 1425 4876 desertum
1446 4825 1609 4879 etiam
1634 4827 1838 4898 signari

225 4913 413 4972 potest
444 4920 512 4960 ea
541 4910 879 4967 conversatio
908 4926 1060 4981 quae,
1090 4928 1122 4968 a
1159 4915 1344 4970 mundi
1374 4915 1639 4974 illecebris
1685 4937 1838 4992 sepa-

228 5005 348 5051 rata
379 5038 396 5064 ,
431 4997 534 5052 Dei
562 5007 773 5054 tantum
803 5000 906 5074 legi
933 5007 1240 5062 scrutanda:
1269 5013 1324 5063 et
1365 5009 1666 5065 cmlestium
1696 5028 1838 5083 prte-

228 5100 523 5160 ceptorum
557 5092 925 5150 observationi
951 5095 1134 5154 dedita
1157 5107 1259 5155 est.
1291 5099 1442 5156 Sicut
1472 5104 1674 5176 virgula
1702 5107 1836 5176 fumi

227 5196 294 5236 ea:
320 5185 678 5241 aromatibus.
710 5186 840 5259 lgne
859 5191 1062 5246 amoris
1091 5207 1319 5248 accensa
1345 5195 1492 5250 omni
1520 5197 1642 5252 nisu
1665 5200 1838 5255 virtu-

228 5279 348 5329 tum
403 5276 478 5331 ad
529 5277 771 5334 caalestia
819 5282 990 5337 tendit
1033 5294 1079 5336 ο.
1123 5282 1327 5340 Fumus
1359 5289 1550 5344 eodem
1594 5298 1839 5362 tempore

226 5366 437 5434 partim
470 5367 606 5423 solet
650 5371 800 5434 oriri,
833 5373 1029 5442 partim
1054 5374 1120 5428 ad
1149 5377 1400 5432 sublimia
1442 5378 1636 5436 ductus
1664 5379 1841 5452 dispa-

227 5468 378 5514 πει-θ.
419 5459 516 5516 Sic
544 5469 599 5519 et
621 5463 865 5521 Ecclesia
889 5464 944 5521 in
970 5467 1233 5526 membris
1256 5471 1580 5542 quibusdam
1610 5475 1722 5532 suis
1741 5492 1840 5547 per

304 5648 336 5682 ι
357 5634 686 5726 ῲάλναιη
733 5654 857 5716 post
883 5663 1103 5726 versum
1135 5669 1148 5705 :
1197 5670 1217 5704 ι
1275 5651 1401 5710 Ideo
1431 5656 1577 5714 hunc
1619 5673 1840 5715 versum

230 5714 445 5797 repetit
491 5712 756 5785 Sponsus,
791 5727 852 5775 ut
895 5737 1001 5777 non
1032 5721 1299 5797 minorem
1329 5741 1452 5781 eum
1493 5712 1842 5788 Ecclesia—{de

229 5786 501 5868 ξθτξξίδυθ
525 5798 891 5868 congregatae.
915 5809 1076 5868 quam
1101 5796 1168 5850 de
1191 5795 1396 5853 Iudaeis
1421 5797 1624 5856 habere
1641 5786 1845 5858 sollici;

232 5855 495 5914 tudinem
519 5855 768 5932 putares,
797 5855 894 5919 sed
931 5855 993 5921 ut
1021 5867 1093 5924 sit
1120 5868 1188 5926 de
1220 5871 1470 5946 utrisque
1494 5855 1842 5945 unasponsa,

571 5953 844 6024 Panos.
890 5957 961 6027 C.

1941 4724 2107 4779 illius.
2139 4723 2197 4778 In
2223 4733 2465 4796 tempore
2495 4724 2881 4780 incarnationis
2910 4724 3072 4788 illius,
3107 4739 3214 4794 quo
3257 4724 3324 4778 ad
3370 4738 3540 4794 copu-

1945 4815 2160 4872 landam
2212 4816 2315 4872 sibi
2351 4815 2648 4872 Ecclesium
2688 4831 2939 4886 sponsam
2985 4831 3052 4871 ex
3099 4815 3347 4888 virginali
3383 4823 3538 4870 utero

1943 4908 2228 4977 processit.
2268 4906 2335 4960 Et
2381 4907 2437 4961 in
2479 4905 2564 4961 die
2597 4904 2794 4960 lcetiticc
2836 4906 3009 4960 cordis
3040 4905 3175 4976 ejus.
3213 4905 3270 4960 Id
3299 4913 3397 4968 est,
3451 4919 3538 4959 re-

1945 4999 2270 5069 demptionis
2313 4998 2534 5054 humani
2577 4999 2792 5070 generis
2816 5039 2832 5067 ,
2886 5015 3008 5072 quae
3053 4997 3158 5055 fuit
3183 4999 3299 5056 dies
3331 4998 3534 5056 laatitite

1945 5091 2182 5148 Christo.

2551 5207 2778 5264 CAPUT
2814 5208 2904 5265 IV.

2013 5298 2178 5353 Vens.
2221 5297 2273 5352 l.
2297 5327 2371 5339 —
2396 5296 2568 5364 Quam
2617 5299 2838 5371 pulchra
2887 5315 2962 5364 es,
2987 5299 3160 5354 amica
3195 5314 3342 5363 mea,
3370 5313 3531 5371 quam

1940 5388 2161 5463 pulchra
2198 5390 2289 5446 es!
2314 5391 2604 5448 Pulchram
2633 5393 2763 5449 dicit
2802 5393 3135 5460 Ecclesiam;
3165 5401 3217 5450 et
3247 5393 3532 5465 pulchram

1942 5484 2159 5554 repetit,
2209 5483 2334 5556 quia
2356 5483 2496 5539 hanc
2540 5491 2596 5540 et
2637 5483 2850 5540 actione
2873 5491 2931 5540 et
2966 5485 3352 5555 prazdicatione
3397 5483 3537 5541 vidit

1947 5673 2001 5721 et
2041 5664 2140 5748 illa
2173 5665 2541 5748 dilectissima.
2601 5685 2619 5720 ι
2676 5650 2967 5721 Antenora
3005 5675 3059 5723 et
3089 5663 3394 5738 posteriora
3441 5663 3535 5722 hic

1945 5745 2343 5883 οωιξὲἳὲξῗιῖῑ.
2369 5809 2647 5879 sequentia
2670 5828 2861 5883 usque,
2891 5811 3036 5869 Sicut
3058 5808 3285 5883 virgula,
3304 5808 3532 5883 omittit.

2021 5891 2045 5922 ο
2070 5880 2203 5942 Cod.
2225 5880 2350 5940 Vat.
2380 5883 2664 5940 sequentia
2691 5879 2896 5942 omittit
2919 5899 3112 5956 usque,
3138 5879 3402 5953 Myrrha.

3019 5979 3096 6041 21

2039 6045 2078 6061 ’νη
