4072 6340
493 391 590 450 εει

456 487 468 517 'I
495 527 616 570 esse
639 503 959 566 laudabilem
985 513 1009 540 ιι
1035 515 1050 564 ;
1093 503 1306 551 actione
1333 489 1596 553 videlicet,

1353 370 1416 430 Β.
1453 323 1522 428 Γ.
1556 367 1779 426 Αωιωι
1821 363 1952 420 SEU
1991 356 2267 418 ALCUlNl
2302 350 2586 412 OPERUM
2620 347 2802 406 PARS
2837 338 2902 402 ll.

1640 484 1766 555 quia
1789 482 1921 536 sicut
1949 477 2080 560 fumi
2107 482 2160 538 Α
2184 480 2464 530 currentes
2489 468 2669 524 omnia
2695 458 2973 520 obstacula
2995 453 3182 510 mundi
3209 455 3512 508 transeunt.
3549 443 3655 513 Qui
3677 458 3768 516 pa-

3660 319 3770 384 66%

495 545 616 570 cauo
639 545 959 566 sucu-annua
1036 545 1050 564 ,
1093 545 1297 551 ν--------
1585 545 1593 553 ,
1657 545 1676 555 _
1949 545 1958 548 _

495 601 790 675 virgulae;
811 592 1132 653 aromatibus
1149 586 1424 654 ascendit:
1455 591 1510 640 et
1530 577 1933 654 praedicatione,
1952 557 2081 646 quia
2184 578 2408 625 scuntur
2430 557 2584 640 [Cod.
2625 556 2770 624 Vat.,
2816 548 3066 627 pascunt]
3097 549 3152 604 in
3183 545 3333 613 liliis,
3373 545 3478 599 hoc
3504 546 3610 607 est,
3643 553 3770 595 can-

1776 671 1788 675 “
1977 653 1980 658 ’
2045 665 2078 675 ·-
2202 662 2234 675 ’⁵
2259 660 2289 675 "
2356 655 2473 675 ’κ-9Α
2507 657 2810 675 -Α-ιΑΙΑ---Μ
2855 644 3076 675 Daem-nn
3120 634 3382 675 nvoniniic
3433 632 3605 675 Annon
3636 643 3770 675 “MP.—

498 632 576 663 υῑπ
721 632 790 672 συγ
811 632 1132 653 νινε-ωυν-ν
1149 632 1389 654 υ-υνγ-ν--
1411 632 1424 638 -
1459 632 1508 640 --
1532 632 1760 654 ιμπν-νη
1823 632 1828 633 ,
1921 632 1931 640 '
1973 632 1992 646 .
2431 632 2452 640 ν

498 632 756 754 simul
784 686 1120 748 consortium
1144 683 1304 738 etiam
1349 676 1625 749 proximas
1670 671 1856 728 venire
1890 653 2086 737 satagit
2185 655 2477 717 didissimis
2504 657 2813 711 sanctorum
2855 644 3078 700 Patrum
3120 634 3402 706 exemplis,
3433 632 3605 688 donec
3636 643 3774 702 prae-

2309 752 2318 754 ~
2385 747 2448 754 -η
2509 747 2519 754 ·
2582 740 2626 754 ’ν
2674 751 2680 754 -
2900 731 3091 754 κΑμ-ηπ
3132 725 3476 754 ...η-...ιειηιεο
3533 723 3751 754 “mtuum

500 790 692 848 dicens
715 803 736 841 :~
759 777 1084 855 Egredimiui
1123 783 1172 830 et
1200 771 1386 828 uidete.
1416 766 1569 822 Oculi
1599 766 1680 819 tui
1703 760 2082 816 columbarum.

2187 752 2354 811 sentis
2385 747 2540 822 [ϐοά.
2582 740 2701 798 Vat.
2727 783 2741 807 ,
2776 731 3093 811 praesentes]
3132 725 3479 787 mortalitatis
3533 723 3772 785 umbras,

503 818 692 848 Ml.
715 819 736 841 ε
759 818 1084 855 υνυς-ηυντ
1123 818 1170 830 vv
1203 818 1386 828 vv—vvv-
1424 818 1442 821 -
1467 818 1481 822 ν
1500 818 1564 821 -..ν
1627 818 1648 819 ρ
2389 818 2408 822 _

503 881 717 944 Se-uo
733 877 812 934 tui
841 869 1202 944 spiritualium
1227 878 1410 920 rerum
1442 858 1607 932 399
1637 850 2089 926 contemplatione
2188 857 2391 904 mterno
2416 842 2502 897 die
2524 840 2816 912 aspirante,
2834 841 3193 886 transeamus.
3232 821 3437 876 Vadam
3462 818 3531 873 ad
3553 824 3778 870 montem

1853 942 1867 944 ‘
1900 943 1907 944 ί
2049 941 2060 944 -
2345 939 2355 944 -
2588 931 2598 944 -
2707 926 2740 944 η
2792 943 2813 944 η
2854 923 3018 944 ,ιμ.--ε-
3087 919 3142 944 In
3169 915 3388 944 mnu-mlta
3435 905 3778 944 “anserino-11in

504 941 638 1031 sunt
649 941 1002 1028 excellentes,
1023 970 1080 1017 et
1096 954 1381 1018 verecundi
1404 950 1540 1026 [Al.,
1556 942 1880 1016 venerandi],
1897 943 1950 1007 ι’,
1971 941 2090 1011 qui-

502 1068 608 1123 bus
621 1077 744 1120 mea
762 1058 924 1123 dona,
946 1069 1068 1126 quae
1083 1064 1257 1122 nuper
1272 1042 1570 1118 exposuisti
1587 1059 1600 1102 ;
1629 1054 1804 1096 meum
1819 1034 2088 1097 diadema,

505 1155 654 1227 quod
687 1165 858 1221 nuper
880 1124 1210 1219 praedicasti,
1236 1140 1419 1195 videre
1441 1145 1496 1192 et
1541 1144 1867 1205 cognoscere
1892 1124 2092 1183 merui-

503 1219 596 1302 is.
644 1219 848 1311 Absque
893 1254 954 1291 eo
1005 1232 1145 1306 quod
1200 1230 1513 1284 intrinsecus
1557 1224 1710 1279 latet.-
1764 1219 1954 1290 Magna
2013 1221 2096 1270 est

504 1337 704 1408 quippe
729 1309 902 1404 gloria
928 1327 1100 1399 aperti
1123 1324 1325 1395 operis,
1368 1320 1471 1387 sed.
1499 1318 1657 1386 longe
1697 1309 2095 1381 incomparabi-

503 1429 609 1485 lior
641 1440 852 1482 merces
875 1432 1092 1479 aeterna;
1117 1413 1507 1477 retributionis,
1529 1425 1671 1480 qnaa,
1703 1408 1830 1462 dum
1855 1406 1910 1461 in
1935 1401 2098 1457 terris

502 1521 939 1594 peregrinantur,
965 1512 1137 1570 videri
1155 1527 1264 1567 non
1282 1514 1459 1578 potest
1485 1502 1643 1577 [ϐοά.
1674 1499 1816 1564 Vat.,
1839 1512 1957 1567 quae
1976 1509 2099 1549 nec-

507 1617 634 1672 dum
660 1611 832 1669 videri
853 1607 1075 1681 potest].
1109 1603 1299 1676 Capilli
1326 1603 1404 1656 tui
1424 1600 1556 1654 sicut
1587 1610 1763 1667 greges
1794 1604 2095 1662 caprarum.

504 1708 741 1764 Possunt
769 1704 825 1759 in
854 1678 1074 1771 capillis
1117 1696 1299 1769 populi
1337 1691 1521 1747 ﬁdeles
1568 1686 1773 1755 accipi,
1814 1681 1905 1752 qui
1934 1678 2103 1734 maxi-

507 1815 658 1857 mum
681 1799 845 1856 decus
869 1770 969 1851 sua
989 1789 1377 1849 numerositate
1393 1783 1638 1855 praebent
1659 1775 1934 1834 Ecclesire.
1969 1770 2100 1838 Qui:

508 1890 854 1950 ascenderunt
896 1887 960 1946 de
985 1894 1158 1940 monte
1187 1878 1414 1937 Galaad.
1452 1873 1656 1931 Galaad
1689 1882 1918 1926 acervus
1946 1864 2098 1920 testi-

509 1985 676 2040 monii
701 1984 1106 2050 interpretatur,
1128 1973 1224 2045 qui
1249 1974 1387 2029 bene
1414 1967 1668 2025 cunvenit
1697 1965 1944 2020 adunatae
1963 1956 2100 2013 mul-

511 2075 732 2134 titudini
757 2079 1088 2130 sanctorum.

585 2169 751 2227 Vnus.
779 2167 836 2223 2.
864 2163 1146 2219 -Dentes
1174 2160 1253 2214 tui
1301 2159 1438 2213 sicut
1482 2169 1664 2226 greges
1703 2161 1996 2204 tonsarum.
2043 2144 2105 2198 In

516 2259 726 2333 capillis
745 2255 1066 2328 fragiliores,
1099 2254 1155 2308 in
1180 2249 1434 2308 dentibus
1458 2262 1588 2302 vero
1613 2241 1966 2314 perfectiores
1991 2236 2107 2307 qui-

516 2369 644 2427 que,
692 2361 749 2408 et
810 2351 883 2406 ad
908 2347 1202 2420 regendam
1232 2341 1531 2400 Ecclesium
1581 2338 1691 2408 apti
1729 2335 2104 2406 designantur.

519 2426 656 2514 Qua
694 2441 1040 2499 ascenderunt
1080 2438 1144 2494 de
1166 2437 1394 2492 lauacro.
1425 2433 1481 2489 ld
1514 2440 1598 2488 est
1621 2472 1634 2495 ,
1674 2429 1820 2485 fonte
1848 2426 1987 2482 sacri
2013 2427 2110 2480 ba-

515 2536 788 2608 ptismatis
813 2575 829 2601 ,
858 2534 951 2603 qui
977 2539 1034 2588 et
1072 2529 1214 2586 tonsi
1241 2536 1296 2584 et
1321 2527 1601 2590 lotisunt,
1642 2525 1746 2578 hoc
1788 2528 1893 2586 est,
1925 2518 2116 2574 nudati

518 2627 878 2686 renuntiando
899 2623 1054 2698 [Cod.
1092 2620 1238 2687 Vat.,
1261 2615 1656 2690 renuntiantes]
1679 2615 1896 2678 saeculo,
1914 2620 1968 2668 et
1988 2612 2118 2666 vitae

518 2721 735 2780 lavacro
757 2717 1022 2774 mundati.
1067 2714 1258 2770 O’mnes
1289 2711 1520 2784 gemellis
1548 2710 1757 2782 fetibus.
1797 2707 1855 2763 Id
1884 2713 1984 2769 est,
2019 2719 2115 2776 ge-

523 2818 671 2873 mina
700 2814 964 2886 charitate
1008 2809 1241 2866 fecundi.
1275 2807 1342 2862 Et
1373 2805 1564 2862 sterilis
1591 2821 1693 2858 non
1723 2811 1798 2858 est
1829 2802 1966 2855 inter
2005 2815 2116 2853 eas.

523 2907 642 2964 Non
665 2914 775 2973 est,
808 2904 901 2976 qui
928 2901 1072 2958 fetus
1093 2900 1219 2956 boni
1248 2899 1429 2970 operis
1450 2913 1556 2952 non
1585 2904 1728 2968 agat.

601 3021 764 3079 Vnus.
781 3020 924 3076 3.-
947 3014 1098 3073 Sicut
1114 3016 1242 3069 uitta
1258 3012 1498 3067 coccinea
1520 3008 1673 3083 [ϐοά.
1701 3008 1849 3073 Vat.,
1869 3001 2124 3077 cocunea]

524 3113 670 3169 labia
705 3119 834 3176 tua,
883 3116 935 3166 et
960 3105 1224 3177 eloquium
1264 3113 1414 3160 tuum
1453 3101 1625 3158 dulce.
1676 3101 1823 3156 Vitta
1871 3096 2125 3153 coccinea

2189 939 2417 1010 myrrha:
2446 945 2494 990 et
2531 931 2598 988 ad
2638 926 2823 986 collem
2851 923 3040 978 thuris.

2127 1840 2178 1910 li.

3087 919 3146 974 In
3169 915 3390 988 myrrha
3435 905 3783 966 mortiﬁcatio

2193 1030 2403 1094 carnis;
2431 1027 2485 1081 in
2519 1025 2676 1080 thure
2706 1018 2920 1076 devotio
2960 1009 3224 1070 orationis
3247 1006 3590 1078 exprimitur.
3620 997 3783 1068 Quasi

2194 1090 2402 1179 diceret
2423 1117 2664 1190 Sponsus
2701 1129 2714 1167 :
2755 1107 3132 1180 Frequentabo
3161 1117 3275 1166 eos,
3303 1106 3359 1154 et
3392 1097 3478 1167 pia
3516 1090 3786 1164 propitius

2196 1187 2550 1272 illustratione
2575 1205 2906 1280 glorilicabo,
2949 1214 3085 1272 quos
3117 1197 3172 1252 in
3198 1187 3487 1268 passionis,
3525 1187 3645 1244 sive
3667 1197 3788 1240 ora-

2197 1307 2361 1364 tionis
2388 1305 2587 1360 virtute
2617 1298 2876 1354 sublimes
2904 1307 3024 1349 esse
3063 1286 3323 1360 suspicio.

2267 1420 2432 1476 Vsus.
2470 1417 2523 1470 '1.
2552 1443 2625 1454 —
2656 1410 2788 1466 Tota
2827 1405 3047 1480 pulchra
3084 1419 3161 1467 es,
3193 1398 3366 1454 amica
3405 1410 3518 1448 mea
3542 1432 3558 1458 ,
3581 1383 3794 1444 macula

2201 1529 2307 1571 non
2341 1518 2415 1566 est
2440 1509 2497 1564 in
2523 1516 2592 1563 te.
2620 1504 2678 1560 In
2699 1501 2972 1564 omnibus,
3003 1495 3231 1559 scilicet,
3255 1490 3428 1546 Deum
3449 1482 3790 1546 timentibus,

2198 1603 2412 1676 pusillis
2447 1609 2502 1658 et
2526 1596 2735 1667 magnis
2760 1606 2806 1646 ε.

2273 1719 2439 1775 Vens.
2465 1717 2519 1771 8.
2562 1743 2633 1754 --
2670 1708 2800 1764 Veni
2823 1707 2887 1761 de
2913 1705 3112 1760 Libano
3131 1739 3150 1765 ,
3187 1711 3378 1768 sputu
3404 1709 3542 1756 mea,
3585 1689 3703 1744 ueni
3733 1685 3794 1740 de

2204 1810 2426 1874 Libano,
2453 1805 2586 1860 veni.
2639 1802 2880 1858 Libanus
2911 1795 3115 1851 candor
3137 1791 3527 1858 interpretatur
3549 1822 3564 1847 ,
3600 1781 3656 1834 id
3680 1786 3795 1843 est,

2205 1902 2386 1958 anima
2411 1898 2568 1954 bonis
2598 1895 2809 1950 actibus
2835 1887 3138 1950 candidata,
3165 1895 3329 1953 quam
3359 1876 3518 1932 tertio
3546 1875 3799 1928 hortatur

2208 1996 2486 2067 Sponsus,
2531 1998 2590 2044 ut
2637 1987 2863 2042 veniat:
2895 1982 3094 2053 primo,
3135 1977 3411 2032 viventem
3453 1969 3610 2044 [ϐοά.
3654 1966 3804 2033 Vat.,

2207 2063 2475 2160 viventes]
2513 2086 2568 2141 in
2596 2097 2762 2138 carne
2786 2095 2884 2152 per
2923 2078 3066 2138 bona
3092 2086 3278 2144 opera.
3309 2066 3559 2124 Secundo
3583 2101 3616 2130 ,»
3651 2063 3804 2117 abso-

2209 2186 2324 2240 luta
2562 2178 2632 2234 ad
2671 2171 3075 2247 percipiendam
3099 2165 3270 2222 vitam
3305 2163 3544 2220 beatam.
3588 2153 3804 2214 Tertio,

2212 2280 2429 2345 recepto
2454 2283 2679 2341 corpore
2707 2267 2774 2320 ad
2801 2261 3030 2318 fruenda
3054 2265 3177 2330 post
3198 2251 3662 2311 resurrectionem
3685 2260 3806 2317 gau-

2213 2368 2302 2424 dia
2328 2337 2589 2436 perfecta.
2619 2355 2964 2414 Coronaben’s
2986 2351 3050 2406 de
3075 2350 3242 2422 capite
3267 2346 3440 2400 Aman
3468 2340 3628 2414 [Cod.
3661 2337 3808 2398 γει..

2213 2427 2468 2529 Ama-na],
2503 2454 2566 2508 de
2595 2451 2778 2506 vertice
2824 2441 3039 2518 [Sanir]
3078 2449 3126 2496 et
3153 2436 3424 2500 Hermon,
3453 2433 3518 2486 de
3550 2427 3808 2484 cubilibus

2217 2550 2425 2606 leonum
2451 2587 2468 2612 ,
2511 2545 2574 2599 de
2599 2540 2862 2597 montibus
2892 2535 3200 2608 pardorum.
3231 2529 3443 2584 Leones
3469 2531 3699 2596 propter
3727 2535 3814 2574 su-

2218 2639 2498 2712 perbiam,
2553 2633 2708 2706 pardi
2753 2637 2974 2702 propter
3017 2622 3395 2681 crudelitatem
3428 2614 3657 2688 maligni
3693 2617 3818 2668 sunt

2220 2731 2462 2805 spiritus.
2503 2705 2766 2782 montium
2806 2736 2934 2776 vero
2977 2716 3194 2773 nomine
3235 2711 3469 2783 superba
3519 2705 3819 2762 inﬁdelium

2221 2794 2410 2890 corda,
2447 2819 2539 2876 ubi
2583 2814 2846 2873 immundi
2891 2809 3114 2880 spiritus
3167 2806 3350 2862 sedem
3408 2801 3636 2862 habent,
3680 2794 3815 2850 desi-

2221 2924 2478 2990 gnantur.
2507 2913 2648 2970 Dum
2671 2908 2847 2965 sancti
2879 2905 3266 2978 prazdicatores
3295 2897 3430 2954 tales
3464 2895 3536 2950 ad
3571 2893 3720 2947 viam
3746 2906 3823 2944 sa-

2225 2984 2353 3084 lutis
2397 3009 2759 3069 convertunt,
2807 3004 3138 3055 coronantur
3185 2993 3252 3048 de
3286 2989 3466 3061 capite
3514 2995 3572 3043 et
3619 2984 3822 3040 vertice

2227 3075 2514 3166 montium,
2539 3099 2593 3153 id
2621 3105 2726 3162 est,
2763 3091 3098 3166 principibus
3128 3087 3470 3156 iniquorum,
3495 3081 3626 3152 quia
3664 3080 3732 3135 de
3751 3075 3824 3130 la-

525 3203 772 3260 doctrina
792 3200 1037 3258 veritatis
1058 3196 1396 3267 intelligitur.
1422 3193 1590 3250 Labia
1613 3205 1826 3262 sponsae
1849 3204 2014 3244 cocco
2036 3203 2120 3242 as-

2229 3196 2362 3252 bore
2387 3189 2701 3249 certaminis
2730 3185 2930 3244 crescit
2965 3197 3168 3239 corona
3191 3177 3398 3250 gloriae.

527 3295 868 3359 similantur,
889 3349 892 3351 λ
915 3291 1044 3362 quia
1073 3288 1338 3345 Dominici
1369 3284 1679 3356 sanguinis,
1709 3296 1820 3353 quo
1842 3280 2123 3349 redempta

530 3395 636 3452 est,
663 3384 900 3456 pretium
922 3381 1218 3454 praedicare
1236 3394 1348 3436 non
1369 3386 1547 3434 cessat
1576 3373 1818 3430 Ecclesia
1841 3389 1858 3439 -,
1885 3369 1971 3427 vel
1996 3369 2126 3441 quia

530 3478 846 3553 pradicatio
874 3481 1061 3532 sancta
1080 3471 1370 3530 charitatis
1394 3470 1589 3525 ardore
1607 3464 1948 3522 flammescit.
1974 3459 2125 3518 Sicut

533 3552 778 3645 fragmen
808 3567 939 3624 mali
974 3566 1161 3638 punici
1180 3606 1196 3630 ,
1239 3565 1317 3620 ita
1347 3579 1494 3634 genus
1523 3569 1653 3626 tute,
1673 3558 1866 3629 absque
1905 3572 1964 3610 eo
1985 3552 2129 3626 quod

531 3665 845 3721 intrinsecus
868 3660 1013 3715 latet.
1038 3658 1098 3712 lu
1125 3656 1280 3728 genis
1303 3652 1653 3718 verecundia,
1687 3649 1744 3704 in
1766 3646 1908 3702 malo
1932 3645 2129 3718 punico

533 3755 722 3831 passio
738 3752 942 3812 Christi
961 3749 1307 3822 exprimitur.
1335 3745 1510 3800 Habet
1524 3758 1656 3815 ergo
1679 3741 1932 3796 ruborem
1960 3738 2018 3792 in
2039 3752 2132 3808 ge-

538 3828 842 3921 nissponsa
869 3843 998 3901 mali
1027 3840 1228 3912 punici,
1254 3853 1380 3896 cum
1412 3842 1813 3892 sacramentum
1837 3828 2133 3886 Dominicae

540 3940 812 4015 passionis
829 3936 1012 3993 verbis
1038 3932 1242 3989 fatetur
1263 3939 1318 3986 et
1347 3929 1505 3985 factis
1532 3926 1745 3998 probat.

613 4055 778 4111 Vnus.
805 4052 861 4108 4.
879 4081 952 4094 -
967 4048 1121 4108 Sicut
1146 4047 1310 4104 turris
1331 4042 1504 4100 Dauid
1527 4042 1720 4100 collum
1746 4051 1912 4095 tuum.
1946 4037 2144 4094 Turris

537 4145 710 4207 David
729 4143 974 4208 Ecclesia
997 4149 1103 4209 est,
1131 4138 1330 4196 collum
1354 4136 1752 4209 praedicatores,
1779 4146 2008 4202 quorum
2032 4128 2137 4182 ﬁde

541 4249 600 4300 ει
617 4238 922 4298 constantia
946 4236 1004 4292 in
1027 4234 1219 4293 eadem
1253 4230 1473 4289 civitate
1500 4226 1656 4283 ﬁrma
1685 4233 1789 4290 est,
1816 4232 1872 4278 et
1903 4221 2139 4291 undique

543 4331 994 4408 inexpugnabilis.
1019 4329 1152 4397 Qua:
1175 4327 1440 4397 ludiﬁcata
1466 4331 1541 4379 est
1567 4338 1688 4376 cum
1709 4315 2136 4408 propugnaculis.

545 4407 959 4497 Propugnacula
979 4428 1163 4477 autem
1181 4415 1424 4486 ejusdem
1445 4413 1702 4474 civitatis,
1733 4407 2142 4478 Scripturarum

539 4527 862 4578 sanctarum
891 4512 1193 4571 munimina
1239 4514 1405 4576 sunt,
1442 4505 1529 4560 vel
1565 4503 1787 4559 Patrum
1836 4499 2145 4571 praeceden-

551 4611 695 4667 tium
722 4605 987 4676 exempla.
1018 4601 1168 4658 Mille
1191 4599 1357 4671 clypei
1389 4595 1613 4671 pendent
1638 4611 1702 4650 eos
1737 4609 1819 4646 ea.
1849 4590 1986 4658 Quia
2013 4594 2144 4660 quot

532 4701 614 4758 in
637 4697 834 4757 divinis
858 4695 1013 4752 libris
1039 4700 1306 4766 praecepta
1333 4695 1480 4754 sunt,
1503 4693 1583 4742 tot
1608 4691 1732 4741 sunt
1756 4681 1929 4738 nostri
1957 4688 2141 4752 pecto-

555 4792 640 4850 ris
665 4787 982 4852 munimina,
1013 4786 1211 4856 quibus
1248 4791 1440 4840 contra
1473 4793 1664 4834 omnes
1707 4775 1931 4830 insidias
1958 4771 2144 4826 defen-

556 4885 759 4942 dimur.
806 4878 990 4936 Omnis
1034 4888 1311 4932 armatura
1347 4871 1582 4944 fortium.
1632 4867 1821 4924 Omnis
1860 4863 2147 4920 instructio

557 4983 646 5035 est
679 4971 766 5029 vel
789 4967 1140 5040 operationis,
1162 4965 1249 5021 vel
1285 4962 1546 5020 doctrinae
1575 4958 1831 5024 ccelestis,
1858 4971 1955 5026 per
1983 4967 2146 5024 quam

560 5081 669 5123 non
697 5062 871 5119 solum
901 5060 1198 5119 evadimus,
1227 5055 1322 5111 sed
1346 5061 1400 5108 et
1422 5065 1756 5122 superamus.

634 5177 802 5233 Vnus.
831 5174 886 5230 5.
907 5205 980 5216 —
1006 5172 1126 5227 Duo
1156 5168 1318 5226 ubera
1349 5176 1440 5219 tua
1469 5171 1588 5218 sunt
1611 5161 1716 5216 duo
1744 5157 1949 5214 hinnuli
1977 5169 2148 5225 capra:

564 5269 722 5343 [Cod
766 5267 916 5330 νει,
946 5260 1170 5334 capreae]
1206 5257 1431 5329 gemelli,
1468 5255 1558 5325 qui
1595 5262 1881 5324 pascuntur
1917 5251 1972 5303 in
2002 5247 2149 5301 liliis.

635 5362 799 5421 Vsus.
821 5359 960 5415 6.-
977 5357 1154 5412 Donec
1179 5353 1371 5425 aspiret
1390 5349 1499 5405 dies
1522 5357 1568 5403 et
1595 5345 1911 5401 inclinentur
1931 5343 2149 5400 umbrw.

566 5456 685 5512 Duo
729 5455 898 5510 ubera
930 5450 1037 5506 duo
1063 5455 1190 5505 sunt
1229 5453 1357 5504 sunt
1401 5441 1584 5516 populi
1627 5455 1694 5494 ex
1742 5436 2155 5492 circumcisione

565 5534 844 5602 venientes
868 5550 924 5598 et
955 5539 1273 5614 gentilitate,
1317 5536 1409 5606 qui
1430 5549 1529 5605 per
1555 5530 1910 5588 humilitatem
1940 5528 2158 5597 quidem

570 5646 768 5707 parvos
806 5650 866 5691 se
911 5631 1216 5700 intelligunt
1261 5639 1316 5684 et
1351 5633 1698 5699 peccatores;
1751 5622 1843 5677 sed
1893 5619 2161 5675 charitate

648 5803 672 5832 α
705 5791 836 5857 Qua:
855 5790 996 5846 hanc
1015 5795 1198 5843 notam
1217 5791 1525 5857 sequuntur
1558 5779 1760 5836 omissa
1791 5786 1915 5833 sunt
1943 5778 2000 5832 in
2025 5775 2157 5831 Cod.
2233 5823 2236 5825 Α

588 5862 707 5918 Vat.
735 5856 924 5930 usque,
958 5857 1112 5914 Oculi
1147 5856 1245 5911 tui.

2296 3308 2462 3364 Vnus.
2485 3306 2539 3360 9.
2563 3331 2634 3344 -—
2655 3299 2958 3355 Vulnerain
2978 3309 3274 3357 normam,
3300 3304 3452 3346 soror
3469 3303 3609 3348 mea;
3635 3298 3827 3354 sponsu

2226 3415 2378 3463 utea,
2428 3393 2710 3452 vulnerasti
2759 3405 2851 3444 eor
2891 3402 3086 3444 meum.
3128 3384 3188 3438 lu
3231 3378 3608 3440 vulneratione
3651 3373 3829 3432 cordis

2227 3489 2540 3562 magnitudo
2582 3485 2787 3542 amoris
2808 3480 3011 3540 Christi
3051 3479 3107 3534 in
3156 3473 3458 3532 Ecclesium
3486 3469 3825 3539 intelligitur.

2232 3588 2300 3644 In
2335 3602 2441 3641 uno
2469 3583 2632 3656 5.00
2658 3579 2928 3636 oculorum
2958 3587 3188 3638 tuorum,
3227 3582 3276 3628 et
3323 3573 3381 3628 in
3404 3587 3511 3626 uno
3537 3569 3686 3623 crine
3709 3563 3826 3620 colli

2231 3681 2330 3735 tui.
2363 3677 2422 3733 In
2468 3677 2680 3731 unitate
2702 3679 2890 3728 saneta
2937 3670 3221 3725 doctorum
3241 3707 3257 3732 ,
3310 3665 3364 3720 id
3386 3671 3473 3722 est
3504 3659 3828 3724 oculorum;

2232 3781 2289 3830 et
2316 3774 2371 3828 in
2393 3771 2603 3827 unitate
2622 3768 2711 3838 pia
2742 3764 2999 3834 subjecta:
3033 3760 3226 3832 plebis,
3253 3757 3308 3812 id
3334 3765 3417 3812 est
3444 3754 3706 3810 crinium.

2305 3907 2467 3964 Vsus.
2487 3903 2573 3958 10.
2587 3931 2658 3942 —-
2671 3899 2843 3966 Quam
2862 3895 3094 3968 pulchrae
3113 3899 3236 3946 sunt
3263 3903 3511 3945 mammae
3529 3896 3658 3951 tum,
3688 3896 3834 3938 soror

2235 4014 2352 4054 mea
2389 4010 2600 4067 sponsa.
2646 3990 2783 4046 Item
2811 4001 3060 4043 mamma:
3094 3983 3313 4039 nomine
3351 3979 3528 4034 sancti
3574 3977 3826 4032 doctores

2237 4099 2457 4165 propter
2494 4085 2916 4143 consolationem
2958 4080 3296 4136 inﬁrmorum
3321 4115 3336 4140 ,
3377 4083 3433 4130 et
3477 4071 3831 4143 parvulorum

2239 4158 2714 4241 sustentationem,
2754 4191 2874 4246 qua:
2918 4173 3056 4227 lacte
3103 4169 3197 4236 ﬁt,
3247 4165 3653 4236 exprimuntur.
3704 4158 3832 4214 Pul-

2241 4281 2449 4336 chriora
2486 4277 2648 4330 ubera
2670 4283 2761 4328 tua
2785 4271 2925 4326 vino.
2959 4266 3212 4323 Suavitas
3235 4262 3423 4333 gratiae
3449 4257 3732 4330 pulchrior
3756 4261 3836 4308 est

2241 4361 2562 4428 austeritate
2585 4366 2739 4437 legis.
2773 4363 2842 4418 Et
2871 4361 3002 4416 odor
3031 4364 3417 4429 unguentorum
3445 4361 3661 4405 tuorum
3684 4361 3837 4417 super

2244 4467 2419 4522 omnia
2447 4471 2708 4517 aromata.
2730 4457 2900 4512 Fama
2929 4451 3248 4509 suavissima
3272 4445 3462 4502 dilfusa
3495 4441 3653 4515 [Cod.
3700 4438 3835 4501 Vat,

2168 4571 2221 4633 ι)
2246 4553 2474 4627 dilfusze]
2506 4568 2606 4625 per
2629 4550 2820 4607 orbem
2847 4554 3022 4602 totum
3065 4541 3210 4605 fidei,
3255 4538 3416 4592 latior
3441 4543 3525 4591 est
3552 4547 3718 4604 quam
3753 4543 3838 4583 ve-

2245 4651 2377 4707 teris
2424 4623 2561 4717 legis
2607 4651 2661 4700 et
2693 4642 2917 4696 Patrum
2961 4637 3042 4710 [in
3071 4633 3159 4708 ea]
3185 4676 3201 4702 ,
3247 4647 3369 4704 quae
3413 4630 3469 4685 in
3511 4627 3630 4684 sola
3659 4623 3840 4679 Judaza

2245 4745 2655 4812 coangustatur.

2327 4877 2488 4932 Vsus.
2535 4873 2624 4928 11.
2664 4901 2736 4912 —-
2763 4866 2943 4924 Favus
2976 4864 3242 4922 distillans
3289 4862 3431 4917 labia
3475 4869 3593 4926 tua,
3621 4872 3838 4932 sponsa.

2254 4970 2431 5026 Favus
2455 4965 2561 5021 mel
2590 4966 2644 5020 in
2672 4978 2798 5019 cera
2823 4968 2905 5016 est
2937 4978 2950 5014 :
2989 4959 3093 5014 mel
3114 4965 3295 5012 autem
3318 4955 3374 5010 in
3400 4968 3521 5010 cera
3546 4947 3843 5023 spiritualis

2255 5072 2337 5118 est
2365 5061 2666 5116 divinorum
2696 5055 3036 5124 eloquiorum
3071 5067 3263 5107 sensus
3283 5050 3339 5104 in
3367 5049 3570 5104 littera.
3610 5045 3718 5100 Mel
3740 5040 3822 5099 stil

2255 5153 2394 5217 laus,
2425 5151 2552 5222 quia
2574 5146 2897 5216 multiplices
2922 5159 3113 5199 sensus
3143 5157 3282 5212 pene
3310 5138 3535 5210 singula:
3564 5134 3846 5192 sententiae

2257 5247 2476 5303 habent.
2503 5242 2668 5298 Labia
2695 5255 2903 5309 sponsa:
2927 5247 3052 5294 sunt
3076 5237 3327 5291 doctores
3347 5275 3364 5300 ,
3395 5233 3488 5304 qui
3523 5228 3848 5286 multifarios

2259 5352 2452 5395 sensus
2491 5333 2663 5390 sacris
2687 5333 2884 5386 litteris
2910 5331 3085 5384 inesse
3124 5327 3388 5398 pandunt.
3434 5321 3543 5377 Mel
3570 5332 3618 5376 et
3647 5321 3733 5374 lac
3753 5315 3846 5372 sub

2259 5432 2441 5502 lingua
2473 5437 2586 5482 tua.
2631 5426 2692 5481 In
2737 5425 2876 5481 lacte
2916 5421 3151 5479 eruditio
3178 5417 3550 5491 parvulorum.
3583 5415 3644 5470 in
3696 5409 3848 5470 melli:

2261 5524 2455 5579 fortior
2505 5519 2746 5575 doctrina
2792 5515 3159 5588 perfectorum
3203 5513 3446 5581 signatur
3501 5507 3615 5562 Sub
3647 5505 3847 5573 lingua,

2264 5615 2320 5672 id
2343 5621 2448 5680 est,
2486 5611 2543 5688 in
2569 5609 2919 5683 meditatione
2943 5605 3146 5663 cordis.
3176 5603 3244 5658 Et
3280 5602 3413 5659 odor
3431 5600 3857 5666 vestimentorum

2340 5777 2368 5816 δ
2390 5771 2695 5841 sequentia,
2717 5766 3135 5841 usquejabsquze
3159 5781 3240 5841 eo,
3269 5761 3475 5821 omittit
3502 5758 3621 5816 cod.
3651 5753 3774 5810 Vat.

2396 5835 2522 5922 llaec
2543 5843 2723 5919 glassa
2751 5835 2904 5903 deest
2926 5838 2983 5894 in
3012 5835 3134 5894 cod.
3165 5835 3284 5894 Vat.
