  <div class='ocr_page' id='page_1' title='image "/cluster/home/n/w/nwhite01/storage/ocr_20150623/100/hvd.32044024239972/332.png"; bbox 0 0 4066 6494; ppageno 0'>
   <div class='ocr_carea' id='block_1_1' title="bbox 280 434 376 501">
    <p class='ocr_par' dir='ltr' id='par_1_1' title="bbox 280 434 376 501">
     <span class='ocr_line' id='line_1_1' title="bbox 280 434 376 501; baseline 0 -2"><span class='ocrx_word' id='word_1_1' title='bbox 280 434 376 501; x_wconf 71' lang='grc'><strong>683</strong></span> 
     </span>
    </p>
   </div>
   <div class='ocr_carea' id='block_1_2' title="bbox 1098 414 2695 511">
    <p class='ocr_par' dir='ltr' id='par_1_2' title="bbox 1098 414 2695 511">
     <span class='ocr_line' id='line_1_2' title="bbox 1098 414 2695 511; baseline 0.002 -4"><span class='ocrx_word' id='word_1_2' title='bbox 1098 414 1507 509; x_wconf 64' lang='lat' dir='ltr'><strong>msmat.</strong></span> <span class='ocrx_word' id='word_1_3' title='bbox 1546 464 1621 481; x_wconf 87' lang='lat'><strong>—-</strong></span> <span class='ocrx_word' id='word_1_4' title='bbox 1650 434 2105 505; x_wconf 63' lang='lat' dir='ltr'><strong>WIUM</strong></span> <span class='ocrx_word' id='word_1_5' title='bbox 2140 438 2219 505; x_wconf 70' lang='lat' dir='ltr'><strong>ut</strong></span> <span class='ocrx_word' id='word_1_6' title='bbox 2247 441 2451 511; x_wconf 62' lang='lat' dir='ltr'><strong>cur.</strong></span> <span class='ocrx_word' id='word_1_7' title='bbox 2486 443 2695 509; x_wconf 64' lang='lat' dir='ltr'><strong>cam.</strong></span> 
     </span>
    </p>
   </div>
   <div class='ocr_carea' id='block_1_3' title="bbox 3443 444 3551 511">
    <p class='ocr_par' dir='ltr' id='par_1_3' title="bbox 3443 444 3551 511">
     <span class='ocr_line' id='line_1_3' title="bbox 3443 444 3551 511; baseline 0 -2"><span class='ocrx_word' id='word_1_8' title='bbox 3443 444 3551 511; x_wconf 63' lang='grc' dir='ltr'><strong>ϐω</strong></span> 
     </span>
    </p>
   </div>
   <div class='ocr_carea' id='block_1_4' title="bbox 279 552 3304 641">
    <p class='ocr_par' dir='ltr' id='par_1_4' title="bbox 279 552 3304 641">
     <span class='ocr_line' id='line_1_4' title="bbox 279 552 3304 641; baseline 0.003 -26"><span class='ocrx_word' id='word_1_9' title='bbox 279 568 513 621; x_wconf 71' lang='lat' dir='ltr'><strong>tuorum.</strong></span> <span class='ocrx_word' id='word_1_10' title='bbox 588 552 724 615; x_wconf 61' lang='lat' dir='ltr'><strong>sint</strong></span> <span class='ocrx_word' id='word_1_11' title='bbox 781 552 915 613; x_wconf 79' lang='lat' dir='ltr'><strong>odor</strong></span> <span class='ocrx_word' id='word_1_12' title='bbox 970 554 1160 619; x_wconf 67' lang='lat' dir='ltr'><strong>thuris.</strong></span> <span class='ocrx_word' id='word_1_13' title='bbox 1214 553 1547 619; x_wconf 73' lang='lat' dir='ltr'><strong>Vestimenta</strong></span> <span class='ocrx_word' id='word_1_14' title='bbox 1601 554 1858 619; x_wconf 76' lang='lat' dir='ltr'><strong>Ecclesiae</strong></span> <span class='ocrx_word' id='word_1_15' title='bbox 1884 554 2433 633; x_wconf 47' lang='lat' dir='ltr'><strong>biremi-inspiciat</strong></span> <span class='ocrx_word' id='word_1_16' title='bbox 2460 569 2846 634; x_wconf 70' lang='lat' dir='ltr'><strong>gratanter-que</strong></span> <span class='ocrx_word' id='word_1_17' title='bbox 2882 564 3117 641; x_wconf 67' lang='lat' dir='ltr'><strong>accipiat</strong></span> <span class='ocrx_word' id='word_1_18' title='bbox 3138 580 3304 638; x_wconf 79' lang='lat' dir='ltr'><strong>opera</strong></span> 
     </span>
    </p>
   </div>
   <div class='ocr_carea' id='block_1_5' title="bbox 261 647 1853 723">
    <p class='ocr_par' dir='ltr' id='par_1_5' title="bbox 261 647 1853 723">
     <span class='ocr_line' id='line_1_5' title="bbox 261 647 1853 723; baseline 0.001 -18"><span class='ocrx_word' id='word_1_19' title='bbox 261 666 429 723; x_wconf 76' lang='lat' dir='ltr'><strong>&#39;opcra</strong></span> <span class='ocrx_word' id='word_1_20' title='bbox 474 656 602 705; x_wconf 91' lang='lat' dir='ltr'><strong>sunt</strong></span> <span class='ocrx_word' id='word_1_21' title='bbox 645 647 785 719; x_wconf 86' lang='lat' dir='ltr'><strong>ejus,</strong></span> <span class='ocrx_word' id='word_1_22' title='bbox 836 663 957 719; x_wconf 64' lang='lat' dir='ltr'><strong>qua</strong></span> <span class='ocrx_word' id='word_1_23' title='bbox 1005 647 1161 707; x_wconf 71' lang='lat' dir='ltr'><strong>odori</strong></span> <span class='ocrx_word' id='word_1_24' title='bbox 1214 647 1397 709; x_wconf 78' lang='lat' dir='ltr'><strong>thuris</strong></span> <span class='ocrx_word' id='word_1_25' title='bbox 1448 655 1853 719; x_wconf 70' lang='lat' dir='ltr'><strong>comparantur,</strong></span> 
     </span>
    </p>
   </div>
   <div class='ocr_carea' id='block_1_6' title="bbox 274 741 1869 820">
    <p class='ocr_par' dir='ltr' id='par_1_6' title="bbox 274 741 1869 820">
     <span class='ocr_line' id='line_1_6' title="bbox 274 741 1869 820; baseline -0.003 -17"><span class='ocrx_word' id='word_1_26' title='bbox 274 744 393 820; x_wconf 84' lang='lat' dir='ltr'><strong>quia</strong></span> <span class='ocrx_word' id='word_1_27' title='bbox 423 752 618 807; x_wconf 77' lang='lat' dir='ltr'><strong>cuncta</strong></span> <span class='ocrx_word' id='word_1_28' title='bbox 646 757 768 813; x_wconf 72' lang='lat' dir='ltr'><strong>quat</strong></span> <span class='ocrx_word' id='word_1_29' title='bbox 793 750 983 801; x_wconf 80' lang='lat' dir='ltr'><strong>sancta</strong></span> <span class='ocrx_word' id='word_1_30' title='bbox 1021 757 1122 812; x_wconf 81' lang='lat' dir='ltr'><strong>pro</strong></span> <span class='ocrx_word' id='word_1_31' title='bbox 1162 741 1393 805; x_wconf 73' lang='lat' dir='ltr'><strong>Domino</strong></span> <span class='ocrx_word' id='word_1_32' title='bbox 1419 741 1534 815; x_wconf 65' lang='lat' dir='ltr'><strong>agit</strong></span> <span class='ocrx_word' id='word_1_33' title='bbox 1570 741 1815 809; x_wconf 71' lang='lat' dir='ltr'><strong>Ecclesia</strong></span> <span class='ocrx_word' id='word_1_34' title='bbox 1835 748 1869 810; x_wconf 90' lang='lat'><strong>,&#39;</strong></span> 
     </span>
    </p>
   </div>
   <div class='ocr_carea' id='block_1_7' title="bbox 270 834 1248 907">
    <p class='ocr_par' dir='ltr' id='par_1_7' title="bbox 270 834 1248 907">
     <span class='ocr_line' id='line_1_7' title="bbox 270 834 1248 907; baseline -0.008 -6"><span class='ocrx_word' id='word_1_35' title='bbox 270 836 570 901; x_wconf 74' lang='lat' dir='ltr'><strong>orationum</strong></span> <span class='ocrx_word' id='word_1_36' title='bbox 593 850 691 907; x_wconf 77' lang='lat' dir='ltr'><strong>per</strong></span> <span class='ocrx_word' id='word_1_37' title='bbox 720 850 787 895; x_wconf 81' lang='lat' dir='ltr'><strong>ea</strong></span> <span class='ocrx_word' id='word_1_38' title='bbox 805 835 981 899; x_wconf 81' lang='lat' dir='ltr'><strong>vicem</strong></span> <span class='ocrx_word' id='word_1_39' title='bbox 998 834 1248 893; x_wconf 70' lang='lat' dir='ltr'><strong>reddunt.</strong></span> 
     </span>
    </p>
   </div>
   <div class='ocr_carea' id='block_1_8' title="bbox 336 924 1851 999">
    <p class='ocr_par' dir='ltr' id='par_1_8' title="bbox 336 924 1851 999">
     <span class='ocr_line' id='line_1_8' title="bbox 336 924 1851 999; baseline 0.001 -18"><span class='ocrx_word' id='word_1_40' title='bbox 336 928 496 989; x_wconf 67' lang='lat' dir='ltr'><strong>Vens.</strong></span> <span class='ocrx_word' id='word_1_41' title='bbox 528 927 617 989; x_wconf 64' lang='grc' dir='ltr'><strong>η.</strong></span> <span class='ocrx_word' id='word_1_42' title='bbox 637 955 710 975; x_wconf 77' lang='grc' dir='ltr'><strong>-ι-</strong></span> <span class='ocrx_word' id='word_1_43' title='bbox 736 924 943 993; x_wconf 69' lang='lat' dir='ltr'><strong>Hortus</strong></span> <span class='ocrx_word' id='word_1_44' title='bbox 966 924 1247 987; x_wconf 70' lang='lat' dir='ltr'><strong>conclusus</strong></span> <span class='ocrx_word' id='word_1_45' title='bbox 1273 942 1427 985; x_wconf 76' lang='lat' dir='ltr'><strong>soror</strong></span> <span class='ocrx_word' id='word_1_46' title='bbox 1448 943 1601 999; x_wconf 73' lang='lat' dir='ltr'><strong>mea,</strong></span> <span class='ocrx_word' id='word_1_47' title='bbox 1624 943 1851 999; x_wconf 68' lang='lat' dir='ltr'><strong>sponsa,</strong></span> 
     </span>
    </p>
   </div>
   <div class='ocr_carea' id='block_1_9' title="bbox 267 1021 1854 1094">
    <p class='ocr_par' dir='ltr' id='par_1_9' title="bbox 267 1021 1854 1094">
     <span class='ocr_line' id='line_1_9' title="bbox 267 1021 1854 1094; baseline 0.003 -13"><span class='ocrx_word' id='word_1_48' title='bbox 267 1024 447 1084; x_wconf 72' lang='lat' dir='ltr'><strong>hortus</strong></span> <span class='ocrx_word' id='word_1_49' title='bbox 486 1021 805 1090; x_wconf 63' lang='lat' dir='ltr'><strong>mactmus,</strong></span> <span class='ocrx_word' id='word_1_50' title='bbox 849 1022 968 1094; x_wconf 66' lang='lat' dir='ltr'><strong>[om</strong></span> <span class='ocrx_word' id='word_1_51' title='bbox 1010 1025 1268 1094; x_wconf 76' lang='lat' dir='ltr'><strong>signatus.</strong></span> <span class='ocrx_word' id='word_1_52' title='bbox 1316 1021 1523 1091; x_wconf 66' lang='lat' dir='ltr'><strong>Hortus</strong></span> <span class='ocrx_word' id='word_1_53' title='bbox 1565 1023 1854 1089; x_wconf 59' lang='lat' dir='ltr'><strong>conchis“</strong></span> 
     </span>
    </p>
   </div>
   <div class='ocr_carea' id='block_1_10' title="bbox 266 1112 1853 1187">
    <p class='ocr_par' dir='ltr' id='par_1_10' title="bbox 266 1112 1853 1187">
     <span class='ocr_line' id='line_1_10' title="bbox 266 1112 1853 1187; baseline 0 -14"><span class='ocrx_word' id='word_1_54' title='bbox 266 1113 505 1173; x_wconf 78' lang='lat' dir='ltr'><strong>Ecclesia</strong></span> <span class='ocrx_word' id='word_1_55' title='bbox 558 1121 664 1181; x_wconf 88' lang='lat' dir='ltr'><strong>est,</strong></span> <span class='ocrx_word' id='word_1_56' title='bbox 707 1128 833 1187; x_wconf 73' lang='lat' dir='ltr'><strong>quae</strong></span> <span class='ocrx_word' id='word_1_57' title='bbox 877 1112 1173 1181; x_wconf 72' lang='lat' dir='ltr'><strong>multifaria</strong></span> <span class='ocrx_word' id='word_1_58' title='bbox 1216 1113 1576 1185; x_wconf 72' lang='lat' dir='ltr'><strong>spiritualium</strong></span> <span class='ocrx_word' id='word_1_59' title='bbox 1626 1130 1853 1186; x_wconf 83' lang='lat' dir='ltr'><strong>operum</strong></span> 
     </span>
    </p>
   </div>
   <div class='ocr_carea' id='block_1_11' title="bbox 261 1202 1850 1282">
    <p class='ocr_par' dir='ltr' id='par_1_11' title="bbox 261 1202 1850 1282">
     <span class='ocr_line' id='line_1_11' title="bbox 261 1202 1850 1282; baseline 0.001 -18"><span class='ocrx_word' id='word_1_60' title='bbox 261 1206 506 1282; x_wconf 80' lang='lat' dir='ltr'><strong>germina</strong></span> <span class='ocrx_word' id='word_1_61' title='bbox 533 1202 731 1278; x_wconf 74' lang='lat' dir='ltr'><strong>gignit.</strong></span> <span class='ocrx_word' id='word_1_62' title='bbox 763 1205 910 1275; x_wconf 69' lang='lat' dir='ltr'><strong>,Fons</strong></span> <span class='ocrx_word' id='word_1_63' title='bbox 944 1214 1049 1273; x_wconf 76' lang='lat' dir='ltr'><strong>est,</strong></span> <span class='ocrx_word' id='word_1_64' title='bbox 1075 1206 1204 1279; x_wconf 85' lang='lat' dir='ltr'><strong>quia</strong></span> <span class='ocrx_word' id='word_1_65' title='bbox 1237 1206 1482 1273; x_wconf 80' lang='lat' dir='ltr'><strong>doctrina</strong></span> <span class='ocrx_word' id='word_1_66' title='bbox 1509 1207 1737 1273; x_wconf 60' lang='grc' dir='ltr'><strong>καιριπί</strong></span> <span class='ocrx_word' id='word_1_67' title='bbox 1762 1222 1850 1265; x_wconf 84' lang='lat' dir='ltr'><strong>re—</strong></span> 
     </span>
    </p>
   </div>
   <div class='ocr_carea' id='block_1_12' title="bbox 263 1298 1850 1372">
    <p class='ocr_par' dir='ltr' id='par_1_12' title="bbox 263 1298 1850 1372">
     <span class='ocr_line' id='line_1_12' title="bbox 263 1298 1850 1372; baseline 0.003 -15"><span class='ocrx_word' id='word_1_68' title='bbox 263 1300 497 1371; x_wconf 82' lang='lat' dir='ltr'><strong>dundat;</strong></span> <span class='ocrx_word' id='word_1_69' title='bbox 540 1298 845 1364; x_wconf 80' lang='lat' dir='ltr'><strong>conclusus,</strong></span> <span class='ocrx_word' id='word_1_70' title='bbox 870 1300 995 1371; x_wconf 84' lang='lat' dir='ltr'><strong>quia</strong></span> <span class='ocrx_word' id='word_1_71' title='bbox 1024 1299 1240 1359; x_wconf 81' lang='lat' dir='ltr'><strong>Domini</strong></span> <span class='ocrx_word' id='word_1_72' title='bbox 1267 1301 1611 1372; x_wconf 73' lang='lat' dir='ltr'><strong>proiectione</strong></span> <span class='ocrx_word' id='word_1_73' title='bbox 1639 1301 1850 1367; x_wconf 69' lang='lat' dir='ltr'><strong>munita</strong></span> 
     </span>
    </p>
   </div>
   <div class='ocr_carea' id='block_1_13' title="bbox 256 1391 1287 1466">
    <p class='ocr_par' dir='ltr' id='par_1_13' title="bbox 256 1391 1287 1466">
     <span class='ocr_line' id='line_1_13' title="bbox 256 1391 1287 1466; baseline 0.002 -18"><span class='ocrx_word' id='word_1_74' title='bbox 256 1392 499 1466; x_wconf 80' lang='lat' dir='ltr'><strong>persistit</strong></span> <span class='ocrx_word' id='word_1_75' title='bbox 525 1411 540 1460; x_wconf 92' lang='lat'><strong>;</strong></span> <span class='ocrx_word' id='word_1_76' title='bbox 571 1394 836 1465; x_wconf 84' lang='lat' dir='ltr'><strong>signatus,</strong></span> <span class='ocrx_word' id='word_1_77' title='bbox 860 1408 1111 1457; x_wconf 84' lang='lat' dir='ltr'><strong>sermone</strong></span> <span class='ocrx_word' id='word_1_78' title='bbox 1137 1391 1287 1451; x_wconf 81' lang='lat' dir='ltr'><strong>ﬁdei.</strong></span> 
     </span>
    </p>
   </div>
   <div class='ocr_carea' id='block_1_14' title="bbox 324 1506 1849 1579">
    <p class='ocr_par' dir='ltr' id='par_1_14' title="bbox 324 1506 1849 1579">
     <span class='ocr_line' id='line_1_14' title="bbox 324 1506 1849 1579; baseline 0 -15"><span class='ocrx_word' id='word_1_79' title='bbox 324 1508 492 1564; x_wconf 70' lang='lat' dir='ltr'><strong>Vsus.</strong></span> <span class='ocrx_word' id='word_1_80' title='bbox 540 1506 722 1562; x_wconf 71' lang='grc'><strong>15.--</strong></span> <span class='ocrx_word' id='word_1_81' title='bbox 747 1506 1071 1562; x_wconf 66' lang='lat' dir='ltr'><strong>Maiestas</strong></span> <span class='ocrx_word' id='word_1_82' title='bbox 1111 1516 1218 1562; x_wconf 75' lang='lat' dir='ltr'><strong>tua</strong></span> <span class='ocrx_word' id='word_1_83' title='bbox 1261 1506 1549 1579; x_wconf 66' lang='lat' dir='ltr'><strong>paradisus</strong></span> <span class='ocrx_word' id='word_1_84' title='bbox 1586 1507 1849 1571; x_wconf 62' lang='lat' dir='ltr'><strong>maiorm</strong></span> 
     </span>
    </p>
   </div>
   <div class='ocr_carea' id='block_1_15' title="bbox 251 1600 1848 1674">
    <p class='ocr_par' dir='ltr' id='par_1_15' title="bbox 251 1600 1848 1674">
     <span class='ocr_line' id='line_1_15' title="bbox 251 1600 1848 1674; baseline 0.001 -18"><span class='ocrx_word' id='word_1_85' title='bbox 251 1602 568 1674; x_wconf 70' lang='lat' dir='ltr'><strong>piraticam</strong></span> <span class='ocrx_word' id='word_1_86' title='bbox 591 1617 711 1656; x_wconf 73' lang='lat' dir='ltr'><strong>cum</strong></span> <span class='ocrx_word' id='word_1_87' title='bbox 730 1616 1009 1673; x_wconf 71' lang='lat' dir='ltr'><strong>pontorum</strong></span> <span class='ocrx_word' id='word_1_88' title='bbox 1032 1600 1314 1672; x_wconf 74' lang='lat' dir='ltr'><strong>fructibus.</strong></span> <span class='ocrx_word' id='word_1_89' title='bbox 1347 1601 1455 1657; x_wconf 82' lang='lat' dir='ltr'><strong>Per</strong></span> <span class='ocrx_word' id='word_1_90' title='bbox 1476 1601 1848 1673; x_wconf 76' lang='lat' dir='ltr'><strong>irrigatiouem</strong></span> 
     </span>
    </p>
   </div>
   <div class='ocr_carea' id='block_1_16' title="bbox 252 1691 1849 1764">
    <p class='ocr_par' dir='ltr' id='par_1_16' title="bbox 252 1691 1849 1764">
     <span class='ocr_line' id='line_1_16' title="bbox 252 1691 1849 1764; baseline 0.001 -15"><span class='ocrx_word' id='word_1_91' title='bbox 252 1692 399 1749; x_wconf 72' lang='lat' dir='ltr'><strong>sacri</strong></span> <span class='ocrx_word' id='word_1_92' title='bbox 428 1692 778 1762; x_wconf 65' lang='lat' dir='ltr'><strong>baptismatis</strong></span> <span class='ocrx_word' id='word_1_93' title='bbox 815 1699 1003 1749; x_wconf 68' lang='lat' dir='ltr'><strong>uncta</strong></span> <span class='ocrx_word' id='word_1_94' title='bbox 1044 1691 1286 1748; x_wconf 72' lang='lat' dir='ltr'><strong>Ecclesia</strong></span> <span class='ocrx_word' id='word_1_95' title='bbox 1326 1692 1641 1764; x_wconf 69' lang='lat' dir='ltr'><strong>paradisum</strong></span> <span class='ocrx_word' id='word_1_96' title='bbox 1680 1709 1748 1749; x_wconf 76' lang='lat' dir='ltr'><strong>ex</strong></span> <span class='ocrx_word' id='word_1_97' title='bbox 1789 1707 1849 1750; x_wconf 79' lang='lat' dir='ltr'><strong>se</strong></span> 
     </span>
    </p>
   </div>
   <div class='ocr_carea' id='block_1_17' title="bbox 248 1785 1848 1858">
    <p class='ocr_par' dir='ltr' id='par_1_17' title="bbox 248 1785 1848 1858">
     <span class='ocr_line' id='line_1_17' title="bbox 248 1785 1848 1858; baseline 0.002 -17"><span class='ocrx_word' id='word_1_98' title='bbox 248 1785 451 1842; x_wconf 76' lang='lat' dir='ltr'><strong>emittit</strong></span> <span class='ocrx_word' id='word_1_99' title='bbox 478 1785 743 1842; x_wconf 77' lang='lat' dir='ltr'><strong>malorum</strong></span> <span class='ocrx_word' id='word_1_100' title='bbox 767 1787 1109 1858; x_wconf 69' lang='lat' dir='ltr'><strong>puniceum,</strong></span> <span class='ocrx_word' id='word_1_101' title='bbox 1133 1787 1189 1845; x_wconf 89' lang='lat' dir='ltr'><strong>id</strong></span> <span class='ocrx_word' id='word_1_102' title='bbox 1217 1794 1322 1854; x_wconf 84' lang='lat' dir='ltr'><strong>est,</strong></span> <span class='ocrx_word' id='word_1_103' title='bbox 1351 1795 1669 1843; x_wconf 70' lang='lat' dir='ltr'><strong>sanctorum</strong></span> <span class='ocrx_word' id='word_1_104' title='bbox 1704 1803 1848 1844; x_wconf 85' lang='lat' dir='ltr'><strong>mar—</strong></span> 
     </span>
    </p>
   </div>
   <div class='ocr_carea' id='block_1_18' title="bbox 216 1876 1842 1957">
    <p class='ocr_par' dir='ltr' id='par_1_18' title="bbox 216 1876 1842 1957">
     <span class='ocr_line' id='line_1_18' title="bbox 216 1876 1842 1957; baseline 0.002 -23"><span class='ocrx_word' id='word_1_105' title='bbox 216 1946 221 1957; x_wconf 28' lang='lat'><em>‘</em></span> <span class='ocrx_word' id='word_1_106' title='bbox 248 1888 454 1951; x_wconf 85' lang='lat' dir='ltr'><strong>tyrum.</strong></span> <span class='ocrx_word' id='word_1_107' title='bbox 484 1879 619 1936; x_wconf 91' lang='lat' dir='ltr'><strong>Cum</strong></span> <span class='ocrx_word' id='word_1_108' title='bbox 646 1876 933 1951; x_wconf 61' lang='lat' dir='ltr'><strong>poniorum</strong></span> <span class='ocrx_word' id='word_1_109' title='bbox 972 1881 1258 1949; x_wconf 82' lang='lat' dir='ltr'><strong>fructibus,</strong></span> <span class='ocrx_word' id='word_1_110' title='bbox 1289 1881 1344 1936; x_wconf 89' lang='lat' dir='ltr'><strong>id</strong></span> <span class='ocrx_word' id='word_1_111' title='bbox 1378 1888 1482 1948; x_wconf 84' lang='lat' dir='ltr'><strong>est,</strong></span> <span class='ocrx_word' id='word_1_112' title='bbox 1529 1889 1842 1938; x_wconf 78' lang='lat' dir='ltr'><strong>sanctarum</strong></span> 
     </span>
    </p>
   </div>
   <div class='ocr_carea' id='block_1_19' title="bbox 245 1972 745 2029">
    <p class='ocr_par' dir='ltr' id='par_1_19' title="bbox 245 1972 745 2029">
     <span class='ocr_line' id='line_1_19' title="bbox 245 1972 745 2029; baseline 0 -2"><span class='ocrx_word' id='word_1_113' title='bbox 245 1973 519 2028; x_wconf 65' lang='lat' dir='ltr'><strong>virtutum</strong></span> <span class='ocrx_word' id='word_1_114' title='bbox 543 1972 745 2029; x_wconf 70' lang='lat' dir='ltr'><strong>fructu.</strong></span> 
     </span>
    </p>
   </div>
   <div class='ocr_carea' id='block_1_20' title="bbox 314 2076 1839 2156">
    <p class='ocr_par' dir='ltr' id='par_1_20' title="bbox 314 2076 1839 2156">
     <span class='ocr_line' id='line_1_20' title="bbox 314 2076 1839 2156; baseline 0.001 -19"><span class='ocrx_word' id='word_1_115' title='bbox 314 2078 486 2138; x_wconf 71' lang='lat' dir='ltr'><strong>Vsus.</strong></span> <span class='ocrx_word' id='word_1_116' title='bbox 531 2082 617 2138; x_wconf 74' lang='grc' dir='ltr'><strong>Η.</strong></span> <span class='ocrx_word' id='word_1_117' title='bbox 655 2110 725 2123; x_wconf 90' lang='grc'><strong><em>-</em></strong></span> <span class='ocrx_word' id='word_1_118' title='bbox 759 2080 921 2156; x_wconf 77' lang='lat' dir='ltr'><strong>Cypri</strong></span> <span class='ocrx_word' id='word_1_119' title='bbox 944 2098 1063 2137; x_wconf 79' lang='lat' dir='ltr'><strong>cum</strong></span> <span class='ocrx_word' id='word_1_120' title='bbox 1093 2083 1294 2148; x_wconf 81' lang='lat' dir='ltr'><strong>nardo,</strong></span> <span class='ocrx_word' id='word_1_121' title='bbox 1324 2076 1596 2138; x_wconf 44' lang='lat' dir='ltr'><strong>nardus&#39;et</strong></span> <span class='ocrx_word' id='word_1_122' title='bbox 1635 2101 1839 2140; x_wconf 83' lang='lat' dir='ltr'><strong>crocus.</strong></span> 
     </span>
    </p>
   </div>
   <div class='ocr_carea' id='block_1_21' title="bbox 241 2171 1844 2248">
    <p class='ocr_par' dir='ltr' id='par_1_21' title="bbox 241 2171 1844 2248">
     <span class='ocr_line' id='line_1_21' title="bbox 241 2171 1844 2248; baseline 0.001 -19"><span class='ocrx_word' id='word_1_123' title='bbox 241 2171 463 2248; x_wconf 84' lang='lat' dir='ltr'><strong>Cyprus</strong></span> <span class='ocrx_word' id='word_1_124' title='bbox 483 2176 647 2232; x_wconf 87' lang='lat' dir='ltr'><strong>arbor</strong></span> <span class='ocrx_word' id='word_1_125' title='bbox 666 2175 961 2231; x_wconf 85' lang='lat' dir='ltr'><strong>aromatica</strong></span> <span class='ocrx_word' id='word_1_126' title='bbox 980 2182 1086 2240; x_wconf 91' lang='lat' dir='ltr'><strong>est,</strong></span> <span class='ocrx_word' id='word_1_127' title='bbox 1111 2174 1423 2246; x_wconf 85' lang='lat' dir='ltr'><strong>signiﬁcans</strong></span> <span class='ocrx_word' id='word_1_128' title='bbox 1450 2175 1687 2231; x_wconf 75' lang='lat' dir='ltr'><strong>emlestis</strong></span> <span class='ocrx_word' id='word_1_129' title='bbox 1718 2191 1844 2247; x_wconf 85' lang='lat' dir='ltr'><strong>gra-</strong></span> 
     </span>
    </p>
   </div>
   <div class='ocr_carea' id='block_1_22' title="bbox 235 2263 1844 2341">
    <p class='ocr_par' dir='ltr' id='par_1_22' title="bbox 235 2263 1844 2341">
     <span class='ocr_line' id='line_1_22' title="bbox 235 2263 1844 2341; baseline 0.002 -21"><span class='ocrx_word' id='word_1_130' title='bbox 235 2263 329 2321; x_wconf 73' lang='lat' dir='ltr'><strong>tim</strong></span> <span class='ocrx_word' id='word_1_131' title='bbox 356 2266 817 2324; x_wconf 78' lang='lat' dir='ltr'><strong>benedictionem.</strong></span> <span class='ocrx_word' id='word_1_132' title='bbox 867 2266 1080 2324; x_wconf 82' lang='lat' dir='ltr'><strong>Nardus</strong></span> <span class='ocrx_word' id='word_1_133' title='bbox 1120 2266 1417 2323; x_wconf 65' lang='lat' dir='ltr'><strong>Dominicze</strong></span> <span class='ocrx_word' id='word_1_134' title='bbox 1449 2268 1720 2338; x_wconf 85' lang='lat' dir='ltr'><strong>passionis</strong></span> <span class='ocrx_word' id='word_1_135' title='bbox 1760 2277 1844 2341; x_wconf 84' lang='lat' dir='ltr'><strong>ty-</strong></span> 
     </span>
    </p>
   </div>
   <div class='ocr_carea' id='block_1_23' title="bbox 228 2359 1844 2431">
    <p class='ocr_par' dir='ltr' id='par_1_23' title="bbox 228 2359 1844 2431">
     <span class='ocr_line' id='line_1_23' title="bbox 228 2359 1844 2431; baseline 0 -17"><span class='ocrx_word' id='word_1_136' title='bbox 228 2370 393 2430; x_wconf 85' lang='lat' dir='ltr'><strong>pum,</strong></span> <span class='ocrx_word' id='word_1_137' title='bbox 428 2374 629 2415; x_wconf 86' lang='lat' dir='ltr'><strong>crocus</strong></span> <span class='ocrx_word' id='word_1_138' title='bbox 655 2360 944 2415; x_wconf 84' lang='lat' dir='ltr'><strong>charitatis</strong></span> <span class='ocrx_word' id='word_1_139' title='bbox 983 2359 1252 2416; x_wconf 67' lang='lat' dir='ltr'><strong>fervorem</strong></span> <span class='ocrx_word' id='word_1_140' title='bbox 1295 2360 1570 2431; x_wconf 79' lang='lat' dir='ltr'><strong>exprimit.</strong></span> <span class='ocrx_word' id='word_1_141' title='bbox 1604 2359 1844 2429; x_wconf 72' lang='lat' dir='ltr'><strong>Coniun-</strong></span> 
     </span>
    </p>
   </div>
   <div class='ocr_carea' id='block_1_24' title="bbox 225 2451 1844 2523">
    <p class='ocr_par' dir='ltr' id='par_1_24' title="bbox 225 2451 1844 2523">
     <span class='ocr_line' id='line_1_24' title="bbox 225 2451 1844 2523; baseline 0.001 -16"><span class='ocrx_word' id='word_1_142' title='bbox 225 2451 385 2523; x_wconf 85' lang='lat' dir='ltr'><strong>gitur</strong></span> <span class='ocrx_word' id='word_1_143' title='bbox 421 2467 628 2523; x_wconf 81' lang='lat' dir='ltr'><strong>cyprus</strong></span> <span class='ocrx_word' id='word_1_144' title='bbox 655 2452 849 2517; x_wconf 88' lang='lat' dir='ltr'><strong>nardo,</strong></span> <span class='ocrx_word' id='word_1_145' title='bbox 881 2468 1005 2507; x_wconf 89' lang='lat' dir='ltr'><strong>eum</strong></span> <span class='ocrx_word' id='word_1_146' title='bbox 1040 2451 1223 2506; x_wconf 82' lang='lat' dir='ltr'><strong>divina</strong></span> <span class='ocrx_word' id='word_1_147' title='bbox 1252 2452 1428 2522; x_wconf 85' lang='lat' dir='ltr'><strong>gratia</strong></span> <span class='ocrx_word' id='word_1_148' title='bbox 1453 2451 1722 2507; x_wconf 87' lang='lat' dir='ltr'><strong>confortat</strong></span> <span class='ocrx_word' id='word_1_149' title='bbox 1745 2468 1844 2508; x_wconf 90' lang='lat' dir='ltr'><strong>nos</strong></span> 
     </span>
    </p>
   </div>
   <div class='ocr_carea' id='block_1_25' title="bbox 219 2541 1842 2615">
    <p class='ocr_par' dir='ltr' id='par_1_25' title="bbox 219 2541 1842 2615">
     <span class='ocr_line' id='line_1_25' title="bbox 219 2541 1842 2615; baseline -0.001 -16"><span class='ocrx_word' id='word_1_150' title='bbox 219 2558 329 2615; x_wconf 91' lang='lat' dir='ltr'><strong>pro</strong></span> <span class='ocrx_word' id='word_1_151' title='bbox 356 2541 591 2598; x_wconf 86' lang='lat' dir='ltr'><strong>Christo</strong></span> <span class='ocrx_word' id='word_1_152' title='bbox 634 2543 770 2613; x_wconf 89' lang='lat' dir='ltr'><strong>pati.</strong></span> <span class='ocrx_word' id='word_1_153' title='bbox 817 2542 947 2598; x_wconf 88' lang='lat' dir='ltr'><strong>Item</strong></span> <span class='ocrx_word' id='word_1_154' title='bbox 974 2543 1179 2597; x_wconf 88' lang='lat' dir='ltr'><strong>nardus</strong></span> <span class='ocrx_word' id='word_1_155' title='bbox 1223 2557 1384 2598; x_wconf 88' lang='lat' dir='ltr'><strong>croco</strong></span> <span class='ocrx_word' id='word_1_156' title='bbox 1422 2543 1687 2614; x_wconf 81' lang='lat' dir='ltr'><strong>jungitur,</strong></span> <span class='ocrx_word' id='word_1_157' title='bbox 1720 2559 1842 2598; x_wconf 88' lang='lat' dir='ltr'><strong>cum</strong></span> 
     </span>
    </p>
   </div>
   <div class='ocr_carea' id='block_1_26' title="bbox 219 2631 1845 2708">
    <p class='ocr_par' dir='ltr' id='par_1_26' title="bbox 219 2631 1845 2708">
     <span class='ocr_line' id='line_1_26' title="bbox 219 2631 1845 2708; baseline -0.001 -16"><span class='ocrx_word' id='word_1_158' title='bbox 219 2637 517 2692; x_wconf 84' lang='lat' dir='ltr'><strong>charitate</strong></span> <span class='ocrx_word' id='word_1_159' title='bbox 558 2635 761 2690; x_wconf 80' lang='lat' dir='ltr'><strong>Christi</strong></span> <span class='ocrx_word' id='word_1_160' title='bbox 797 2643 1024 2691; x_wconf 90' lang='lat' dir='ltr'><strong>mortem</strong></span> <span class='ocrx_word' id='word_1_161' title='bbox 1077 2635 1311 2691; x_wconf 89' lang='lat' dir='ltr'><strong>libenter</strong></span> <span class='ocrx_word' id='word_1_162' title='bbox 1354 2637 1697 2708; x_wconf 85' lang='lat' dir='ltr'><strong>suscipimus.</strong></span> <span class='ocrx_word' id='word_1_163' title='bbox 1748 2631 1845 2691; x_wconf 81' lang='lat' dir='ltr'><strong>Fi-</strong></span> 
     </span>
    </p>
   </div>
   <div class='ocr_carea' id='block_1_27' title="bbox 221 2725 1836 2800">
    <p class='ocr_par' dir='ltr' id='par_1_27' title="bbox 221 2725 1836 2800">
     <span class='ocr_line' id='line_1_27' title="bbox 221 2725 1836 2800; baseline 0 -19"><span class='ocrx_word' id='word_1_164' title='bbox 221 2725 374 2781; x_wconf 72' lang='lat' dir='ltr'><strong>stuta</strong></span> <span class='ocrx_word' id='word_1_165' title='bbox 403 2735 459 2779; x_wconf 81' lang='lat' dir='ltr'><strong>et</strong></span> <span class='ocrx_word' id='word_1_166' title='bbox 486 2726 900 2780; x_wconf 80' lang='lat' dir='ltr'><strong>cinnamomum.</strong></span> <span class='ocrx_word' id='word_1_167' title='bbox 946 2725 1153 2781; x_wconf 87' lang='lat' dir='ltr'><strong>Fistula</strong></span> <span class='ocrx_word' id='word_1_168' title='bbox 1172 2767 1187 2794; x_wconf 93' lang='lat'><strong>,</strong></span> <span class='ocrx_word' id='word_1_169' title='bbox 1217 2742 1337 2796; x_wconf 74' lang='lat' dir='ltr'><strong>qua:</strong></span> <span class='ocrx_word' id='word_1_170' title='bbox 1385 2734 1441 2782; x_wconf 90' lang='lat' dir='ltr'><strong>et</strong></span> <span class='ocrx_word' id='word_1_171' title='bbox 1478 2726 1654 2782; x_wconf 89' lang='lat' dir='ltr'><strong>cassia</strong></span> <span class='ocrx_word' id='word_1_172' title='bbox 1683 2726 1836 2800; x_wconf 85' lang='lat' dir='ltr'><strong>[Cod.</strong></span> 
     </span>
    </p>
   </div>
   <div class='ocr_carea' id='block_1_28' title="bbox 229 2807 1842 2893">
    <p class='ocr_par' dir='ltr' id='par_1_28' title="bbox 229 2807 1842 2893">
     <span class='ocr_line' id='line_1_28' title="bbox 229 2807 1842 2893; baseline 0.001 -19"><span class='ocrx_word' id='word_1_173' title='bbox 229 2807 362 2874; x_wconf 76' lang='lat' dir='ltr'><strong>Vat.</strong></span> <span class='ocrx_word' id='word_1_174' title='bbox 394 2861 409 2885; x_wconf 96' lang='lat'><strong>,</strong></span> <span class='ocrx_word' id='word_1_175' title='bbox 460 2817 637 2892; x_wconf 84' lang='lat' dir='ltr'><strong>casia]</strong></span> <span class='ocrx_word' id='word_1_176' title='bbox 665 2820 827 2874; x_wconf 85' lang='lat' dir='ltr'><strong>arbor</strong></span> <span class='ocrx_word' id='word_1_177' title='bbox 856 2819 1153 2875; x_wconf 84' lang='lat' dir='ltr'><strong>aromaliea</strong></span> <span class='ocrx_word' id='word_1_178' title='bbox 1185 2818 1337 2893; x_wconf 85' lang='lat' dir='ltr'><strong>[est],</strong></span> <span class='ocrx_word' id='word_1_179' title='bbox 1374 2818 1469 2876; x_wconf 90' lang='lat' dir='ltr'><strong>sed</strong></span> <span class='ocrx_word' id='word_1_180' title='bbox 1494 2820 1736 2887; x_wconf 89' lang='lat' dir='ltr'><strong>modica,</strong></span> <span class='ocrx_word' id='word_1_181' title='bbox 1787 2827 1842 2875; x_wconf 90' lang='lat' dir='ltr'><strong>et</strong></span> 
     </span>
    </p>
   </div>
   <div class='ocr_carea' id='block_1_29' title="bbox 225 2908 1835 2980">
    <p class='ocr_par' dir='ltr' id='par_1_29' title="bbox 225 2908 1835 2980">
     <span class='ocr_line' id='line_1_29' title="bbox 225 2908 1835 2980; baseline -0.001 -14"><span class='ocrx_word' id='word_1_182' title='bbox 225 2909 357 2966; x_wconf 85' lang='lat' dir='ltr'><strong>ideo</strong></span> <span class='ocrx_word' id='word_1_183' title='bbox 402 2908 647 2965; x_wconf 85' lang='lat' dir='ltr'><strong>humiles</strong></span> <span class='ocrx_word' id='word_1_184' title='bbox 688 2910 879 2980; x_wconf 80' lang='lat' dir='ltr'><strong>spiritu</strong></span> <span class='ocrx_word' id='word_1_185' title='bbox 923 2909 1188 2980; x_wconf 81' lang='lat' dir='ltr'><strong>designat.</strong></span> <span class='ocrx_word' id='word_1_186' title='bbox 1231 2910 1364 2966; x_wconf 82' lang='lat' dir='ltr'><strong>item</strong></span> <span class='ocrx_word' id='word_1_187' title='bbox 1410 2909 1835 2977; x_wconf 82' lang='lat' dir='ltr'><strong>cinnamomum,</strong></span> 
     </span>
    </p>
   </div>
   <div class='ocr_carea' id='block_1_30' title="bbox 226 3003 1842 3076">
    <p class='ocr_par' dir='ltr' id='par_1_30' title="bbox 226 3003 1842 3076">
     <span class='ocr_line' id='line_1_30' title="bbox 226 3003 1842 3076; baseline 0.001 -17"><span class='ocrx_word' id='word_1_188' title='bbox 226 3004 323 3075; x_wconf 90' lang='lat' dir='ltr'><strong>qui</strong></span> <span class='ocrx_word' id='word_1_189' title='bbox 347 3019 412 3060; x_wconf 89' lang='lat' dir='ltr'><strong>se</strong></span> <span class='ocrx_word' id='word_1_190' title='bbox 441 3005 593 3074; x_wconf 90' lang='lat' dir='ltr'><strong>ipsos</strong></span> <span class='ocrx_word' id='word_1_191' title='bbox 618 3003 939 3073; x_wconf 86' lang='lat' dir='ltr'><strong>despiciunt,</strong></span> <span class='ocrx_word' id='word_1_192' title='bbox 971 3003 1171 3076; x_wconf 79' lang='lat' dir='ltr'><strong>signat,</strong></span> <span class='ocrx_word' id='word_1_193' title='bbox 1198 3020 1319 3076; x_wconf 68' lang='lat' dir='ltr'><strong>quae</strong></span> <span class='ocrx_word' id='word_1_194' title='bbox 1339 3012 1393 3060; x_wconf 90' lang='lat' dir='ltr'><strong>et</strong></span> <span class='ocrx_word' id='word_1_195' title='bbox 1415 3006 1531 3076; x_wconf 91' lang='lat' dir='ltr'><strong>ipsa</strong></span> <span class='ocrx_word' id='word_1_196' title='bbox 1556 3014 1641 3060; x_wconf 90' lang='lat' dir='ltr'><strong>est</strong></span> <span class='ocrx_word' id='word_1_197' title='bbox 1660 3005 1842 3061; x_wconf 84' lang='lat' dir='ltr'><strong>brevis</strong></span> 
     </span>
    </p>
   </div>
   <div class='ocr_carea' id='block_1_31' title="bbox 229 3093 1839 3162">
    <p class='ocr_par' dir='ltr' id='par_1_31' title="bbox 229 3093 1839 3162">
     <span class='ocr_line' id='line_1_31' title="bbox 229 3093 1839 3162; baseline -0.001 -10"><span class='ocrx_word' id='word_1_198' title='bbox 229 3099 403 3153; x_wconf 86' lang='lat' dir='ltr'><strong>arbor</strong></span> <span class='ocrx_word' id='word_1_199' title='bbox 426 3139 442 3161; x_wconf 94' lang='lat'><strong>,</strong></span> <span class='ocrx_word' id='word_1_200' title='bbox 497 3095 593 3152; x_wconf 91' lang='lat' dir='ltr'><strong>sed</strong></span> <span class='ocrx_word' id='word_1_201' title='bbox 628 3093 900 3151; x_wconf 78' lang='lat' dir='ltr'><strong>odorifera</strong></span> <span class='ocrx_word' id='word_1_202' title='bbox 939 3102 995 3150; x_wconf 88' lang='lat' dir='ltr'><strong>et</strong></span> <span class='ocrx_word' id='word_1_203' title='bbox 1021 3094 1230 3162; x_wconf 84' lang='lat' dir='ltr'><strong>dulcis;</strong></span> <span class='ocrx_word' id='word_1_204' title='bbox 1266 3098 1361 3153; x_wconf 91' lang='lat' dir='ltr'><strong>sed</strong></span> <span class='ocrx_word' id='word_1_205' title='bbox 1407 3096 1684 3152; x_wconf 86' lang='lat' dir='ltr'><strong>humilitas</strong></span> <span class='ocrx_word' id='word_1_206' title='bbox 1726 3112 1839 3151; x_wconf 91' lang='lat' dir='ltr'><strong>ma-</strong></span> 
     </span>
    </p>
   </div>
   <div class='ocr_carea' id='block_1_32' title="bbox 228 3185 1838 3261">
    <p class='ocr_par' dir='ltr' id='par_1_32' title="bbox 228 3185 1838 3261">
     <span class='ocr_line' id='line_1_32' title="bbox 228 3185 1838 3261; baseline -0.002 -17"><span class='ocrx_word' id='word_1_207' title='bbox 228 3203 395 3261; x_wconf 85' lang='lat' dir='ltr'><strong>gnam</strong></span> <span class='ocrx_word' id='word_1_208' title='bbox 430 3188 602 3243; x_wconf 85' lang='lat' dir='ltr'><strong>habet</strong></span> <span class='ocrx_word' id='word_1_209' title='bbox 622 3185 837 3241; x_wconf 89' lang='lat' dir='ltr'><strong>laudem</strong></span> <span class='ocrx_word' id='word_1_210' title='bbox 862 3192 917 3241; x_wconf 89' lang='lat' dir='ltr'><strong>et</strong></span> <span class='ocrx_word' id='word_1_211' title='bbox 937 3186 1275 3243; x_wconf 85' lang='lat' dir='ltr'><strong>dulcedinem</strong></span> <span class='ocrx_word' id='word_1_212' title='bbox 1308 3187 1453 3258; x_wconf 90' lang='lat' dir='ltr'><strong>apud</strong></span> <span class='ocrx_word' id='word_1_213' title='bbox 1488 3187 1679 3243; x_wconf 89' lang='lat' dir='ltr'><strong>Deum.</strong></span> <span class='ocrx_word' id='word_1_214' title='bbox 1706 3185 1838 3241; x_wconf 83' lang='lat' dir='ltr'><strong>Cum</strong></span> 
     </span>
    </p>
   </div>
   <div class='ocr_carea' id='block_1_33' title="bbox 226 3275 1916 3359">
    <p class='ocr_par' dir='ltr' id='par_1_33' title="bbox 226 3275 1916 3359">
     <span class='ocr_line' id='line_1_33' title="bbox 226 3275 1916 3359; baseline 0 -26"><span class='ocrx_word' id='word_1_215' title='bbox 226 3278 502 3334; x_wconf 69' lang='lat' dir='ltr'><strong>universis</strong></span> <span class='ocrx_word' id='word_1_216' title='bbox 535 3276 692 3349; x_wconf 79' lang='lat' dir='ltr'><strong>lignis</strong></span> <span class='ocrx_word' id='word_1_217' title='bbox 736 3275 944 3332; x_wconf 83' lang='lat' dir='ltr'><strong>Libani.</strong></span> <span class='ocrx_word' id='word_1_218' title='bbox 975 3275 1128 3333; x_wconf 87' lang='lat' dir='ltr'><strong>Sicut</strong></span> <span class='ocrx_word' id='word_1_219' title='bbox 1151 3276 1330 3333; x_wconf 78' lang='lat' dir='ltr'><strong>ﬁstula</strong></span> <span class='ocrx_word' id='word_1_220' title='bbox 1356 3285 1410 3332; x_wconf 87' lang='lat' dir='ltr'><strong>et</strong></span> <span class='ocrx_word' id='word_1_221' title='bbox 1436 3278 1836 3334; x_wconf 80' lang='lat' dir='ltr'><strong>cinnamomum</strong></span> <span class='ocrx_word' id='word_1_222' title='bbox 1867 3291 1916 3359; x_wconf 68' lang='grc' dir='ltr'>ο</span> 
     </span>
    </p>
   </div>
   <div class='ocr_carea' id='block_1_34' title="bbox 224 3368 1838 3443">
    <p class='ocr_par' dir='ltr' id='par_1_34' title="bbox 224 3368 1838 3443">
     <span class='ocr_line' id='line_1_34' title="bbox 224 3368 1838 3443; baseline 0 -18"><span class='ocrx_word' id='word_1_223' title='bbox 224 3370 472 3427; x_wconf 83' lang='lat' dir='ltr'><strong>humiles</strong></span> <span class='ocrx_word' id='word_1_224' title='bbox 500 3377 818 3425; x_wconf 83' lang='lat' dir='ltr'><strong>sanctorum</strong></span> <span class='ocrx_word' id='word_1_225' title='bbox 844 3368 1222 3441; x_wconf 80' lang='lat' dir='ltr'><strong>cogitationes,</strong></span> <span class='ocrx_word' id='word_1_226' title='bbox 1264 3369 1344 3425; x_wconf 90' lang='lat' dir='ltr'><strong>sic</strong></span> <span class='ocrx_word' id='word_1_227' title='bbox 1379 3376 1434 3426; x_wconf 89' lang='lat' dir='ltr'><strong>et</strong></span> <span class='ocrx_word' id='word_1_228' title='bbox 1474 3370 1617 3443; x_wconf 87' lang='lat' dir='ltr'><strong>ligna</strong></span> <span class='ocrx_word' id='word_1_229' title='bbox 1645 3369 1838 3425; x_wconf 87' lang='lat' dir='ltr'><strong>Libani</strong></span> 
     </span>
    </p>
   </div>
   <div class='ocr_carea' id='block_1_35' title="bbox 223 3459 1841 3531">
    <p class='ocr_par' dir='ltr' id='par_1_35' title="bbox 223 3459 1841 3531">
     <span class='ocr_line' id='line_1_35' title="bbox 223 3459 1841 3531; baseline -0.003 -13"><span class='ocrx_word' id='word_1_230' title='bbox 223 3461 499 3518; x_wconf 75' lang='lat' dir='ltr'><strong>sublimes</strong></span> <span class='ocrx_word' id='word_1_231' title='bbox 554 3475 742 3517; x_wconf 89' lang='lat' dir='ltr'><strong>eorum</strong></span> <span class='ocrx_word' id='word_1_232' title='bbox 781 3460 1023 3516; x_wconf 85' lang='lat' dir='ltr'><strong>actiones</strong></span> <span class='ocrx_word' id='word_1_233' title='bbox 1075 3459 1468 3516; x_wconf 81' lang='lat' dir='ltr'><strong>demonstrant.</strong></span> <span class='ocrx_word' id='word_1_234' title='bbox 1528 3459 1749 3531; x_wconf 68' lang='lat' dir='ltr'><strong>Myrrha</strong></span> <span class='ocrx_word' id='word_1_235' title='bbox 1791 3468 1841 3513; x_wconf 83' lang='lat' dir='ltr'><strong>et</strong></span> 
     </span>
    </p>
   </div>
   <div class='ocr_carea' id='block_1_36' title="bbox 221 3552 1839 3623">
    <p class='ocr_par' dir='ltr' id='par_1_36' title="bbox 221 3552 1839 3623">
     <span class='ocr_line' id='line_1_36' title="bbox 221 3552 1839 3623; baseline -0.002 -14"><span class='ocrx_word' id='word_1_236' title='bbox 221 3553 375 3623; x_wconf 75' lang='lat' dir='ltr'><strong>aloe,</strong></span> <span class='ocrx_word' id='word_1_237' title='bbox 417 3553 661 3610; x_wconf 84' lang='lat' dir='ltr'><strong>arbores</strong></span> <span class='ocrx_word' id='word_1_238' title='bbox 704 3560 829 3609; x_wconf 90' lang='lat' dir='ltr'><strong>sunt</strong></span> <span class='ocrx_word' id='word_1_239' title='bbox 878 3552 1228 3618; x_wconf 62' lang='lat' dir='ltr'><strong>aromatiete,</strong></span> <span class='ocrx_word' id='word_1_240' title='bbox 1277 3566 1398 3623; x_wconf 67' lang='lat' dir='ltr'><strong>quae</strong></span> <span class='ocrx_word' id='word_1_241' title='bbox 1447 3552 1839 3608; x_wconf 86' lang='lat' dir='ltr'><strong>continentiam</strong></span> 
     </span>
    </p>
   </div>
   <div class='ocr_carea' id='block_1_37' title="bbox 220 3643 1836 3719">
    <p class='ocr_par' dir='ltr' id='par_1_37' title="bbox 220 3643 1836 3719">
     <span class='ocr_line' id='line_1_37' title="bbox 220 3643 1836 3719; baseline -0.004 -15"><span class='ocrx_word' id='word_1_242' title='bbox 220 3648 408 3704; x_wconf 88' lang='lat' dir='ltr'><strong>carnis</strong></span> <span class='ocrx_word' id='word_1_243' title='bbox 453 3644 799 3719; x_wconf 62' lang='lat' dir='ltr'><strong>etprimunt.</strong></span> <span class='ocrx_word' id='word_1_244' title='bbox 840 3643 973 3700; x_wconf 87' lang='lat' dir='ltr'><strong>Cum</strong></span> <span class='ocrx_word' id='word_1_245' title='bbox 1019 3644 1261 3699; x_wconf 72' lang='lat' dir='ltr'><strong>omnibus</strong></span> <span class='ocrx_word' id='word_1_246' title='bbox 1305 3644 1492 3715; x_wconf 70' lang='lat' dir='ltr'><strong>primis</strong></span> <span class='ocrx_word' id='word_1_247' title='bbox 1534 3644 1836 3715; x_wconf 74' lang='lat' dir='ltr'><strong>unguentis.</strong></span> 
     </span>
    </p>
   </div>
   <div class='ocr_carea' id='block_1_38' title="bbox 218 3724 1842 3805">
    <p class='ocr_par' dir='ltr' id='par_1_38' title="bbox 218 3724 1842 3805">
     <span class='ocr_line' id='line_1_38' title="bbox 218 3724 1842 3805; baseline -0.003 -9"><span class='ocrx_word' id='word_1_248' title='bbox 218 3724 276 3797; x_wconf 69' lang='lat' dir='ltr'><strong>id</strong></span> <span class='ocrx_word' id='word_1_249' title='bbox 310 3749 420 3805; x_wconf 85' lang='lat' dir='ltr'><strong>est,</strong></span> <span class='ocrx_word' id='word_1_250' title='bbox 474 3738 913 3797; x_wconf 76' lang='lat' dir='ltr'><strong>charismatibus</strong></span> <span class='ocrx_word' id='word_1_251' title='bbox 941 3737 1203 3792; x_wconf 86' lang='lat' dir='ltr'><strong>virtutum</strong></span> <span class='ocrx_word' id='word_1_252' title='bbox 1232 3735 1727 3793; x_wconf 81' lang='lat' dir='ltr'><strong>excellentioribus.</strong></span> <span class='ocrx_word' id='word_1_253' title='bbox 1773 3735 1842 3791; x_wconf 85' lang='lat' dir='ltr'><strong>Et</strong></span> 
     </span>
    </p>
   </div>
   <div class='ocr_carea' id='block_1_39' title="bbox 217 3830 1843 3906">
    <p class='ocr_par' dir='ltr' id='par_1_39' title="bbox 217 3830 1843 3906">
     <span class='ocr_line' id='line_1_39' title="bbox 217 3830 1843 3906; baseline -0.004 -17"><span class='ocrx_word' id='word_1_254' title='bbox 217 3833 455 3906; x_wconf 86' lang='lat' dir='ltr'><strong>pulchra</strong></span> <span class='ocrx_word' id='word_1_255' title='bbox 477 3841 579 3889; x_wconf 88' lang='lat' dir='ltr'><strong>est</strong></span> <span class='ocrx_word' id='word_1_256' title='bbox 607 3830 917 3900; x_wconf 73' lang='lat' dir='ltr'><strong>coniunctio</strong></span> <span class='ocrx_word' id='word_1_257' title='bbox 947 3831 1143 3886; x_wconf 71' lang='lat' dir='ltr'><strong>larum</strong></span> <span class='ocrx_word' id='word_1_258' title='bbox 1171 3830 1429 3885; x_wconf 85' lang='lat' dir='ltr'><strong>arborum</strong></span> <span class='ocrx_word' id='word_1_259' title='bbox 1450 3843 1577 3884; x_wconf 82' lang='lat' dir='ltr'><strong>eum</strong></span> <span class='ocrx_word' id='word_1_260' title='bbox 1598 3842 1843 3899; x_wconf 84' lang='lat' dir='ltr'><strong>unguen-</strong></span> 
     </span>
    </p>
   </div>
   <div class='ocr_carea' id='block_1_40' title="bbox 221 3917 1842 3998">
    <p class='ocr_par' dir='ltr' id='par_1_40' title="bbox 221 3917 1842 3998">
     <span class='ocr_line' id='line_1_40' title="bbox 221 3917 1842 3998; baseline -0.004 -16"><span class='ocrx_word' id='word_1_261' title='bbox 221 3925 287 3982; x_wconf 89' lang='lat' dir='ltr'><strong>tis</strong></span> <span class='ocrx_word' id='word_1_262' title='bbox 309 3967 325 3994; x_wconf 94' lang='lat'><strong>,</strong></span> <span class='ocrx_word' id='word_1_263' title='bbox 355 3927 498 3998; x_wconf 86' lang='lat' dir='ltr'><strong>quia</strong></span> <span class='ocrx_word' id='word_1_264' title='bbox 540 3924 669 3979; x_wconf 90' lang='lat' dir='ltr'><strong>dum</strong></span> <span class='ocrx_word' id='word_1_265' title='bbox 701 3917 923 3978; x_wconf 75' lang='lat' dir='ltr'><strong>earneui</strong></span> <span class='ocrx_word' id='word_1_266' title='bbox 952 3937 983 3977; x_wconf 87' lang='lat' dir='ltr'><strong>a</strong></span> <span class='ocrx_word' id='word_1_267' title='bbox 1010 3920 1232 3977; x_wconf 79' lang='lat' dir='ltr'><strong>lascivia</strong></span> <span class='ocrx_word' id='word_1_268' title='bbox 1266 3920 1628 3985; x_wconf 75' lang='lat' dir='ltr'><strong>refrenemus,</strong></span> <span class='ocrx_word' id='word_1_269' title='bbox 1652 3933 1842 3976; x_wconf 85' lang='lat' dir='ltr'><strong>conse-</strong></span> 
     </span>
    </p>
   </div>
   <div class='ocr_carea' id='block_1_41' title="bbox 218 4015 1675 4092">
    <p class='ocr_par' dir='ltr' id='par_1_41' title="bbox 218 4015 1675 4092">
     <span class='ocr_line' id='line_1_41' title="bbox 218 4015 1675 4092; baseline -0.006 -14"><span class='ocrx_word' id='word_1_270' title='bbox 218 4035 395 4092; x_wconf 69' lang='lat' dir='ltr'><strong>Quens</strong></span> <span class='ocrx_word' id='word_1_271' title='bbox 421 4028 515 4077; x_wconf 91' lang='lat' dir='ltr'><strong>est</strong></span> <span class='ocrx_word' id='word_1_272' title='bbox 558 4025 617 4073; x_wconf 91' lang='lat' dir='ltr'><strong>ut</strong></span> <span class='ocrx_word' id='word_1_273' title='bbox 637 4015 843 4086; x_wconf 83' lang='lat' dir='ltr'><strong>majora</strong></span> <span class='ocrx_word' id='word_1_274' title='bbox 871 4015 1096 4087; x_wconf 87' lang='lat' dir='ltr'><strong>spiritus</strong></span> <span class='ocrx_word' id='word_1_275' title='bbox 1122 4016 1261 4071; x_wconf 90' lang='lat' dir='ltr'><strong>dona</strong></span> <span class='ocrx_word' id='word_1_276' title='bbox 1293 4015 1675 4086; x_wconf 89' lang='lat' dir='ltr'><strong>percipiamus.</strong></span> 
     </span>
    </p>
   </div>
   <div class='ocr_carea' id='block_1_42' title="bbox 290 4126 1841 4199">
    <p class='ocr_par' dir='ltr' id='par_1_42' title="bbox 290 4126 1841 4199">
     <span class='ocr_line' id='line_1_42' title="bbox 290 4126 1841 4199; baseline -0.009 -8"><span class='ocrx_word' id='word_1_277' title='bbox 290 4133 462 4191; x_wconf 69' lang='lat' dir='ltr'><strong>Vens.</strong></span> <span class='ocrx_word' id='word_1_278' title='bbox 508 4129 609 4185; x_wconf 72' lang='lat' dir='ltr'><strong>i5.</strong></span> <span class='ocrx_word' id='word_1_279' title='bbox 648 4160 720 4170; x_wconf 90' lang='lat'><strong>—-</strong></span> <span class='ocrx_word' id='word_1_280' title='bbox 745 4126 891 4183; x_wconf 81' lang='lat' dir='ltr'><strong>Fons</strong></span> <span class='ocrx_word' id='word_1_281' title='bbox 922 4128 1225 4193; x_wconf 85' lang='lat' dir='ltr'><strong>hortorum,</strong></span> <span class='ocrx_word' id='word_1_282' title='bbox 1258 4135 1446 4199; x_wconf 80' lang='lat' dir='ltr'><strong>puteus</strong></span> <span class='ocrx_word' id='word_1_283' title='bbox 1476 4140 1738 4198; x_wconf 88' lang='lat' dir='ltr'><strong>aquarum</strong></span> <span class='ocrx_word' id='word_1_284' title='bbox 1766 4126 1841 4178; x_wconf 87' lang='lat' dir='ltr'><strong>vi-</strong></span> 
     </span>
    </p>
   </div>
   <div class='ocr_carea' id='block_1_43' title="bbox 216 4217 1837 4296">
    <p class='ocr_par' dir='ltr' id='par_1_43' title="bbox 216 4217 1837 4296">
     <span class='ocr_line' id='line_1_43' title="bbox 216 4217 1837 4296; baseline -0.007 -16"><span class='ocrx_word' id='word_1_285' title='bbox 216 4225 480 4291; x_wconf 70' lang='lat' dir='ltr'><strong>ventium,</strong></span> <span class='ocrx_word' id='word_1_286' title='bbox 511 4238 643 4296; x_wconf 73' lang='lat' dir='ltr'><strong>qua:</strong></span> <span class='ocrx_word' id='word_1_287' title='bbox 672 4221 841 4293; x_wconf 83' lang='lat' dir='ltr'><strong>ﬂuunt</strong></span> <span class='ocrx_word' id='word_1_288' title='bbox 875 4219 1089 4291; x_wconf 78' lang='lat' dir='ltr'><strong>impetu.</strong></span> <span class='ocrx_word' id='word_1_289' title='bbox 1136 4218 1437 4289; x_wconf 85' lang='lat' dir='ltr'><strong>Utrumque</strong></span> <span class='ocrx_word' id='word_1_290' title='bbox 1463 4217 1703 4275; x_wconf 88' lang='lat' dir='ltr'><strong>Ecclesia</strong></span> <span class='ocrx_word' id='word_1_291' title='bbox 1735 4223 1837 4283; x_wconf 89' lang='lat' dir='ltr'><strong>est,</strong></span> 
     </span>
    </p>
   </div>
   <div class='ocr_carea' id='block_1_44' title="bbox 215 4308 1843 4384">
    <p class='ocr_par' dir='ltr' id='par_1_44' title="bbox 215 4308 1843 4384">
     <span class='ocr_line' id='line_1_44' title="bbox 215 4308 1843 4384; baseline -0.007 -12"><span class='ocrx_word' id='word_1_292' title='bbox 215 4324 268 4372; x_wconf 92' lang='lat' dir='ltr'><strong>et</strong></span> <span class='ocrx_word' id='word_1_293' title='bbox 294 4315 423 4373; x_wconf 79' lang='lat' dir='ltr'><strong>fons</strong></span> <span class='ocrx_word' id='word_1_294' title='bbox 457 4316 782 4377; x_wconf 83' lang='lat' dir='ltr'><strong>hortorum,</strong></span> <span class='ocrx_word' id='word_1_295' title='bbox 827 4312 954 4383; x_wconf 88' lang='lat' dir='ltr'><strong>quia</strong></span> <span class='ocrx_word' id='word_1_296' title='bbox 981 4310 1290 4383; x_wconf 88' lang='lat' dir='ltr'><strong>spirituales</strong></span> <span class='ocrx_word' id='word_1_297' title='bbox 1321 4311 1491 4384; x_wconf 80' lang='lat' dir='ltr'><strong>gignit</strong></span> <span class='ocrx_word' id='word_1_298' title='bbox 1524 4308 1759 4374; x_wconf 82' lang='lat' dir='ltr'><strong>fructus;</strong></span> <span class='ocrx_word' id='word_1_299' title='bbox 1788 4314 1843 4365; x_wconf 91' lang='lat' dir='ltr'><strong>et</strong></span> 
     </span>
    </p>
   </div>
   <div class='ocr_carea' id='block_1_45' title="bbox 211 4400 1839 4478">
    <p class='ocr_par' dir='ltr' id='par_1_45' title="bbox 211 4400 1839 4478">
     <span class='ocr_line' id='line_1_45' title="bbox 211 4400 1839 4478; baseline -0.005 -16"><span class='ocrx_word' id='word_1_300' title='bbox 211 4416 416 4478; x_wconf 88' lang='lat' dir='ltr'><strong>puteus</strong></span> <span class='ocrx_word' id='word_1_301' title='bbox 447 4420 734 4477; x_wconf 85' lang='lat' dir='ltr'><strong>aquarum</strong></span> <span class='ocrx_word' id='word_1_302' title='bbox 754 4403 1070 4470; x_wconf 83' lang='lat' dir='ltr'><strong>viventium,</strong></span> <span class='ocrx_word' id='word_1_303' title='bbox 1094 4409 1315 4474; x_wconf 88' lang='lat' dir='ltr'><strong>propter</strong></span> <span class='ocrx_word' id='word_1_304' title='bbox 1328 4400 1538 4458; x_wconf 83' lang='lat' dir='ltr'><strong>occulta</strong></span> <span class='ocrx_word' id='word_1_305' title='bbox 1560 4400 1839 4472; x_wconf 86' lang='lat' dir='ltr'><strong>mysteria,</strong></span> 
     </span>
    </p>
   </div>
   <div class='ocr_carea' id='block_1_46' title="bbox 213 4490 1838 4579">
    <p class='ocr_par' dir='ltr' id='par_1_46' title="bbox 213 4490 1838 4579">
     <span class='ocr_line' id='line_1_46' title="bbox 213 4490 1838 4579; baseline -0.004 -25"><span class='ocrx_word' id='word_1_306' title='bbox 213 4515 336 4574; x_wconf 70' lang='lat' dir='ltr'><strong>qua:</strong></span> <span class='ocrx_word' id='word_1_307' title='bbox 366 4497 602 4556; x_wconf 88' lang='lat' dir='ltr'><strong>sanctis</strong></span> <span class='ocrx_word' id='word_1_308' title='bbox 624 4511 723 4569; x_wconf 88' lang='lat' dir='ltr'><strong>per</strong></span> <span class='ocrx_word' id='word_1_309' title='bbox 758 4494 1142 4553; x_wconf 88' lang='lat' dir='ltr'><strong>revelationem</strong></span> <span class='ocrx_word' id='word_1_310' title='bbox 1186 4494 1359 4579; x_wconf 83' lang='lat' dir='ltr'><strong>sancti</strong></span> <span class='ocrx_word' id='word_1_311' title='bbox 1389 4492 1626 4563; x_wconf 89' lang='lat' dir='ltr'><strong>Spiritus</strong></span> <span class='ocrx_word' id='word_1_312' title='bbox 1664 4490 1838 4565; x_wconf 82' lang='lat' dir='ltr'><strong>[solis]</strong></span> 
     </span>
    </p>
   </div>
   <div class='ocr_carea' id='block_1_47' title="bbox 212 4583 1837 4663">
    <p class='ocr_par' dir='ltr' id='par_1_47' title="bbox 212 4583 1837 4663">
     <span class='ocr_line' id='line_1_47' title="bbox 212 4583 1837 4663; baseline -0.007 -14"><span class='ocrx_word' id='word_1_313' title='bbox 212 4592 577 4663; x_wconf 86' lang='lat' dir='ltr'><strong>panduntur.</strong></span> <span class='ocrx_word' id='word_1_314' title='bbox 621 4590 900 4657; x_wconf 80' lang='lat' dir='ltr'><strong>Aquarum</strong></span> <span class='ocrx_word' id='word_1_315' title='bbox 938 4585 1236 4641; x_wconf 80' lang='lat' dir='ltr'><strong>viventium</strong></span> <span class='ocrx_word' id='word_1_316' title='bbox 1260 4592 1483 4656; x_wconf 85' lang='lat' dir='ltr'><strong>prepter</strong></span> <span class='ocrx_word' id='word_1_317' title='bbox 1517 4584 1731 4655; x_wconf 86' lang='lat' dir='ltr'><strong>eloquia</strong></span> <span class='ocrx_word' id='word_1_318' title='bbox 1753 4583 1837 4639; x_wconf 90' lang='lat' dir='ltr'><strong>di-</strong></span> 
     </span>
    </p>
   </div>
   <div class='ocr_carea' id='block_1_48' title="bbox 212 4669 1918 4757">
    <p class='ocr_par' dir='ltr' id='par_1_48' title="bbox 212 4669 1918 4757">
     <span class='ocr_line' id='line_1_48' title="bbox 212 4669 1918 4757; baseline -0.004 -17"><span class='ocrx_word' id='word_1_319' title='bbox 212 4684 361 4753; x_wconf 87' lang='lat' dir='ltr'><strong>vina,</strong></span> <span class='ocrx_word' id='word_1_320' title='bbox 414 4698 561 4757; x_wconf 71' lang='lat' dir='ltr'><strong>qua:</strong></span> <span class='ocrx_word' id='word_1_321' title='bbox 600 4681 665 4735; x_wconf 88' lang='lat' dir='ltr'><strong>de</strong></span> <span class='ocrx_word' id='word_1_322' title='bbox 693 4678 1054 4734; x_wconf 88' lang='lat' dir='ltr'><strong>invisibilibus</strong></span> <span class='ocrx_word' id='word_1_323' title='bbox 1101 4677 1298 4733; x_wconf 80' lang='lat' dir='ltr'><strong>divinae</strong></span> <span class='ocrx_word' id='word_1_324' title='bbox 1337 4676 1525 4749; x_wconf 74' lang='lat' dir='ltr'><strong>gratim</strong></span> <span class='ocrx_word' id='word_1_325' title='bbox 1572 4669 1918 4733; x_wconf 84' lang='lat' dir='ltr'><strong>thesaurisD</strong></span> 
     </span>
    </p>
   </div>
   <div class='ocr_carea' id='block_1_49' title="bbox 209 4768 1842 4847">
    <p class='ocr_par' dir='ltr' id='par_1_49' title="bbox 209 4768 1842 4847">
     <span class='ocr_line' id='line_1_49' title="bbox 209 4768 1842 4847; baseline -0.004 -15"><span class='ocrx_word' id='word_1_326' title='bbox 209 4776 567 4847; x_wconf 86' lang='lat' dir='ltr'><strong>procedunt.</strong></span> <span class='ocrx_word' id='word_1_327' title='bbox 596 4770 672 4825; x_wconf 88' lang='lat' dir='ltr'><strong>De</strong></span> <span class='ocrx_word' id='word_1_328' title='bbox 698 4769 919 4824; x_wconf 79' lang='lat' dir='ltr'><strong>Libano.</strong></span> <span class='ocrx_word' id='word_1_329' title='bbox 950 4769 1027 4825; x_wconf 89' lang='lat' dir='ltr'><strong>De</strong></span> <span class='ocrx_word' id='word_1_330' title='bbox 1053 4770 1170 4841; x_wconf 86' lang='lat' dir='ltr'><strong>ipsa</strong></span> <span class='ocrx_word' id='word_1_331' title='bbox 1193 4768 1435 4825; x_wconf 88' lang='lat' dir='ltr'><strong>Ecclesia</strong></span> <span class='ocrx_word' id='word_1_332' title='bbox 1459 4770 1611 4837; x_wconf 84' lang='lat' dir='ltr'><strong>dicit,</strong></span> <span class='ocrx_word' id='word_1_333' title='bbox 1644 4784 1765 4840; x_wconf 78' lang='lat' dir='ltr'><strong>quae</strong></span> <span class='ocrx_word' id='word_1_334' title='bbox 1786 4777 1842 4826; x_wconf 91' lang='lat' dir='ltr'><strong>et</strong></span> 
     </span>
    </p>
   </div>
   <div class='ocr_carea' id='block_1_50' title="bbox 213 4858 1842 4932">
    <p class='ocr_par' dir='ltr' id='par_1_50' title="bbox 213 4858 1842 4932">
     <span class='ocr_line' id='line_1_50' title="bbox 213 4858 1842 4932; baseline -0.006 -10"><span class='ocrx_word' id='word_1_335' title='bbox 213 4866 455 4922; x_wconf 87' lang='lat' dir='ltr'><strong>candida</strong></span> <span class='ocrx_word' id='word_1_336' title='bbox 489 4871 590 4920; x_wconf 89' lang='lat' dir='ltr'><strong>est</strong></span> <span class='ocrx_word' id='word_1_337' title='bbox 632 4876 730 4932; x_wconf 88' lang='lat' dir='ltr'><strong>per</strong></span> <span class='ocrx_word' id='word_1_338' title='bbox 768 4860 1087 4917; x_wconf 88' lang='lat' dir='ltr'><strong>munditiam</strong></span> <span class='ocrx_word' id='word_1_339' title='bbox 1118 4858 1277 4926; x_wconf 92' lang='lat' dir='ltr'><strong>ﬁdei,</strong></span> <span class='ocrx_word' id='word_1_340' title='bbox 1310 4867 1365 4917; x_wconf 89' lang='lat' dir='ltr'><strong>et</strong></span> <span class='ocrx_word' id='word_1_341' title='bbox 1404 4858 1512 4915; x_wconf 90' lang='lat' dir='ltr'><strong>alta</strong></span> <span class='ocrx_word' id='word_1_342' title='bbox 1539 4874 1637 4929; x_wconf 90' lang='lat' dir='ltr'><strong>per</strong></span> <span class='ocrx_word' id='word_1_343' title='bbox 1671 4859 1842 4914; x_wconf 88' lang='lat' dir='ltr'><strong>virtu-</strong></span> 
     </span>
    </p>
   </div>
   <div class='ocr_carea' id='block_1_51' title="bbox 210 4958 641 5032">
    <p class='ocr_par' dir='ltr' id='par_1_51' title="bbox 210 4958 641 5032">
     <span class='ocr_line' id='line_1_51' title="bbox 210 4958 641 5032; baseline -0.016 -16"><span class='ocrx_word' id='word_1_344' title='bbox 210 4967 328 5017; x_wconf 85' lang='lat' dir='ltr'><strong>tum</strong></span> <span class='ocrx_word' id='word_1_345' title='bbox 358 4958 641 5032; x_wconf 87' lang='lat' dir='ltr'><strong>gloriam.</strong></span> 
     </span>
    </p>
   </div>
   <div class='ocr_carea' id='block_1_52' title="bbox 270 5065 1841 5141">
    <p class='ocr_par' dir='ltr' id='par_1_52' title="bbox 270 5065 1841 5141">
     <span class='ocr_line' id='line_1_52' title="bbox 270 5065 1841 5141; baseline -0.008 -10"><span class='ocrx_word' id='word_1_346' title='bbox 270 5077 469 5135; x_wconf 69' lang='lat' dir='ltr'><strong>sVERS.</strong></span> <span class='ocrx_word' id='word_1_347' title='bbox 500 5073 597 5130; x_wconf 81' lang='grc'><strong>16.</strong></span> <span class='ocrx_word' id='word_1_348' title='bbox 622 5101 693 5112; x_wconf 89' lang='lat'><em>-</em></span> <span class='ocrx_word' id='word_1_349' title='bbox 714 5069 903 5141; x_wconf 87' lang='lat' dir='ltr'><strong>Surge,</strong></span> <span class='ocrx_word' id='word_1_350' title='bbox 920 5067 1197 5141; x_wconf 82' lang='lat' dir='ltr'><strong>Aquilo,&#39;et</strong></span> <span class='ocrx_word' id='word_1_351' title='bbox 1214 5066 1348 5133; x_wconf 82' lang='lat' dir='ltr'><strong>veni,</strong></span> <span class='ocrx_word' id='word_1_352' title='bbox 1373 5067 1587 5135; x_wconf 73' lang='lat' dir='ltr'><strong>Auster,</strong></span> <span class='ocrx_word' id='word_1_353' title='bbox 1603 5074 1651 5121; x_wconf 89' lang='lat' dir='ltr'><strong>et</strong></span> <span class='ocrx_word' id='word_1_354' title='bbox 1675 5065 1841 5138; x_wconf 82' lang='lat' dir='ltr'><strong>per/la</strong></span> 
     </span>
    </p>
   </div>
   <div class='ocr_carea' id='block_1_53' title="bbox 208 5159 1841 5237">
    <p class='ocr_par' dir='ltr' id='par_1_53' title="bbox 208 5159 1841 5237">
     <span class='ocr_line' id='line_1_53' title="bbox 208 5159 1841 5237; baseline -0.009 -11"><span class='ocrx_word' id='word_1_355' title='bbox 208 5171 437 5229; x_wconf 71' lang='lat' dir='ltr'><strong>hortum</strong></span> <span class='ocrx_word' id='word_1_356' title='bbox 470 5184 679 5225; x_wconf 82' lang='lat' dir='ltr'><strong>meum.</strong></span> <span class='ocrx_word' id='word_1_357' title='bbox 712 5164 771 5220; x_wconf 86' lang='lat' dir='ltr'><strong>in</strong></span> <span class='ocrx_word' id='word_1_358' title='bbox 793 5163 1056 5237; x_wconf 75' lang='lat' dir='ltr'><strong>Aquilone</strong></span> <span class='ocrx_word' id='word_1_359' title='bbox 1078 5165 1303 5221; x_wconf 86' lang='lat' dir='ltr'><strong>adversa</strong></span> <span class='ocrx_word' id='word_1_360' title='bbox 1331 5162 1539 5227; x_wconf 90' lang='lat' dir='ltr'><strong>mundi,</strong></span> <span class='ocrx_word' id='word_1_361' title='bbox 1563 5159 1618 5215; x_wconf 89' lang='lat' dir='ltr'><strong>in</strong></span> <span class='ocrx_word' id='word_1_362' title='bbox 1641 5159 1841 5217; x_wconf 83' lang='lat' dir='ltr'><strong>Austro</strong></span> 
     </span>
    </p>
   </div>
   <div class='ocr_carea' id='block_1_54' title="bbox 208 5248 1842 5333">
    <p class='ocr_par' dir='ltr' id='par_1_54' title="bbox 208 5248 1842 5333">
     <span class='ocr_line' id='line_1_54' title="bbox 208 5248 1842 5333; baseline -0.009 -12"><span class='ocrx_word' id='word_1_363' title='bbox 208 5263 620 5325; x_wconf 76' lang='lat' dir='ltr'><strong>blandimenta</strong></span> <span class='ocrx_word' id='word_1_364' title='bbox 642 5258 1014 5330; x_wconf 81' lang='lat' dir='ltr'><strong>designantur,</strong></span> <span class='ocrx_word' id='word_1_365' title='bbox 1050 5255 1174 5333; x_wconf 83' lang='lat' dir='ltr'><strong>quia</strong></span> <span class='ocrx_word' id='word_1_366' title='bbox 1199 5256 1414 5326; x_wconf 86' lang='lat' dir='ltr'><strong>gemina</strong></span> <span class='ocrx_word' id='word_1_367' title='bbox 1445 5248 1842 5327; x_wconf 80' lang='lat' dir='ltr'><strong>expugnatione</strong></span> 
     </span>
    </p>
   </div>
   <div class='ocr_carea' id='block_1_55' title="bbox 206 5346 1841 5429">
    <p class='ocr_par' dir='ltr' id='par_1_55' title="bbox 206 5346 1841 5429">
     <span class='ocr_line' id='line_1_55' title="bbox 206 5346 1841 5429; baseline -0.012 -13"><span class='ocrx_word' id='word_1_368' title='bbox 206 5358 501 5429; x_wconf 73' lang='lat' dir='ltr'><strong>probatur</strong></span> <span class='ocrx_word' id='word_1_369' title='bbox 569 5350 832 5415; x_wconf 70' lang='lat' dir='ltr'><strong>Ecclesia.</strong></span> <span class='ocrx_word' id='word_1_370' title='bbox 871 5346 1038 5423; x_wconf 83' lang='lat' dir='ltr'><strong>Surge</strong></span> <span class='ocrx_word' id='word_1_371' title='bbox 1060 5388 1075 5415; x_wconf 92' lang='lat'><strong>,</strong></span> <span class='ocrx_word' id='word_1_372' title='bbox 1127 5346 1492 5420; x_wconf 88' lang='lat' dir='ltr'><strong>permittentis</strong></span> <span class='ocrx_word' id='word_1_373' title='bbox 1535 5361 1637 5401; x_wconf 82' lang='lat' dir='ltr'><strong>vox</strong></span> <span class='ocrx_word' id='word_1_374' title='bbox 1667 5385 1682 5411; x_wconf 95' lang='lat'><strong>,</strong></span> <span class='ocrx_word' id='word_1_375' title='bbox 1733 5359 1841 5403; x_wconf 87' lang='lat' dir='ltr'><strong>non</strong></span> 
     </span>
    </p>
   </div>
   <div class='ocr_carea' id='block_1_56' title="bbox 207 5436 1844 5523">
    <p class='ocr_par' dir='ltr' id='par_1_56' title="bbox 207 5436 1844 5523">
     <span class='ocr_line' id='line_1_56' title="bbox 207 5436 1844 5523; baseline -0.01 -16"><span class='ocrx_word' id='word_1_376' title='bbox 207 5446 574 5523; x_wconf 65' lang='lat' dir='ltr'><strong>imperantis</strong></span> <span class='ocrx_word' id='word_1_377' title='bbox 602 5452 707 5502; x_wconf 85' lang='lat' dir='ltr'><strong>est.</strong></span> <span class='ocrx_word' id='word_1_378' title='bbox 738 5443 808 5507; x_wconf 78' lang='lat' dir='ltr'><strong>Et</strong></span> <span class='ocrx_word' id='word_1_379' title='bbox 846 5444 1015 5515; x_wconf 81' lang='lat' dir='ltr'><strong>ﬂuant</strong></span> <span class='ocrx_word' id='word_1_380' title='bbox 1053 5450 1294 5503; x_wconf 84' lang='lat' dir='ltr'><strong>aromata</strong></span> <span class='ocrx_word' id='word_1_381' title='bbox 1328 5438 1494 5503; x_wconf 77' lang='lat' dir='ltr'><strong>illius.</strong></span> <span class='ocrx_word' id='word_1_382' title='bbox 1519 5436 1583 5497; x_wconf 78' lang='lat' dir='ltr'><strong>Id</strong></span> <span class='ocrx_word' id='word_1_383' title='bbox 1605 5448 1707 5506; x_wconf 88' lang='lat' dir='ltr'><strong>est,</strong></span> <span class='ocrx_word' id='word_1_384' title='bbox 1732 5436 1844 5492; x_wconf 89' lang='lat' dir='ltr'><strong>vir-</strong></span> 
     </span>
    </p>
   </div>
   <div class='ocr_carea' id='block_1_57' title="bbox 207 5528 1846 5603">
    <p class='ocr_par' dir='ltr' id='par_1_57' title="bbox 207 5528 1846 5603">
     <span class='ocr_line' id='line_1_57' title="bbox 207 5528 1846 5603; baseline -0.009 -6"><span class='ocrx_word' id='word_1_385' title='bbox 207 5548 402 5603; x_wconf 81' lang='lat' dir='ltr'><strong>tutum</strong></span> <span class='ocrx_word' id='word_1_386' title='bbox 433 5536 769 5597; x_wconf 84' lang='lat' dir='ltr'><strong>constantia</strong></span> <span class='ocrx_word' id='word_1_387' title='bbox 804 5534 974 5591; x_wconf 90' lang='lat' dir='ltr'><strong>miros</strong></span> <span class='ocrx_word' id='word_1_388' title='bbox 998 5533 1194 5591; x_wconf 82' lang='lat' dir='ltr'><strong>odores</strong></span> <span class='ocrx_word' id='word_1_389' title='bbox 1221 5532 1512 5603; x_wconf 80' lang='lat' dir='ltr'><strong>dispergat.</strong></span> <span class='ocrx_word' id='word_1_390' title='bbox 1559 5528 1740 5586; x_wconf 82' lang='lat' dir='ltr'><strong>Veniat</strong></span> <span class='ocrx_word' id='word_1_391' title='bbox 1767 5528 1846 5585; x_wconf 83' lang='lat' dir='ltr'><strong>di-</strong></span> 
     </span>
    </p>
   </div>
   <div class='ocr_carea' id='block_1_58' title="bbox 205 5621 1838 5693">
    <p class='ocr_par' dir='ltr' id='par_1_58' title="bbox 205 5621 1838 5693">
     <span class='ocr_line' id='line_1_58' title="bbox 205 5621 1838 5693; baseline -0.008 -3"><span class='ocrx_word' id='word_1_392' title='bbox 205 5630 384 5693; x_wconf 80' lang='lat' dir='ltr'><strong>lectus</strong></span> <span class='ocrx_word' id='word_1_393' title='bbox 420 5646 593 5691; x_wconf 75' lang='lat' dir='ltr'><strong>meus</strong></span> <span class='ocrx_word' id='word_1_394' title='bbox 622 5629 679 5691; x_wconf 80' lang='lat' dir='ltr'><strong>in</strong></span> <span class='ocrx_word' id='word_1_395' title='bbox 704 5629 912 5685; x_wconf 84' lang='lat' dir='ltr'><strong>bertam</strong></span> <span class='ocrx_word' id='word_1_396' title='bbox 944 5643 1121 5683; x_wconf 86' lang='lat' dir='ltr'><strong>suum.</strong></span> <span class='ocrx_word' id='word_1_397' title='bbox 1154 5625 1344 5687; x_wconf 80' lang='lat' dir='ltr'><strong>Veniat</strong></span> <span class='ocrx_word' id='word_1_398' title='bbox 1370 5624 1627 5681; x_wconf 90' lang='lat' dir='ltr'><strong>Dominus</strong></span> <span class='ocrx_word' id='word_1_399' title='bbox 1654 5624 1707 5677; x_wconf 90' lang='lat' dir='ltr'><strong>in</strong></span> <span class='ocrx_word' id='word_1_400' title='bbox 1734 5621 1838 5678; x_wconf 84' lang='lat' dir='ltr'><strong>Ec—</strong></span> 
     </span>
    </p>
   </div>
   <div class='ocr_carea' id='block_1_59' title="bbox 201 5716 1842 5801">
    <p class='ocr_par' dir='ltr' id='par_1_59' title="bbox 201 5716 1842 5801">
     <span class='ocr_line' id='line_1_59' title="bbox 201 5716 1842 5801; baseline -0.002 -22"><span class='ocrx_word' id='word_1_401' title='bbox 201 5725 459 5801; x_wconf 55' lang='lat' dir='ltr'><strong>clesiagi</strong></span> <span class='ocrx_word' id='word_1_402' title='bbox 485 5737 693 5787; x_wconf 63' lang='lat' dir='ltr'><strong>suam,</strong></span> <span class='ocrx_word' id='word_1_403' title='bbox 728 5737 795 5783; x_wconf 77' lang='lat' dir='ltr'><strong>ac</strong></span> <span class='ocrx_word' id='word_1_404' title='bbox 818 5735 941 5783; x_wconf 82' lang='lat' dir='ltr'><strong>eam</strong></span> <span class='ocrx_word' id='word_1_405' title='bbox 968 5720 1083 5792; x_wconf 89' lang='lat' dir='ltr'><strong>ipse</strong></span> <span class='ocrx_word' id='word_1_406' title='bbox 1108 5726 1393 5779; x_wconf 77' lang='lat' dir='ltr'><strong>conservet</strong></span> <span class='ocrx_word' id='word_1_407' title='bbox 1416 5717 1615 5793; x_wconf 85' lang='lat' dir='ltr'><strong>ubique</strong></span> <span class='ocrx_word' id='word_1_408' title='bbox 1655 5716 1842 5775; x_wconf 85' lang='lat' dir='ltr'><strong>imma-</strong></span> 
     </span>
    </p>
   </div>
   <div class='ocr_carea' id='block_1_60' title="bbox 203 5807 1842 5886">
    <p class='ocr_par' dir='ltr' id='par_1_60' title="bbox 203 5807 1842 5886">
     <span class='ocr_line' id='line_1_60' title="bbox 203 5807 1842 5886; baseline -0.003 -12"><span class='ocrx_word' id='word_1_409' title='bbox 203 5817 495 5883; x_wconf 85' lang='lat' dir='ltr'><strong>culatam,</strong></span> <span class='ocrx_word' id='word_1_410' title='bbox 532 5820 602 5868; x_wconf 90' lang='lat' dir='ltr'><strong>et</strong></span> <span class='ocrx_word' id='word_1_411' title='bbox 638 5812 765 5883; x_wconf 69' lang='lat' dir='ltr'><strong>ﬁdei</strong></span> <span class='ocrx_word' id='word_1_412' title='bbox 791 5811 947 5886; x_wconf 80' lang='lat' dir='ltr'><strong>fruge</strong></span> <span class='ocrx_word' id='word_1_413' title='bbox 978 5810 1231 5875; x_wconf 80' lang='lat' dir='ltr'><strong>fecundet</strong></span> <span class='ocrx_word' id='word_1_414' title='bbox 1256 5809 1413 5885; x_wconf 85' lang='lat' dir='ltr'><strong>[Cod.</strong></span> <span class='ocrx_word' id='word_1_415' title='bbox 1454 5807 1571 5867; x_wconf 87' lang='lat' dir='ltr'><strong>Vat.</strong></span> <span class='ocrx_word' id='word_1_416' title='bbox 1596 5851 1619 5877; x_wconf 51' lang='grc' dir='ltr'>ι</span> <span class='ocrx_word' id='word_1_417' title='bbox 1657 5808 1842 5869; x_wconf 82' lang='lat' dir='ltr'><strong>fecun-</strong></span> 
     </span>
    </p>
   </div>
   <div class='ocr_carea' id='block_1_61' title="bbox 200 5898 1838 5985">
    <p class='ocr_par' dir='ltr' id='par_1_61' title="bbox 200 5898 1838 5985">
     <span class='ocr_line' id='line_1_61' title="bbox 200 5898 1838 5985; baseline -0.008 -18"><span class='ocrx_word' id='word_1_418' title='bbox 200 5910 393 5985; x_wconf 82' lang='lat' dir='ltr'><strong>dam].</strong></span> <span class='ocrx_word' id='word_1_419' title='bbox 429 5909 511 5965; x_wconf 86' lang='lat' dir='ltr'><strong>Et</strong></span> <span class='ocrx_word' id='word_1_420' title='bbox 544 5906 789 5962; x_wconf 81' lang='lat' dir='ltr'><strong>comedat</strong></span> <span class='ocrx_word' id='word_1_421' title='bbox 831 5900 1063 5977; x_wconf 81' lang='lat' dir='ltr'><strong>fructum</strong></span> <span class='ocrx_word' id='word_1_422' title='bbox 1085 5920 1360 5977; x_wconf 83' lang='lat' dir='ltr'><strong>pomorum</strong></span> <span class='ocrx_word' id='word_1_423' title='bbox 1398 5918 1634 5957; x_wconf 83' lang='lat' dir='ltr'><strong>suorum.</strong></span> <span class='ocrx_word' id='word_1_424' title='bbox 1676 5898 1743 5955; x_wconf 88' lang='lat' dir='ltr'><strong>Et</strong></span> <span class='ocrx_word' id='word_1_425' title='bbox 1771 5898 1838 5954; x_wconf 91' lang='lat' dir='ltr'><strong>li-</strong></span> 
     </span>
    </p>
   </div>
   <div class='ocr_carea' id='block_1_62' title="bbox 1961 664 3287 719">
    <p class='ocr_par' dir='ltr' id='par_1_62' title="bbox 1961 664 3287 719">
     <span class='ocr_line' id='line_1_62' title="bbox 1961 664 3287 719; baseline 0.001 0"><span class='ocrx_word' id='word_1_426' title='bbox 1961 664 2357 719; x_wconf 69' lang='lat' dir='ltr'><strong>mmmam.</strong></span> <span class='ocrx_word' id='word_1_427' title='bbox 3282 696 3287 701; x_wconf 86' lang='grc'><strong>-</strong></span> 
     </span>
    </p>
   </div>
   <div class='ocr_carea' id='block_1_63' title="bbox 2485 748 2991 831">
    <p class='ocr_par' dir='ltr' id='par_1_63' title="bbox 2485 748 2991 831">
     <span class='ocr_line' id='line_1_63' title="bbox 2485 748 2991 831; baseline 0 -22"><span class='ocrx_word' id='word_1_428' title='bbox 2485 748 2647 831; x_wconf 71' lang='grc' dir='ltr'><strong>ωι</strong></span> <span class='ocrx_word' id='word_1_429' title='bbox 2673 749 2904 811; x_wconf 79' lang='lat' dir='ltr'><strong>CAPUT</strong></span> <span class='ocrx_word' id='word_1_430' title='bbox 2949 752 2991 809; x_wconf 83' lang='lat' dir='ltr'><strong>v</strong></span> 
     </span>
    </p>
   </div>
   <div class='ocr_carea' id='block_1_64' title="bbox 2029 832 3543 922">
    <p class='ocr_par' dir='ltr' id='par_1_64' title="bbox 2029 832 3543 922">
     <span class='ocr_line' id='line_1_64' title="bbox 2029 832 3543 922; baseline 0.011 -30"><span class='ocrx_word' id='word_1_431' title='bbox 2029 835 2194 893; x_wconf 74' lang='lat' dir='ltr'><strong>Vens.</strong></span> <span class='ocrx_word' id='word_1_432' title='bbox 2210 836 2262 893; x_wconf 79' lang='grc'><strong>1.</strong></span> <span class='ocrx_word' id='word_1_433' title='bbox 2274 832 2487 896; x_wconf 84' lang='lat' dir='ltr'><strong>--Vcni</strong></span> <span class='ocrx_word' id='word_1_434' title='bbox 2506 842 2561 896; x_wconf 89' lang='lat' dir='ltr'><strong>in</strong></span> <span class='ocrx_word' id='word_1_435' title='bbox 2578 843 2997 912; x_wconf 83' lang='lat' dir='ltr'><strong>hartum&#39;meum,</strong></span> <span class='ocrx_word' id='word_1_436' title='bbox 3010 862 3164 902; x_wconf 86' lang='lat' dir='ltr'><strong>soror</strong></span> <span class='ocrx_word' id='word_1_437' title='bbox 3176 845 3314 916; x_wconf 77' lang='lat' dir='ltr'><strong>mea,</strong></span> <span class='ocrx_word' id='word_1_438' title='bbox 3329 864 3543 922; x_wconf 70' lang='lat' dir='ltr'><strong>sponsa.</strong></span> 
     </span>
    </p>
   </div>
   <div class='ocr_carea' id='block_1_65' title="bbox 1956 928 3545 1008">
    <p class='ocr_par' dir='ltr' id='par_1_65' title="bbox 1956 928 3545 1008">
     <span class='ocr_line' id='line_1_65' title="bbox 1956 928 3545 1008; baseline 0.011 -23"><span class='ocrx_word' id='word_1_439' title='bbox 1956 928 2115 998; x_wconf 79' lang='lat' dir='ltr'><strong>Veni,</strong></span> <span class='ocrx_word' id='word_1_440' title='bbox 2140 930 2337 1004; x_wconf 84' lang='lat' dir='ltr'><strong>inquit,</strong></span> <span class='ocrx_word' id='word_1_441' title='bbox 2378 935 2676 1008; x_wconf 61' lang='lat' dir='ltr'><strong>saepissime</strong></span> <span class='ocrx_word' id='word_1_442' title='bbox 2703 936 2758 993; x_wconf 91' lang='lat' dir='ltr'><strong>in</strong></span> <span class='ocrx_word' id='word_1_443' title='bbox 2787 937 3087 1003; x_wconf 66' lang='lat' dir='ltr'><strong>Ecclesium</strong></span> <span class='ocrx_word' id='word_1_444' title='bbox 3115 956 3292 1007; x_wconf 78' lang='lat' dir='ltr'><strong>meam</strong></span> <span class='ocrx_word' id='word_1_445' title='bbox 3326 962 3339 998; x_wconf 88' lang='lat'><strong>:</strong></span> <span class='ocrx_word' id='word_1_446' title='bbox 3368 954 3424 1001; x_wconf 91' lang='lat' dir='ltr'><strong>et</strong></span> <span class='ocrx_word' id='word_1_447' title='bbox 3452 961 3545 1001; x_wconf 91' lang='lat' dir='ltr'><strong>ve-</strong></span> 
     </span>
    </p>
   </div>
   <div class='ocr_carea' id='block_1_66' title="bbox 1954 1022 3543 1112">
    <p class='ocr_par' dir='ltr' id='par_1_66' title="bbox 1954 1022 3543 1112">
     <span class='ocr_line' id='line_1_66' title="bbox 1954 1022 3543 1112; baseline 0.011 -35"><span class='ocrx_word' id='word_1_448' title='bbox 1954 1022 2047 1078; x_wconf 89' lang='lat' dir='ltr'><strong>nio</strong></span> <span class='ocrx_word' id='word_1_449' title='bbox 2073 1031 2135 1078; x_wconf 93' lang='lat' dir='ltr'><strong>ut</strong></span> <span class='ocrx_word' id='word_1_450' title='bbox 2182 1027 2473 1100; x_wconf 73' lang='lat' dir='ltr'><strong>wrrigam,</strong></span> <span class='ocrx_word' id='word_1_451' title='bbox 2501 1029 2772 1101; x_wconf 87' lang='lat' dir='ltr'><strong>adjuvem,</strong></span> <span class='ocrx_word' id='word_1_452' title='bbox 2803 1032 3142 1092; x_wconf 85' lang='lat' dir='ltr'><strong>conﬁrmem.</strong></span> <span class='ocrx_word' id='word_1_453' title='bbox 3173 1034 3373 1095; x_wconf 69' lang='lat' dir='ltr'><strong>Hermi</strong></span> <span class='ocrx_word' id='word_1_454' title='bbox 3401 1056 3543 1112; x_wconf 65' lang='lat' dir='ltr'><strong>myn-</strong></span> 
     </span>
    </p>
   </div>
   <div class='ocr_carea' id='block_1_67' title="bbox 1956 1114 3546 1201">
    <p class='ocr_par' dir='ltr' id='par_1_67' title="bbox 1956 1114 3546 1201">
     <span class='ocr_line' id='line_1_67' title="bbox 1956 1114 3546 1201; baseline 0.012 -33"><span class='ocrx_word' id='word_1_455' title='bbox 1956 1114 2107 1169; x_wconf 74' lang='lat' dir='ltr'><strong>rltam</strong></span> <span class='ocrx_word' id='word_1_456' title='bbox 2154 1132 2326 1172; x_wconf 84' lang='lat' dir='ltr'><strong>meam</strong></span> <span class='ocrx_word' id='word_1_457' title='bbox 2372 1137 2488 1175; x_wconf 89' lang='lat' dir='ltr'><strong>cum</strong></span> <span class='ocrx_word' id='word_1_458' title='bbox 2542 1122 2867 1181; x_wconf 84' lang='lat' dir='ltr'><strong>aromatibus</strong></span> <span class='ocrx_word' id='word_1_459' title='bbox 2908 1126 3061 1184; x_wconf 84' lang='lat' dir='ltr'><strong>meis.</strong></span> <span class='ocrx_word' id='word_1_460' title='bbox 3110 1126 3216 1185; x_wconf 87' lang='lat' dir='ltr'><strong>Per</strong></span> <span class='ocrx_word' id='word_1_461' title='bbox 3263 1131 3546 1201; x_wconf 83' lang='lat' dir='ltr'><strong>myrrham</strong></span> 
     </span>
    </p>
   </div>
   <div class='ocr_carea' id='block_1_68' title="bbox 1954 1206 3546 1283">
    <p class='ocr_par' dir='ltr' id='par_1_68' title="bbox 1954 1206 3546 1283">
     <span class='ocr_line' id='line_1_68' title="bbox 1954 1206 3546 1283; baseline 0.013 -21"><span class='ocrx_word' id='word_1_462' title='bbox 1954 1206 2140 1277; x_wconf 85' lang='lat' dir='ltr'><strong>passio</strong></span> <span class='ocrx_word' id='word_1_463' title='bbox 2168 1207 2255 1263; x_wconf 89' lang='lat' dir='ltr'><strong>vel</strong></span> <span class='ocrx_word' id='word_1_464' title='bbox 2283 1209 2652 1280; x_wconf 78' lang='lat' dir='ltr'><strong>mortiﬁCatio,</strong></span> <span class='ocrx_word' id='word_1_465' title='bbox 2681 1229 2779 1283; x_wconf 89' lang='lat' dir='ltr'><strong>per</strong></span> <span class='ocrx_word' id='word_1_466' title='bbox 2803 1225 3053 1277; x_wconf 84' lang='lat' dir='ltr'><strong>aromata</strong></span> <span class='ocrx_word' id='word_1_467' title='bbox 3079 1232 3270 1279; x_wconf 87' lang='lat' dir='ltr'><strong>omnes</strong></span> <span class='ocrx_word' id='word_1_468' title='bbox 3316 1220 3546 1283; x_wconf 75' lang='lat' dir='ltr'><strong>virtutes</strong></span> 
     </span>
    </p>
   </div>
   <div class='ocr_carea' id='block_1_69' title="bbox 1954 1299 3544 1387">
    <p class='ocr_par' dir='ltr' id='par_1_69' title="bbox 1954 1299 3544 1387">
     <span class='ocr_line' id='line_1_69' title="bbox 1954 1299 3544 1387; baseline 0.009 -31"><span class='ocrx_word' id='word_1_469' title='bbox 1954 1299 2348 1371; x_wconf 85' lang='lat' dir='ltr'><strong>exprimuntur.</strong></span> <span class='ocrx_word' id='word_1_470' title='bbox 2364 1300 2517 1359; x_wconf 80' lang='lat' dir='ltr'><strong>Metit</strong></span> <span class='ocrx_word' id='word_1_471' title='bbox 2528 1306 2805 1378; x_wconf 83' lang='lat' dir='ltr'><strong>myrrham</strong></span> <span class='ocrx_word' id='word_1_472' title='bbox 2826 1323 2950 1371; x_wconf 89' lang='lat' dir='ltr'><strong>cum</strong></span> <span class='ocrx_word' id='word_1_473' title='bbox 2963 1313 3544 1387; x_wconf 82' lang='lat' dir='ltr'><strong>aromatibus,quando</strong></span> 
     </span>
    </p>
   </div>
   <div class='ocr_carea' id='block_1_70' title="bbox 1951 1399 3545 1481">
    <p class='ocr_par' dir='ltr' id='par_1_70' title="bbox 1951 1399 3545 1481">
     <span class='ocr_line' id='line_1_70' title="bbox 1951 1399 3545 1481; baseline 0.01 -34"><span class='ocrx_word' id='word_1_474' title='bbox 1951 1401 2225 1465; x_wconf 84' lang='lat' dir='ltr'><strong>martyres</strong></span> <span class='ocrx_word' id='word_1_475' title='bbox 2237 1410 2359 1451; x_wconf 88' lang='lat' dir='ltr'><strong>cum</strong></span> <span class='ocrx_word' id='word_1_476' title='bbox 2380 1399 2593 1455; x_wconf 67' lang='lat' dir='ltr'><strong>caeteris</strong></span> <span class='ocrx_word' id='word_1_477' title='bbox 2617 1400 2805 1458; x_wconf 87' lang='lat' dir='ltr'><strong>electis</strong></span> <span class='ocrx_word' id='word_1_478' title='bbox 2818 1403 2886 1461; x_wconf 92' lang='lat' dir='ltr'><strong>ad</strong></span> <span class='ocrx_word' id='word_1_479' title='bbox 2904 1406 3275 1465; x_wconf 79' lang='lat' dir='ltr'><strong>maturitatem</strong></span> <span class='ocrx_word' id='word_1_480' title='bbox 3294 1406 3545 1481; x_wconf 62' lang='lat' dir='ltr'><strong>praemio-</strong></span> 
     </span>
    </p>
   </div>
   <div class='ocr_carea' id='block_1_71' title="bbox 1950 1486 3545 1565">
    <p class='ocr_par' dir='ltr' id='par_1_71' title="bbox 1950 1486 3545 1565">
     <span class='ocr_line' id='line_1_71' title="bbox 1950 1486 3545 1565; baseline 0.008 -25"><span class='ocrx_word' id='word_1_481' title='bbox 1950 1500 2075 1541; x_wconf 88' lang='lat' dir='ltr'><strong>rum</strong></span> <span class='ocrx_word' id='word_1_482' title='bbox 2089 1486 2352 1558; x_wconf 87' lang='lat' dir='ltr'><strong>perducit.</strong></span> <span class='ocrx_word' id='word_1_483' title='bbox 2369 1486 2582 1547; x_wconf 72' lang='lat' dir='ltr'><strong>Contuli</strong></span> <span class='ocrx_word' id='word_1_484' title='bbox 2597 1491 2773 1562; x_wconf 80' lang='lat' dir='ltr'><strong>favum</strong></span> <span class='ocrx_word' id='word_1_485' title='bbox 2790 1511 2908 1552; x_wconf 89' lang='lat' dir='ltr'><strong>cum</strong></span> <span class='ocrx_word' id='word_1_486' title='bbox 2937 1496 3086 1553; x_wconf 82' lang='lat' dir='ltr'><strong>melle</strong></span> <span class='ocrx_word' id='word_1_487' title='bbox 3101 1515 3236 1565; x_wconf 85' lang='lat' dir='ltr'><strong>meo,</strong></span> <span class='ocrx_word' id='word_1_488' title='bbox 3252 1499 3357 1555; x_wconf 86' lang='lat' dir='ltr'><strong>bibi</strong></span> <span class='ocrx_word' id='word_1_489' title='bbox 3368 1501 3545 1556; x_wconf 79' lang='lat' dir='ltr'><strong>vinum</strong></span> 
     </span>
    </p>
   </div>
   <div class='ocr_carea' id='block_1_72' title="bbox 1954 1578 3540 1667">
    <p class='ocr_par' dir='ltr' id='par_1_72' title="bbox 1954 1578 3540 1667">
     <span class='ocr_line' id='line_1_72' title="bbox 1954 1578 3540 1667; baseline 0.013 -37"><span class='ocrx_word' id='word_1_490' title='bbox 1954 1593 2127 1667; x_wconf 82' lang='lat' dir='ltr'><strong>meum</strong></span> <span class='ocrx_word' id='word_1_491' title='bbox 2149 1596 2268 1633; x_wconf 86' lang='lat' dir='ltr'><strong>cum</strong></span> <span class='ocrx_word' id='word_1_492' title='bbox 2299 1578 2433 1641; x_wconf 76' lang='lat' dir='ltr'><strong>lacte</strong></span> <span class='ocrx_word' id='word_1_493' title='bbox 2476 1601 2610 1640; x_wconf 88' lang='lat' dir='ltr'><strong>meo.</strong></span> <span class='ocrx_word' id='word_1_494' title='bbox 2638 1585 2698 1643; x_wconf 90' lang='lat' dir='ltr'><strong>lu</strong></span> <span class='ocrx_word' id='word_1_495' title='bbox 2737 1584 2861 1644; x_wconf 79' lang='lat' dir='ltr'><strong>favo</strong></span> <span class='ocrx_word' id='word_1_496' title='bbox 2899 1598 2954 1645; x_wconf 88' lang='lat' dir='ltr'><strong>et</strong></span> <span class='ocrx_word' id='word_1_497' title='bbox 2978 1591 3107 1649; x_wconf 86' lang='lat' dir='ltr'><strong>vino</strong></span> <span class='ocrx_word' id='word_1_498' title='bbox 3134 1593 3540 1667; x_wconf 67' lang='lat' dir='ltr'><strong>prmdicatores,</strong></span> 
     </span>
    </p>
   </div>
   <div class='ocr_carea' id='block_1_73' title="bbox 1954 1665 3545 1758">
    <p class='ocr_par' dir='ltr' id='par_1_73' title="bbox 1954 1665 3545 1758">
     <span class='ocr_line' id='line_1_73' title="bbox 1954 1665 3545 1758; baseline 0.016 -36"><span class='ocrx_word' id='word_1_499' title='bbox 1954 1665 2010 1758; x_wconf 83' lang='lat' dir='ltr'><strong>in</strong></span> <span class='ocrx_word' id='word_1_500' title='bbox 2039 1667 2197 1725; x_wconf 89' lang='lat' dir='ltr'><strong>melle</strong></span> <span class='ocrx_word' id='word_1_501' title='bbox 2226 1679 2282 1726; x_wconf 88' lang='lat' dir='ltr'><strong>et</strong></span> <span class='ocrx_word' id='word_1_502' title='bbox 2310 1671 2450 1729; x_wconf 88' lang='lat' dir='ltr'><strong>lacte</strong></span> <span class='ocrx_word' id='word_1_503' title='bbox 2474 1676 2748 1735; x_wconf 89' lang='lat' dir='ltr'><strong>auditores</strong></span> <span class='ocrx_word' id='word_1_504' title='bbox 2776 1665 3181 1754; x_wconf 73' lang='lat' dir='ltr'><strong>intelliguntur;</strong></span> <span class='ocrx_word' id='word_1_505' title='bbox 3209 1692 3266 1740; x_wconf 90' lang='lat' dir='ltr'><strong>et</strong></span> <span class='ocrx_word' id='word_1_506' title='bbox 3286 1692 3545 1758; x_wconf 70' lang='lat' dir='ltr'><strong>utrosque</strong></span> 
     </span>
    </p>
   </div>
   <div class='ocr_carea' id='block_1_74' title="bbox 1951 1756 3539 1849">
    <p class='ocr_par' dir='ltr' id='par_1_74' title="bbox 1951 1756 3539 1849">
     <span class='ocr_line' id='line_1_74' title="bbox 1951 1756 3539 1849; baseline 0.014 -37"><span class='ocrx_word' id='word_1_507' title='bbox 1951 1756 2201 1815; x_wconf 88' lang='lat' dir='ltr'><strong>internus</strong></span> <span class='ocrx_word' id='word_1_508' title='bbox 2234 1760 2406 1819; x_wconf 71' lang='lat' dir='ltr'><strong>Iudex</strong></span> <span class='ocrx_word' id='word_1_509' title='bbox 2456 1767 2719 1841; x_wconf 86' lang='lat' dir='ltr'><strong>approbat</strong></span> <span class='ocrx_word' id='word_1_510' title='bbox 2749 1778 2805 1828; x_wconf 89' lang='lat' dir='ltr'><strong>et</strong></span> <span class='ocrx_word' id='word_1_511' title='bbox 2854 1782 3193 1833; x_wconf 79' lang='lat' dir='ltr'><strong>remunerat.</strong></span> <span class='ocrx_word' id='word_1_512' title='bbox 3247 1756 3539 1849; x_wconf 83' lang='lat' dir='ltr'><strong>Comedite,</strong></span> 
     </span>
    </p>
   </div>
   <div class='ocr_carea' id='block_1_75' title="bbox 1952 1850 3546 1929">
    <p class='ocr_par' dir='ltr' id='par_1_75' title="bbox 1952 1850 3546 1929">
     <span class='ocr_line' id='line_1_75' title="bbox 1952 1850 3546 1929; baseline 0.012 -26"><span class='ocrx_word' id='word_1_513' title='bbox 1952 1850 2131 1917; x_wconf 90' lang='lat' dir='ltr'><strong>amici,</strong></span> <span class='ocrx_word' id='word_1_514' title='bbox 2155 1851 2309 1909; x_wconf 83' lang='lat' dir='ltr'><strong>bibite</strong></span> <span class='ocrx_word' id='word_1_515' title='bbox 2334 1866 2381 1910; x_wconf 91' lang='lat' dir='ltr'><strong>et</strong></span> <span class='ocrx_word' id='word_1_516' title='bbox 2403 1855 2756 1926; x_wconf 82' lang='lat' dir='ltr'><strong>inebriamini,</strong></span> <span class='ocrx_word' id='word_1_517' title='bbox 2783 1861 3099 1919; x_wconf 82' lang='lat' dir='ltr'><strong>charissimi.</strong></span> <span class='ocrx_word' id='word_1_518' title='bbox 3130 1865 3314 1929; x_wconf 79' lang='lat' dir='ltr'><strong>Amici,</strong></span> <span class='ocrx_word' id='word_1_519' title='bbox 3341 1865 3546 1923; x_wconf 70' lang='lat' dir='ltr'><strong>facien-</strong></span> 
     </span>
    </p>
   </div>
   <div class='ocr_carea' id='block_1_76' title="bbox 1869 1924 3545 2028">
    <p class='ocr_par' dir='ltr' id='par_1_76' title="bbox 1869 1924 3545 2028">
     <span class='ocr_line' id='line_1_76' title="bbox 1869 1924 3545 2028; baseline 0.013 -34"><span class='ocrx_word' id='word_1_520' title='bbox 1869 1924 1922 1993; x_wconf 77' lang='grc' dir='ltr'><strong>Β</strong></span> <span class='ocrx_word' id='word_1_521' title='bbox 1950 1942 2020 1999; x_wconf 92' lang='lat' dir='ltr'><strong>do</strong></span> <span class='ocrx_word' id='word_1_522' title='bbox 2064 1960 2185 2017; x_wconf 67' lang='lat' dir='ltr'><strong>qua:</strong></span> <span class='ocrx_word' id='word_1_523' title='bbox 2235 1948 2518 2021; x_wconf 72' lang='lat' dir='ltr'><strong>prmcipio;</strong></span> <span class='ocrx_word' id='word_1_524' title='bbox 2552 1924 2877 2021; x_wconf 72' lang='lat' dir='ltr'><strong>charissimi,</strong></span> <span class='ocrx_word' id='word_1_525' title='bbox 2903 1970 2990 2013; x_wconf 87' lang='lat' dir='ltr'><strong>me</strong></span> <span class='ocrx_word' id='word_1_526' title='bbox 3021 1956 3229 2028; x_wconf 87' lang='lat' dir='ltr'><strong>integra</strong></span> <span class='ocrx_word' id='word_1_527' title='bbox 3277 1924 3545 2021; x_wconf 79' lang='lat' dir='ltr'><strong>charitate</strong></span> 
     </span>
    </p>
   </div>
   <div class='ocr_carea' id='block_1_77' title="bbox 1950 2041 3545 2131">
    <p class='ocr_par' dir='ltr' id='par_1_77' title="bbox 1950 2041 3545 2131">
     <span class='ocr_line' id='line_1_77' title="bbox 1950 2041 3545 2131; baseline 0.011 -36"><span class='ocrx_word' id='word_1_528' title='bbox 1950 2041 2341 2114; x_wconf 85' lang='lat' dir='ltr'><strong>amplectende.</strong></span> <span class='ocrx_word' id='word_1_529' title='bbox 2375 2043 2640 2114; x_wconf 89' lang='lat' dir='ltr'><strong>Obsecro,</strong></span> <span class='ocrx_word' id='word_1_530' title='bbox 2670 2048 2745 2103; x_wconf 88' lang='lat' dir='ltr'><strong>ita</strong></span> <span class='ocrx_word' id='word_1_531' title='bbox 2796 2048 2957 2105; x_wconf 81' lang='lat' dir='ltr'><strong>factis</strong></span> <span class='ocrx_word' id='word_1_532' title='bbox 2998 2050 3338 2119; x_wconf 81' lang='lat' dir='ltr'><strong>sanctorum,</strong></span> <span class='ocrx_word' id='word_1_533' title='bbox 3386 2052 3545 2131; x_wconf 71' lang='lat' dir='ltr'><strong>quasi</strong></span> 
     </span>
    </p>
   </div>
   <div class='ocr_carea' id='block_1_78' title="bbox 1948 2135 3238 2219">
    <p class='ocr_par' dir='ltr' id='par_1_78' title="bbox 1948 2135 3238 2219">
     <span class='ocr_line' id='line_1_78' title="bbox 1948 2135 3238 2219; baseline 0.011 -28"><span class='ocrx_word' id='word_1_534' title='bbox 1948 2135 2123 2211; x_wconf 88' lang='lat' dir='ltr'><strong>epulis</strong></span> <span class='ocrx_word' id='word_1_535' title='bbox 2140 2138 2452 2213; x_wconf 60' lang='lat' dir='ltr'><strong>praecipuis,</strong></span> <span class='ocrx_word' id='word_1_536' title='bbox 2474 2143 2775 2215; x_wconf 63' lang='lat' dir='ltr'><strong>praecordia</strong></span> <span class='ocrx_word' id='word_1_537' title='bbox 2800 2153 2982 2203; x_wconf 84' lang='lat' dir='ltr'><strong>vestra</strong></span> <span class='ocrx_word' id='word_1_538' title='bbox 3008 2145 3238 2219; x_wconf 76' lang='lat' dir='ltr'><strong>replete.</strong></span> 
     </span>
    </p>
   </div>
   <div class='ocr_carea' id='block_1_79' title="bbox 2018 2227 3545 2309">
    <p class='ocr_par' dir='ltr' id='par_1_79' title="bbox 2018 2227 3545 2309">
     <span class='ocr_line' id='line_1_79' title="bbox 2018 2227 3545 2309; baseline 0.011 -27"><span class='ocrx_word' id='word_1_539' title='bbox 2018 2227 2185 2282; x_wconf 73' lang='lat' dir='ltr'><strong>Vsus.</strong></span> <span class='ocrx_word' id='word_1_540' title='bbox 2211 2228 2353 2282; x_wconf 73' lang='grc'><strong>2.-</strong></span> <span class='ocrx_word' id='word_1_541' title='bbox 2374 2230 2488 2303; x_wconf 86' lang='lat' dir='ltr'><strong>Ego</strong></span> <span class='ocrx_word' id='word_1_542' title='bbox 2516 2230 2740 2287; x_wconf 75' lang='lat' dir='ltr'><strong>dormio.</strong></span> <span class='ocrx_word' id='word_1_543' title='bbox 2760 2233 3002 2291; x_wconf 83' lang='lat' dir='ltr'><strong>Donante</strong></span> <span class='ocrx_word' id='word_1_544' title='bbox 3015 2237 3188 2306; x_wconf 80' lang='lat' dir='ltr'><strong>gratia</strong></span> <span class='ocrx_word' id='word_1_545' title='bbox 3207 2235 3324 2307; x_wconf 88' lang='lat' dir='ltr'><strong>Dei,</strong></span> <span class='ocrx_word' id='word_1_546' title='bbox 3339 2236 3393 2297; x_wconf 86' lang='lat' dir='ltr'><strong>in</strong></span> <span class='ocrx_word' id='word_1_547' title='bbox 3409 2250 3545 2309; x_wconf 77' lang='lat' dir='ltr'><strong>pace</strong></span> 
     </span>
    </p>
   </div>
   <div class='ocr_carea' id='block_1_80' title="bbox 1945 2319 3543 2396">
    <p class='ocr_par' dir='ltr' id='par_1_80' title="bbox 1945 2319 3543 2396">
     <span class='ocr_line' id='line_1_80' title="bbox 1945 2319 3543 2396; baseline 0.009 -23"><span class='ocrx_word' id='word_1_548' title='bbox 1945 2320 2231 2389; x_wconf 78' lang='lat' dir='ltr'><strong>praesentis</strong></span> <span class='ocrx_word' id='word_1_549' title='bbox 2257 2322 2380 2375; x_wconf 61' lang='lat' dir='ltr'><strong>vitae</strong></span> <span class='ocrx_word' id='word_1_550' title='bbox 2401 2319 2967 2396; x_wconf 71' lang='lat' dir='ltr'><strong>[Al.,Ecclesim]eum</strong></span> <span class='ocrx_word' id='word_1_551' title='bbox 2986 2326 3123 2382; x_wconf 90' lang='lat' dir='ltr'><strong>colo.</strong></span> <span class='ocrx_word' id='word_1_552' title='bbox 3157 2326 3227 2386; x_wconf 85' lang='lat' dir='ltr'><strong>Et</strong></span> <span class='ocrx_word' id='word_1_553' title='bbox 3248 2344 3341 2384; x_wconf 87' lang='lat' dir='ltr'><strong>cor</strong></span> <span class='ocrx_word' id='word_1_554' title='bbox 3368 2344 3543 2387; x_wconf 72' lang='lat' dir='ltr'><strong>meum</strong></span> 
     </span>
    </p>
   </div>
   <div class='ocr_carea' id='block_1_81' title="bbox 1948 2409 3540 2495">
    <p class='ocr_par' dir='ltr' id='par_1_81' title="bbox 1948 2409 3540 2495">
     <span class='ocr_line' id='line_1_81' title="bbox 1948 2409 3540 2495; baseline 0.009 -34"><span class='ocrx_word' id='word_1_555' title='bbox 1948 2409 2148 2479; x_wconf 80' lang='lat' dir='ltr'><strong>vigilat.</strong></span> <span class='ocrx_word' id='word_1_556' title='bbox 2175 2409 2292 2477; x_wconf 88' lang='lat' dir='ltr'><strong>Quo</strong></span> <span class='ocrx_word' id='word_1_557' title='bbox 2322 2413 2666 2482; x_wconf 88' lang='lat' dir='ltr'><strong>tranquillius</strong></span> <span class='ocrx_word' id='word_1_558' title='bbox 2695 2415 2763 2469; x_wconf 89' lang='lat' dir='ltr'><strong>ab</strong></span> <span class='ocrx_word' id='word_1_559' title='bbox 2788 2415 3096 2481; x_wconf 86' lang='lat' dir='ltr'><strong>incursibus</strong></span> <span class='ocrx_word' id='word_1_560' title='bbox 3117 2418 3362 2477; x_wconf 82' lang='lat' dir='ltr'><strong>externis</strong></span> <span class='ocrx_word' id='word_1_561' title='bbox 3380 2433 3540 2495; x_wconf 85' lang='lat' dir='ltr'><strong>vaco,</strong></span> 
     </span>
    </p>
   </div>
   <div class='ocr_carea' id='block_1_82' title="bbox 1948 2501 3543 2583">
    <p class='ocr_par' dir='ltr' id='par_1_82' title="bbox 1948 2501 3543 2583">
     <span class='ocr_line' id='line_1_82' title="bbox 1948 2501 3543 2583; baseline 0.009 -27"><span class='ocrx_word' id='word_1_562' title='bbox 1948 2515 2014 2556; x_wconf 87' lang='lat' dir='ltr'><strong>eo</strong></span> <span class='ocrx_word' id='word_1_563' title='bbox 2043 2501 2206 2557; x_wconf 88' lang='lat' dir='ltr'><strong>altius</strong></span> <span class='ocrx_word' id='word_1_564' title='bbox 2252 2504 2480 2560; x_wconf 89' lang='lat' dir='ltr'><strong>internis</strong></span> <span class='ocrx_word' id='word_1_565' title='bbox 2505 2505 2710 2565; x_wconf 89' lang='lat' dir='ltr'><strong>visibus</strong></span> <span class='ocrx_word' id='word_1_566' title='bbox 2732 2507 2891 2563; x_wconf 87' lang='lat' dir='ltr'><strong>video</strong></span> <span class='ocrx_word' id='word_1_567' title='bbox 2921 2506 3077 2583; x_wconf 74' lang='grc' dir='ltr'><strong>[ϐοά.</strong></span> <span class='ocrx_word' id='word_1_568' title='bbox 3112 2507 3259 2579; x_wconf 86' lang='lat' dir='ltr'><strong>Vat.,</strong></span> <span class='ocrx_word' id='word_1_569' title='bbox 3282 2526 3348 2567; x_wconf 90' lang='lat' dir='ltr'><strong>eo</strong></span> <span class='ocrx_word' id='word_1_570' title='bbox 3378 2510 3543 2571; x_wconf 82' lang='lat' dir='ltr'><strong>altius</strong></span> 
     </span>
    </p>
   </div>
   <div class='ocr_carea' id='block_1_83' title="bbox 1947 2594 3541 2669">
    <p class='ocr_par' dir='ltr' id='par_1_83' title="bbox 1947 2594 3541 2669">
     <span class='ocr_line' id='line_1_83' title="bbox 1947 2594 3541 2669; baseline 0.005 -19"><span class='ocrx_word' id='word_1_571' title='bbox 1947 2594 2092 2650; x_wconf 92' lang='lat' dir='ltr'><strong>intus</strong></span> <span class='ocrx_word' id='word_1_572' title='bbox 2113 2594 2315 2669; x_wconf 87' lang='lat' dir='ltr'><strong>video],</strong></span> <span class='ocrx_word' id='word_1_573' title='bbox 2347 2612 2510 2667; x_wconf 88' lang='lat' dir='ltr'><strong>quam</strong></span> <span class='ocrx_word' id='word_1_574' title='bbox 2563 2599 2737 2654; x_wconf 87' lang='lat' dir='ltr'><strong>bonus</strong></span> <span class='ocrx_word' id='word_1_575' title='bbox 2755 2607 2841 2654; x_wconf 91' lang='lat' dir='ltr'><strong>est</strong></span> <span class='ocrx_word' id='word_1_576' title='bbox 2869 2600 3031 2657; x_wconf 90' lang='lat' dir='ltr'><strong>Deus.</strong></span> <span class='ocrx_word' id='word_1_577' title='bbox 3071 2595 3186 2656; x_wconf 71' lang='lat' dir='ltr'><strong>Vox</strong></span> <span class='ocrx_word' id='word_1_578' title='bbox 3222 2600 3397 2656; x_wconf 76' lang='lat' dir='ltr'><strong>dilecti</strong></span> <span class='ocrx_word' id='word_1_579' title='bbox 3437 2603 3541 2658; x_wconf 87' lang='lat' dir='ltr'><strong>mei</strong></span> 
     </span>
    </p>
   </div>
   <div class='ocr_carea' id='block_1_84' title="bbox 1945 2675 3538 2757">
    <p class='ocr_par' dir='ltr' id='par_1_84' title="bbox 1945 2675 3538 2757">
     <span class='ocr_line' id='line_1_84' title="bbox 1945 2675 3538 2757; baseline 0.006 -18"><span class='ocrx_word' id='word_1_580' title='bbox 1945 2675 2225 2757; x_wconf 73' lang='lat' dir='ltr'><strong>pulsantis.</strong></span> <span class='ocrx_word' id='word_1_581' title='bbox 2260 2687 2447 2742; x_wconf 86' lang='lat' dir='ltr'><strong>Pulsat</strong></span> <span class='ocrx_word' id='word_1_582' title='bbox 2490 2690 2689 2744; x_wconf 90' lang='lat' dir='ltr'><strong>ostium</strong></span> <span class='ocrx_word' id='word_1_583' title='bbox 2727 2691 2931 2757; x_wconf 87' lang='lat' dir='ltr'><strong>cordis,</strong></span> <span class='ocrx_word' id='word_1_584' title='bbox 2983 2705 3105 2747; x_wconf 90' lang='lat' dir='ltr'><strong>cum</strong></span> <span class='ocrx_word' id='word_1_585' title='bbox 3150 2692 3410 2750; x_wconf 85' lang='lat' dir='ltr'><strong>Dominus</strong></span> <span class='ocrx_word' id='word_1_586' title='bbox 3438 2708 3538 2753; x_wconf 87' lang='lat' dir='ltr'><strong>nos</strong></span> 
     </span>
    </p>
   </div>
   <div class='ocr_carea' id='block_1_85' title="bbox 1948 2776 3623 2852">
    <p class='ocr_par' dir='ltr' id='par_1_85' title="bbox 1948 2776 3623 2852">
     <span class='ocr_line' id='line_1_85' title="bbox 1948 2776 3623 2852; baseline 0.004 -21"><span class='ocrx_word' id='word_1_587' title='bbox 1948 2777 2016 2832; x_wconf 91' lang='lat' dir='ltr'><strong>ad</strong></span> <span class='ocrx_word' id='word_1_588' title='bbox 2060 2776 2366 2848; x_wconf 80' lang='lat' dir='ltr'><strong>profectum</strong></span> <span class='ocrx_word' id='word_1_589' title='bbox 2414 2780 2674 2834; x_wconf 87' lang='lat' dir='ltr'><strong>virtutum</strong></span> <span class='ocrx_word' id='word_1_590' title='bbox 2723 2780 2944 2836; x_wconf 79' lang='lat' dir='ltr'><strong>excitat.</strong></span> <span class='ocrx_word' id='word_1_591' title='bbox 2997 2780 3154 2852; x_wconf 79' lang='lat' dir='ltr'><strong>Aperi</strong></span> <span class='ocrx_word' id='word_1_592' title='bbox 3205 2783 3357 2849; x_wconf 87' lang='lat' dir='ltr'><strong>mihi,</strong></span> <span class='ocrx_word' id='word_1_593' title='bbox 3389 2800 3543 2837; x_wconf 86' lang='lat' dir='ltr'><strong>soror</strong></span> <span class='ocrx_word' id='word_1_594' title='bbox 3618 2840 3623 2849; x_wconf 67' lang='grc'>,</span> 
     </span>
    </p>
   </div>
   <div class='ocr_carea' id='block_1_86' title="bbox 1945 2870 3542 2937">
    <p class='ocr_par' dir='ltr' id='par_1_86' title="bbox 1945 2870 3542 2937">
     <span class='ocr_line' id='line_1_86' title="bbox 1945 2870 3542 2937; baseline 0.003 -14"><span class='ocrx_word' id='word_1_595' title='bbox 1945 2885 2082 2935; x_wconf 81' lang='lat' dir='ltr'><strong>mea,</strong></span> <span class='ocrx_word' id='word_1_596' title='bbox 2121 2870 2293 2925; x_wconf 88' lang='lat' dir='ltr'><strong>amica</strong></span> <span class='ocrx_word' id='word_1_597' title='bbox 2324 2887 2461 2934; x_wconf 87' lang='lat' dir='ltr'><strong>mea,</strong></span> <span class='ocrx_word' id='word_1_598' title='bbox 2497 2871 2738 2926; x_wconf 84' lang='lat' dir='ltr'><strong>columba</strong></span> <span class='ocrx_word' id='word_1_599' title='bbox 2774 2888 2910 2937; x_wconf 87' lang='lat' dir='ltr'><strong>mea,</strong></span> <span class='ocrx_word' id='word_1_600' title='bbox 2941 2871 3285 2929; x_wconf 83' lang='lat' dir='ltr'><strong>immaculata</strong></span> <span class='ocrx_word' id='word_1_601' title='bbox 3316 2890 3452 2929; x_wconf 87' lang='lat' dir='ltr'><strong>mea.</strong></span> <span class='ocrx_word' id='word_1_602' title='bbox 3483 2872 3542 2928; x_wconf 91' lang='lat' dir='ltr'><strong>ld</strong></span> 
     </span>
    </p>
   </div>
   <div class='ocr_carea' id='block_1_87' title="bbox 1946 2962 3536 3035">
    <p class='ocr_par' dir='ltr' id='par_1_87' title="bbox 1946 2962 3536 3035">
     <span class='ocr_line' id='line_1_87' title="bbox 1946 2962 3536 3035; baseline 0.001 -17"><span class='ocrx_word' id='word_1_603' title='bbox 1946 2969 2052 3027; x_wconf 84' lang='lat' dir='ltr'><strong>est,</strong></span> <span class='ocrx_word' id='word_1_604' title='bbox 2083 2962 2260 3033; x_wconf 88' lang='lat' dir='ltr'><strong>pande</strong></span> <span class='ocrx_word' id='word_1_605' title='bbox 2289 2977 2384 3018; x_wconf 89' lang='lat' dir='ltr'><strong>cor</strong></span> <span class='ocrx_word' id='word_1_606' title='bbox 2410 2963 2562 3017; x_wconf 88' lang='lat' dir='ltr'><strong>mihi.</strong></span> <span class='ocrx_word' id='word_1_607' title='bbox 2593 2962 2761 3018; x_wconf 87' lang='lat' dir='ltr'><strong>Soror</strong></span> <span class='ocrx_word' id='word_1_608' title='bbox 2785 2980 2922 3030; x_wconf 88' lang='lat' dir='ltr'><strong>mea,</strong></span> <span class='ocrx_word' id='word_1_609' title='bbox 2956 2965 3085 3035; x_wconf 91' lang='lat' dir='ltr'><strong>quia</strong></span> <span class='ocrx_word' id='word_1_610' title='bbox 3126 2966 3367 3023; x_wconf 69' lang='lat' dir='ltr'><strong>conteres</strong></span> <span class='ocrx_word' id='word_1_611' title='bbox 3394 2980 3536 3020; x_wconf 90' lang='lat' dir='ltr'><strong>mea.</strong></span> 
     </span>
    </p>
   </div>
   <div class='ocr_carea' id='block_1_88' title="bbox 1945 3055 3532 3131">
    <p class='ocr_par' dir='ltr' id='par_1_88' title="bbox 1945 3055 3532 3131">
     <span class='ocr_line' id='line_1_88' title="bbox 1945 3055 3532 3131; baseline 0.001 -20"><span class='ocrx_word' id='word_1_612' title='bbox 1945 3055 2131 3111; x_wconf 83' lang='lat' dir='ltr'><strong>Amica</strong></span> <span class='ocrx_word' id='word_1_613' title='bbox 2168 3071 2305 3121; x_wconf 84' lang='lat' dir='ltr'><strong>mea,</strong></span> <span class='ocrx_word' id='word_1_614' title='bbox 2339 3056 2467 3125; x_wconf 89' lang='lat' dir='ltr'><strong>quia</strong></span> <span class='ocrx_word' id='word_1_615' title='bbox 2513 3071 2839 3113; x_wconf 87' lang='lat' dir='ltr'><strong>arcanorum</strong></span> <span class='ocrx_word' id='word_1_616' title='bbox 2869 3072 3115 3115; x_wconf 88' lang='lat' dir='ltr'><strong>meorum</strong></span> <span class='ocrx_word' id='word_1_617' title='bbox 3167 3055 3321 3131; x_wconf 85' lang='lat' dir='ltr'><strong>[Cod.</strong></span> <span class='ocrx_word' id='word_1_618' title='bbox 3391 3057 3532 3125; x_wconf 84' lang='lat' dir='ltr'><strong>Vat.,</strong></span> 
     </span>
    </p>
   </div>
   <div class='ocr_carea' id='block_1_89' title="bbox 1947 3146 3533 3224">
    <p class='ocr_par' dir='ltr' id='par_1_89' title="bbox 1947 3146 3533 3224">
     <span class='ocr_line' id='line_1_89' title="bbox 1947 3146 3533 3224; baseline 0.006 -26"><span class='ocrx_word' id='word_1_619' title='bbox 1947 3146 2166 3200; x_wconf 82' lang='lat' dir='ltr'><strong>arcanis</strong></span> <span class='ocrx_word' id='word_1_620' title='bbox 2194 3146 2351 3219; x_wconf 76' lang='lat' dir='ltr'><strong>meis]</strong></span> <span class='ocrx_word' id='word_1_621' title='bbox 2384 3148 2622 3202; x_wconf 88' lang='lat' dir='ltr'><strong>conscia.</strong></span> <span class='ocrx_word' id='word_1_622' title='bbox 2662 3147 2917 3204; x_wconf 86' lang='lat' dir='ltr'><strong>Columba</strong></span> <span class='ocrx_word' id='word_1_623' title='bbox 2960 3167 3099 3217; x_wconf 91' lang='lat' dir='ltr'><strong>mea,</strong></span> <span class='ocrx_word' id='word_1_624' title='bbox 3133 3151 3260 3222; x_wconf 89' lang='lat' dir='ltr'><strong>quia</strong></span> <span class='ocrx_word' id='word_1_625' title='bbox 3310 3151 3533 3224; x_wconf 89' lang='lat' dir='ltr'><strong>spiritus</strong></span> 
     </span>
    </p>
   </div>
   <div class='ocr_carea' id='block_1_90' title="bbox 1946 3238 3541 3318">
    <p class='ocr_par' dir='ltr' id='par_1_90' title="bbox 1946 3238 3541 3318">
     <span class='ocr_line' id='line_1_90' title="bbox 1946 3238 3541 3318; baseline 0.006 -26"><span class='ocrx_word' id='word_1_626' title='bbox 1946 3239 2051 3294; x_wconf 91' lang='lat' dir='ltr'><strong>mei</strong></span> <span class='ocrx_word' id='word_1_627' title='bbox 2073 3238 2215 3293; x_wconf 90' lang='lat' dir='ltr'><strong>dono</strong></span> <span class='ocrx_word' id='word_1_628' title='bbox 2241 3238 2525 3295; x_wconf 89' lang='lat' dir='ltr'><strong>illustrata.</strong></span> <span class='ocrx_word' id='word_1_629' title='bbox 2556 3239 2911 3297; x_wconf 81' lang='lat' dir='ltr'><strong>Immaculata</strong></span> <span class='ocrx_word' id='word_1_630' title='bbox 2930 3260 3066 3312; x_wconf 85' lang='lat' dir='ltr'><strong>mea,</strong></span> <span class='ocrx_word' id='word_1_631' title='bbox 3097 3245 3222 3317; x_wconf 86' lang='lat' dir='ltr'><strong>quia</strong></span> <span class='ocrx_word' id='word_1_632' title='bbox 3243 3245 3356 3300; x_wconf 91' lang='lat' dir='ltr'><strong>sola</strong></span> <span class='ocrx_word' id='word_1_633' title='bbox 3382 3261 3541 3318; x_wconf 87' lang='lat' dir='ltr'><strong>aspe-</strong></span> 
     </span>
    </p>
   </div>
   <div class='ocr_carea' id='block_1_91' title="bbox 1947 3330 3539 3407">
    <p class='ocr_par' dir='ltr' id='par_1_91' title="bbox 1947 3330 3539 3407">
     <span class='ocr_line' id='line_1_91' title="bbox 1947 3330 3539 3407; baseline 0.005 -23"><span class='ocrx_word' id='word_1_634' title='bbox 1947 3338 2035 3385; x_wconf 91' lang='lat' dir='ltr'><strong>ctu</strong></span> <span class='ocrx_word' id='word_1_635' title='bbox 2057 3345 2180 3385; x_wconf 90' lang='lat' dir='ltr'><strong>meo</strong></span> <span class='ocrx_word' id='word_1_636' title='bbox 2200 3331 2380 3402; x_wconf 89' lang='lat' dir='ltr'><strong>digna.</strong></span> <span class='ocrx_word' id='word_1_637' title='bbox 2417 3330 2555 3398; x_wconf 83' lang='lat' dir='ltr'><strong>Quia</strong></span> <span class='ocrx_word' id='word_1_638' title='bbox 2595 3343 2750 3405; x_wconf 86' lang='lat' dir='ltr'><strong>caput</strong></span> <span class='ocrx_word' id='word_1_639' title='bbox 2774 3351 2947 3389; x_wconf 89' lang='lat' dir='ltr'><strong>meum</strong></span> <span class='ocrx_word' id='word_1_640' title='bbox 2968 3333 3179 3407; x_wconf 85' lang='lat' dir='ltr'><strong>plenum</strong></span> <span class='ocrx_word' id='word_1_641' title='bbox 3203 3345 3278 3392; x_wconf 72' lang='lat' dir='ltr'><strong>est</strong></span> <span class='ocrx_word' id='word_1_642' title='bbox 3326 3352 3446 3391; x_wconf 83' lang='lat' dir='ltr'><strong>rore</strong></span> <span class='ocrx_word' id='word_1_643' title='bbox 3490 3345 3539 3392; x_wconf 89' lang='lat' dir='ltr'><strong>et</strong></span> 
     </span>
    </p>
   </div>
   <div class='ocr_carea' id='block_1_92' title="bbox 1945 3423 3534 3498">
    <p class='ocr_par' dir='ltr' id='par_1_92' title="bbox 1945 3423 3534 3498">
     <span class='ocr_line' id='line_1_92' title="bbox 1945 3423 3534 3498; baseline 0.005 -23"><span class='ocrx_word' id='word_1_644' title='bbox 1945 3423 2176 3477; x_wconf 84' lang='lat' dir='ltr'><strong>cincinni</strong></span> <span class='ocrx_word' id='word_1_645' title='bbox 2226 3425 2329 3478; x_wconf 89' lang='lat' dir='ltr'><strong>mei</strong></span> <span class='ocrx_word' id='word_1_646' title='bbox 2376 3425 2536 3495; x_wconf 79' lang='lat' dir='ltr'><strong>guttis</strong></span> <span class='ocrx_word' id='word_1_647' title='bbox 2585 3425 2836 3479; x_wconf 88' lang='lat' dir='ltr'><strong>noctium.</strong></span> <span class='ocrx_word' id='word_1_648' title='bbox 2887 3425 3064 3498; x_wconf 88' lang='lat' dir='ltr'><strong>Caput</strong></span> <span class='ocrx_word' id='word_1_649' title='bbox 3109 3426 3315 3483; x_wconf 86' lang='lat' dir='ltr'><strong>Christi</strong></span> <span class='ocrx_word' id='word_1_650' title='bbox 3360 3427 3534 3495; x_wconf 89' lang='lat' dir='ltr'><strong>Deus;</strong></span> 
     </span>
    </p>
   </div>
   <div class='ocr_carea' id='block_1_93' title="bbox 1944 3515 3541 3593">
    <p class='ocr_par' dir='ltr' id='par_1_93' title="bbox 1944 3515 3541 3593">
     <span class='ocr_line' id='line_1_93' title="bbox 1944 3515 3541 3593; baseline 0.004 -24"><span class='ocrx_word' id='word_1_651' title='bbox 1944 3515 2179 3570; x_wconf 81' lang='lat' dir='ltr'><strong>cincinni</strong></span> <span class='ocrx_word' id='word_1_652' title='bbox 2216 3523 2345 3570; x_wconf 88' lang='lat' dir='ltr'><strong>sunt</strong></span> <span class='ocrx_word' id='word_1_653' title='bbox 2369 3515 2608 3572; x_wconf 76' lang='lat' dir='ltr'><strong>ﬁdelium</strong></span> <span class='ocrx_word' id='word_1_654' title='bbox 2635 3516 3007 3574; x_wconf 84' lang='lat' dir='ltr'><strong>eollectioncs.</strong></span> <span class='ocrx_word' id='word_1_655' title='bbox 3049 3518 3109 3573; x_wconf 82' lang='lat' dir='ltr'><strong>In</strong></span> <span class='ocrx_word' id='word_1_656' title='bbox 3138 3532 3264 3575; x_wconf 89' lang='lat' dir='ltr'><strong>rore</strong></span> <span class='ocrx_word' id='word_1_657' title='bbox 3288 3526 3345 3574; x_wconf 83' lang='lat' dir='ltr'><strong>et</strong></span> <span class='ocrx_word' id='word_1_658' title='bbox 3371 3520 3541 3593; x_wconf 82' lang='lat' dir='ltr'><strong>guttis</strong></span> 
     </span>
    </p>
   </div>
   <div class='ocr_carea' id='block_1_94' title="bbox 1942 3609 3537 3688">
    <p class='ocr_par' dir='ltr' id='par_1_94' title="bbox 1942 3609 3537 3688">
     <span class='ocr_line' id='line_1_94' title="bbox 1942 3609 3537 3688; baseline 0.005 -24"><span class='ocrx_word' id='word_1_659' title='bbox 1942 3609 2206 3677; x_wconf 87' lang='lat' dir='ltr'><strong>noctium,</strong></span> <span class='ocrx_word' id='word_1_660' title='bbox 2237 3609 2704 3683; x_wconf 77' lang='lat' dir='ltr'><strong>frigensebaritas</strong></span> <span class='ocrx_word' id='word_1_661' title='bbox 2730 3613 2784 3668; x_wconf 91' lang='lat' dir='ltr'><strong>in</strong></span> <span class='ocrx_word' id='word_1_662' title='bbox 2808 3614 2992 3670; x_wconf 85' lang='lat' dir='ltr'><strong>multis</strong></span> <span class='ocrx_word' id='word_1_663' title='bbox 3020 3616 3344 3683; x_wconf 83' lang='lat' dir='ltr'><strong>ostenditur,</strong></span> <span class='ocrx_word' id='word_1_664' title='bbox 3366 3629 3537 3688; x_wconf 84' lang='lat' dir='ltr'><strong>quam</strong></span> 
     </span>
    </p>
   </div>
   <div class='ocr_carea' id='block_1_95' title="bbox 1942 3701 3542 3775">
    <p class='ocr_par' dir='ltr' id='par_1_95' title="bbox 1942 3701 3542 3775">
     <span class='ocr_line' id='line_1_95' title="bbox 1942 3701 3542 3775; baseline 0.006 -19"><span class='ocrx_word' id='word_1_665' title='bbox 1942 3701 2001 3757; x_wconf 86' lang='lat' dir='ltr'><strong>in</strong></span> <span class='ocrx_word' id='word_1_666' title='bbox 2027 3701 2198 3757; x_wconf 89' lang='lat' dir='ltr'><strong>Deum</strong></span> <span class='ocrx_word' id='word_1_667' title='bbox 2224 3709 2281 3758; x_wconf 84' lang='lat' dir='ltr'><strong>et</strong></span> <span class='ocrx_word' id='word_1_668' title='bbox 2323 3704 2631 3775; x_wconf 72' lang='lat' dir='ltr'><strong>proximum</strong></span> <span class='ocrx_word' id='word_1_669' title='bbox 2668 3705 2873 3763; x_wconf 88' lang='lat' dir='ltr'><strong>habere</strong></span> <span class='ocrx_word' id='word_1_670' title='bbox 2911 3706 3232 3765; x_wconf 88' lang='lat' dir='ltr'><strong>debuerunt.</strong></span> <span class='ocrx_word' id='word_1_671' title='bbox 3266 3706 3391 3764; x_wconf 71' lang='lat' dir='ltr'><strong>ideo</strong></span> <span class='ocrx_word' id='word_1_672' title='bbox 3437 3723 3542 3765; x_wconf 87' lang='lat' dir='ltr'><strong>ne-</strong></span> 
     </span>
    </p>
   </div>
   <div class='ocr_carea' id='block_1_96' title="bbox 1944 3791 3540 3872">
    <p class='ocr_par' dir='ltr' id='par_1_96' title="bbox 1944 3791 3540 3872">
     <span class='ocr_line' id='line_1_96' title="bbox 1944 3791 3540 3872; baseline 0.006 -23"><span class='ocrx_word' id='word_1_673' title='bbox 1944 3791 2185 3850; x_wconf 79' lang='lat' dir='ltr'><strong>cessario</strong></span> <span class='ocrx_word' id='word_1_674' title='bbox 2210 3796 2415 3852; x_wconf 78' lang='lat' dir='ltr'><strong>excitat</strong></span> <span class='ocrx_word' id='word_1_675' title='bbox 2451 3795 2713 3854; x_wconf 83' lang='lat' dir='ltr'><strong>Dominus</strong></span> <span class='ocrx_word' id='word_1_676' title='bbox 2751 3798 2939 3855; x_wconf 85' lang='lat' dir='ltr'><strong>ﬁdeles</strong></span> <span class='ocrx_word' id='word_1_677' title='bbox 2969 3815 3215 3871; x_wconf 85' lang='lat' dir='ltr'><strong>quosque</strong></span> <span class='ocrx_word' id='word_1_678' title='bbox 3242 3800 3311 3856; x_wconf 77' lang='lat' dir='ltr'><strong>ad</strong></span> <span class='ocrx_word' id='word_1_679' title='bbox 3340 3799 3540 3872; x_wconf 73' lang='lat' dir='ltr'><strong>praedi-</strong></span> 
     </span>
    </p>
   </div>
   <div class='ocr_carea' id='block_1_97' title="bbox 1943 3888 3535 3966">
    <p class='ocr_par' dir='ltr' id='par_1_97' title="bbox 1943 3888 3535 3966">
     <span class='ocr_line' id='line_1_97' title="bbox 1943 3888 3535 3966; baseline 0.003 -23"><span class='ocrx_word' id='word_1_680' title='bbox 1943 3888 2175 3943; x_wconf 85' lang='lat' dir='ltr'><strong>cationis</strong></span> <span class='ocrx_word' id='word_1_681' title='bbox 2220 3889 2459 3943; x_wconf 85' lang='lat' dir='ltr'><strong>studium</strong></span> <span class='ocrx_word' id='word_1_682' title='bbox 2491 3888 2624 3962; x_wconf 78' lang='lat' dir='ltr'><strong>[At.,</strong></span> <span class='ocrx_word' id='word_1_683' title='bbox 2672 3889 2955 3964; x_wconf 68' lang='lat' dir='ltr'><strong>oﬁcium].</strong></span> <span class='ocrx_word' id='word_1_684' title='bbox 2984 3890 3105 3960; x_wconf 87' lang='lat' dir='ltr'><strong>Cui,</strong></span> <span class='ocrx_word' id='word_1_685' title='bbox 3141 3902 3437 3966; x_wconf 84' lang='lat' dir='ltr'><strong>provocata</strong></span> <span class='ocrx_word' id='word_1_686' title='bbox 3468 3891 3535 3947; x_wconf 89' lang='lat' dir='ltr'><strong>ad</strong></span> 
     </span>
    </p>
   </div>
   <div class='ocr_carea' id='block_1_98' title="bbox 1943 3980 3102 4053">
    <p class='ocr_par' dir='ltr' id='par_1_98' title="bbox 1943 3980 3102 4053">
     <span class='ocr_line' id='line_1_98' title="bbox 1943 3980 3102 4053; baseline 0.003 -19"><span class='ocrx_word' id='word_1_687' title='bbox 1943 3980 2186 4038; x_wconf 78' lang='lat' dir='ltr'><strong>laborem</strong></span> <span class='ocrx_word' id='word_1_688' title='bbox 2210 3982 2462 4048; x_wconf 87' lang='lat' dir='ltr'><strong>docendi,</strong></span> <span class='ocrx_word' id='word_1_689' title='bbox 2493 3984 2785 4053; x_wconf 85' lang='lat' dir='ltr'><strong>respondet</strong></span> <span class='ocrx_word' id='word_1_690' title='bbox 2811 3983 3055 4039; x_wconf 84' lang='lat' dir='ltr'><strong>Ecclesia</strong></span> <span class='ocrx_word' id='word_1_691' title='bbox 3088 4002 3102 4037; x_wconf 91' lang='lat'><strong>:</strong></span> 
     </span>
    </p>
   </div>
   <div class='ocr_carea' id='block_1_99' title="bbox 2016 4072 3537 4147">
    <p class='ocr_par' dir='ltr' id='par_1_99' title="bbox 2016 4072 3537 4147">
     <span class='ocr_line' id='line_1_99' title="bbox 2016 4072 3537 4147; baseline 0.001 -19"><span class='ocrx_word' id='word_1_692' title='bbox 2016 4074 2181 4129; x_wconf 76' lang='lat' dir='ltr'><strong>Vsus.</strong></span> <span class='ocrx_word' id='word_1_693' title='bbox 2205 4075 2259 4129; x_wconf 75' lang='lat'><strong>3.</strong></span> <span class='ocrx_word' id='word_1_694' title='bbox 2282 4103 2353 4114; x_wconf 91' lang='lat'>—</span> <span class='ocrx_word' id='word_1_695' title='bbox 2381 4072 2687 4143; x_wconf 71' lang='lat' dir='ltr'><strong>Exspetiavi</strong></span> <span class='ocrx_word' id='word_1_696' title='bbox 2712 4091 2794 4129; x_wconf 84' lang='lat' dir='ltr'><strong>me</strong></span> <span class='ocrx_word' id='word_1_697' title='bbox 2814 4078 3013 4141; x_wconf 85' lang='lat' dir='ltr'><strong>tunica,</strong></span> <span class='ocrx_word' id='word_1_698' title='bbox 3038 4076 3300 4147; x_wconf 74' lang='lat' dir='ltr'><strong>quomodo</strong></span> <span class='ocrx_word' id='word_1_699' title='bbox 3340 4074 3537 4129; x_wconf 82' lang='lat' dir='ltr'><strong>induar</strong></span> 
     </span>
    </p>
   </div>
   <div class='ocr_carea' id='block_1_100' title="bbox 1942 4164 3535 4240">
    <p class='ocr_par' dir='ltr' id='par_1_100' title="bbox 1942 4164 3535 4240">
     <span class='ocr_line' id='line_1_100' title="bbox 1942 4164 3535 4240; baseline 0.003 -20"><span class='ocrx_word' id='word_1_700' title='bbox 1942 4164 2037 4220; x_wconf 88' lang='lat' dir='ltr'><strong>illa</strong></span> <span class='ocrx_word' id='word_1_701' title='bbox 2052 4167 2078 4220; x_wconf 73' lang='grc' dir='ltr'><strong><em>Ρ</em></strong></span> <span class='ocrx_word' id='word_1_702' title='bbox 2098 4166 2178 4222; x_wconf 86' lang='lat' dir='ltr'><strong>Ac</strong></span> <span class='ocrx_word' id='word_1_703' title='bbox 2203 4167 2249 4222; x_wconf 89' lang='lat' dir='ltr'><strong>si</strong></span> <span class='ocrx_word' id='word_1_704' title='bbox 2272 4175 2459 4238; x_wconf 90' lang='lat' dir='ltr'><strong>aperte</strong></span> <span class='ocrx_word' id='word_1_705' title='bbox 2484 4168 2650 4233; x_wconf 90' lang='lat' dir='ltr'><strong>dicat,</strong></span> <span class='ocrx_word' id='word_1_706' title='bbox 2668 4169 2881 4223; x_wconf 85' lang='lat' dir='ltr'><strong>deserui</strong></span> <span class='ocrx_word' id='word_1_707' title='bbox 2904 4169 3117 4240; x_wconf 88' lang='lat' dir='ltr'><strong>negotia</strong></span> <span class='ocrx_word' id='word_1_708' title='bbox 3140 4169 3427 4225; x_wconf 55' lang='lat' dir='ltr'><strong>saecularia</strong></span> <span class='ocrx_word' id='word_1_709' title='bbox 3455 4170 3535 4224; x_wconf 92' lang='lat' dir='ltr'><strong>tui</strong></span> 
     </span>
    </p>
   </div>
   <div class='ocr_carea' id='block_1_101' title="bbox 1945 4258 3533 4333">
    <p class='ocr_par' dir='ltr' id='par_1_101' title="bbox 1945 4258 3533 4333">
     <span class='ocr_line' id='line_1_101' title="bbox 1945 4258 3533 4333; baseline 0.001 -19"><span class='ocrx_word' id='word_1_710' title='bbox 1945 4273 2132 4325; x_wconf 87' lang='lat' dir='ltr'><strong>causa,</strong></span> <span class='ocrx_word' id='word_1_711' title='bbox 2153 4259 2427 4329; x_wconf 84' lang='lat' dir='ltr'><strong>quomodo</strong></span> <span class='ocrx_word' id='word_1_712' title='bbox 2449 4267 2697 4330; x_wconf 86' lang='lat' dir='ltr'><strong>repetam</strong></span> <span class='ocrx_word' id='word_1_713' title='bbox 2717 4259 2841 4314; x_wconf 79' lang='lat' dir='ltr'><strong>illa?</strong></span> <span class='ocrx_word' id='word_1_714' title='bbox 2871 4258 2999 4314; x_wconf 79' lang='lat' dir='ltr'><strong>Lavi</strong></span> <span class='ocrx_word' id='word_1_715' title='bbox 3023 4260 3179 4330; x_wconf 80' lang='lat' dir='ltr'><strong>pedes</strong></span> <span class='ocrx_word' id='word_1_716' title='bbox 3207 4277 3371 4327; x_wconf 67' lang='lat' dir='ltr'><strong>meos,</strong></span> <span class='ocrx_word' id='word_1_717' title='bbox 3398 4276 3533 4333; x_wconf 78' lang='lat' dir='ltr'><strong>quo-</strong></span> 
     </span>
    </p>
   </div>
   <div class='ocr_carea' id='block_1_102' title="bbox 1943 4348 3534 4423">
    <p class='ocr_par' dir='ltr' id='par_1_102' title="bbox 1943 4348 3534 4423">
     <span class='ocr_line' id='line_1_102' title="bbox 1943 4348 3534 4423; baseline 0.002 -19"><span class='ocrx_word' id='word_1_718' title='bbox 1943 4349 2101 4405; x_wconf 78' lang='lat' dir='ltr'><strong>modo</strong></span> <span class='ocrx_word' id='word_1_719' title='bbox 2141 4349 2427 4420; x_wconf 80' lang='lat' dir='ltr'><strong>inquinabo</strong></span> <span class='ocrx_word' id='word_1_720' title='bbox 2471 4348 2633 4405; x_wconf 76' lang='lat' dir='ltr'><strong>illos?</strong></span> <span class='ocrx_word' id='word_1_721' title='bbox 2658 4348 2780 4405; x_wconf 72' lang='grc' dir='ltr'><strong>ιω</strong></span> <span class='ocrx_word' id='word_1_722' title='bbox 2830 4358 3054 4407; x_wconf 61' lang='lat' dir='ltr'><strong>secreta:</strong></span> <span class='ocrx_word' id='word_1_723' title='bbox 3102 4351 3534 4423; x_wconf 69' lang='lat' dir='ltr'><strong>eompunetioniq</strong></span> 
     </span>
    </p>
   </div>
   <div class='ocr_carea' id='block_1_103' title="bbox 1942 4436 3535 4513">
    <p class='ocr_par' dir='ltr' id='par_1_103' title="bbox 1942 4436 3535 4513">
     <span class='ocr_line' id='line_1_103' title="bbox 1942 4436 3535 4513; baseline 0.001 -18"><span class='ocrx_word' id='word_1_724' title='bbox 1942 4436 2155 4495; x_wconf 78' lang='lat' dir='ltr'><strong>ﬂetibus</strong></span> <span class='ocrx_word' id='word_1_725' title='bbox 2182 4439 2328 4496; x_wconf 88' lang='lat' dir='ltr'><strong>ablui</strong></span> <span class='ocrx_word' id='word_1_726' title='bbox 2356 4440 2712 4511; x_wconf 81' lang='lat' dir='ltr'><strong>cogitationes</strong></span> <span class='ocrx_word' id='word_1_727' title='bbox 2740 4448 3012 4508; x_wconf 87' lang='lat' dir='ltr'><strong>terrenas,</strong></span> <span class='ocrx_word' id='word_1_728' title='bbox 3040 4442 3316 4513; x_wconf 81' lang='lat' dir='ltr'><strong>quomodo</strong></span> <span class='ocrx_word' id='word_1_729' title='bbox 3344 4440 3535 4497; x_wconf 86' lang='lat' dir='ltr'><strong>mundi</strong></span> 
     </span>
    </p>
   </div>
   <div class='ocr_carea' id='block_1_104' title="bbox 1945 4529 3599 4605">
    <p class='ocr_par' dir='ltr' id='par_1_104' title="bbox 1945 4529 3599 4605">
     <span class='ocr_line' id='line_1_104' title="bbox 1945 4529 3599 4605; baseline 0.002 -19"><span class='ocrx_word' id='word_1_730' title='bbox 1945 4529 2077 4604; x_wconf 80' lang='lat' dir='ltr'><strong>[Al.,</strong></span> <span class='ocrx_word' id='word_1_731' title='bbox 2107 4531 2419 4605; x_wconf 87' lang='lat' dir='ltr'><strong>immundis]</strong></span> <span class='ocrx_word' id='word_1_732' title='bbox 2445 4532 2695 4593; x_wconf 79' lang='lat' dir='ltr'><strong>sordibus</strong></span> <span class='ocrx_word' id='word_1_733' title='bbox 2716 4533 2918 4591; x_wconf 84' lang='lat' dir='ltr'><strong>iterum</strong></span> <span class='ocrx_word' id='word_1_734' title='bbox 2949 4533 3193 4605; x_wconf 77' lang='lat' dir='ltr'><strong>polluar?</strong></span> <span class='ocrx_word' id='word_1_735' title='bbox 3223 4534 3353 4604; x_wconf 83' lang='lat' dir='ltr'><strong>quia</strong></span> <span class='ocrx_word' id='word_1_736' title='bbox 3392 4549 3535 4604; x_wconf 48' lang='lat' dir='ltr'><strong>proh</strong></span> <span class='ocrx_word' id='word_1_737' title='bbox 3596 4600 3599 4603; x_wconf 95' lang='lat'><em>_</em></span> 
     </span>
    </p>
   </div>
   <div class='ocr_carea' id='block_1_105' title="bbox 1942 4622 3536 4701">
    <p class='ocr_par' dir='ltr' id='par_1_105' title="bbox 1942 4622 3536 4701">
     <span class='ocr_line' id='line_1_105' title="bbox 1942 4622 3536 4701; baseline 0.007 -23"><span class='ocrx_word' id='word_1_738' title='bbox 1942 4622 2230 4681; x_wconf 86' lang='lat' dir='ltr'><strong>dicationis</strong></span> <span class='ocrx_word' id='word_1_739' title='bbox 2252 4622 2489 4681; x_wconf 84' lang='lat' dir='ltr'><strong>oﬁieium</strong></span> <span class='ocrx_word' id='word_1_740' title='bbox 2515 4626 2631 4682; x_wconf 89' lang='lat' dir='ltr'><strong>sine</strong></span> <span class='ocrx_word' id='word_1_741' title='bbox 2650 4627 3005 4697; x_wconf 82' lang='lat' dir='ltr'><strong>occupatione</strong></span> <span class='ocrx_word' id='word_1_742' title='bbox 3033 4626 3167 4701; x_wconf 58' lang='grc' dir='ltr'><strong>[ΛΑ.</strong></span> <span class='ocrx_word' id='word_1_743' title='bbox 3187 4642 3536 4700; x_wconf 61' lang='lat' dir='ltr'><strong>praeoccupa-</strong></span> 
     </span>
    </p>
   </div>
   <div class='ocr_carea' id='block_1_106' title="bbox 1946 4714 2886 4789">
    <p class='ocr_par' dir='ltr' id='par_1_106' title="bbox 1946 4714 2886 4789">
     <span class='ocr_line' id='line_1_106' title="bbox 1946 4714 2886 4789; baseline -0.002 -14"><span class='ocrx_word' id='word_1_744' title='bbox 1946 4714 2113 4789; x_wconf 78' lang='lat' dir='ltr'><strong>tione]</strong></span> <span class='ocrx_word' id='word_1_745' title='bbox 2142 4716 2389 4774; x_wconf 68' lang='lat' dir='ltr'><strong>saeculari</strong></span> <span class='ocrx_word' id='word_1_746' title='bbox 2418 4717 2506 4773; x_wconf 81' lang='lat' dir='ltr'><strong>vix</strong></span> <span class='ocrx_word' id='word_1_747' title='bbox 2536 4732 2663 4774; x_wconf 87' lang='lat' dir='ltr'><strong>esse</strong></span> <span class='ocrx_word' id='word_1_748' title='bbox 2685 4726 2886 4789; x_wconf 85' lang='lat' dir='ltr'><strong>potest.</strong></span> 
     </span>
    </p>
   </div>
   <div class='ocr_carea' id='block_1_107' title="bbox 2019 4808 3533 4880">
    <p class='ocr_par' dir='ltr' id='par_1_107' title="bbox 2019 4808 3533 4880">
     <span class='ocr_line' id='line_1_107' title="bbox 2019 4808 3533 4880; baseline 0.005 -17"><span class='ocrx_word' id='word_1_749' title='bbox 2019 4808 2178 4865; x_wconf 65' lang='lat' dir='ltr'><strong>Vnus.</strong></span> <span class='ocrx_word' id='word_1_750' title='bbox 2203 4808 2258 4865; x_wconf 72' lang='grc'><strong>4.</strong></span> <span class='ocrx_word' id='word_1_751' title='bbox 2288 4839 2361 4851; x_wconf 88' lang='lat'><strong>--</strong></span> <span class='ocrx_word' id='word_1_752' title='bbox 2405 4809 2642 4865; x_wconf 76' lang='lat' dir='ltr'><strong>Dilectus</strong></span> <span class='ocrx_word' id='word_1_753' title='bbox 2668 4826 2817 4866; x_wconf 67' lang='lat' dir='ltr'><strong>meus</strong></span> <span class='ocrx_word' id='word_1_754' title='bbox 2844 4811 2986 4866; x_wconf 68' lang='lat' dir='ltr'><strong>misit</strong></span> <span class='ocrx_word' id='word_1_755' title='bbox 3010 4828 3226 4871; x_wconf 68' lang='lat' dir='ltr'><strong>nanum</strong></span> <span class='ocrx_word' id='word_1_756' title='bbox 3252 4829 3404 4869; x_wconf 67' lang='lat' dir='ltr'><strong>sum</strong></span> <span class='ocrx_word' id='word_1_757' title='bbox 3439 4827 3533 4880; x_wconf 75' lang='lat' dir='ltr'><strong>per</strong></span> 
     </span>
    </p>
   </div>
   <div class='ocr_carea' id='block_1_108' title="bbox 1942 4898 3531 4978">
    <p class='ocr_par' dir='ltr' id='par_1_108' title="bbox 1942 4898 3531 4978">
     <span class='ocr_line' id='line_1_108' title="bbox 1942 4898 3531 4978; baseline 0.008 -26"><span class='ocrx_word' id='word_1_758' title='bbox 1942 4898 2202 4968; x_wconf 77' lang='lat' dir='ltr'><strong>foramen.</strong></span> <span class='ocrx_word' id='word_1_759' title='bbox 2237 4900 2455 4964; x_wconf 82' lang='lat' dir='ltr'><strong>Manum</strong></span> <span class='ocrx_word' id='word_1_760' title='bbox 2482 4902 2688 4973; x_wconf 82' lang='lat' dir='ltr'><strong>quippe</strong></span> <span class='ocrx_word' id='word_1_761' title='bbox 2723 4918 2880 4959; x_wconf 80' lang='lat' dir='ltr'><strong>suam</strong></span> <span class='ocrx_word' id='word_1_762' title='bbox 2906 4904 3135 4961; x_wconf 81' lang='lat' dir='ltr'><strong>dilectus</strong></span> <span class='ocrx_word' id='word_1_763' title='bbox 3160 4922 3261 4978; x_wconf 88' lang='lat' dir='ltr'><strong>per</strong></span> <span class='ocrx_word' id='word_1_764' title='bbox 3287 4917 3531 4964; x_wconf 70' lang='lat' dir='ltr'><strong>tutamen</strong></span> 
     </span>
    </p>
   </div>
   <div class='ocr_carea' id='block_1_109' title="bbox 1942 4990 3529 5061">
    <p class='ocr_par' dir='ltr' id='par_1_109' title="bbox 1942 4990 3529 5061">
     <span class='ocr_line' id='line_1_109' title="bbox 1942 4990 3529 5061; baseline 0.006 -14"><span class='ocrx_word' id='word_1_765' title='bbox 1942 4990 2112 5057; x_wconf 87' lang='lat' dir='ltr'><strong>misit,</strong></span> <span class='ocrx_word' id='word_1_766' title='bbox 2157 5006 2283 5048; x_wconf 90' lang='lat' dir='ltr'><strong>cum</strong></span> <span class='ocrx_word' id='word_1_767' title='bbox 2325 5008 2425 5049; x_wconf 79' lang='lat' dir='ltr'><strong>nos</strong></span> <span class='ocrx_word' id='word_1_768' title='bbox 2451 4994 2713 5053; x_wconf 84' lang='lat' dir='ltr'><strong>Dominus</strong></span> <span class='ocrx_word' id='word_1_769' title='bbox 2753 4996 2966 5053; x_wconf 87' lang='lat' dir='ltr'><strong>occulta</strong></span> <span class='ocrx_word' id='word_1_770' title='bbox 2997 4996 3339 5061; x_wconf 77' lang='lat' dir='ltr'><strong>invisibiliter</strong></span> <span class='ocrx_word' id='word_1_771' title='bbox 3376 5010 3529 5057; x_wconf 80' lang='lat' dir='ltr'><strong>com—</strong></span> 
     </span>
    </p>
   </div>
   <div class='ocr_carea' id='block_1_110' title="bbox 1943 5083 3532 5161">
    <p class='ocr_par' dir='ltr' id='par_1_110' title="bbox 1943 5083 3532 5161">
     <span class='ocr_line' id='line_1_110' title="bbox 1943 5083 3532 5161; baseline 0.004 -24"><span class='ocrx_word' id='word_1_772' title='bbox 1943 5083 2236 5157; x_wconf 89' lang='lat' dir='ltr'><strong>punetione</strong></span> <span class='ocrx_word' id='word_1_773' title='bbox 2275 5084 2345 5139; x_wconf 92' lang='lat' dir='ltr'><strong>ad</strong></span> <span class='ocrx_word' id='word_1_774' title='bbox 2388 5100 2524 5161; x_wconf 81' lang='lat' dir='ltr'><strong>Opus</strong></span> <span class='ocrx_word' id='word_1_775' title='bbox 2561 5087 2826 5145; x_wconf 87' lang='lat' dir='ltr'><strong>virtutum</strong></span> <span class='ocrx_word' id='word_1_776' title='bbox 2847 5088 3119 5157; x_wconf 87' lang='lat' dir='ltr'><strong>accendit,</strong></span> <span class='ocrx_word' id='word_1_777' title='bbox 3169 5087 3433 5157; x_wconf 76' lang='lat' dir='ltr'><strong>nobisque</strong></span> <span class='ocrx_word' id='word_1_778' title='bbox 3475 5085 3532 5143; x_wconf 83' lang='lat' dir='ltr'><strong>in</strong></span> 
     </span>
    </p>
   </div>
   <div class='ocr_carea' id='block_1_111' title="bbox 1946 5177 3533 5254">
    <p class='ocr_par' dir='ltr' id='par_1_111' title="bbox 1946 5177 3533 5254">
     <span class='ocr_line' id='line_1_111' title="bbox 1946 5177 3533 5254; baseline -0.002 -18"><span class='ocrx_word' id='word_1_779' title='bbox 1946 5178 2265 5237; x_wconf 83' lang='lat' dir='ltr'><strong>memoriam</strong></span> <span class='ocrx_word' id='word_1_780' title='bbox 2298 5186 2519 5237; x_wconf 87' lang='lat' dir='ltr'><strong>revocat</strong></span> <span class='ocrx_word' id='word_1_781' title='bbox 2546 5182 2821 5252; x_wconf 82' lang='lat' dir='ltr'><strong>quomodo</strong></span> <span class='ocrx_word' id='word_1_782' title='bbox 2845 5190 2902 5245; x_wconf 89' lang='lat' dir='ltr'><strong>et</strong></span> <span class='ocrx_word' id='word_1_783' title='bbox 2939 5189 3140 5254; x_wconf 86' lang='lat' dir='ltr'><strong>quanta</strong></span> <span class='ocrx_word' id='word_1_784' title='bbox 3168 5180 3237 5239; x_wconf 85' lang='lat' dir='ltr'><strong>de</strong></span> <span class='ocrx_word' id='word_1_785' title='bbox 3259 5179 3385 5237; x_wconf 76' lang='lat' dir='ltr'><strong>sinit</strong></span> <span class='ocrx_word' id='word_1_786' title='bbox 3426 5177 3533 5233; x_wconf 77' lang='lat' dir='ltr'><strong>Pa-</strong></span> 
     </span>
    </p>
   </div>
   <div class='ocr_carea' id='block_1_112' title="bbox 1941 5266 3531 5349">
    <p class='ocr_par' dir='ltr' id='par_1_112' title="bbox 1941 5266 3531 5349">
     <span class='ocr_line' id='line_1_112' title="bbox 1941 5266 3531 5349; baseline 0.004 -23"><span class='ocrx_word' id='word_1_787' title='bbox 1941 5266 2422 5331; x_wconf 80' lang='lat' dir='ltr'><strong>tris’descendcns</strong></span> <span class='ocrx_word' id='word_1_788' title='bbox 2448 5291 2551 5348; x_wconf 86' lang='lat' dir='ltr'><strong>pro</strong></span> <span class='ocrx_word' id='word_1_789' title='bbox 2602 5277 2758 5337; x_wconf 76' lang='lat' dir='ltr'><strong>nobis</strong></span> <span class='ocrx_word' id='word_1_790' title='bbox 2796 5284 2943 5337; x_wconf 76' lang='lat' dir='ltr'><strong>esset</strong></span> <span class='ocrx_word' id='word_1_791' title='bbox 2983 5291 3196 5349; x_wconf 75' lang='lat' dir='ltr'><strong>passus.</strong></span> <span class='ocrx_word' id='word_1_792' title='bbox 3247 5273 3317 5333; x_wconf 83' lang='lat' dir='ltr'><strong>Et.</strong></span> <span class='ocrx_word' id='word_1_793' title='bbox 3354 5282 3531 5335; x_wconf 66' lang='lat' dir='ltr'><strong>vente:</strong></span> 
     </span>
    </p>
   </div>
   <div class='ocr_carea' id='block_1_113' title="bbox 1945 5365 3530 5443">
    <p class='ocr_par' dir='ltr' id='par_1_113' title="bbox 1945 5365 3530 5443">
     <span class='ocr_line' id='line_1_113' title="bbox 1945 5365 3530 5443; baseline 0.004 -24"><span class='ocrx_word' id='word_1_794' title='bbox 1945 5380 2091 5421; x_wconf 81' lang='lat' dir='ltr'><strong>meus</strong></span> <span class='ocrx_word' id='word_1_795' title='bbox 2118 5365 2388 5425; x_wconf 84' lang='lat' dir='ltr'><strong>intremuit</strong></span> <span class='ocrx_word' id='word_1_796' title='bbox 2408 5367 2479 5429; x_wconf 80' lang='lat' dir='ltr'><strong>ad</strong></span> <span class='ocrx_word' id='word_1_797' title='bbox 2502 5377 2701 5429; x_wconf 77' lang='lat' dir='ltr'><strong>tactum</strong></span> <span class='ocrx_word' id='word_1_798' title='bbox 2726 5369 2863 5441; x_wconf 73' lang='lat' dir='ltr'><strong>ejus.</strong></span> <span class='ocrx_word' id='word_1_799' title='bbox 2898 5367 3025 5429; x_wconf 63' lang='lat' dir='ltr'><strong>Hice</strong></span> <span class='ocrx_word' id='word_1_800' title='bbox 3053 5365 3301 5443; x_wconf 83' lang='lat' dir='ltr'><strong>recolens</strong></span> <span class='ocrx_word' id='word_1_801' title='bbox 3342 5365 3530 5425; x_wconf 67' lang='lat' dir='ltr'><strong>ituilna</strong></span> 
     </span>
    </p>
   </div>
   <div class='ocr_carea' id='block_1_114' title="bbox 1945 5455 3527 5537">
    <p class='ocr_par' dir='ltr' id='par_1_114' title="bbox 1945 5455 3527 5537">
     <span class='ocr_line' id='line_1_114' title="bbox 1945 5455 3527 5537; baseline 0.003 -27"><span class='ocrx_word' id='word_1_802' title='bbox 1945 5456 2277 5513; x_wconf 86' lang='lat' dir='ltr'><strong>conscientia</strong></span> <span class='ocrx_word' id='word_1_803' title='bbox 2302 5472 2518 5531; x_wconf 82' lang='lat' dir='ltr'><strong>sponsa,</strong></span> <span class='ocrx_word' id='word_1_804' title='bbox 2552 5467 2667 5519; x_wconf 87' lang='lat' dir='ltr'><strong>tota</strong></span> <span class='ocrx_word' id='word_1_805' title='bbox 2713 5455 3346 5531; x_wconf 79' lang='lat' dir='ltr'><strong>expavescit,pigritiam</strong></span> <span class='ocrx_word' id='word_1_806' title='bbox 3373 5455 3527 5537; x_wconf 62' lang='lat' dir='ltr'><strong>quiow</strong></span> 
     </span>
    </p>
   </div>
   <div class='ocr_carea' id='block_1_115' title="bbox 1947 5549 3429 5623">
    <p class='ocr_par' dir='ltr' id='par_1_115' title="bbox 1947 5549 3429 5623">
     <span class='ocr_line' id='line_1_115' title="bbox 1947 5549 3429 5623; baseline 0.003 -18"><span class='ocrx_word' id='word_1_807' title='bbox 1947 5550 2017 5606; x_wconf 91' lang='lat' dir='ltr'><strong>tis</strong></span> <span class='ocrx_word' id='word_1_808' title='bbox 2044 5565 2329 5619; x_wconf 82' lang='lat' dir='ltr'><strong>accusans,</strong></span> <span class='ocrx_word' id='word_1_809' title='bbox 2354 5553 2425 5609; x_wconf 90' lang='lat' dir='ltr'><strong>ad</strong></span> <span class='ocrx_word' id='word_1_810' title='bbox 2447 5552 2690 5615; x_wconf 78' lang='lat' dir='ltr'><strong>laborem</strong></span> <span class='ocrx_word' id='word_1_811' title='bbox 2715 5551 3119 5623; x_wconf 61' lang='lat' dir='ltr'><strong>prmdicationis</strong></span> <span class='ocrx_word' id='word_1_812' title='bbox 3136 5549 3429 5609; x_wconf 68' lang='lat' dir='ltr'><strong>festinans.</strong></span> 
     </span>
    </p>
   </div>
   <div class='ocr_carea' id='block_1_116' title="bbox 2019 5640 3532 5716">
    <p class='ocr_par' dir='ltr' id='par_1_116' title="bbox 2019 5640 3532 5716">
     <span class='ocr_line' id='line_1_116' title="bbox 2019 5640 3532 5716; baseline -0.001 -15"><span class='ocrx_word' id='word_1_813' title='bbox 2019 5642 2181 5701; x_wconf 74' lang='lat' dir='ltr'><strong>Vens.</strong></span> <span class='ocrx_word' id='word_1_814' title='bbox 2207 5642 2260 5701; x_wconf 77' lang='lat'><strong>5..</strong></span> <span class='ocrx_word' id='word_1_815' title='bbox 2292 5674 2364 5684; x_wconf 85' lang='lat'><strong>-—</strong></span> <span class='ocrx_word' id='word_1_816' title='bbox 2406 5643 2628 5703; x_wconf 73' lang='lat' dir='ltr'><strong>Surrexi</strong></span> <span class='ocrx_word' id='word_1_817' title='bbox 2656 5686 2670 5710; x_wconf 92' lang='lat'><strong>,</strong></span> <span class='ocrx_word' id='word_1_818' title='bbox 2696 5653 2752 5698; x_wconf 89' lang='lat' dir='ltr'><strong>ut</strong></span> <span class='ocrx_word' id='word_1_819' title='bbox 2784 5644 3041 5716; x_wconf 75' lang='lat' dir='ltr'><strong>aperirem</strong></span> <span class='ocrx_word' id='word_1_820' title='bbox 3081 5642 3271 5698; x_wconf 80' lang='lat' dir='ltr'><strong>dilecto</strong></span> <span class='ocrx_word' id='word_1_821' title='bbox 3300 5658 3436 5699; x_wconf 77' lang='lat' dir='ltr'><strong>meo.</strong></span> <span class='ocrx_word' id='word_1_822' title='bbox 3471 5640 3532 5715; x_wconf 72' lang='lat' dir='ltr'><strong>Id</strong></span> 
     </span>
    </p>
   </div>
   <div class='ocr_carea' id='block_1_117' title="bbox 1942 5732 3529 5813">
    <p class='ocr_par' dir='ltr' id='par_1_117' title="bbox 1942 5732 3529 5813">
     <span class='ocr_line' id='line_1_117' title="bbox 1942 5732 3529 5813; baseline 0.002 -21"><span class='ocrx_word' id='word_1_823' title='bbox 1942 5743 2050 5802; x_wconf 81' lang='lat' dir='ltr'><strong>est,</strong></span> <span class='ocrx_word' id='word_1_824' title='bbox 2069 5736 2297 5796; x_wconf 82' lang='lat' dir='ltr'><strong>verbum</strong></span> <span class='ocrx_word' id='word_1_825' title='bbox 2330 5736 2541 5799; x_wconf 86' lang='lat' dir='ltr'><strong>Domini</strong></span> <span class='ocrx_word' id='word_1_826' title='bbox 2570 5736 2884 5813; x_wconf 67' lang='lat' dir='ltr'><strong>praedicare.</strong></span> <span class='ocrx_word' id='word_1_827' title='bbox 2916 5734 3119 5799; x_wconf 65' lang='lat' dir='ltr'><strong>Manut</strong></span> <span class='ocrx_word' id='word_1_828' title='bbox 3133 5751 3262 5794; x_wconf 71' lang='lat' dir='ltr'><strong>anew</strong></span> <span class='ocrx_word' id='word_1_829' title='bbox 3299 5732 3529 5797; x_wconf 62' lang='grc' dir='ltr'><strong>άωωνιρ</strong></span> 
     </span>
    </p>
   </div>
   <div class='ocr_carea' id='block_1_118' title="bbox 1944 5827 3531 5907">
    <p class='ocr_par' dir='ltr' id='par_1_118' title="bbox 1944 5827 3531 5907">
     <span class='ocr_line' id='line_1_118' title="bbox 1944 5827 3531 5907; baseline -0.003 -21"><span class='ocrx_word' id='word_1_830' title='bbox 1944 5843 2125 5890; x_wconf 80' lang='lat' dir='ltr'><strong>verunt</strong></span> <span class='ocrx_word' id='word_1_831' title='bbox 2146 5834 2450 5906; x_wconf 71' lang='lat' dir='ltr'><strong>myrrham;</strong></span> <span class='ocrx_word' id='word_1_832' title='bbox 2480 5830 2630 5907; x_wconf 77' lang='lat' dir='ltr'><strong>digiti</strong></span> <span class='ocrx_word' id='word_1_833' title='bbox 2675 5831 2776 5887; x_wconf 77' lang='lat' dir='ltr'><strong>mei</strong></span> <span class='ocrx_word' id='word_1_834' title='bbox 2824 5828 2966 5899; x_wconf 73' lang='lat' dir='ltr'><strong>pleni</strong></span> <span class='ocrx_word' id='word_1_835' title='bbox 2999 5829 3219 5904; x_wconf 58' lang='lat' dir='ltr'><strong>mm</strong></span> <span class='ocrx_word' id='word_1_836' title='bbox 3243 5827 3531 5905; x_wconf 60' lang='lat' dir='ltr'><strong>[probatiq-</strong></span> 
     </span>
    </p>
   </div>
   <div class='ocr_carea' id='block_1_119' title="bbox 1946 5919 3530 6011">
    <p class='ocr_par' dir='ltr' id='par_1_119' title="bbox 1946 5919 3530 6011">
     <span class='ocr_line' id='line_1_119' title="bbox 1946 5919 3530 6011; baseline -0.006 -25"><span class='ocrx_word' id='word_1_837' title='bbox 1946 5934 2124 6007; x_wconf 83' lang='lat' dir='ltr'><strong>sima].</strong></span> <span class='ocrx_word' id='word_1_838' title='bbox 2156 5935 2214 5989; x_wconf 58' lang='grc' dir='ltr'><strong>Β</strong></span> <span class='ocrx_word' id='word_1_839' title='bbox 2259 5929 2506 5989; x_wconf 72' lang='lat' dir='ltr'><strong>manibus</strong></span> <span class='ocrx_word' id='word_1_840' title='bbox 2552 5926 2695 5982; x_wconf 86' lang='lat' dir='ltr'><strong>enim</strong></span> <span class='ocrx_word' id='word_1_841' title='bbox 2742 5938 2928 6011; x_wconf 85' lang='lat' dir='ltr'><strong>opera,</strong></span> <span class='ocrx_word' id='word_1_842' title='bbox 2954 5926 3008 5982; x_wconf 91' lang='lat' dir='ltr'><strong>in</strong></span> <span class='ocrx_word' id='word_1_843' title='bbox 3061 5922 3245 6005; x_wconf 83' lang='lat' dir='ltr'><strong>digitis</strong></span> <span class='ocrx_word' id='word_1_844' title='bbox 3273 5919 3530 5987; x_wconf 77' lang='lat' dir='ltr'><strong>discretio</strong></span> 
     </span>
    </p>
   </div>
  </div>
