4072 6340
527 351 638 414 655

1359 358 1420 414 Β.
1459 357 1524 414 F.
1561 354 1790 414 ALBINI
1829 355 1962 414 SEU
1999 354 2280 415 ALCUINI
2316 353 2606 414 OPERUM
2641 353 2823 412 PARS
2856 353 2922 411 ll.

3707 357 3812 416 656

525 470 873 543 designatur;
901 470 960 528 in
979 471 1205 546 myrrha
1230 471 1563 529 continentia
1590 482 1646 531 et
1667 475 2115 546 passiones;qum
2141 477 2190 536 A
2214 479 2338 543 pter
2385 471 2786 542 despectionem
2837 466 2979 540 apud
3023 469 3294 527 homines.
3351 467 3453 528 Vel
3471 509 3490 540 ,
3540 469 3700 530 elatae
3749 477 3816 535 ob

523 570 660 620 tunc
685 562 1064 634 probatissima
1081 573 1186 632 est,
1213 579 1336 620 cum
1358 565 1698 624 solummodo
1727 584 1828 640 pro
1843 568 2115 624 charitate

522 655 625 714 Dei
671 664 728 712 et
774 656 1032 729 proximi,
1059 657 1146 714 vel
1191 659 1522 716 continentia
1567 659 1695 735 [ﬁt],
1727 661 1812 719 vel
1835 661 2114 734 passiones

525 747 686 808 ﬁunt.

598 865 762 924 Vens.
785 865 839 923 6.
866 897 939 911 -
973 866 1247 925 Pessulum
1277 869 1398 925 ostii
1429 869 1534 925 mei
1555 870 1739 942 aperui
1762 869 1951 926 dilecto
1976 887 2112 926 meo.

529 959 814 1017 Pessulum
844 975 1042 1031 sponso
1067 962 1264 1032 aperit,
1305 963 1397 1033 qui
1440 963 1701 1035 templum
1751 964 1833 1020 sui
1877 959 2118 1035 pectoris

527 1053 710 1112 divina
755 1051 1136 1126 [inspiratione
1179 1055 1498 1112 adveniente
1550 1057 1760 1126 pandit,
1809 1057 1864 1113 id
1919 1066 2002 1114 est
2040 1057 2112 1130 n],

525 1146 838 1203 visitatione
881 1155 936 1204 et
966 1148 1360 1206 inhabitatione
1404 1150 1625 1219 dignum
1675 1149 1883 1206 fecerit.
1914 1151 1980 1205 At
2027 1150 2118 1206 ille

522 1237 869 1295 inclinaverat
905 1250 1061 1312 atque
1088 1243 1391 1297 transierat.
1425 1240 1561 1309 Quia
1602 1241 1735 1296 nulli
1782 1241 1836 1296 in
1875 1242 1977 1297 hac
2005 1243 2117 1297 vita

520 1330 685 1402 plena
723 1331 861 1388 visio
903 1332 1024 1400 Dei,
1065 1333 1206 1389 sicut
1257 1333 1312 1388 in
1363 1332 1565 1401 futura,
1608 1335 1957 1402 conceditur,
1996 1335 2117 1391 ideo

522 1423 764 1479 transire
786 1423 984 1479 dicitur
1010 1423 1258 1491 dilectus,
1290 1424 1345 1480 id
1369 1433 1472 1491 est,
1504 1425 1558 1481 in
1591 1423 1831 1482 futurum
1858 1443 1918 1484 se
1936 1428 2118 1484 viden-

523 1514 651 1570 dum
691 1522 747 1571 et
783 1513 1173 1586 perimendum
1215 1516 1428 1587 plenius
1456 1518 1711 1573 ostendit.
1758 1519 1950 1574 Anima
2000 1537 2117 1574 mea

521 1604 807 1678 liquefacta
837 1617 934 1674 est,
964 1617 1022 1662 ut
1053 1607 1257 1664 locutus
1283 1618 1379 1665 est.
1409 1608 1622 1678 Quanto
1644 1612 1886 1679 suavius,
1918 1612 2116 1684 inquit,

498 1706 714 1755 'vocem
748 1708 914 1770 atque
955 1700 1214 1757 viciniam
1251 1702 1433 1758 dilecti
1464 1704 1570 1760 mei
1608 1705 1810 1777 accepi,
1845 1713 1994 1762 tanto
2027 1723 2120 1762 su-

521 1791 764 1861 blimius,
792 1795 1054 1867 quidquid
1083 1796 1139 1851 in
1170 1811 1258 1852 me
1297 1805 1418 1854 erat
1444 1797 1722 1870 frigidum,
1746 1800 2012 1858 charitate
2040 1802 2118 1857 in-

2213 562 2501 619 victoriam
2525 579 2540 628 ;
2586 563 2758 634 nigrae
2782 563 2852 618 ob
2879 575 3189 633 pressuras.

2285 657 2452 713 Vens.
2480 655 2569 711 12.
2594 687 2666 698 -
2691 655 2845 712 Oculi
2873 656 2989 728 ejus
3015 657 3150 712 sicut
3173 656 3429 713 columba:
3449 675 3608 730 super
3629 661 3820 722 rivulos

2103 771 2116 779 -
2213 764 2496 820 aquarum,
2543 748 2717 804 sancti
2767 748 3018 804 doctores
3066 756 3212 816 sunt,
3253 763 3352 819 per
3385 765 3524 820 quos
3572 751 3817 809 Ecclesia

2212 844 2363 900 videt
2405 861 2527 917 quae
2577 855 2727 902 recta
2774 853 2931 914 sunt;
2973 847 3067 917 qui
3116 847 3255 903 bene
3283 846 3568 916 columbae,
3597 861 3822 923 propter

2216 937 2582 995 innocentiam
2615 936 2770 1012 [Cod.
2822 937 2940 994 Vat.
2976 956 3081 994 om.
3106 939 3500 1015 innocentiam]
3532 951 3586 998 et
3615 945 3820 1016 simpli-

2217 1033 2468 1101 citatem;
2520 1043 2576 1090 et
2605 1033 2795 1090 rivulis
2816 1049 3082 1105 aquarum
3124 1043 3349 1106 propter
3374 1036 3714 1092 charismata
3743 1038 3818 1093 di-

2216 1125 2340 1180 vina
2390 1135 2795 1197 comparantur.
2849 1123 2981 1190 Qua:
3009 1124 3145 1180 lacte
3181 1135 3304 1180 sunt
3333 1125 3476 1191 lotce,
3517 1137 3564 1182 et
3591 1128 3818 1182 resident

2207 1216 2370 1288 juxta
2403 1220 2603 1290 fluenta
2649 1217 2975 1291 plenissima.
3029 1216 3198 1273 Lacte
3246 1217 3389 1272 lotas
3429 1218 3581 1282 dicit,
3620 1219 3674 1273 id
3720 1228 3818 1286 est,

2217 1309 2393 1380 gratia
2411 1308 2725 1366 dulcissima
2753 1309 3060 1364 mundatas.
3089 1308 3156 1364 Et
3180 1309 3420 1364 resident
3433 1309 3593 1380 juxta
3618 1309 3820 1366 ﬂuenta

2215 1402 2550 1474 plenissima,
2600 1403 2656 1458 id
2697 1410 2802 1468 est,
2852 1402 3095 1457 omnium
3139 1402 3402 1458 donorum
3451 1403 3821 1473 spiritualium

2218 1495 2630 1551 abundantiam.
2658 1493 2840 1549 Potest
2874 1493 2927 1548 in
2952 1493 3142 1550 rivulis
3168 1495 3368 1550 veteris
3394 1493 3530 1564 legis
3549 1495 3817 1561 eruditio;

2217 1593 2274 1642 et
2320 1587 2377 1641 in
2422 1585 2640 1642 ﬂuentis
2684 1585 3014 1657 plenissimis
3061 1585 3324 1656 perfectio
3356 1586 3688 1658 evangelica:
3735 1588 3822 1642 do—

2219 1677 2410 1734 ctrina:
2432 1677 2730 1749 designari,
2757 1677 2882 1748 quia
2912 1677 3298 1748 praedicatores
3319 1677 3385 1733 de
3415 1678 3692 1734 thesauris
3718 1678 3824 1733 suis

2219 1770 2505 1842 proferunt
2529 1777 2715 1825 vetera
2742 1777 2798 1825 et
2825 1784 2962 1824 nova
2995 1768 3214 1842 (Matth.
3237 1785 3359 1835 xm,
3386 1769 3500 1841 52).

521 1883 692 1941 caluit
735 1861 828 1958 [et
865 1861 1216 1956 liquefactum
1265 1897 1351 1945 est
1377 1861 1546 1961 (Cod:
1584 1861 1717 1946 γαί
1753 1902 1810 1949 et
1856 1895 2119 1965 quidquid
2146 1867 2239 1965 Β,
2292 1865 2456 1965 vus)
2494 1864 2604 1965 Ψ,
2634 1894 2706 1903 ’““
2754 1861 2912 1965 ᾳθηω
2944 1861 3088 1965 illi"?
3116 1862 3820 1965 ‘5‘“‘.‘f""’."".‘,‘.'°f"".‘.“',’"

521 1975 761 2049 rigidum
804 1978 1074 2053 liquel'uit)
1125 1979 1170 2055 ].
1226 1980 1458 2049 Quwsivi
1508 1994 1556 2040 et
1591 2002 1696 2041 non
1732 1987 1906 2042 inveni
1931 1987 2116 2056 illum;

520 2072 706 2127 vocavi
738 2081 788 2128 et
820 2090 926 2129 non
964 2075 1233 2147 respondit
1266 2078 1414 2133 mihi.
1458 2079 1595 2148 Quia
1633 2082 1834 2138 donum
1860 2099 2120 2156 compun-

523 2166 724 2223 ctionis
747 2175 804 2222 et
819 2167 1121 2225 dulcedinis
1138 2169 1344 2227 intimae
1364 2187 1472 2227 non
1489 2174 1545 2228 in
1570 2175 1797 2231 arbitrio
1820 2185 1904 2232 est
1930 2177 2120 2233 volen-

525 2258 621 2325 tis,
644 2259 738 2316 sed
777 2259 834 2316 in
867 2261 1219 2318 miseratione
1245 2265 1455 2334 dantis;
1493 2267 1615 2324 ideo
1645 2284 1753 2324 non
1780 2285 1996 2342 semper
2024 2273 2122 2327 ha-

521 2351 655 2408 bent
683 2353 816 2410 illud
863 2355 1177 2426 aequaliter,
1205 2359 1334 2429 quia
1357 2375 1466 2416 non
1509 2361 1586 2418 ita
1608 2377 1668 2418 se
1695 2361 1854 2420 offert
1879 2365 2020 2422 Deus
2066 2368 2120 2423 in

523 2446 719 2504 exsilio
765 2446 1170 2520 laborantibus,
1204 2453 1476 2523 quomodo
1521 2455 1576 2512 in
1609 2457 1787 2528 patria
1841 2461 2120 2531 regnanti-

521 2535 647 2593 bus.

599 2634 762 2693 Vens.
812 2636 867 2693 7.
893 2670 967 2682 —-
1019 2639 1341 2699 Invenerunt
1365 2660 1449 2700 me
1493 2646 1758 2713 custodes,
1784 2648 1875 2719 qui
1905 2649 2126 2705 circuie-

527 2736 652 2782 runt
699 2729 990 2800 civitatem,
1043 2746 1415 2805 percusserunt
1467 2755 1568 2804 me,
1624 2749 1673 2794 et
1715 2740 2125 2798 vulneraverunt

526 2834 630 2886 me,
655 2820 890 2878 tulerunt
919 2824 1142 2895 pallium
1183 2845 1358 2884 meum
1399 2831 1528 2884 mihi
1552 2833 1792 2888 custodes
1831 2852 2124 2891 murorum.

527 2911 799 2972 Custodes
820 2916 1083 2984 civitatis,
1127 2919 1182 2975 id
1213 2929 1295 2976 est
1323 2921 1602 2990 Ecclesiae,
1627 2926 1801 2980 sancti
1832 2926 2002 2999 [sunt]
2033 2929 2130 2984 do-

525 3013 730 3073 ctores,
775 3007 869 3078 qui
919 3007 1107 3064 sedula
1154 3011 1543 3080 prmdicatione
1584 3015 1923 3071 circumeunt
1965 3017 2128 3090 402

527 3098 696 3154 corda
723 3098 1082 3170 singulorum,
1113 3109 1169 3156 et
1197 3102 1419 3173 spiculis
1447 3105 1653 3161 amoris
1678 3105 1916 3164 ccelestis
1941 3109 2130 3164 vulne-

525 3197 672 3257 rant,
701 3199 843 3248 etut
867 3193 1044 3266 magis
1064 3195 1310 3262 ardeant,
1336 3195 1794 3270 inﬂammescunt,
1819 3211 1875 3258 et
1903 3211 2130 3260 vetustae

525 3283 960 3340 conversationis
985 3293 1198 3357 tegmen
1228 3288 1309 3344 eis
1333 3291 1682 3348 subtrahunt.

596 3400 762 3458 Vens.
791 3401 845 3458 8.
877 3431 948 3442 —
976 3400 1182 3472 Adjuro
1204 3419 1314 3469 vos,
1341 3403 1471 3474 filia:
1497 3404 1821 3470 Jerusalem,
1844 3408 1890 3460 si
1919 3408 2129 3464 invene-

523 3494 642 3548 ritis
669 3493 922 3550 dilcctum
950 3511 1128 3549 meum
1160 3494 1316 3568 [Cod.
1356 3497 1474 3552 Vat.
1506 3513 1616 3553 om.
1646 3498 1868 3571 meum],
1903 3510 1959 3554 ut
1989 3519 2128 3556 nun-

522 3585 666 3640 tietis
691 3585 743 3639 ei
767 3585 908 3658 quod
931 3583 1088 3658 [Cod.
1117 3586 1239 3641 Vat.
1268 3586 1416 3660 quia]
1441 3605 1620 3644 amore
1654 3588 1897 3662 langueo.
1938 3591 2130 3648 Merito

521 3675 747 3749 languet
775 3692 995 3748 sponsa,
1020 3692 1144 3733 cum
1167 3677 1349 3748 gladio
1377 3679 1528 3735 verbi
1557 3681 1651 3736 Dei
1674 3697 1931 3752 percussa
1963 3691 2132 3740 terre-

527 3784 662 3826 num
688 3769 842 3826 exuit
870 3769 1165 3837 amictum;
1196 3779 1251 3826 et
1276 3770 1415 3828 ﬁlias
1442 3771 1764 3841 Jerusalem,
1802 3775 1857 3832 id
1887 3787 1989 3844 est,
2018 3777 2130 3834 Deo

531 3859 726 3934 dignas
749 3860 966 3932 adjurat
994 3863 1227 3929 animas,
1257 3871 1316 3919 ut
1352 3865 1436 3921 sui
1468 3866 1674 3923 amoris
1701 3869 2130 3940 magnitudinem

528 3955 599 4012 ad
626 3955 801 4012 Deum
822 3955 1085 4024 referant,
1111 3967 1166 4013 et
1189 3973 1291 4029 pro
1319 3957 1438 4029 ejus
1465 3959 1695 4018 videnda
1734 3961 1905 4033 gloria
1935 3978 2127 4034 super-

526 4062 661 4103 num
686 4047 792 4104 sibi
825 4056 1058 4120 poscant
1097 4049 1384 4106 auxilium.

2217 1956 2276 2012 In
2325 1957 2476 2028 genis
2515 1955 2813 2013 Salvatoris
2841 1955 3012 2010 nostri
3042 1954 3157 2023 ejus
3182 1950 3444 2012 modestia
3476 1953 3638 2027 [Cod.
3681 1951 3820 2019 Vat.,

2218 2049 2466 2104 modesta
2508 2047 2707 2120 pietas]
2761 2047 2920 2102 simul
2971 2055 3026 2102 et
3061 2049 3326 2103 severitas
3375 2047 3726 2118 exprimitur.
3767 2046 3820 2100 ln

2221 2139 2417 2196 areolis
2443 2146 2748 2195 aromatum
2771 2139 3021 2204 virtutes,
3045 2146 3100 2195 et
3120 2138 3366 2204 dulcedo,
3393 2149 3447 2193 et
3472 2137 3618 2193 fama
3641 2136 3823 2209 gloriae

2221 2232 2339 2302 ejus
2365 2233 2737 2302 designantur.
2787 2229 3016 2287 Consita:
3048 2249 3082 2286 a
3106 2233 3466 2304 pigmentariis
3491 2248 3511 2286 :
3551 2231 3698 2285 labia
3720 2231 3828 2301 ejus

2223 2323 2338 2378 lilia
2400 2323 2718 2378 distillantia
2778 2324 3050 2394 myrrham
3114 2325 3362 2397 primam.
3435 2324 3727 2394 Prophetis
3778 2328 3830 2377 et

2222 2413 2522 2483 apostolis;
2571 2413 2627 2467 hi
2653 2410 2852 2468 futura:
2881 2410 3040 2484 [Cod.
3081 2410 3225 2476 ναι,
3254 2411 3461 2486 futura]
3493 2412 3828 2468 incarnatio-

2223 2507 2310 2561 nis
2355 2505 2472 2574 ejus
2514 2521 2745 2572 arcana;
2795 2505 2874 2560 illi
2921 2506 3065 2561 facta
3110 2514 3420 2564 narrantes.
3469 2506 3642 2560 Labia
3688 2505 3832 2562 illius

2225 2598 2391 2653 verba
2445 2604 2571 2652 sunt
2621 2596 2882 2652 doctrina:
2937 2596 3080 2665 ejus;
3133 2597 3244 2652 lilia
3271 2638 3286 2664 ,
3341 2597 3467 2668 quia
3505 2597 3830 2653 charitatem

2227 2690 2465 2746 caelestis
2495 2690 2647 2760 regni
2685 2690 3040 2761 promittunt;
3089 2689 3404 2745 distillantia
3426 2690 3705 2762 myrrham
3723 2689 3832 2762 pri--

2228 2799 2392 2848 mam,
2424 2781 2554 2852 quia
2584 2796 2684 2852 per
2714 2789 3086 2851 contemptum
3112 2781 3450 2852 voluptatum
3479 2783 3834 2854 praesentium

2230 2875 2299 2930 ad
2327 2875 2470 2930 hanc
2500 2872 2925 2946 perveniendum
2949 2888 3068 2929 esse
3089 2875 3408 2943 praedicant.

2300 2969 2466 3025 Vens.
2501 2969 2588 3024 14.
2618 2999 2691 3010 --
2712 2967 2906 3023 Manus
2936 2967 3079 3022 illius
3099 2967 3370 3023 tornatiles
3398 2983 3592 3023 aurea’.
3623 2965 3835 3033 Manus,

2232 3063 2286 3118 id
2313 3071 2398 3118 est
2425 3079 2617 3134 opera;
2671 3062 2798 3133 quia
2833 3078 2955 3132 quae
2989 3063 3172 3118 verbis
3199 3061 3424 3128 docuit,
3452 3060 3616 3117 factis
3644 3061 3840 3132 imple—

2232 3158 2330 3212 vit.
2365 3156 2682 3223 Tornatiles,
2726 3157 2852 3227 quia
2898 3156 2954 3212 in
2981 3171 3040 3213 se
3079 3172 3295 3213 omnem
3327 3155 3568 3227 regulam
3607 3155 3841 3225 justitia‘.

2153 3244 2206 3313 α
2235 3257 2442 3316 tenent,
2475 3258 2535 3305 ut
2561 3249 2762 3306 dicitur
2804 3266 2817 3303 :
2855 3249 3071 3320 Oportet
3099 3265 3181 3304 me
3211 3265 3415 3304 omnem
3433 3248 3713 3319 justitiam
3740 3248 3841 3301 im-

2230 3341 2372 3414 plere
2411 3340 2628 3415 (Matth.
2670 3358 2746 3410 1v,
2799 3341 2909 3414 15).
2959 3340 3097 3396 Sunt
3137 3348 3191 3394 et
3236 3355 3429 3396 manus
3456 3355 3666 3405 aureae,
3712 3337 3840 3408 quia

2230 3436 2415 3491 omnia
2437 3452 2558 3507 qua:
2586 3436 2640 3491 in
2667 3435 2889 3492 homine
2915 3435 3101 3506 gessit,
3133 3434 3433 3490 divinitatis
3456 3433 3630 3505 gloria
3659 3428 3842 3501 perfe-

2232 3529 2326 3584 cit.
2375 3527 2558 3583 Plena:
2602 3528 2919 3599 hyacinthis.
2953 3526 3086 3595 Quae
3115 3527 3184 3582 ad
3211 3543 3362 3594 spem
3391 3542 3494 3581 nos
3530 3525 3844 3581 cmlestium

2232 3630 2395 3691 atque
2417 3633 2659 3676 amorem
2675 3621 2948 3685 excitant;
2971 3620 3098 3689 quia
3123 3619 3450 3689 hyacinthus
3493 3615 3652 3690 [Cod.
3690 3614 3844 3681 Vat.,

2232 3714 2288 3768 in
2319 3711 2612 3784 hyacintis]
2662 3712 2798 3768 aerii
2844 3712 3043 3768 coloris
3086 3726 3306 3782 gemma
3339 3719 3440 3766 est.
3507 3707 3703 3763 Venter
3730 3707 3845 3776 eius

2232 3804 2492 3860 eburneus
2522 3803 2799 3858 distinctus
2827 3803 3331 3875 sapphyris.Venter
3356 3815 3487 3872 ergo
3515 3801 3708 3856 dilecti
3733 3798 3844 3854 fra-

2232 3895 2494 3966 gilitatem
2538 3895 2896 3950 humanitatis
2925 3895 3043 3965 ejus
3091 3894 3364 3964 designat;
3415 3892 3552 3949 ebur
3585 3893 3848 3948 decorem

2233 3988 2528 4054 castitatis;
2569 3987 2871 4058 sapphyrus
2913 3986 3299 4042 sublimitatem
3327 3985 3631 4042 caelestium
3664 3984 3848 4038 virtu-

2241 4088 2380 4136 tum.
2417 4080 2710 4134 Distinctus
2747 4079 3046 4152 sapphyris,
3075 4094 3198 4149 quia
3239 4078 3440 4150 partim
3463 4078 3712 4133 humana
3743 4076 3857 4132 fra-

2232 4174 2414 4246 gilitas
2443 4172 2644 4239 esurie,
2677 4173 2994 4239 tentatione,
3033 4171 3371 4244 fatigatione,
3403 4181 3609 4237 morte;
3642 4171 3856 4243 partim

2233 4265 2414 4321 divina
2445 4265 2732 4331 celsitudo,
2775 4264 3074 4332 miraculis,
3126 4265 3522 4322 resurrectione
3559 4273 3617 4321 et
3653 4278 3861 4321 ascen-

2235 4356 2405 4412 sionis
2434 4356 2606 4428 gloria
2629 4357 2974 4429 intelligitur.

597 4160 762 4217 Vens.
792 4161 847 4218 9.
893 4192 963 4203 —
1004 4161 1192 4229 Qualis
1222 4172 1298 4218 est
1343 4162 1564 4219 dilectus
1598 4173 1721 4220 tuus
1759 4181 1825 4220 ea:
1861 4165 2071 4233 dilecto,
2099 4185 2130 4224 ο

523 4249 885 4323 pulcherrima
911 4253 1194 4309 mulierum
1214 4296 1227 4318 ,
1254 4257 1426 4327 qualis
1449 4265 1525 4310 est
1552 4256 1774 4312 dilectus
1799 4267 1920 4313 tuus
1945 4275 2013 4313 ea:
2042 4260 2129 4314 di-

525 4339 682 4408 lecto,
705 4343 833 4414 quia
858 4343 936 4398 sic
961 4343 1225 4414 adjurasti
1249 4360 1343 4400 nos
1361 4346 1385 4399 ?
1404 4345 1644 4402 Obsecro
1673 4357 1747 4413 te,
1777 4350 1903 4419 quia
1930 4351 2011 4406 sic
2037 4353 2132 4406 ad-

522 4430 722 4503 jurasti
768 4450 875 4502 me,
925 4443 986 4488 ut
1011 4449 1216 4499 amore,
1245 4450 1353 4504 quo
1379 4445 1434 4492 te
1461 4437 1812 4510 languescere
1845 4442 2002 4508 dicis,
2046 4458 2132 4498 me
2307 4450 2472 4505 Vens.
2522 4449 2605 4504 15.
2654 4479 2728 4491 -—
2779 4446 2953 4505 Crura
3009 4449 3154 4506 illius
3198 4449 3458 4506 columna:
3490 4450 3861 4522 ’πται-Μοῖρα,

528 4540 746 4620 quoii}?
776 4541 876 4598 Per
897 4526 1127 4620 “flium
1160 4528 1570 4620 praedicationis
1597 4530 1767 4588 facias
1800 4533 2127 4601 ardescere;
2235 4543 2470 4600 Crurum
2494 4545 2753 4600 vocabulo
2779 4545 2974 4601 itinera
3009 4545 3142 4620 [.4l.,
3168 4543 3420 4617 munera]
3444 4543 3865 4601 incarnationis

462 4634 465 4636 ·
527 4623 586 4670 et
613 4616 748 4672 mihi
781 4617 1042 4673 ostendas
1077 4618 1254 4689 qualis
1285 4619 1355 4674 sit
1393 4619 1621 4678 dilectus
1650 4631 1774 4701 tuus
1801 4641 1868 4680 ex
1891 4642 1954 4682 ea
1981 4636 2137 4698 parte
2161 4631 2214 4691 D
2241 4636 2442 4694 Christi
2474 4637 2836 4703 insinuantur,
2880 4616 3312 4708 qum'columnis
3357 4616 3693 4693 marmoreis
3729 4653 3867 4708 pro-

528 4721 636 4777 qua
661 4709 834 4780 possit
876 4710 1047 4782 diligi,
1095 4726 1203 4766 non
1251 4711 1451 4776 timeri,
1486 4713 1610 4783 quia
1649 4715 1877 4786 perfecta
1907 4719 2135 4776 charitas

2233 4741 2356 4803 pter
2392 4731 2704 4787 ﬁrmitatem
2739 4740 2794 4787 et
2837 4731 3221 4790 rectitudinem
3258 4740 3670 4803 comparantur.
3726 4731 3867 4796 Quir

529 4795 678 4868 Ῑοναδ
704 4799 865 4854 mm“
892 4799 1134 4856 “morem
1165 4800 1221 4871 (Ῑ
1257 4801 1522 4870 Ialm-1V:
1553 4804 1664 4876 18)·
2233 4795 2473 4898 laudata:
2522 4836 2644 4880 sunt
2695 4842 2852 4898 super
2917 4826 3065 4882 bases
3112 4843 3323 4881 aureas.
3383 4795 3532 4892 IQuia
3583 4823 3872 4894 quidquid

601 4917 764 4975 Vens.
798 4917 886 4973 10.
941 4947 1015 4959 —-
1068 4917 1304 4975 Dilectus
1341 4939 1487 4977 meus
1515 4923 1776 4978 candidus
1803 4934 1850 4979 et
1883 4925 2136 4980 rubicun-

2232 4931 2332 4986 per
2359 4931 2482 4972 eum
2511 4915 2598 4971 vel
2628 4917 2694 4972 de
2719 4931 2785 4972 eo
2815 4925 3025 4987 gestum
3070 4924 3172 4982 est,
3200 4915 3384 4973 omnia
3409 4916 3609 4972 divina:
3647 4913 3870 4986 praevi—

529 5008 651 5076 dus,
679 5010 872 5067 electus
895 5029 960 5067 ea:
991 5010 1242 5067 millibus.
1271 5012 1564 5083 Candidus,
1593 5018 1722 5087 quia
1747 5018 1863 5073 sine
1879 5026 2133 5088 peccato;

2236 5011 2407 5067 sionis
2453 5007 2611 5083 [Cod.
2667 5007 2787 5064 Vat.
2815 5052 2830 5076 ,
2886 5010 3245 5082 provisionis;
3297 5010 3396 5076 al.,
3440 5003 3871 5081 promissiohis]

528 5106 867 5165 rubicundus
893 5109 1159 5181 sanguine
1188 5110 1486 5179 passionis;
1526 5112 1732 5168 electus
1761 5129 1830 5170 ex
1869 5113 2130 5182 millibus,

528 5196 661 5269 quia
689 5197 838 5255 solus
859 5198 1128 5256 mediator
1154 5199 1249 5256 Dei
1272 5210 1328 5256 et
1354 5202 1654 5258 hominum.

602 5292 768 5349 Vens.
801 5294 889 5349 ll.
920 5325 992 5335 —
1018 5293 1188 5368 Caput
1239 5296 1354 5366 ejus
1403 5312 1593 5350 aurum
1651 5299 1923 5368 optimum.
1965 5297 2139 5369 Caput

527 5381 732 5440 Christi
780 5385 945 5452 Deus,
991 5387 1084 5456 qui
1143 5388 1292 5444 solus
1336 5389 1509 5444 bonus
1557 5396 1614 5444 et
1664 5391 1919 5459 optimus.
1962 5390 2138 5448 Coma:

529 5475 646 5546 ejus
671 5477 807 5530 sicut
831 5476 984 5532 elata
1008 5477 1325 5550 palmarum,
1366 5480 1530 5550 nigra?
1551 5480 1703 5550 quasi
1725 5497 1930 5536 corvus.
1958 5481 2140 5538 Coma)

530 5575 764 5626 caterva
805 5576 932 5623 sunt
963 5578 1316 5637 sanctorum,
1372 5586 1494 5640 qua:
1530 5570 1643 5626 Deo
1688 5571 1832 5628 ﬁdeli
1876 5572 2141 5629 famulatu

531 5659 834 5716 admei-ent.
868 5661 1036 5716 Elatae
1065 5662 1281 5732 palmae,
1326 5672 1550 5736 propter
1574 5665 1927 5722 eminentiam
1981 5667 2138 5741 [Cod.

540 5745 667 5807 Vat.
710 5766 818 5808 om.
866 5752 1244 5829 eminentiam]
1304 5756 1446 5826 apud
1494 5756 1688 5814 Deum.
1743 5758 1961 5831 Nigrae,
2019 5777 2140 5832 pro-

604 5878 635 5910 ι
665 5862 835 5926 Uncis
855 5869 1116 5926 conclusa
1142 5871 1473 5928 omittuntur
1499 5871 1554 5928 in
1581 5873 1702 5930 cod.
1733 5873 1855 5930 Vat.

2238 5103 2466 5160 consilio
2499 5112 2626 5158 ante
2651 5111 2896 5173 tempora
2924 5103 3204 5159 saecularia
3233 5102 3496 5172 disposita
3522 5110 3676 5156 sunt.
3727 5098 3873 5170 Spe-

2206 5186 2342 5249 cies
2387 5196 2525 5266 ejus,
2556 5203 2612 5248 ut
2655 5193 2876 5261 Libani;
2916 5195 3134 5263 electus,
3181 5204 3240 5249 ut
3289 5193 3432 5250 cedri
3497 5192 3570 5250 Ut
3614 5193 3881 5248 Libanus

2241 5288 2564 5344 celsitudine
2590 5295 2644 5342 et
2673 5288 2851 5358 gratia
2880 5289 3135 5344 arborum
3172 5288 3310 5344 alios
3345 5295 3558 5345 montes
3580 5328 3598 5354 ,
3635 5287 3727 5342 sic
3765 5286 3881 5341 Do—

2242 5378 2422 5433 minus
2446 5377 2697 5434 Christus
2720 5393 2909 5434 omnes
2936 5387 3153 5434 sanctos
3183 5378 3502 5435 meritorum
3530 5378 3887 5435 celsitudine

2242 5478 2298 5524 et
2341 5470 2512 5540 gratia
2555 5470 2815 5525 virtutum
2847 5470 3144 5526 antecellit.
3179 5471 3399 5528 Electus
3423 5480 3484 5526 ut
3511 5470 3650 5526 edri.
3703 5469 3887 5526 Sicut

2242 5562 2375 5618 alias
2398 5563 2622 5620 arbores
2658 5578 2778 5634 qua:
2807 5564 2862 5617 in
2894 5563 3102 5619 Libano
3127 5573 3449 5631 nascuntur,
3483 5572 3719 5634 superat
3751 5564 3859 5637 dig

2241 5656 2411 5711 nitate
2460 5671 2578 5722 sua,
2626 5657 2699 5712 ita
2747 5656 2999 5714 Christus
3023 5671 3216 5714 omnes
3260 5659 3355 5729 qui
3396 5659 3454 5714 in
3497 5657 3764 5716 Ecclesia
3807 5655 3889 5716 ad

2243 5748 2412 5806 vitam
2436 5755 2755 5818 nascuntur,
2783 5764 2886 5807 sua
2906 5750 3251 5812 transcendit
3279 5749 3474 5825 gloria.
