4072 6340
317 298 419 359 657

1135 290 1544 350 EXEGETICA.
1575 319 1647 334 —
1678 285 2128 347 COMPENDIUM
2163 287 2235 345 IN
2267 287 2473 347 CANT.
2510 289 2712 349 CANT.

3456 291 3562 352 658

382 417 545 475 Vens.
576 414 664 471 i6.
702 444 772 455 —
795 412 987 470 Guttur
1006 414 1150 469 illius
1173 414 1554 468 suavissimum.
1590 411 1650 466 in
1671 415 1886 481 gutture
1910 409 1960 468 Α
1984 407 2178 477 petitio
2204 407 2480 464 ﬁrmitatis
2507 417 2590 464 est
2634 407 2911 464 indicium.
2946 407 3004 463 ln
3034 408 3242 481 capillis
3273 408 3476 482 pepuli,
3506 412 3562 468 in

310 515 523 570 interna
570 509 796 565 dulcedo
819 509 1108 562 verborum
1138 506 1280 562 illius
1325 511 1672 566 memoratur,
1717 517 1880 572 quam

309 607 400 676 qui
426 603 589 674 sapit,
630 617 736 657 non
783 601 969 656 esurit.
1018 598 1086 653 Et
1134 608 1274 653 totus
1321 594 1701 651 desiderabilis.
1742 592 1882 659 Quid

305 695 534 768 amplius
551 693 710 766 403
736 691 973 762 quaeris?
1009 689 1178 746 Totus
1219 685 1589 744 desiderabilis
1622 693 1726 750 est,
1755 684 1881 753 quia
1909 709 1914 715 -

306 795 449 842 totus
477 785 617 840 Deus
641 792 694 837 et
720 790 865 838 totus
888 781 1068 844 homo,
1106 778 1159 833 in
1188 791 1347 848 quem
1377 775 1683 831 desiderant
1709 781 1764 826 et
1785 787 1882 826 an-

304 876 407 949 geli
428 864 430 866 ’
454 876 780 947 prospicere.
840 874 983 928 Deus
1009 872 1064 926 in
1088 870 1367 940 majestate
1394 867 1600 932 Patris;
1638 867 1799 921 homo
1825 865 1880 920 in

300 968 610 1040 virginitate
649 966 866 1031 matris;
913 964 968 1019 in
994 961 1084 1019 illo
1111 960 1356 1024 Creator,
1380 962 1436 1014 in
1477 959 1580 1014 hac
1609 956 1877 1011 Salvator.

303 1059 446 1115 Talis
473 1068 546 1115 est
572 1057 792 1113 dilectus
816 1072 980 1120 meus,
1002 1064 1050 1109 et
1074 1053 1197 1108 talis
1227 1050 1531 1108 est'amicus
1557 1065 1722 1113 meus,
1752 1046 1880 1116 ﬁlia:

297 1150 612 1206 Jerusalem.
660 1149 871 1217 Quanto
913 1145 1158 1202 devotius
1209 1143 1439 1214 quisque
1475 1139 1651 1209 diligit
1687 1138 1878 1204 Deum,

298 1254 450 1302 tanto
479 1244 796 1300 familiarius
821 1244 982 1298 habet
1005 1241 1238 1296 amicum
1266 1240 1466 1305 Deum;
1509 1244 1564 1292 et
1597 1235 1755 1292 talem
1781 1249 1880 1290 ne-

219 1331 228 1348 ‘
297 1352 449 1394 cesse
498 1335 624 1410 [est]
671 1343 733 1392 ut
781 1335 1051 1406 intelligas
1096 1347 1242 1398 eum,
1292 1331 1338 1387 si
1381 1329 1464 1386 vis
1505 1343 1633 1385 eum
1678 1325 1883 1382 habere

294 1430 555 1487 amicum.

900 1515 1130 1575 CAPUT
1169 1512 1260 1570 Vl.

361 1611 526 1668 Vsus.
557 1607 610 1664 i.
641 1638 715 1650 —
735 1607 852 1675 Quo
873 1607 999 1664 abiit
1031 1606 1250 1661 dilectus
1274 1613 1416 1668 tuus,
1464 1618 1495 1656 ο
1533 1597 1885 1672 pulcherrima

286 1700 606 1758 mulierum!
627 1701 734 1756 Pro
757 1702 950 1757 decore
970 1701 1114 1754 enim
1143 1696 1400 1754 carminis
1419 1693 1574 1766 [Cod.
1599 1690 1744 1756 Vat.,
1768 1704 1886 1745 car-

1981 498 2235 556 dentibus
2259 502 2538 568 doctores,
2583 501 2637 556 in
2663 500 2906 573 gemellis
2934 500 3130 558 fetibus
3157 502 3262 559 duo
3288 511 3560 576 pracepta

1983 593 2270 649 charitatis
2295 595 2686 666 intelliguntur.

2053 683 2216 739 Vens.
2243 683 2295 737 7.
2327 715 2398 725 —
2426 683 2572 740 Sicut
2604 693 2778 740 cortex
2799 685 2926 739 mali
2950 685 3126 758 punici
3149 701 3292 756 gena!
3315 694 3420 740 tua:
3444 685 3567 744 abs-

1980 791 2078 846 que
2129 775 2295 830 oculis
2341 777 2464 831 tuis.
2510 776 2672 833 Cena
2716 786 2914 831 sancta
2961 777 3211 832 Ecclesia
3254 775 3566 847 spirituales

1981 875 2106 921 sunt
2130 866 2338 932 Patres,
2367 870 2455 938 qui
2481 871 2768 923 virtutibus
2789 878 2912 925 sunt
2932 869 3222 936 mirabiles,
3247 877 3304 925 et
3323 870 3566 928 moribus

1979 959 2316 1015 venerabiles
2342 1001 2356 1026 ,
2411 968 2466 1016 et
2489 961 2540 1015 in
2573 959 2771 1017 Christi
2796 977 2954 1017 cruce
2979 961 3198 1033 gloriari
3234 979 3339 1018 non
3369 962 3564 1018 erube-

1980 1057 2211 1105 scentes.
2271 1050 2340 1104 Et
2367 1052 2482 1105 hac
2513 1066 2705 1122 magna
2732 1062 2857 1108 sunt
2880 1054 3035 1109 valde
3063 1070 3183 1124 qua
3213 1052 3466 1108 videntur
3506 1052 3565 1110 in

1979 1154 2064 1206 ea,
2089 1141 2184 1196 sed
2216 1141 2386 1197 multo
2414 1143 2619 1214 majora
2644 1159 2762 1214 qua
2782 1160 2889 1201 non
2910 1145 3159 1201 videntur
3172 1153 3226 1201 et
3244 1147 3298 1200 in
3313 1144 3557 1200 futurum

1980 1240 2347 1287 reservantur.

2056 1323 2216 1378 Vens.
2269 1324 2324 1379 8.
2349 1352 2420 1363 -—
2446 1320 2732 1395 Sexaginta
2782 1333 2905 1380 sunt
2944 1327 3170 1399 regina,
3215 1336 3264 1382 et
3299 1327 3563 1398 octoginta

1981 1412 2300 1479 concubina,
2355 1423 2404 1469 et
2456 1413 2962 1472 adolescentulamm
3017 1435 3122 1474 non
3165 1429 3242 1474 est
3279 1435 3551 1474 numerus.

1982 1504 2203 1575 Reginae
2241 1515 2385 1572 sunt,
2415 1522 2534 1576 qua
2563 1523 2748 1564 amore
2773 1509 2955 1579 sponsi
2996 1518 3053 1565 et
3081 1510 3315 1565 calcatis
3351 1510 3562 1582 pramii

1983 1595 2180 1650 intuitu
2201 1611 2299 1666 per
2335 1597 2772 1666 pradicationem
2791 1599 3036 1655 veritatis
3068 1607 3122 1654 et
3150 1599 3303 1666 fidei,
3333 1610 3388 1656 et
3415 1598 3562 1655 sacri

1984 1684 2328 1755 baptismatis
2349 1686 2570 1754 fontem,
2597 1689 2832 1745 sobolem
2845 1697 3050 1746 aterno
3065 1690 3195 1761 Regi
3214 1687 3558 1762 [spiritalem]

287 1793 394 1866 nis]
428 1794 707 1848 variantur
729 1807 973 1863 persona
1001 1789 1361 1861 loquentium;
1392 1757 1486 1841 sed
1513 1793 1691 1838 tamen
1719 1780 1876 1836 Chri-
1903 1757 1954 1821 Β
1979 1786 2259 1847 generant.
2303 1779 2627 1836 Concubina
2669 1790 2811 1848 sunt,
2857 1799 2976 1854 qua
3013 1757 3320 1838 carnalibus
3360 1757 3565 1838 solum;

287 1889 358 1944 sti
387 1888 704 1952 Ecclesiam,
729 1901 848 1956 qua
879 1899 1088 1956 sponsae
1124 1882 1384 1938 vocabulo
1405 1878 1746 1950 exprimitur,
1779 1876 1874 1931 de-

286 1978 523 2050 signant.
545 1977 911 2032 Pulcherrima
924 1974 1224 2031 mulierum.
1242 1973 1486 2028 Pulchra
1506 1977 1631 2026 sunt
1651 1967 1874 2039 singula

284 2078 596 2125 sanctorum
638 2069 931 2134 Ecclesia,
987 2066 1082 2122 sed
1133 2064 1500 2136 pulcherrima
1550 2060 1874 2116 universitas

283 2160 452 2215 totius
485 2167 684 2215 sancta
722 2157 977 2214 Ecclesia
1001 2171 1101 2228 per
1123 2162 1296 2210 totum
1320 2154 1529 2208 orbem.
1564 2151 1680 2217 Quo
1711 2150 1875 2205 decli-

283 2252 426 2306 navit
466 2250 688 2305 dilectus
717 2259 860 2314 tuus,
885 2257 934 2303 et
962 2263 1256 2319 quaeremus
1275 2262 1413 2301 eum.
1451 2243 1553 2311 Qui
1584 2241 1874 2312 aliquando

281 2341 342 2396 in
361 2350 505 2396 terra
527 2339 794 2408 corporali
812 2338 991 2408 specie
1009 2344 1260 2393 versatus
1279 2344 1384 2400 est,
1409 2335 1496 2390 dic
1516 2347 1622 2402 quo
1637 2332 1875 2387 declina-

285 2432 358 2485 rit
377 2432 487 2497 ille,
509 2438 569 2485 ut
598 2430 745 2485 illum
774 2444 1066 2500 sequamur
1089 2427 1222 2501 [Al.,
1245 2423 1570 2497 quaramus]
1600 2432 1800 2479 tecum.

355 2521 517 2576 Vens.
543 2520 597 2574 2.
614 2549 687 2562 -
706 2519 938 2573 Dilectus
959 2535 1104 2575 meus
1124 2517 1390 2573 descendit
1413 2519 1469 2572 in
1489 2516 1697 2570 hortum
1717 2529 1872 2568 suum

277 2608 351 2664 aut
397 2609 629 2664 areolam
662 2610 932 2664 aromatis.
965 2608 1129 2677 Quasi
1153 2609 1398 2674 dixisset,
1442 2607 1572 2662 illuc
1595 2605 1868 2672 ascendit,

275 2704 424 2758 unde
448 2703 744 2758 descendit.
771 2702 829 2757 In
851 2702 1091 2768 hortum,
1117 2703 1170 2757 id
1189 2711 1272 2758 est
1292 2703 1346 2756 in
1368 2701 1664 2756 Ecclesiam
1689 2714 1867 2766 suam,

276 2802 340 2849 ut
363 2809 484 2849 eam
511 2793 661 2849 fonte
697 2793 886 2865 gratia
913 2809 1048 2860 sua,
1094 2795 1250 2864 quasi
1297 2793 1536 2848 areolam
1564 2799 1869 2847 aromatum

277 2886 555 2956 irrigaret,
583 2894 643 2940 ut
669 2885 928 2941 virtutum
957 2884 1179 2942 ﬂoribus
1207 2887 1552 2957 germinaret.
1585 2883 1653 2938 Ut
1679 2900 1871 2956 pasca-

240 3023 246 3034 .
278 2986 366 3032 tur
394 2977 450 3030 in
469 2975 656 3043 hortis,
683 2984 731 3030 et
759 2975 873 3030 lilia
901 2976 1130 3048 colligat.
1161 2976 1410 3033 Pascitur
1442 2976 1496 3030 in
1523 2975 1716 3042 hortis,
1741 2975 1867 3030 dum

274 3067 382 3138 piis
414 3075 724 3123 sanctorum
755 3066 1029 3124 laboribus
1059 3067 1392 3134 delectatur;
1422 3077 1473 3122 et
1508 3066 1677 3121 lilium
1711 3066 1863 3122 colli-

276 3163 372 3234 git,
406 3163 532 3216 dum
558 3162 626 3217 ad
655 3161 953 3233 perfectum
983 3160 1136 3234 [Cod.
1174 3160 1316 3228 Vat.,
1342 3160 1727 3234 perfectorum]
1750 3175 1862 3215 me-

274 3256 512 3310 ritorum
549 3256 837 3310 candorem
877 3255 1250 3326 pervenientes
1281 3255 1350 3310 ad
1399 3253 1641 3310 coelestia
1694 3266 1860 3325 regna

247 3420 254 3426 1
277 3345 670 3492 pe;:::I.ti’>.—
680 3434 794 3505 Ego
838 3433 1027 3490 dilecto
1049 3451 1186 3501 meo,
1220 3442 1268 3490 et
1293 3434 1516 3490 dilectus
1537 3450 1684 3489 meus
1707 3433 1856 3500 mihi,

270 3530 356 3600 qui
389 3529 630 3600 pascitur
653 3529 792 3582 inter
824 3527 956 3582 lilia.
988 3527 1099 3597 Ego
1123 3527 1317 3582 dilecto
1346 3543 1468 3582 meo
1495 3527 1673 3582 locum
1703 3527 1861 3582 habi-

272 3619 498 3675 tationis
525 3633 771 3690 praparo
808 3618 864 3672 in
891 3633 1006 3684 me;
1046 3625 1102 3672 et
1135 3619 1248 3688 ipse
1283 3619 1416 3672 mihi
1461 3618 1600 3687 apud
1629 3633 1716 3683 se,
1766 3618 1857 3688 qui

271 3725 492 3781 semper
516 3710 660 3766 inter
678 3719 864 3765 sancta
891 3709 1156 3765 desideria
1183 3710 1442 3764 mentium
1464 3717 1734 3764 castarum
1763 3722 1859 3778 pa-

271 3804 466 3858 scitur.
500 3801 769 3857 Hactenus
795 3809 995 3856 sanctae
1033 3799 1287 3856 Ecclesia
1309 3815 1412 3855 vox
1441 3807 1554 3865 est,
1589 3799 1859 3856 laudantis

270 3909 331 3949 ac
365 3893 663 3963 quarentis
688 3908 974 3963 sponsum;
1007 3907 1149 3948 nunc
1185 3891 1316 3961 quid
1346 3891 1607 3960 quasitus
1635 3905 1858 3963 respon-

275 3985 424 4052 deat,
458 3983 806 4040 subinfertur.

338 4077 513 4133 Vens.
537 4076 590 4129 4.
611 4105 681 4114 —-
707 4073 939 4129 Pulchra
963 4091 1036 4139 es,
1069 4071 1286 4146 [amica]
1314 4089 1461 4139 mea,
1486 4073 1661 4128 suavis
1692 4080 1740 4126 et
1766 4071 1858 4127 de-

274 4185 395 4222 cora
434 4168 566 4221 sicut
595 4164 910 4221 Jerusalem.
956 4164 1153 4220 Sancta
1189 4164 1431 4220 Ecclesia
1459 4165 1640 4219 suavis
1669 4172 1725 4219 et
1765 4164 1858 4218 de-

274 4273 398 4313 cora
440 4265 499 4312 ut
522 4257 816 4314 Jerusalem
843 4257 1058 4323 dicitur,
1087 4257 1212 4326 quia
1241 4256 1357 4324 ejus
1383 4257 1507 4312 vita
1529 4256 1855 4312 desiderium

272 4351 471 4406 visioni
505 4349 617 4418 jam
660 4349 809 4421 pacis
856 4349 1058 4404 intima
1101 4347 1447 4404 assimilatur.
1497 4346 1764 4401 Terribilis
1797 4355 1854 4400 ut

1979 1870 2139 1924 modo
2171 1868 2323 1942 [Cod.
2367 1869 2508 1938 Vat.,
2553 1888 2675 1942 quae
2709 1873 2914 1928 carnali
2944 1873 3283 1929 solummodo
3321 1886 3564 1928 commo-

1977 1959 2070 2032 do]
2108 1958 2383 2016 Christum
2417 1963 2760 2033 pradicando
2784 1964 2868 2020 vel
2892 1965 3215 2035 baptizando
3245 1965 3459 2020 docent.
3493 1962 3565 2018 Et

1974 2051 2099 2107 ideo
2128 2053 2234 2109 illa
2257 2053 2588 2125 perfectione
2625 2058 2825 2112 senarii
2860 2057 3094 2123 numeri,
3121 2071 3221 2128 per
3245 2054 3562 2126 decalogum

1978 2144 2110 2218 [Al.,
2143 2148 2450 2223 denarium]
2487 2151 2888 2221 multiplicata;
2933 2151 3019 2206 ba
3052 2150 3318 2206 octonarii
3358 2149 3562 2219 imper-

1975 2236 2208 2293 fectione
2256 2256 2364 2296 non
2405 2242 2692 2297 sinceriter
2733 2243 3046 2313 decalogum
3098 2248 3378 2298 servantes
3419 2242 3564 2297 desi-

1974 2337 2226 2398 gnantur.
2267 2330 2692 2387 Adolescentula
2731 2341 2858 2387 sunt
2907 2333 3100 2387 anima
3145 2347 3318 2402 nuper
3359 2330 3563 2386 Christi

1974 2424 2151 2494 gratia
2172 2433 2395 2490 renata,
2419 2441 2647 2496 quarum
2672 2441 2903 2492 summa,
2922 2434 3144 2498 propter
3157 2425 3558 2481 multitudinem

1977 2512 2132 2586 [Cod.
2173 2513 2290 2570 Vat.
2309 2557 2324 2583 ,
2365 2531 2480 2587 pra
2506 2516 2870 2591 multitudine]
2898 2518 3095 2574 civium
3125 2517 3427 2574 calestium
3465 2532 3560 2571 nu-

1973 2619 2182 2660 merum
2205 2608 2558 2663 transcendit.

2041 2694 2206 2769 404
2221 2697 2384 2754 Vens.
2410 2697 2464 2754 9.
2491 2729 2565 2740 —
2585 2697 2707 2755 Una
2727 2716 2782 2755 es
2812 2699 2968 2774 [Cod.
2989 2700 3139 2769 Vat,
3169 2698 3294 2775 est],
3318 2700 3561 2757 columba

1971 2804 2107 2852 mea,
2135 2789 2366 2860 perfecta
2386 2806 2520 2845 mea.
2548 2789 2748 2847 Sancta
2771 2792 3022 2848 videlicet
3037 2801 3090 2848 et
3115 2792 3442 2848 universalis
3458 2806 3560 2863 per

1971 2884 2143 2934 totum
2165 2882 2352 2935 orbem
2368 2880 2626 2936 Ecclesia.
2653 2879 2771 2937 Una
2791 2891 2866 2936 est
2887 2884 3044 2937 matri
3055 2899 3205 2949 mete,
3225 2881 3390 2938 electa
3411 2881 3559 2955 geni-

1970 2972 2090 3026 trici
2111 2970 2266 3044 [Cod.
2290 2973 2437 3039 Vat.,
2460 2976 2714 3030 matris...
2749 2974 3042 3050 genitricis]
3063 2993 3194 3032 saw.
3227 2975 3288 3032 Id
3311 2983 3413 3043 est,
3442 2991 3556 3032 cae-

1968 3061 2090 3118 lesti
2115 3062 2434 3130 Jerusalem,
2459 3081 2580 3136 qua
2595 3074 2678 3122 est
2700 3077 2876 3124 mater
2897 3068 3136 3123 omnium
3159 3075 3424 3135 nostrum,
3446 3083 3554 3123 un-

1967 3156 2035 3211 de
2061 3157 2129 3211 ad
2153 3172 2252 3212 nos
2273 3159 2448 3228 gratia
2469 3159 2642 3214 sancti
2665 3158 2899 3229 Spiritus
2919 3160 3221 3226 descendit,
3244 3172 3345 3230 per
3379 3174 3542 3230 quam

1965 3250 2301 3305 renascimur
2327 3249 2458 3306 Deo.
2507 3248 2756 3306 Viderunt
2779 3269 2894 3307 eam
2919 3252 3048 3323 ﬁlia:
3078 3252 3208 3309 Sion
3237 3261 3288 3307 et
3310 3250 3550 3308 beatissi-

1961 3359 2103 3396 mam
2115 3342 2561 3414 prtedicaverunt:
2581 3346 2770 3416 regina:
2796 3355 2843 3400 et
2863 3345 3167 3401 concubina:
3191 3345 3540 3402 laudauerunt

1960 3449 2098 3487 eam.
2129 3431 2273 3500 Quas
2301 3434 2452 3504 prius
2471 3434 2607 3490 dixit
2632 3434 3081 3503 adolescentulas,
3116 3451 3260 3493 nunc
3279 3435 3417 3492 filias
3446 3451 3544 3492 no-

1960 3522 2152 3578 minat.
2193 3523 2411 3594 Regina
2453 3534 2509 3580 et
2545 3525 2860 3582 concubina
2885 3527 3030 3584 idem
3075 3535 3204 3584 sunt
3242 3543 3363 3598 qua
3383 3535 3529 3596 ante,

1960 3629 2079 3683 qua
2106 3628 2295 3670 omnes
2327 3615 2648 3672 catholicam
2674 3616 2897 3673 laudant
2923 3618 3243 3675 Ecclesiam.

2030 3704 2192 3760 Vens.
2227 3704 2312 3760 10.
2338 3736 2412 3747 -
2440 3705 2571 3773 Qua:
2611 3717 2687 3762 est
2729 3708 2831 3763 ista
2854 3725 2971 3780 qua:
3009 3710 3342 3782 progreditur
3386 3710 3541 3781 quasi

1958 3813 2154 3852 aurora
2184 3801 2540 3868 consurgens?
2573 3799 2926 3870 Progreditur
2949 3801 3190 3857 Ecclesia
3214 3802 3367 3872 quasi
3385 3817 3546 3856 auro-

1958 3903 2042 3952 ra,
2064 3888 2190 3957 quia
2207 3888 2320 3958 jam
2342 3889 2455 3942 veri
2477 3889 2696 3945 luminis
2719 3891 2774 3944 in
2807 3906 2870 3945 ea
2893 3891 2972 3946 sol
2992 3898 3165 3958 ortus,
3196 3890 3396 3946 mundo
3416 3899 3542 3960 post

1958 3978 2210 4033 tenebras
2238 3977 2410 4048 longa
2441 3980 2760 4048 ignorantia
2793 3988 3145 4036 monstratur.
3195 3979 3432 4036 Pulchra
3477 3990 3538 4036 ut

1957 4069 2120 4134 luna;
2149 4072 2272 4141 quia
2295 4073 2408 4126 sole
2423 4071 2646 4140 justitia
2673 4073 2939 4129 illustrata
2967 4083 3178 4130 noctem
3201 4076 3387 4132 mundi
3414 4076 3536 4131 illu-

1955 4162 2146 4217 minat.
2189 4162 2396 4235 [Electa
2425 4175 2479 4218 ut
2500 4163 2624 4238 sol],
2651 4167 2777 4236 quia
2813 4166 3100 4238 imaginem
3129 4168 3212 4223 sui
3241 4169 3538 4225 conditoris

1957 4255 2010 4310 in
2036 4257 2181 4311 omni
2201 4255 2430 4325 justitia,
2463 4259 2749 4315 sanctitate
2772 4268 2826 4315 et
2845 4261 3044 4330 pietate
3074 4257 3229 4333 [Cod.
3262 4259 3404 4329 ναι,
3441 4277 3538 4319 ve-

1955 4349 2140 4422 ritate]
2163 4356 2363 4421 portat.
2395 4350 2666 4408 Terribilis
2694 4362 2752 4408 ut
2783 4362 3071 4408 castrorum
3102 4355 3240 4409 acies
3263 4355 3528 4411 ordinata.

275 4452 566 4496 castrorum
597 4440 734 4494 acies
757 4439 1019 4494 ordinata.
1046 4438 1103 4494 Id
1125 4447 1224 4503 est,
1251 4438 1514 4494 charitate
1538 4437 1686 4492 unita
1718 4435 1852 4509 [Al.,
1878 4470 1933 4534 ι)
1958 4440 2239 4496 Terribilis
2284 4442 2425 4498 aeris
2464 4441 2619 4516 [Cod.
2659 4442 2802 4511 Vat.,
2847 4442 3043 4517 aereis]
3076 4445 3436 4517 potestatibus
3478 4445 3536 4502 in

270 4531 483 4604 juncta]
510 4540 565 4587 et
587 4541 883 4602 compacta,
907 4539 966 4586 ut
991 4530 1168 4586 nullus
1195 4531 1345 4586 locus
1366 4530 1508 4586 hosti
1532 4545 1629 4600 per
1654 4529 1856 4584 malum
1882 4529 1917 4534 ⁷
1957 4533 2166 4592 unitate
2191 4535 2495 4602 charitatis,
2525 4534 2649 4593 ﬁdei
2676 4545 2732 4593 et
2751 4537 2886 4609 spei.

279 4625 565 4683 discordia
591 4625 886 4696 aperiatur,
917 4625 1045 4695 quia
1074 4624 1411 4680 solummodo
1443 4622 1501 4679 in
1525 4621 1734 4679 unitate
1760 4637 1858 4695 pa-

279 4719 356 4774 cis
388 4717 659 4772 terribiles
682 4732 866 4772 sumus
883 4717 1045 4772 hosti.

233 4806 276 4854 ο
350 4812 514 4868 Vnus.
530 4809 582 4865 5.
595 4811 859 4864 -Αυενιε
877 4806 1053 4864 oculos
1076 4817 1192 4863 tuos
1215 4825 1248 4862 a
1263 4823 1363 4875 me,
1378 4806 1503 4879 quia
1518 4805 1620 4878 ipsi
1638 4822 1720 4862 me
1739 4821 1856 4861 auo-

281 4903 390 4960 lare
415 4906 668 4976 fecerunt.
699 4904 757 4959 ld
771 4912 875 4970 est,
892 4904 1076 4960 oculos
1101 4903 1298 4959 mentis
1317 4912 1442 4958 tua.
1468 4902 1589 4958 Noli
1613 4917 1856 4973 quaerere

283 4995 337 5052 in
368 5007 476 5053 tua
515 4997 965 5068 peregrinationis
1012 4997 1207 5052 itinere
1242 4995 1480 5068 perfecte
1524 5011 1611 5052 me
1652 5011 1854 5069 cogno-

284 5103 460 5154 scere,
506 5090 648 5159 quod
670 5088 785 5144 ﬁeri
815 5103 923 5143 non
949 5095 1151 5158 potest;
1181 5088 1305 5157 quia
1343 5101 1450 5157 quo
1484 5085 1742 5143 intentius
1769 5102 1857 5143 me

283 5195 572 5252 agnoscere
600 5180 812 5249 quaeris,
837 5193 901 5233 eo
928 5179 1128 5233 certius
1150 5193 1236 5232 me
1260 5177 1854 5246 incomprehensibilem

283 5287 402 5327 esse
435 5272 729 5344 intelliges;
756 5280 811 5327 et
831 5285 940 5326 non
964 5281 1172 5340 quaras
1200 5269 1256 5324 in
1279 5269 1363 5324 via
1387 5269 1685 5340 pramium,
1711 5271 1856 5340 quod

283 5365 379 5421 tibi
410 5370 463 5421 in
485 5367 657 5439 patria
681 5373 1008 5422 reservatur.
1044 5361 1234 5433 Capilli
1261 5363 1337 5416 tui
1360 5362 1494 5417 sicut
1516 5378 1643 5434 grex
1669 5379 1856 5433 capra-

285 5476 421 5525 rum,
443 5477 558 5532 qute
579 5467 933 5531 apparuerunt
958 5457 1023 5512 de
1043 5453 1270 5511 Galaad.

352 5554 520 5611 VEns.
537 5556 588 5610 6.
603 5555 872 5611 —Dentes
887 5554 964 5609 tui
989 5554 1120 5608 sicut
1139 5568 1314 5624 greges
1330 5549 1521 5616 ovium,
1536 5565 1654 5621 qua:
1674 5565 1854 5605 ascen-

281 5646 467 5704 derunt
497 5649 560 5704 de
581 5649 809 5715 lavacro,
831 5665 1006 5703 omnes
1021 5645 1247 5718 gemellis
1270 5645 1456 5716 fetibus
1477 5653 1524 5699 et
1537 5643 1727 5698 sterilis
1750 5659 1854 5698 non

2027 4626 2192 4682 Vens.
2235 4627 2322 4683 H.
2343 4658 2417 4669 —
2435 4628 2693 4684 Descendi
2721 4629 2790 4684 ad
2829 4630 3037 4686 hortum
3064 4646 3278 4700 nucum,
3309 4638 3368 4687 ut
3391 4647 3535 4688 vtae-

1955 4733 2065 4772 rem
2094 4735 2248 4790 poma
2268 4717 2537 4774 convallis.
2562 4718 2760 4775 Hortus
2785 4721 2982 4798 etenim
3009 4737 3206 4778 nucum
3231 4730 3315 4778 est
3345 4722 3536 4780 Eccle-

1955 4809 2034 4863 sia
2061 4809 2343 4879 praesentis
2371 4810 2552 4866 saeculi
2603 4808 2755 4883 [Cod.
2790 4810 2934 4879 Vat.,
2971 4812 3213 4871 Ecclesia
3245 4813 3531 4890 praesens],
3587 4858 3602 4874 η

1953 4901 2045 4955 ubi
2067 4911 2282 4957 nostras
2306 4901 2666 4958 conscientias
2686 4901 3005 4962 alterutrum
3026 4907 3246 4962 minime
3263 4907 3528 4976 videmus,

1955 4994 2048 5050 sed
2073 4992 2242 5050 fracta
2267 5009 2365 5065 per
2399 4994 2750 5052 tentationem
2779 5004 2918 5055 testa
2945 4999 3206 5068 corporis,
3247 4999 3530 5069 apparebit

1954 5085 2180 5141 interna
2205 5086 2501 5142 dulcedinis
2521 5096 2726 5159 gustus.
2751 5089 2918 5146 Poma
2936 5090 3192 5146 convallis
3211 5091 3420 5146 fructus
3442 5099 3527 5146 est

1953 5176 2294 5232 humilitatis.
2343 5177 2626 5234 Descendit
2648 5188 2832 5236 sancta
2876 5180 3112 5237 Ecclesia
3154 5195 3253 5250 per
3274 5181 3527 5237 doctores

1954 5275 2189 5332 sanctos,
2213 5266 2304 5338 qui
2323 5266 2613 5338 proﬁciunt
2633 5270 2701 5325 ad
2726 5270 2934 5328 fructus
2955 5270 3147 5337 bonos,
3170 5271 3328 5341 quive
3347 5271 3526 5328 adhuc

1953 5360 2192 5432 indigent
2227 5361 2484 5418 doctrina
2533 5363 2864 5436 irrigatione.
2904 5361 2972 5418 Ut
3005 5364 3308 5437 inspicerem
3335 5365 3383 5420 si
3415 5365 3520 5436 ﬂo—

1953 5453 2138 5508 ruisset
2179 5455 2345 5509 m'nea.
2383 5452 2705 5524 lnspicerem
2735 5455 2782 5510 si
2817 5454 3074 5510 virtutum
3103 5455 3279 5512 studia
3310 5455 3526 5515 ﬂoruis-

1951 5552 2090 5602 sent.
2120 5543 2190 5599 Et
2228 5545 2601 5616 geminassent
2627 5545 2768 5601 mala
2791 5546 3000 5618 punica.
3037 5546 3097 5602 Si
3132 5547 3226 5619 qui
3246 5548 3316 5605 ad
3340 5562 3524 5606 exem-

1949 5638 2097 5712 plum
2146 5637 2439 5694 Dominica
2483 5636 2749 5708 passionis
2794 5638 3082 5710 praeparati
3128 5647 3312 5697 essent
3361 5655 3521 5699 suum

283 5749 360 5795 est
392 5741 447 5797 in
487 5743 582 5797 eis.
612 5740 680 5798 Εἰ
715 5740 964 5798 versiculi
993 5740 1142 5810 prius
1174 5737 1403 5808 expositi
1431 5743 1585 5801 sunt,
1635 5737 1729 5793 sed
1767 5751 1854 5791 re-
1946 5731 2174 5788 fundere
2198 5729 2531 5799 sanguinem.
