4066 6444
1363 341 1422 398 Β.
1462 339 1538 398 F.’
1564 340 1793 399 ALBINI
1829 341 1964 401 SEU
2000 342 2279 404 ΑιρυιΝι
2315 347 2602 412 OPERUM
2638 350 2822 409 PARS
2855 348 2920 410 Π.

3722 362 3822 424 ϐϐι

545 477 911 539 ministerium
963 479 1205 537 ducenda
1257 480 1311 536 in
1361 480 1557 537 ﬁdem?
1587 481 1885 554 Synagogze
1928 485 2132 541 tacenti

2234 468 2416 528 omnia
2469 469 2704 542 reliquit.
2746 470 3006 542 Argentei
3051 487 3152 544 pro
3193 474 3341 532 omni
3397 476 3629 549 pecunia
3688 481 3826 538 acci-

547 575 663 650 ipse
692 575 956 647 Sponsus,
991 573 1121 644 quid
1145 574 1261 631 fieri
1293 575 1508 641 debeat,
1532 577 1812 648 respondit
1849 593 1863 630 :

620 668 787 726 Vnus.
839 670 981 727 9.-
1008 668 1070 725 Si
1117 683 1299 722 murus
1342 675 1441 732 est,
1481 666 1802 737 a‘diﬁcemus
1837 683 1992 738 super
2019 684 2137 722 eum

546 761 942 834 propugnacula
968 770 1234 832 argentea.
1258 758 1336 814 Ac
1361 759 1406 815 si
1432 759 1652 824 diceret,
1673 762 1718 816 si
1745 761 1954 832 aliquos
1973 762 2138 816 habet

548 855 605 910 in
631 869 690 912 se
713 854 880 911 fortes
900 855 954 909 in
976 853 1102 919 fide,
1126 853 1210 908 vel
1233 852 1407 908 claros
1432 852 1669 924 ingenio,
1691 854 1777 910 vel
1801 854 2137 925 philosophia

548 945 857 1009 instructos,
892 945 1152 1001 addemus
1181 944 1287 999 illis
1322 945 1724 1015 propugnacula
1765 953 2041 1016 argentea,
2083 944 2137 1000 id

546 1047 648 1104 est,
670 1037 946 1094 scientiam
964 1037 1269 1092 divinarum
1294 1035 1720 1108 Scripturarum,
1746 1045 1807 1092 ut
1836 1053 1900 1091 eo
1926 1037 2136 1094 facilius

544 1131 754 1201 possint
774 1130 939 1185 tutari
965 1129 1209 1186 infirmos
1233 1138 1397 1201 atque
1424 1131 1690 1186 indoctos.
1729 1129 1790 1186 Si
1820 1131 2010 1185 ostium
2035 1140 2134 1197 est,

545 1223 936 1294 compingamus
961 1220 1096 1276 illud
1125 1220 1319 1276 tabulis
1341 1220 1588 1276 cedrinis.
1625 1219 1682 1275 Si
1709 1222 1817 1276 sint
1839 1220 2133 1290 simplices,

543 1323 727 1368 tamen
775 1314 1002 1370 docendi
1056 1313 1235 1369 studio
1284 1313 1578 1379 inhiantes,
1629 1327 1995 1383 proponamus
2030 1312 2135 1367 illis

540 1405 787 1476 priorum
818 1405 1064 1475 exempla
1090 1405 1384 1475 iustorum,
1415 1421 1524 1476 quo
1559 1406 1762 1460 certius
1785 1413 1841 1460 et
1865 1404 2135 1460 efﬁcacius

541 1497 768 1553 docendi
799 1513 935 1569 opus
962 1499 1188 1570 implere
1209 1499 1437 1570 possint.
1468 1498 1650 1560 Cedri.
1669 1499 1896 1554 virtutes
1919 1507 2135 1554 sancto-

538 1605 682 1655 rum,
711 1599 766 1645 et
801 1591 997 1646 tabulae
1030 1591 1370 1647 latitudinem
1399 1591 1683 1647 charitatis
1714 1591 2018 1659 designant.
2051 1590 2135 1646 Ad

539 1679 658 1738 haec
682 1682 798 1755 ipsa
832 1684 1119 1754 respondet
1141 1683 1404 1739 Ecclesia.

615 1775 775 1832 Vsus.
815 1775 1117 1848 l0.—Ego
1146 1793 1350 1833 murus.
1393 1775 1506 1848 Ego
1555 1774 1620 1830 de
1667 1775 1805 1830 vivis
1850 1783 2129 1846 compacta

538 1881 657 1921 sum
678 1859 973 1935 lapidibus,
1009 1873 1066 1920 et
1092 1866 1300 1935 glutino
1327 1865 1614 1920 charitatis
1639 1865 1897 1931 adunata,
1945 1874 2002 1920 et
2035 1880 2130 1921 su-

537 1971 638 2027 per
659 1955 1068 2012 fundamentum
1096 1957 1372 2013 immobile
1400 1956 1685 2013 aadificata.
1719 1957 1788 2012 Et
1831 1958 1990 2012 ubera
2015 1975 2132 2013 mea

535 2048 673 2102 sicut
696 2050 880 2117 turris,
909 2065 973 2104 ex
999 2067 1102 2120 quo
1129 2049 1271 2120 facta
1291 2067 1407 2103 sum
1429 2065 1607 2104 coram
1633 2065 1710 2114 eo,
1736 2049 1789 2104 id
1816 2060 1920 2115 est,
1945 2050 2135 2105 docto-

533 2154 627 2195 res
657 2140 863 2196 habens
905 2140 1234 2197 fortissimos
1277 2156 1377 2196 ceu
1424 2141 1609 2206 turris,
1636 2141 1740 2211 .-qui
1780 2148 1835 2196 et
1863 2141 2132 2211 [parvulos

533 2231 749 2287 nutrire
774 2232 953 2287 sciunt
978 2241 1034 2288 et
1057 2233 1240 2288 omnia
1264 2231 1484 2303 maligni
1510 2231 1690 2302 jacula
1740 2231 2030 2302 expellere.
2063 2231 2134 2287 Et

533 2323 640 2380 hoc
667 2325 801 2380 mihi
831 2325 1028 2382 accidit
1073 2341 1140 2381 ex
1187 2341 1254 2382 eo
1305 2334 1567 2396 tempore,
1623 2340 1732 2396 quo
1761 2324 2011 2380 Christus
2045 2341 2133 2382 me

534 2417 930 2483 reconciliavit,
962 2415 1041 2490 [et
1068 2432 1256 2488 pacem
1288 2431 1386 2488 per
1415 2431 1537 2470 eum
1587 2414 1808 2488 reperi].
1840 2414 2006 2482 Quasi
2031 2432 2130 2484 pa-

533 2525 646 2564 cem
668 2511 946 2582 reperiens.
976 2509 1112 2579 Quia
1133 2511 1245 2581 ipse
1265 2519 1348 2566 est
1375 2525 1481 2582 pax
1508 2523 1654 2571 vera,
1673 2507 1878 2565 faciens
1903 2518 2132 2578 utraque

533 2617 724 2657 unum.
826 2605 833 2613 '

603 2694 770 2750 Vens.
813 2696 985 2750 H.—
1006 2694 1170 2752 Vinea
1198 2697 1296 2768 fuit
1333 2697 1554 2768 pacifica
1589 2697 1647 2751 in
1692 2713 1776 2763 ea,
1825 2712 1944 2769 qua:
1979 2697 2130 2752 liabet

530 2784 771 2857 populos.
803 2786 996 2853 Vinea,
1015 2787 1068 2842 id
1088 2796 1188 2852 est,
1208 2787 1476 2844 catholica
1502 2787 1745 2844 Ecclesia
1769 2787 1948 2843 fructu
1966 2790 2132 2844 abun-

533 2875 669 2930 dans
701 2874 848 2941 fidei,
900 2876 1004 2931 fuit
1047 2878 1291 2948 pacifico,
1346 2878 1402 2933 id
1449 2887 1533 2934 est
1557 2877 1796 2944 Christo,
1833 2878 1924 2948 qui
1946 2879 2131 2936 omnia

530 2963 843 3036 pacificavit
871 2967 925 3022 in
957 2968 1110 3023 cmlis
1138 2976 1192 3024 et
1219 2969 1274 3024 in
1305 2969 1464 3024 terris
1491 2969 1548 3023 in
1576 2983 1637 3023 ea
1686 2971 2125 3041 congregatione,

529 3074 652 3129 qua:
707 3058 907 3115 multos
955 3061 1183 3131 p0pulos
1227 3060 1467 3131 possedit
1520 3075 1584 3115 ex
1615 3067 1728 3114 toto
1753 3060 1902 3123 orbe,
1938 3074 2045 3114 non
2073 3060 2129 3116 in

529 3151 716 3210 Judtea
743 3156 938 3211 solum.
975 3155 1216 3211 Tradidit
1255 3173 1370 3212 eam
1411 3156 1735 3223 custodibus,
1767 3155 2044 3227 prophetis
2073 3163 2128 3212 et

531 3246 813 3316 apostolis,
860 3247 945 3302 vel
1003 3248 1260 3320 angelicis
1301 3249 1670 3321 dignitatibus.
1723 3247 1819 3303 Vir
1848 3250 2001 3320 amart
2029 3266 2124 3320 pro

531 3336 709 3407 [ructu
747 3339 863 3408 ejus
908 3339 1052 3393 mille
1092 3351 1380 3411 argenteos.
1431 3341 1488 3396 ld
1511 3350 1614 3407 est,
1641 3357 1739 3412 pro
1770 3340 2127 3396 retributione

530 3433 735 3480 mterna
761 3425 922 3495 huius
964 3429 1154 3496 vineae,
1192 3430 1349 3486 affert
1377 3431 1523 3486 mille
1570 3441 1888 3501 argenteos;
1931 3432 1986 3486 id
2019 3414 2123 3498 est,

529 3532 631 3590 pro
661 3521 1014 3591 acquisitione
1038 3525 1187 3593 regni
1214 3525 1470 3589 ccelestis,
1488 3525 1581 3596 qui
1597 3532 1680 3580 est
1704 3523 1911 3579 fructus
1931 3523 2122 3589 vineae,

532 3623 754 3682 cuncta,
784 3632 904 3687 qua:
933 3618 1120 3673 mundi
1149 3628 1294 3684 sunt,
1319 3620 1560 3690 reliquit.
1588 3617 1918 3673 Millenarius
1938 3632 2130 3673 nume-

531 3720 628 3763 rus
670 3721 772 3778 pro
819 3709 1150 3779 perfectione
1194 3711 1432 3783 ponitur,
1464 3711 1518 3766 id
1547 3720 1631 3767 est
1660 3708 1776 3775 fF.,
1805 3708 1995 3783 illius],
2035 3710 2127 3780 qui

2237 558 2478 627 piuntur.

2310 651 2474 706 Vens.
2514 653 2600 707 12.
2619 684 2691 694 -
2720 653 2884 709 Vinea
2907 672 3023 710 mea
3061 673 3240 712 coram
3265 675 3348 714 me
3368 670 3463 714 est.
3488 659 3561 715 Et
3586 660 3707 718 haec
3727 679 3828 721 vox

2239 740 2433 812 Sponsi
2463 751 2565 799 est.
2597 746 2798 801 Verum
2827 747 2929 802 etsi
2958 755 3013 804 te
3039 748 3160 804 aliis
3189 751 3565 807 commendem
3589 754 3828 810 custodi-

2237 833 2358 899 bus,
2388 841 2569 889 tamen
2597 843 2649 889 te
2681 851 2898 907 semper
2942 837 2996 891 in
3045 852 3164 893 mea
3205 839 3378 894 habeo
3405 843 3724 910 praesentia,
3756 844 3830 899 vi-

2237 925 2370 981 dens
2396 935 2451 981 et
2477 943 2830 983 remunerans
2859 928 3061 984 laboris
3089 930 3165 985 tui
3207 930 3548 987 devotionem
3577 934 3632 989 in
3658 937 3831 992 omni-

2235 1017 2356 1074 bus.
2378 1017 2524 1074 Mille
2547 1020 2623 1073 tui
2643 1021 2872 1091 paciﬁci.
2899 1020 3042 1076 Mille
3067 1022 3166 1088 tui,
3190 1023 3529 1091 subauditur,
3555 1028 3828 1099 argentei;

2235 1109 2388 1180 quasi
2417 1110 2663 1176 dixisset,
2689 1111 2782 1182 qui
2809 1127 2907 1182 pro
2932 1127 3118 1168 amore
3165 1129 3284 1170 meo
3304 1123 3499 1172 cuncta
3521 1133 3622 1172 sua
3654 1119 3832 1176 dimit-

2236 1209 2376 1267 tunt,
2409 1203 2462 1257 in
2506 1217 2640 1272 pace
2681 1204 2886 1259 habent
2932 1213 3227 1272 reservata,
3269 1207 3586 1280 significans
3621 1211 3828 1282 simpli-

2234 1295 2411 1350 ciores
2442 1296 2497 1350 in
2546 1295 2808 1363 Ecclesia,
2840 1299 2931 1366 qui
2971 1314 3189 1355 omnem
3246 1302 3609 1358 substantiam
3651 1320 3827 1374 suam,

2235 1387 2538 1443 millenario
2585 1404 2812 1444 numero
2857 1391 3216 1463 designatam,
3271 1409 3369 1464 pro
3424 1395 3699 1453 charitate
3742 1399 3829 1455 Dei

2234 1483 2506 1536 amittunt.
2537 1481 2607 1536 Et
2646 1482 2854 1537 ducenti
2883 1484 2983 1548 Itis,
3006 1485 3096 1555 qui
3125 1487 3427 1540 custodiunt
3451 1487 3660 1558 [ructus
3695 1491 3826 1562 ejus.

2233 1571 2288 1626 Id
2319 1579 2422 1637 est,
2454 1572 2696 1643 argentei
2718 1572 2821 1639 his,
2850 1575 2940 1644 qui
2973 1575 3284 1630 custodiunt
3330 1575 3536 1634 fructus
3563 1579 3719 1650 ejus;
3745 1582 3827 1651 qui

2234 1673 2360 1720 sunt
2389 1665 2638 1720 doctores
2666 1667 2860 1732 sancti,
2891 1668 2984 1738 qui
3009 1669 3187 1723 omnia
3219 1669 3406 1725 mundi
3447 1671 3756 1739 dimittunt,
3781 1685 3830 1730 et

2235 1761 2288 1816 in
2311 1761 2478 1816 verbo
2500 1762 2900 1831 prtedicationis
2942 1763 3190 1818 laborare
3219 1779 3327 1819 non
3359 1773 3596 1820 cessant.
3630 1765 3699 1820 Hi
3727 1767 3821 1821 du-

2234 1857 2360 1928 plici
2391 1858 2844 1926 remuneratione,
2873 1874 2994 1928 qua:
3021 1859 3340 1914 ducentario
3364 1859 3709 1931 designatur,
3743 1863 3828 1917 do-

2233 1959 2437 2007 nantur
2462 1951 2601 2021 apud
2624 1966 2732 2006 me.

2304 2044 2469 2100 Vsus.
2508 2043 2594 2098 15.
2615 2074 2686 2084 -
2711 2042 2816 2110 Qui
2859 2043 3066 2098 habitas
3095 2045 3152 2098 in
3187 2045 3375 2111 hortis,
3428 2061 3585 2100 amics
3621 2049 3829 2102 auscul-

2233 2145 2364 2191 tant.
2398 2134 2534 2204 Quia
2564 2135 2762 2192 locutio
2790 2145 2976 2192 nostra
3009 2137 3242 2193 finienda
3292 2145 3395 2203 est,
3445 2139 3550 2196 hoc
3581 2141 3826 2199 ultimum

2231 2228 2351 2283 vale
2379 2241 2523 2283 ame
2549 2228 2750 2283 audito.
2804 2227 3030 2299 Semper
3075 2228 3282 2284 habitat
3334 2226 3503 2302 [Cod.
3559 2227 3704 2296 Vat.,
3740 2233 3828 2286 ha—
3925 2262 3932 2269 -

2232 2321 2366 2394 bita]
2393 2323 2446 2378 in
2479 2322 2654 2378 hortis
2682 2322 2966 2388 virtutum,
2998 2331 3053 2378 et
3098 2324 3235 2379 scito
3274 2325 3634 2395 quod-amici,
3667 2327 3717 2381 id
3743 2336 3822 2382 est

2233 2414 2461 2486 angelici
2489 2416 2713 2486 spiritus
2739 2422 2795 2470 et
2819 2417 3014 2470 anlmae
3039 2424 3371 2480 sanctorum,
3392 2433 3613 2489 semper
3637 2428 3691 2474 te
3710 2437 3826 2476 con-

2233 2509 2474 2564 siderant
2509 2517 2562 2562 et
2603 2515 2698 2564 tuo
2748 2510 2986 2580 gaudent
3035 2507 3302 2578 profectu.
3361 2500 3477 2564 Fac
3524 2528 3608 2565 me
3651 2513 3827 2568 audire

2232 2616 2405 2655 vocem
2430 2608 2596 2655 tuam.
2623 2600 2680 2655 ld
2707 2608 2810 2665 est,
2845 2615 2949 2656 vox
3002 2601 3422 2670 pratdicationis,
3450 2610 3717 2672 quantum
3743 2617 3826 2657 ra-

2232 2694 2334 2761 les,
2377 2710 2592 2766 semper
2637 2694 2891 2750 audiatur
2933 2709 2965 2748 a
3021 2709 3143 2765 me.
3186 2693 3270 2751 Ad
3321 2695 3439 2752 haec
3487 2711 3690 2768 sponsa
3722 2709 3824 2752 res-

2230 2788 2418 2860 pondit
2455 2806 2469 2842 :

2304 2881 2470 2936 Vens.
2515 2878 2604 2933 14.
2623 2909 2695 2920 --
2714 2876 2884 2951 Fuge,
2909 2879 3095 2934 dilecte
3117 2879 3206 2946 mi,
3235 2889 3284 2936 et
3313 2881 3612 2937 assimilare
3632 2899 3825 2955 caprea:

2230 2972 2552 3044 [tinnulaque
2576 2988 2844 3026 cervorum
2869 2989 3027 3044 super
3070 2983 3270 3027 montes
3313 2985 3632 3029 aromatum.
3678 2974 3752 3031 Ac
3783 2975 3824 3031 si

2231 3071 2416 3131 aperte
2437 3063 2581 3118 dicat
2605 3063 2861 3132 quoniam
2885 3063 2938 3117 in
2969 3078 3134 3118 carne
3173 3079 3437 3134 apparens
3469 3078 3739 3136 prarcepta
3767 3082 3826 3124 ac

2231 3154 2369 3210 dona
2397 3155 2521 3210 vita:
2550 3155 2682 3210 mihi
2711 3155 2897 3220 tulisti,
2922 3171 3065 3212 nunc
3093 3156 3180 3212 his
3207 3158 3441 3227 peractis
3473 3167 3746 3214 revertere
3774 3161 3822 3214 in

2231 3249 2409 3304 sinum
2436 3247 2615 3302 Patris
2643 3245 2696 3320 [ο
2725 3249 2797 3302 mi
2835 3247 3038 3312 dilecte,
3077 3249 3374 3303 assimilare
3402 3267 3606 3320 caprea’
3640 3251 3821 3304 hinnu-

2232 3341 2383 3413 loque
2408 3355 2671 3394 cervorum
2695 3358 2839 3412 super
2876 3350 3075 3396 montes
3111 3341 3455 3414 aromatum].
3480 3343 3548 3396 Et
3567 3344 3673 3398 hoc
3696 3343 3820 3398 mihi

2232 3433 2304 3488 sit
2333 3431 2607 3498 solatium,
2635 3431 2776 3502 quod
2801 3447 2922 3487 cum
2971 3433 3225 3488 continua
3257 3433 3465 3488 visione
3495 3450 3602 3489 non
3632 3449 3818 3505 queam

2235 3523 2391 3598 [Cod.
2429 3523 2573 3588 Vat.,
2606 3523 2839 3597 nequeo]
2873 3531 2924 3578 te
2953 3539 3194 3590 cernere,
3236 3525 3430 3578 saltem
3459 3523 3654 3579 crebra
3700 3522 3818 3578 visi-

2231 3615 2439 3671 tatione
2460 3629 2548 3670 me
2577 3614 2847 3670 consolari
2873 3614 3084 3685 dignari
3112 3613 3246 3670 velis
3273 3612 3430 3686 [ϐοά.
3477 3612 3619 3679 Vat.,
3647 3613 3816 3668 saltim

2230 3708 2422 3764 crebra
2453 3706 2662 3762 visione
2687 3720 2772 3760 me
2801 3705 3072 3761 consolari
3102 3703 3421 3778 memento].

1576 3982 1744 4058 5.08
1771 3972 2165 4037 EPISTOLA
2208 3973 2320 4035 AD
2361 3972 2748 4039 DAPHNIN.

650 4121 746 4186 De
779 4120 894 4188 illo
947 4121 1213 4188 Cantico
1247 4122 1645 4188 canticorum
1689 4122 1831 4188 loco
1870 4143 1886 4183 :
1939 4141 1968 4172 ι
2003 4119 2347 4200 Sexaginta
2392 4129 2539 4184 sunt
2592 4121 2820 4203 reginae
2867 4128 2925 4184 et
2972 4121 3296 4203 octoginta
3345 4122 3703 4187 concubina.-

1945 4219 2142 4301 (Cant.
2189 4235 2275 4292 vr,
2331 4219 2416 4302 7).

966 4430 1284 4490 MONITUM
1314 4428 1674 4488 PREVIUM.

603 4581 930 4652 Praesentem
956 4580 1263 4652 epistolam,
1291 4580 2016 4652 seuicommentatiuncnlam
2043 4584 2122 4640 ci-

532 4653 631 4710 tati
659 4669 726 4708 ex
752 4651 1143 4723 Canticis’rloci,
1175 4653 1351 4723 primo
1377 4651 1650 4708 Canisium
1695 4662 1826 4709 tom.
1858 4651 1925 4709 VI
1965 4654 2118 4711 Lect.

529 4723 742 4795 Antiq.,
770 4739 891 4795 pag.
910 4722 1210 4798 ﬁlio-368,:
1233 4739 1345 4798 seu
1378 4733 1509 4778 tom.
1552 4723 1616 4798 _ll_
1653 4724 1785 4798 edit.
1809 4795 1820 4798 _
1843 4723 2116 4798 Basnagii,

530 4794 880 4877 partitgpag.
907 4794 1032 4877 53f),
1049 4810 1115 4850 ex
1140 4795 1464 4877 bibliotheca
1487 4794 1822 4877 celeberrimi
1843 4794 2118 4877 monaste-

531 4865 598 4921 rii
625 4867 682 4920 S.
709 4865 867 4930 Galli,
885 4865 1113 4921 edidisse
1134 4867 1405 4932 creditur;
1433 4867 1681 4936 quamvis
1701 4867 1966 4922 Antonius
1985 4868 2117 4926 Pos-

531 4938 768 5002 sevinus,
799 4945 930 5009 tom.
955 4936 972 4990 l
997 4937 1251 5007 Apparat.
1285 4936 1458 5009 Sacri,
1489 4953 1608 5009 pag.
1634 4938 1723 5002 55,
1755 4938 2115 5009 antiquiorem

529 5009 840 5070 editionem,
869 5007 1062 5063 factam
1088 5022 1229 5062 anno
1261 5007 1414 5072 l568,
1442 5024 1548 5062 una
1567 5007 1696 5062 cum
1726 5007 2117 5066 commentario

531 5079 587 5133 in
631 5077 896 5143 Psalmos,
927 5086 1228 5132 recenseat.
1278 5077 1358 5133 Cl.
1406 5078 1774 5146 Quercetanus
1820 5081 2114 5137 editionem

531 5148 735 5204 Canisii
765 5156 982 5204 secutus
1001 5156 1104 5212 est,
1134 5148 1386 5218 illamque
1414 5150 1553 5205 inter
1601 5150 1774 5218 Opera
1804 5150 1864 5204 Β.
1896 5149 1975 5204 Fl.
2025 5151 2117 5206 Al-

532 5220 676 5274 cuini
705 5220 976 5292 recensuit
998 5233 1123 5292 pag.
1155 5219 1278 5275 506.
1311 5219 1481 5287 Quam
1527 5221 1819 5276 editionem
1850 5237 1950 5277 nos
1978 5238 2116 5292 quo-

533 5305 638 5373 que
659 5290 954 5373 sequimur,
988 5290 1238 5373 collatam
1267 5307 1395 5373 cum.
1409 5292 1586 5373 veteri
1635 5293 1820 5373 codice
1867 5309 1967 5347 ms.
1996 5290 2117 5373 28a-

532 5360 875 5432 lisburgensi,
900 5361 1042 5416 unde
1065 5362 1325 5432 quasdam
1347 5361 1655 5432 differentes
1675 5363 1934 5419 lectiones
1957 5365 2120 5420 adno-

532 5431 787 5486 tavimus.
831 5432 1069 5498 Iuvenis,
1114 5433 1169 5488 ni
1211 5433 1389 5503 fallor,
1419 5433 1495 5486 ait
1538 5431 1832 5501 Basnagius
1859 5435 1962 5490 loc.
1999 5437 2120 5502 cit.,

531 5512 643 5573 erat
688 5503 878 5568 adhuc,
917 5518 1048 5573 cum
1090 5505 1224 5558 hanc
1261 5503 1533 5573 epistolam
1566 5503 1785 5573 scripsit
1830 5503 2120 5568 Alcuinus;

531 5571 719 5646 quippe
740 5573 881 5646 inter
906 5571 1196 5646 familiares
1222 5571 1434 5628 latitare
1455 5571 1717 5646 cupiebat,
1737 5573 2006 5629 doctorum
2018 5578 2113 5646 ju-

533 5640 676 5694 dicia
705 5643 1075 5768 reformidans,
1099 5659 1190 5698 nec
1217 5660 1396 5698 eorum
1421 5640 1718 5713 conspeeui
1749 5659 1866 5698 sese
1887 5640 2118 5713 praesen-

535 5717 651 5766 tare
673 5726 740 5766 au
781 5715 924 5768 ebat.
957 5714 1112 5767 Parvi
1138 5729 1348 5768 auoaue
1392 5713 1649 5768 momenti
1693 5729 1813 5768 esse
1841 5715 1977 5768 hanc
2003 5717 2117 5768 eni-

2224 4405 2421 4462 stolam
2452 4413 2676 4461 censent
2702 4404 2994 4476 scriptores
3020 4403 3158 4460 Hist.
3201 4405 3306 4461 litt.
3347 4407 3599 4465 Francia:
3621 4451 3636 4476 ,
3685 4417 3809 4466 tom.

2226 4477 2315 4529 IV.
2346 4492 2469 4529 nae.
2497 4475 2622 4529 505.
2653 4492 2708 4529 n.
2741 4475 2794 4528 6.

2226 4477 2315 4542 IV,
2346 4492 2469 4599 pag).
2497 4477 2628 4560 505ἱ
2653 4492 2708 4531 n.
2741 4477 2794 4528 6.
2948 4547 2959 4557 .
3005 4547 3018 4559 υ
3183 4547 3195 4559 .
3391 4549 3404 4562 .
3479 4551 3492 4562 _
3793 4550 3807 4563 ο

2299 4548 2375 4622 De
2412 4547 2771 4622 __ap_hnt_seu_
2793 4546 3247 4622 Daphtnromma
3281 4547 3437 4604 nobis
3479 4561 3683 4622 ignota,
3714 4551 3808 4613 nisi

2227 4617 2370 4689 quod
2396 4614 2607 4689 Alcuini
2637 4614 2801 4689 fuerit
2823 4614 3135 4689 discipulus,
3165 4618 3251 4689 cui
3277 4634 3431 4674 suum
3471 4614 3715 4679 dolorem
3751 4625 3808 4676 de

2269 4702 2498 4761 erversag
2522 4687 2735 4743 vivendi
2766 4688 2993 4761 ratione,
3022 4689 3107 4761 cui
3137 4688 3274 4761 alter
3295 4691 3617 4761 discipulus,
3649 4693 3807 4750 Cucu-

2269 4705 2486 4744 crversa
2522 4705 2735 4743 Vivenat
2766 4705 2993 4752 ratione,
3022 4705 3107 4742 θυι
3137 4705 3274 4744 alter
3295 4705 3617 4761 mscnpulus,
3649 4705 3806 4750 Cucu-

2229 4705 2313 4836 KIS
2358 4759 2596 4836 nomine,
2652 4773 2710 4836 se
2752 4759 2990 4821 dederat,
3037 4759 3377 4836 significavit,
3429 4778 3594 4836 quem
3623 4765 3806 4836 plangit

2229 4778 2313 4816 IIIS
2358 4778 2596 4823 nomine,
2652 4778 2710 4813 se
2752 4778 2990 4821 ﬂeuerat,
3037 4778 3377 4830 Stgnlncavtt,
3429 4778 3594 4887 ille“!
3623 4778 3801 4836 plangit

2228 4829 2776 4904 singularicarmine,
2795 4845 2898 4904 suo
2918 4844 3134 4900 quoque
3160 4830 3278 4886 loco
3319 4847 3388 4886 ex
3485 4836 3713 4892 nalectis
3732 4833 3801 4904 Cl.

2229 4901 2519 4956 Mabillonii
2541 4901 2864 4955 exhibendo.

2298 4993 2658 5048 Dilectissimo
2687 4991 2796 5048 filio
2823 5008 2944 5049 meo
2964 4993 3198 5066 Daphini
3216 4995 3368 5068 [.Hs.,
3389 4997 3650 5073 Daphni],
3673 4999 3803 5056 Albi-

2225 5103 2328 5142 nus
2356 5086 2517 5140 Pater
2545 5085 2793 5141 salutem.

2292 5174 2428 5242 Quia
2455 5174 2662 5245 pridem
2691 5175 2758 5231 de
2782 5191 3132 5232 numerorum
3157 5178 3367 5234 ratione
3394 5195 3609 5237 mecum
3638 5181 3801 5254 egisti,

2223 5269 2564 5340 interrogans
2591 5269 2860 5337 quomodo
2892 5271 2944 5324 in
2971 5270 3425 5328 excellentissimo
3459 5275 3684 5331 Cantico
3716 5275 3802 5330 Sa-

2222 5360 2453 5415 lomonis
2475 5361 2856 5429 sexagenarius
2884 5377 3140 5416 numerus
3177 5364 3378 5432 reginis
3405 5368 3735 5433 conveniret,
3753 5372 3801 5420 et

2222 5452 2603 5522 octogenarius
2632 5453 2966 5519 concubinis,
3019 5461 3074 5508 et
3118 5471 3217 5508 cur
3259 5456 3670 5515 adulescentula:
3694 5459 3798 5514 sine

2227 5558 2453 5596 numero
2475 5552 2654 5598 essent
2683 5561 2696 5596 :
2727 5543 2890 5614 igitur
2916 5552 2971 5598 et
2997 5545 3043 5600 si
3075 5547 3315 5602 noverim
3347 5558 3396 5603 te
3419 5549 3631 5618 plenam
3651 5549 3792 5623 μὴ..

2218 5633 2532 5704 plcnariam]
2565 5634 2723 5703 hujus
2749 5637 3012 5692 rationem
3038 5639 3093 5692 in
3115 5649 3424 5697 sanctorum
3450 5643 3671 5699 Patrum
3695 5653 3788 5699 tra-

535 5717 651 5766 tare
673 5713 924 5768 audebat.
957 5714 1112 5767 Parvi
1138 5729 1348 5784 quoque
1392 5713 1649 5768 momenti
1693 5729 1813 5769 esse
1841 5715 1977 5769 hanc
2003 5717 2117 5784 epi-
2217 5725 2450 5779 ctatibus
2483 5726 2694 5796 legisse,
2732 5735 2909 5783 tamen
2937 5746 3003 5784 ne
3027 5739 3171 5785 tuam
3193 5734 3514 5790 contristem
3541 5736 3783 5794 sollicitu-

607 5835 634 5864 ι
663 5825 724 5885 In
752 5826 884 5886 ϐοάς
912 5842 1013 5887 ms.
1045 5827 1239 5889 Sallsb.
1283 5827 1471 5888 titulus
1495 5843 1508 5886 l
1539 5831 1616 5888 De
1654 5830 1992 5902 “sagmaria
2018 5845 2234 5897 numra
2257 5839 2574 5911 reginarum,
2600 5849 2650 5898 et
2670 5844 3001 5916 octogenario
3021 5845 3453 5908 concubinarum.
