4072 6340
255 339 354 404 065

888 339 1300 400 EXEGETICA.
1323 334 1748 398 -—COM-MENT.
1785 335 1856 392 IN
1888 333 2415 396 ECCLESIASTEN.
2453 327 2843 398 PREFATIO.

3385 351 3491 412 666

251 464 444 527 dinem,
473 459 668 516 'dicam
713 457 857 530 quod
882 473 1016 514 mere
1062 457 1273 513 videtur
1325 456 1609 528 imperitiae
1653 466 1811 526 posse
1836 453 1888 515 Δ
1913 452 2099 508 decem
2122 469 2290 525 usque
2306 455 2373 510 ad
2394 462 2629 510 centum.
2654 454 2833 510 Tertia
2853 470 2883 510 a
2907 458 3214 516 centenario
3233 475 3403 534 usque
3422 467 3492 523 ad

224 554 552 620 convenire,
575 562 630 608 et
659 551 802 623 quod
827 559 1031 606 tantum
1054 551 1195 607 inter
1234 549 1528 604 familiares
1554 561 1713 603 aures
1738 545 1816 599 la-
1914 545 2292 600 millenarium.
2333 546 2402 601 Et
2440 547 2682 601 eamdem
2725 547 2964 617 regulam
3006 549 3353 620 perfectionis
3387 555 3495 627 [vel

247 647 400 707 titare
420 647 602 712 velim,
626 647 751 714 quia
777 659 860 699 me
886 643 1094 715 publice
1145 640 1300 714 [Ms.,
1328 637 1564 711 publico]
1588 652 1811 706 magno-

248 755 361 796 rum
384 738 658 793 doctorum
683 735 886 804 judicio
910 740 1235 804 praesentare
1261 746 1366 786 non
1391 731 1578 784 audeo.

311 831 563 902 Legimus
585 831 728 885 enim
754 827 809 885 in
836 842 1182 882 numerorum
1209 824 1558 880 subtilissima
1583 821 1812 888 ratione,

245 925 374 980 alios
392 937 646 978 numeros
671 937 789 978 esse
812 936 994 992 pares,
1021 920 1444 988 alios.impares;
1491 924 1544 972 et
1568 917 1697 970 item
1719 929 1814 984 pa-

240 1014 380 1070 rium
410 1029 754 1068 numerorum
778 1012 912 1067 alios
936 1026 1054 1066 esse
1082 1008 1371 1080 perfectos,
1399 1008 1535 1062 alios
1567 1021 1686 1061 esse
1713 1005 1814 1059 im-

238 1107 544 1178 perfectos:
577 1106 705 1160 item
748 1109 803 1160 et
829 1103 1267 1174 imperfectorum
1309 1101 1444 1155 alios
1483 1114 1604 1154 esse
1629 1113 1815 1170 super-

237 1199 393 1263 ﬂuos,
419 1198 553 1253 alios
577 1198 818 1269 exiguos.
867 1195 1031 1251 Pares
1079 1202 1260 1249 autem
1305 1191 1515 1247 numeri
1546 1200 1689 1256 sunt,
1720 1189 1812 1260 qui

238 1291 288 1345 in
320 1290 428 1344 duo
448 1289 671 1360 aequalia
712 1287 876 1343 dividi
929 1293 1154 1357 possunt
1187 1302 1200 1339 :
1231 1292 1291 1339 ut
1319 1291 1440 1339 octo
1465 1283 1518 1336 in
1555 1282 1638 1336 his
1681 1295 1814 1351 qua-

234 1390 378 1446 tuor,
404 1389 457 1435 et
484 1389 713 1449 quatuor
737 1379 791 1434 in
821 1378 905 1434 bis
930 1378 1056 1432 duo.
1080 1376 1319 1447 Impares
1343 1381 1486 1438 sunt,
1515 1372 1607 1441 qui
1630 1371 1682 1425 in
1709 1371 1813 1426 duo

233 1473 462 1542 aequalia
504 1472 667 1527 dividi
699 1485 805 1525 non
831 1476 1074 1540 possunt,
1113 1475 1174 1522 ut
1212 1475 1415 1536 septem
1463 1463 1545 1517 vel
1587 1476 1808 1526 novem;

231 1578 368 1633 quos
397 1563 440 1617 si
472 1562 700 1627 dividas,
722 1563 856 1616 duas
876 1559 1112 1630 aequales
1139 1558 1193 1612 in
1215 1559 1294 1612 eis
1323 1553 1547 1628 [partes]
1571 1552 1812 1607 invenire

230 1671 332 1709 non
358 1655 560 1724 poteris
592 1669 606 1708 :
640 1654 768 1707 item
817 1653 1054 1722 ipsorum
1103 1649 1315 1720 parium
1345 1660 1693 1701 numerorum
1719 1642 1811 1698 alii

228 1753 353 1801 sunt
381 1744 628 1816 perfecti,
657 1745 747 1799 alii
771 1742 1092 1814 imperfecti.
1126 1741 1403 1796 Perfectus
1432 1752 1689 1794 numerus
1727 1745 1810 1792 est

1913 637 2376 713 imperfectionis],
2401 656 2518 710 quae
2542 639 2687 712 [Leg.
2707 640 2889 712 quam]
2912 641 3084 711 prima
3103 644 3280 700 unitas
3301 646 3356 700 iu
3382 648 3495 706 suis

1909 730 2154 785 numeris
2179 746 2278 802 pro
2309 729 2462 802 [Ms.,
2495 729 2617 803 sub]
2651 731 2872 786 denario
2901 743 3112 800 servat,
3162 739 3406 794 eamdem
3440 748 3496 796 et

1913 822 2199 876 secundam
2247 823 2301 876 in
2337 823 2450 877 suis
2495 822 2730 877 denariis
2781 824 2879 878 sub
2923 827 3229 884 centenario
3280 845 3497 888 servare

1913 928 2134 969 necesse
2161 922 2263 969 est.
2287 914 2419 968 Nam
2451 914 2588 968 sicut
2613 914 2859 970 senarius
2883 931 3138 972 numerus
3162 918 3215 973 in
3240 921 3350 975 suis
3369 937 3496 992 par-

1912 1006 2058 1062 tibus
2082 1021 2177 1076 per
2200 1007 2458 1062 unitatem
2482 1006 2692 1075 positus
2718 1004 2870 1077 [Ms.,
2891 1007 3102 1080 positis]
3125 1009 3396 1078 perfectus
3416 1019 3499 1068 est

1915 1098 1969 1153 in
1997 1098 2193 1168 seipso,
2227 1099 2302 1153 ita
2333 1107 2390 1153 et
2434 1099 2821 1169 sexagenarius
2861 1100 3106 1169 partibus
3151 1101 3262 1155 suis
3307 1103 3498 1172 positis

1911 1204 2009 1262 per
2037 1189 2316 1244 denarium
2345 1186 2618 1259 perfectus
2645 1203 2764 1242 esse
2795 1189 3058 1254 noscitur,
3091 1189 3165 1246 ita
3191 1197 3252 1243 ut
3287 1205 3500 1260 semper

1913 1281 1968 1336 in
1997 1280 2347 1351 sexagenario
2377 1280 2632 1334 denarius
2670 1279 2845 1334 locum
2893 1281 3136 1335 obtineat
3177 1281 3398 1335 unitatis
3442 1282 3499 1338 in

1913 1371 2146 1435 senario,
2178 1379 2232 1424 et
2262 1371 2333 1425 sit
2355 1370 2498 1425 illius
2523 1370 2713 1425 divisio
2736 1387 2833 1440 per
2853 1381 3034 1440 partes
3055 1388 3178 1427 suas
3204 1373 3497 1441 ejusmodi:

1912 1462 2174 1518 medietas
2198 1461 2534 1532 sexagenarii
2561 1471 2642 1515 est
2673 1461 3023 1525 tricenarius,
3059 1464 3199 1518 sicut
3232 1465 3502 1523 ternarius

1913 1555 2145 1619 senarii;
2175 1560 2230 1608 et
2255 1560 2338 1608 est
2367 1553 2522 1607 tertia
2555 1567 2680 1622 pars
2706 1552 3043 1619 vicenarius,
3089 1555 3229 1609 sicut
3257 1554 3502 1611 binarius

1913 1645 1968 1701 in
1997 1646 2245 1711 senario;
2279 1653 2334 1699 et
2360 1643 2611 1699 denarius
2640 1643 2695 1698 in
2723 1658 2788 1698 eo
2816 1644 2990 1700 locum
3021 1653 3202 1700 teneat
3237 1645 3497 1713 unitatis;

1913 1753 2033 1808 qum
2064 1753 2273 1792 summa
2303 1736 2347 1790 si
2376 1735 2645 1804 colligitur
2682 1735 2929 1789 eumdem
2975 1736 3162 1804 implet
3207 1751 3500 1806 sexagena-

232 1839 323 1908 qui
349 1838 594 1909 partibus
637 1837 750 1891 suis
776 1835 1046 1906 impletur,
1089 1848 1190 1888 nec
1225 1831 1575 1887 diminutione
1601 1829 1807 1899 frangi-
1835 1827 1885 1890 B
1911 1828 2070 1882 rium.
2116 1828 2312 1882 Decem
2357 1827 2558 1896 itaque,
2608 1834 2664 1880 et
2707 1826 2923 1897 viginti,
2957 1835 3012 1880 et
3058 1828 3299 1897 triginta,
3343 1841 3501 1880 sexa-

226 1938 338 1998 tur,
389 1945 490 1984 nec
536 1928 979 1998 multiplicatione
1030 1925 1264 1997 partium
1298 1922 1717 1994 superabundat,
1748 1927 1807 1974 ut

223 2023 470 2078 senarius
508 2035 784 2077 numerus.
841 2020 1014 2075 Habet
1062 2018 1206 2075 enim
1253 2017 1497 2072 senarius
1549 2028 1807 2068 numerus

224 2113 504 2168 dimidiam
535 2114 617 2170 sui
639 2120 848 2184 partem
879 2122 1012 2176 tres,
1047 2119 1100 2164 et
1128 2110 1343 2165 tertiam
1372 2109 1498 2173 duo,
1523 2114 1575 2161 et
1600 2113 1806 2160 sextam

220 2219 406 2268 unam,
432 2206 525 2276 qui
551 2205 710 2261 simul
731 2204 903 2275 juncti
946 2203 1194 2258 eumdem
1227 2201 1450 2270 implent
1491 2199 1804 2264 senarium;

219 2313 350 2352 nam
373 2313 559 2362 unum,
590 2297 714 2361 duo,
743 2303 878 2362 tres,
905 2295 1110 2349 faciunt
1139 2292 1280 2365 [sex]
1310 2293 1399 2361 qui
1430 2291 1672 2360 partibus
1695 2289 1808 2344 suis

218 2388 501 2458 impletur.
524 2386 634 2441 Nec
663 2386 1016 2441 diminutione
1045 2384 1328 2454 frangitur,
1357 2396 1457 2436 nec
1484 2379 1809 2434 abundantia

215 2477 613 2547 supercrescit;
641 2475 846 2531 idcirco
866 2475 1290 2545 perfectissimus
1312 2473 1555 2535 Creator,
1577 2471 1666 2540 qui
1691 2471 1810 2524 uni-

213 2582 382 2623 versa
433 2567 587 2621 valde
635 2567 775 2622 bona
819 2567 1045 2631 creavit,
1100 2566 1154 2619 in
1191 2581 1254 2620 eo
1281 2579 1506 2618 numero
1533 2562 1810 2632 originalis

217 2661 413 2717 mundi
462 2655 740 2715 creaturas
791 2660 1044 2722 condidit,
1077 2665 1138 2713 ut
1175 2657 1502 2720 ostenderet,
1548 2655 1727 2710 omnia
1755 2655 1808 2708 in

215 2763 317 2806 suo
345 2765 544 2822 genere
570 2766 689 2806 esse
710 2749 969 2822 perfecta,
999 2765 1116 2819 quae
1139 2749 1397 2804 condidit.

285 2842 424 2897 Item
451 2841 764 2897 octonarius
787 2840 982 2913 [Edit.,
1025 2837 1425 2910 octogenarius]
1455 2850 1732 2903 numerus,
1764 2835 1810 2891 si

217 2948 346 2990 eum
376 2933 430 2987 in
459 2943 646 3004 partes
671 2949 701 2986 a
726 2948 784 2988 se
812 2934 925 3002 ipso
957 2932 1263 2986 nominatas
1288 2930 1517 2994 dividas,
1544 2930 1724 2982 minor
1752 2942 1811 2983 se

217 3025 337 3096 ipso
368 3025 484 3096 ipse
516 3026 806 3091 invenitur,
833 3025 994 3080 habet
1015 3024 1160 3079 enim
1193 3022 1469 3076 dimidiam
1499 3022 1581 3075 sui
1602 3029 1810 3092 partem

217 3125 472 3186 quatuor,
505 3125 560 3171 et
589 3125 834 3186 quartam
881 3116 1034 3180 duas,
1078 3123 1132 3169 et
1177 3123 1422 3169 octavam
1450 3129 1612 3167 unam
1643 3131 1655 3167 :
1692 3129 1812 3183 qua;

218 3208 379 3263 simul
429 3210 588 3264 ducta
629 3208 966 3263 octonarium
1018 3221 1125 3261 non
1173 3205 1417 3275 implent,
1448 3177 1882 3273 sed'septena-c

216 3300 390 3368 rium;
440 3317 627 3364 unum,
660 3302 765 3355 duo
790 3307 844 3355 et
882 3307 1111 3369 quatuor
1150 3305 1354 3368 septem
1398 3296 1656 3362 cilicium,
1702 3313 1811 3352 non

215 3403 336 3452 octo
367 3413 381 3450 :
421 3403 475 3449 et
493 3393 657 3466 509
679 3394 880 3449 idcirco
901 3391 1135 3448 secunda
1158 3390 1317 3458 hujus
1346 3387 1694 3460 generis[F.,
1713 3390 1814 3443 hu-

215 3491 355 3544 mani
374 3487 621 3561 generis]
647 3488 796 3558 origo
822 3488 889 3542 ab
914 3483 1190 3540 octonario
1203 3499 1428 3538 numero
1445 3497 1688 3538 crescere
1711 3497 1815 3538 cm-

213 3585 305 3654 pit.
325 3583 596 3639 Videlicet
608 3591 730 3637 octo
743 3580 950 3635 animas
969 3580 1020 3634 in
1037 3594 1162 3634 arca
1178 3593 1296 3634 esse
1313 3578 1557 3647 legimus,
1572 3593 1602 3630 a
1619 3575 1813 3646 quibus

218 3682 378 3730 tot.us
405 3673 629 3729 humani
657 3673 868 3744 generis
897 3671 1182 3725 multitudo
1219 3669 1519 3738 pullulavit,
1545 3676 1605 3721 ut
1633 3675 1813 3722 osten-

216 3765 467 3831 deretur,
498 3765 733 3821 secunda
755 3764 908 3833 origo
931 3778 1049 3818 esse
1099 3760 1482 3832 imperfectior,
1514 3777 1676 3832 quam
1700 3761 1813 3832 pri-

214 3876 320 3927 ma,
378 3876 509 3932 quae
555 3859 767 3914 senario
816 3871 1041 3912 numero
1079 3864 1261 3912 creata
1305 3863 1406 3910 est.
1460 3854 1588 3910 Inde
1623 3862 1676 3910 et
1705 3854 1811 3909 Re-

215 3953 472 4024 demptor
524 3961 707 4005 uoster
761 3957 815 4005 et
858 3948 1161 4017 Reparator
1200 3947 1388 4017 prima:
1440 3945 1806 4017 perfectionis,

216 4047 351 4102 sicut
375 4046 558 4102 Adam
580 4051 728 4100 sexta
752 4042 838 4120 die
866 4057 932 4096 ex
957 4041 1167 4110 virgine
1198 4049 1338 4095 terra
1369 4047 1582 4094 creatus
1609 4047 1712 4105 cst,
1737 4039 1810 4092 ita

216 4141 302 4195 ille
331 4147 497 4196 sexta
525 4145 683 4194 aetate
723 4152 792 4192 ex
839 4135 1047 4206 virgine
1099 4133 1265 4188 Maria
1310 4133 1485 4187 factus
1515 4141 1598 4187 est
1625 4134 1808 4196 homo,

216 4242 277 4288 ut
300 4231 511 4288 senarii
536 4229 747 4285 numeri
785 4227 1175 4300 perfectionem
1219 4240 1317 4281 suo
1368 4224 1575 4280 dicaret
1615 4225 1814 4278 adven-

220 4333 304 4393 tu,
367 4339 541 4396 quam
597 4323 652 4378 in
715 4321 875 4392 primi
939 4319 1173 4374 hominis
1236 4318 1562 4373 monstravit
1619 4316 1812 4372 condi-

219 4419 384 4472 tione.

283 4507 421 4564 ltem
475 4504 905 4578 progressionem
944 4515 1292 4558 numerorum
1338 4499 1614 4565 articulis,
1654 4497 1810 4569 quasi

215 4576 544 4672 quibusdam
578 4597 892 4662 unitatibus,
921 4595 990 4650 ad
1016 4594 1224 4649 infinita
1252 4607 1498 4648 crescere
1523 4607 1620 4660 per
1651 4576 1810 4659 quas-

218 4691 338 4748 dam
369 4691 557 4747 ﬁnitas
589 4689 787 4744 formas
819 4689 1081 4744 videmus.
1109 4686 1244 4740 Nam
1285 4685 1458 4755 prima
1502 4681 1810 4751 progressio

215 4797 574 4840 numerorum
608 4789 692 4837 est
734 4780 801 4835 ab
839 4796 946 4837 uno
975 4793 1146 4850 usque
1173 4777 1242 4832 ad
1269 4777 1474 4831 decem.
1506 4773 1750 4827 Secunda
1778 4786 1809 4825 a

1911 1922 2056 1992 ginta
2081 1928 2224 1986 sunt,
2257 1920 2397 1975 sicut
2419 1926 2472 1973 et
2501 1927 2632 1983 tres,
2661 1927 2716 1972 et
2741 1919 2868 1984 duo,
2899 1927 2956 1973 et
2982 1935 3167 1983 unum,
3199 1933 3313 1974 sex.

1981 2013 2192 2070 Poteris
2220 2022 2275 2068 et
2300 2029 2396 2083 per
2425 2019 2477 2066 te
2507 2013 2710 2082 ipsum,
2751 2009 2905 2078 juxta
2946 2011 3189 2066 eamdem
3233 2009 3500 2080 regulam,

1910 2105 2239 2178 octogenarii
2255 2103 2534 2173 explorare
2559 2102 2990 2156 diminutionem.
3007 2100 3142 2155 Nam
3163 2098 3503 2170 octogenarii

1911 2197 2372 2269 quadragenarius
2399 2194 2659 2249 medietas
2680 2202 2782 2258 est,
2815 2201 2871 2248 et
2893 2192 3086 2264 viginti
3121 2200 3313 2261 quarta
3340 2205 3503 2260 pars,

1911 2297 1966 2344 et
2017 2288 2269 2343 denarius
2319 2294 2545 2341 octava:
2576 2300 2696 2354 quae
2743 2283 2902 2338 simul
2948 2283 3106 2338 ducta
3159 2282 3501 2352 septuaginta

1911 2382 2117 2436 faciunt
2157 2396 2264 2436 non
2301 2379 2602 2450 octoginta,
2633 2393 2758 2432 nam
2790 2377 2997 2441 decem,
3028 2376 3241 2446 viginti,
3267 2376 3504 2446 quadra-

1911 2471 2079 2544 ginta,
2118 2469 2456 2540 septuaginta
2488 2475 2613 2522 sunt
2637 2465 2789 2537 [Ms.,
2818 2462 3066 2536 faciunt].

1984 2561 2274 2632 Sexaginta
2305 2574 2432 2613 vero
2457 2557 2656 2628 reginae
2691 2563 2745 2610 et
2779 2555 3048 2624 octoginta
3080 2551 3394 2608 concubinae
3420 2565 3506 2608 re-

1913 2660 2092 2708 ctores
2121 2660 2247 2707 sunt
2274 2659 2472 2705 sauch
2498 2647 2771 2703 Ecclesiae.
2807 2645 2914 2700 Sed
2941 2644 3030 2699 alii
3056 2660 3123 2700 ex
3160 2644 3264 2698 illis
3287 2652 3508 2714 propter

1913 2742 2082 2798 solam
2104 2741 2302 2796 Christi
2327 2741 2644 2795 charitatem
2668 2737 2892 2802 docent;
2917 2734 3026 2798 alii,
3045 2743 3256 2788 terrena
3274 2748 3503 2802 sequen-

1913 2843 1996 2889 tes
2018 2834 2318 2897 commoda,
2347 2833 2596 2886 laborant
2627 2830 2681 2884 in
2709 2828 2972 2890 Ecclesia,
3002 2841 3111 2880 non
3138 2825 3374 2882 caelestis
3404 2839 3506 2895 pa-

1913 2927 2031 2981 triae
2074 2927 2254 2980 labore
2304 2923 2452 2997 [Λίδη
2499 2921 2737 2994 ardore],
2785 2920 2880 2975 sed
2905 2918 3106 2975 terreni
3148 2917 3282 2972 lucri
3331 2917 3506 2986 gratia

1914 3019 2178 3075 desudant
2212 3019 2266 3072 in
2295 3017 2554 3072 docendo.
2584 3014 2650 3069 Hi
2681 3029 2778 3069 sua
2807 3013 2860 3067 iu
2886 3010 3218 3082 perfectione
3249 3007 3365 3080 [F.,
3404 3009 3502 3061 im-

1914 3110 2266 3182 perfectione]
2313 3109 2656 3180 octogenario
2703 3121 2927 3161 numero
2975 3109 3398 3174 comparantur:
3429 3100 3506 3156 illi

1915 3204 2150 3276 perfecta
2173 3202 2504 3258 beatitudine
2532 3197 2883 3268 sexagenario
2911 3193 3278 3263 designantur,
3321 3199 3382 3245 ut
3423 3204 3506 3245 re-

1916 3299 2162 3369 ginarum
2203 3294 2421 3348 nomine
2465 3292 2610 3363 digni
2658 3289 2980 3352 efﬁciantur,
3007 3286 3131 3356 quia
3167 3283 3506 3355 spiritualem

1913 3388 2152 3444 sobolem
2195 3391 2418 3456 propter
2473 3395 2713 3436 amorem
2770 3377 3106 3435 solummodo
3161 3374 3356 3445 Sponsi
3380 3413 3394 3437 ,
3453 3379 3510 3427 et

1912 3477 2336 3548 multiplicandis
2386 3474 2509 3529 filiis
2561 3473 2614 3527 in
2663 3471 2939 3527 caelestem
2986 3467 3242 3538 patriam,
3293 3464 3507 3518 felicem

1909 3571 2116 3644 prolem
2137 3567 2481 3638 baptizando,
2499 3578 2593 3620 seu
2621 3560 2966 3633 praedicando
2987 3571 3246 3628 generare
3274 3569 3383 3620 non
3405 3548 3504 3607 de-

1911 3668 2128 3722 sistunt.
2166 3662 2245 3716 llli
2269 3675 2396 3714 vero
2429 3657 2851 3712 concubinarum
2898 3652 3115 3706 nomine
3151 3649 3502 3712 denotantur,

1911 3759 2036 3830 quia
2063 3753 2243 3811 saeculi
2275 3751 2588 3814 ambitione,
2613 3747 2697 3803 vel
2723 3744 3035 3816 temporalis
3061 3741 3283 3798 honoris
3304 3737 3503 3814 gratia,

1907 3844 2252 3918 prmdicando
2279 3857 2376 3896 seu
2403 3837 2726 3909 baptizando
2752 3835 2962 3890 nobiles
2999 3832 3217 3903 quidem
3243 3834 3506 3900 generant

1909 3953 2053 4008 saepe
2097 3936 2264 3998 filios,
2313 3931 2410 3986 sed
2453 3931 2529 3985 illi
2559 3926 2820 3998 ignobiles
2861 3926 2914 3978 in
2947 3920 3251 3990 semetipsis
3283 3930 3499 4008 perma-

1909 4006 2058 4088 nent.
2087 4028 2326 4095 Quorum
2355 4019 2763 4077 contubernium
2787 4055 2801 4080 ,
2846 4014 2920 4069 fili
2953 4010 3268 4068 charissime
3289 4047 3304 4072 ,
3352 4006 3502 4077 fuge,

1910 4127 2155 4186 obsecro,
2183 4126 2238 4173 et
2266 4117 2311 4172 si
2337 4125 2390 4170 te
2415 4111 2843 4183 quandocunque
2869 4105 2964 4159 Dei
2989 4098 3359 4156 misericordia
3397 4096 3498 4151 do-

1912 4226 2116 4273 ctorem
2145 4211 2395 4281 dignetur
2421 4203 2658 4266 efficere,
2687 4209 2746 4255 tu
2769 4213 2868 4270 pro
2898 4195 3016 4264 ejus
3045 4207 3230 4247 amore
3255 4189 3506 4245 laborare

1911 4325 2020 4366 non
2057 4320 2259 4369 cesses,
2281 4301 2373 4372 qui
2401 4313 2501 4370 pro
2524 4307 2617 4352 tua
2643 4294 2821 4351 salute
2843 4290 3158 4360 sanguinem
3190 4298 3347 4340 suum
3377 4283 3504 4337 fun-

1912 4401 2042 4458 dere
2074 4413 2180 4454 non
2213 4392 2496 4458 dubitavit,
2525 4397 2586 4445 ut
2611 4387 2710 4443 tibi
2737 4387 2846 4442 sint
2871 4383 3068 4440 mercis
3091 4379 3245 4452 [Ms.,
3270 4377 3344 4433 sit
3361 4391 3506 4432 mer-

1915 4496 2028 4570 ces]
2056 4511 2163 4551 non
2204 4493 2457 4564 periturae
2502 4486 2704 4543 divititn
2729 4525 2744 4551 ,
2793 4482 2887 4538 sed
2929 4484 3186 4551 perpetua
3235 4471 3405 4544 gloria
3448 4467 3504 4570 in

1837 4548 1888 4609 Β
1915 4548 2120 4649 εοείθειί
2159 4548 2396 4642 thalamo
2445 4579 2656 4636 Domini
2707 4548 2943 4648 [nostri]
2974 4569 3101 4625 Jesu
3146 4563 3385 4628 Christi,
3417 4558 3505 4616 cui

1916 4687 2032 4740 laus
2065 4690 2117 4738 et
2144 4679 2316 4751 gloria
2342 4677 2394 4731 in
2418 4687 2607 4729 omnes
2631 4667 2983 4725 aeternitates.
3013 4662 3202 4716 Amen.

235 4877 3482 4946 ___________________________________._.

934 5073 1098 5145 41°
1136 5048 1812 5171 OPUSCULI

1910 5046 1984 5154 u
2024 5017 2776 5175 QUARTUM.
3539 4960 3547 4979 ’

694 5259 1591 5358 COMMENTARIA
1629 5315 1635 5322 -
1667 5246 2055 5338 SUPER
2107 5232 3018 5330 ECGLESIASTEN.

658 5497 973 5559 MONITUM
1021 5489 1377 5550 PREVIUM.

293 5601 552 5657 Praesens
571 5593 990 5653 commentarius
1013 5585 1244 5660 publicis
1262 5583 1622 5660 typispr't‘mo,
1647 5590 1814 5660 q‘uan-

227 5647 561 5733 ιιιιῐίὲὶῖῐιῖἕ,
576 5647 1170 5739 ἷῶἆῑίὶΑε-δςιιιὸωιῇ,
1194 5647 1392 5739 vel-(ut.
1410 5647 1466 5739 in
1486 5649 1632 5739 nisi;
1657 5647 1814 5739 afug—

228 5717 573 5808 :
590 5717 679 5804 il,
691 5717 811 5808 pag.
843 5717 1227 5808 6ii5_,_notatu_r)
1255 5717 1476 5808 Das-ilelae
1494 5719 1635 5808 apud
1642 5717 1813 5808 1031-1:

226 5791 713 5878 ἶπὶὶίἱῖὀῦἷιίάῶξ
727 5791 869 5863 ὡς)
899 5791 1054 5866 1651,
1083 5791 1249 5854 iussi.
1273 5794 1402 5852 Indo
1417 5791 1499 5851 Gl.
1523 5791 1814 5858 Querceta-

1916 5514 2020 5556 nus
2040 5496 2190 5552 illum
2211 5493 2266 5548 in
2284 5505 2435 5547 suam
2458 5485 2828 5545 collectionem
2843 5464 3504 5556 transcripsit;Editionis

1915 5536 2190 5641 ἕῗέῖὲὲῖέ
2213 5536 2545 5641 ’ἓὲιξὲίεηέίε
2592 5558 2659 5611 de
2705 5567 2854 5641 3.9.99,
2868 5536 3508 5641 aetatesaetas?-

1917 5615 2466 5705 compilatores
2495 5641 2703 5705 magum.
2713 5621 3068 5705 .Biblio‘thecm
3086 5615 3468 5705 ecclesiastica:
3483 5647 3503 5679 ,

1919 5689 2245 5784 aetnaea
2275 5689 3332 5784 apsens.eus_er2ués.éuaetsr:

1986 5755 2389 5838 Ediii’éiiéhi'éi;
2407 5755 2736 5839 iQuerootanl
2759 5755 3086 5820 contulimus
3103 5771 3228 5814 cum
3246 5755 3364 5818 cod
3394 5766 3504 5810 ms.
