4066 6442
544 366 653 427 su
1280 333 1303 353 ⁹
1390 364 1455 421 s.
1478 360 1549 421 ε.
1578 358 1808 420 ΑΜ
1838 346 1981 418 θεῖ]
2004 342 2294 411 tuomst
2328 342 2620 409 ornant!
2654 344 2840 409 mas
2872 342 2932 415 Ι.
3720 354 3833 411 oss

550 484 896 543 bibliothecae
914 490 1137 549 nostris,
1162 481 1481 539 monasterii
1503 478 1711 536 scilicet
1729 477 1903 533 sancti
1923 474 2134 549 Emme-
2155 465 2211 528 Δ
2234 466 2450 538 genium
2471 507 2487 533 ,
2526 478 2595 520 ne
2628 466 2806 522 nimis
2824 480 3012 521 amore
3048 466 3316 525 audeatis
3361 468 3606 535 caducis,
3636 474 3697 523 et
3716 468 3833 524 cito

550 556 821 640 Iamiam;
854 556 1024 640 cuius
1277 569 1381 638 ope
2228 560 2567 616 transitoriis
2588 558 2807 615 inhiare
2838 554 3057 625 divitiis,
3090 574 3216 631 qua
3246 560 3517 616 citissime
3555 558 3707 614 velut
3738 573 3835 614 vo-

557 615 829 702 aliquibus
852 615 989 702 locis
1006 615 1441 702 emendavimus;
1467 640 1533 679 ac
1559 622 1871 679 diﬁ‘erentes
1906 627 1967 702 et

559 687 1155 772 deiicientes‘lectiones
1167 687 1557 772 adnotavimus
1576 737 1591 760 ,
1614 708 1911 772 versusque
2031 687 2138 772 fine

550 770 801 840 epistola
824 768 1134 840 adiecimus.
1166 767 1352 840 Eidem
1381 757 1786 840 codicigvnostro
1822 757 1909 817 bic
1948 757 2140 840 titulus

548 830 956 913 :p-rmﬁxuses't:
986 839 1181 910 Incipit
1226 839 1496 911 Expositio
1540 836 1713 891 Albini
1753 850 1910 913 super
1952 830 2139 913 Eccle-

554 905 786 977 siasten;
813 912 866 967 in
897 911 1005 968 ﬁne
1032 905 1211 967 tamen
1247 905 1361 966 tres
1387 917 1483 965 aut
1504 915 1742 979 quatuor
1767 905 1971 979 ultima:
1996 905 2143 973 pagi-

556 998 644 1054 nae
661 984 864 1054 excisae
888 992 1045 1050 sunt;
1093 997 1252 1054 quem
1281 977 1551 1037 defectum
1581 978 1720 1035 infra
1749 993 1847 1034 suo
1881 977 2000 1035 loco
2045 988 2143 1030 no-

552 1053 817 1110 tabimus.

1165 1142 1555 1199 PREFATIO.

630 1234 1004 1296 Dilectissimis
1024 1238 1084 1295 in
1104 1237 1322 1294 Christo
1349 1237 1489 1301 ﬁliis,
1523 1235 1673 1292 Oniaa
1694 1232 1984 1298 sacerdoti,
2005 1231 2143 1287 Can-

557 1331 685 1393 dido
716 1333 1055 1406 presbytero,
1086 1340 1143 1387 et
1172 1330 1492 1386 Nathanaeli
1523 1327 1676 1402 [Ms.,
1701 1326 2006 1400 Nathaheli]
2030 1326 2144 1381 dia-

557 1440 718 1492 cono,
738 1423 966 1483 Albinus
995 1431 1267 1497 perpetuae
1287 1421 1668 1497 prosperitatis
1694 1420 1747 1474 in
1773 1418 2003 1476 Domino
2030 1416 2143 1474 Deo

557 1515 808 1575 salutem.

624 1603 919 1677 Postquam
949 1604 1014 1660 de
1040 1612 1282 1675 paternae
1306 1601 1527 1675 pietatis
1557 1601 1684 1656 nido
1705 1601 1759 1656 in
1780 1600 2024 1672 publicas
2046 1616 2145 1656 saa-

554 1697 821 1755 cularium
849 1695 1185 1769 negotiorum
1230 1695 1484 1750 evolastis
1529 1708 1719 1759 auras,
1768 1692 1968 1748 mentis
2008 1708 2144 1747 mea:

557 1792 859 1851 sollicitudo
886 1800 1147 1858 vestram,
1175 1791 1425 1848 omnibus
1461 1806 1597 1863 pene
1623 1790 1793 1856 horis,
1829 1790 2142 1861 occupatio-

556 1901 683 1941 nem
711 1887 966 1941 comitata
986 1892 1087 1948 est,
1120 1892 1314 1955 optans
1339 1899 1453 1951 vos,
1481 1881 1660 1938 divina
1691 1884 1925 1941 donante
1947 1882 2139 1955 gratia,

556 1974 615 2031 in
644 1976 910 2035 cbaritate
935 1974 1193 2047 perfecta,
1228 1982 1539 2030 sanctarum
1557 1972 1730 2029 titulis
1752 1974 2014 2028 virtutum
2037 1971 2149 2027 Deo

556 2064 795 2140 placere,
811 2066 1159 2137 honestisque
1169 2066 1352 2123 vivere
1367 2066 1611 2122 moribus
1621 2080 1802 2121 coram
1817 2064 2146 2131 hominibus,

557 2163 616 2214 et
633 2158 776 2233 quod
794 2158 1056 2214 didicistis
1085 2158 1185 2214 sub
1207 2157 1307 2213 alis
1331 2166 1572 2230 paternae
1592 2157 1930 2222 eruditionis,
1952 2155 2149 2211 nobili-

554 2245 661 2305 bus
685 2249 974 2305 ostendere
1000 2248 1260 2305 moribus.
1289 2247 1401 2304 Nec
1428 2247 1589 2303 velim
1632 2238 1910 2321 sapientiae
1955 2247 2149 2317 decus,

556 2340 703 2412 quod
722 2339 935 2412 habetis
958 2340 1013 2397 in
1038 2339 1222 2409 corde,
1266 2340 1451 2397 saeculi
1480 2339 1763 2396 obscurari
1796 2340 2148 2407 vanitatibus,

556 2437 702 2494 inter
754 2452 890 2508 quas
935 2437 1123 2511 religio
1168 2446 1363 2493 vestrae
1426 2435 1856 2497 conversationis
1908 2434 2150 2507 fulgeat,

558 2528 714 2601 quasi
748 2526 971 2583 claritas
997 2526 1135 2584 lucis
1162 2529 1217 2583 in
1251 2526 1511 2584 tenebris.
1546 2525 1872 2583 Mementote
1899 2541 1997 2582 vos
2023 2525 2153 2582 alie-

551 2640 655 2701 na‘
680 2625 1014 2695 dispensare,
1068 2640 1177 2681 non
1224 2614 1447 2695 propria
1492 2622 1800 2694 possidere;
1853 2623 1920 2680 de
1957 2624 2154 2694 quibus

558 2716 678 2791 ipsa
706 2716 921 2773 Veritas
943 2716 1019 2773 ait
1050 2733 1063 2771 :
1095 2714 1159 2771 Si
1183 2716 1238 2771 in
1263 2714 1435 2771 alieno
1454 2714 1640 2785 ﬁdeles
1664 2732 1768 2771 non
1793 2715 1988 2786 fuistis,
2013 2713 2154 2786 quod

558 2819 783 2877 vestrum
815 2820 912 2876 est,
945 2810 1062 2881 quis
1087 2806 1233 2864 dabit
1277 2808 1417 2864 vobis
1443 2806 1595 2881 (Luc.
1626 2824 1717 2865 xv:
1736 2849 1751 2873 ,
1784 2808 1911 2880 l2)?
1949 2806 2155 2865 Alienas

558 2910 688 2965 sunt
713 2916 745 2957 a
771 2902 927 2959 nobis
956 2900 1119 2970 hujus
1140 2900 1329 2957 saeculi
1374 2898 1691 2965 facultates,
1739 2899 1791 2955 id
1832 2908 1952 2966 est,
1999 2907 2155 2955 extra

558 2999 801 3049 nostram
827 2992 946 3050 sitae
971 3002 1246 3051 naturam.
1279 2978 1431 3049 Nihil
1460 2993 1599 3046 enim
1642 2992 1916 3047 intulimus
1938 2994 1993 3046 in
2015 2993 2157 3048 hunc

559 3084 847 3152 mundum,
890 3083 1035 3141 haud
1082 3083 1301 3139 dubium
1328 3084 1455 3156 quia
1475 3100 1567 3139 nec
1595 3084 1804 3155 auferre
1823 3083 1949 3157 quid
1971 3100 2156 3155 possu-

559 3192 679 3232 mus
702 3175 756 3249 (1
786 3175 919 3233 Tim.
953 3192 1031 3244 Vl,
1061 3175 1135 3249 7).
1167 3175 1365 3233 Nostra
1406 3185 1588 3247 autem
1617 3177 1888 3248 possessio
1924 3194 2148 3251 regnum
2176 3188 2229 3258 α

558 3268 842 3335 caelorum,
874 3277 1059 3326 nostra
1090 3269 1201 3326 vita
1226 3268 1475 3326 Christus
1494 3277 1597 3337 est,
1627 3277 1826 3329 nostra:
1864 3284 1992 3340 opes
2026 3277 2152 3325 sunt

558 3357 923 3431 spiritualium
966 3374 1195 3435 operum
1218 3358 1469 3423 fructus:
1494 3375 1630 3431 quas
1661 3376 1992 3433 congregare
2019 3376 2149 3431 vos,

559 3450 659 3513 ﬁlii
686 3451 1023 3521 citatissimi,
1049 3454 1196 3509 omni
1220 3454 1519 3517 intentione
1544 3453 1801 3511 exhortor
1828 3473 1839 3508 :
1869 3468 1970 3510 nec
1996 3454 2051 3509 in
2070 3454 2157 3510 in-

561 3551 713 3600 certo
766 3542 1077 3603 divitiarum
1120 3558 1360 3615 sperare,
1402 3559 1523 3617 qum
1564 3552 1659 3600 aut
1703 3546 1958 3603 deserunt
1982 3545 2156 3616 possi-

563 3639 799 3705 dentem,
827 3648 920 3699 aut
942 3656 972 3694 a
999 3640 1309 3710 possidente
1332 3640 1675 3696 deseruntur.
1696 3640 1755 3697 In
1779 3656 1933 3710 quas,
1957 3643 2156 3705 mentis

563 3742 765 3791 nostra!
793 3734 1146 3793 intentionem
1173 3734 1408 3807 Spiritus
1440 3744 1665 3792 sanctus
1699 3752 1797 3808 per
1832 3736 2156 3809 PrOphctam

562 3826 808 3885 anhelari
839 3826 992 3900 [Hs.,
1035 3826 1313 3901 anhelare]
1356 3830 1664 3899 prohibuit,
1694 3829 1881 3885 dicens
1906 3848 1919 3884 :
1950 3830 2157 3891 Divitiis

564 3914 611 3972 si
634 3916 872 3989 aﬂuant,
905 3916 1063 3973 nolite
1083 3934 1174 3971 cor
1197 3934 1456 3989 apponere
1478 3917 1702 3992 (.Psalm.
1731 3936 1841 3987 LXI,
1876 3919 1985 3991 Η).
2015 3920 2158 3988 Qua-

566 4024 689 4069 rum
717 4008 894 4078 copia,
922 4016 1007 4066 est
1034 4007 1261 4065 aliorum
1294 4010 1494 4082 inopia.
1523 4011 1599 4067 De
1623 4012 1819 4083 quibus
1848 4011 1947 4087 [ct]
1976 4013 2159 4069 Domi—

565 4116 670 4156 nus
698 4100 751 4155 in
780 4101 1073 4175 Evangelio
1106 4104 1184 4159 ait
1209 4122 1221 4159 :
1250 4102 1439 4161 Facite
1482 4106 1624 4163 vobis
1653 4107 1848 4162 amicos
1894 4107 1959 4162 de
1986 4124 2157 4167 main-

564 4210 727 4250 mm
753 4196 1044 4267 iniquitatis
1070 4194 1224 4270 (Luc.
1253 4214 1371 4265 xw,
1397 4198 1475 4270 9).
1506 4198 1714 4257 Idcirco
1744 4200 1956 4271 iniquas
1982 4201 2156 4257 nomi-

564 4286 720 4342 navit
742 4286 904 4357 hujus
929 4289 1113 4346 steculi
1138 4290 1355 4348 divitias
1383 4290 1530 4365 (quia
1559 4310 1859 4349 mamona
1889 4292 2027 4366 Syra
2075 4301 2160 4350 est

564 4378 775 4450 lingua.
802 4389 856 4443 et
882 4380 1075 4438 Latine
1100 4382 1302 4441 divitia:
1326 4384 1433 4441 dici
1464 4383 1744 4455 possunt).
1786 4385 1912 4456 quia
1958 4386 2159 4445 divitia:

570 4478 668 4525 aut
682 4483 788 4539 per
814 4470 1155 4541 iniquitatem
1198 4482 1621 4544 congregantur,
1672 4474 1756 4529 vel
1787 4476 1971 4545 inique
1998 4479 2154 4547 'pau-

2232 653 2415 709 latiles
2441 652 2700 708 recedunt
2727 651 2953 717 umbrae,
2982 660 3039 707 et
3068 660 3156 717 ut,
3181 653 3228 707 si
3249 653 3381 722 quid
3410 652 3649 723 supersit
3670 652 3729 707 in
3750 650 3836 709 eis

2240 748 2547 805 necessario
2587 748 2714 804 vitae
2752 752 2949 804 vestra
2975 746 3133 820 ιιι
3166 748 3436 819 stipendio
3456 788 3472 814 ,
3498 749 3839 819 pauperibus

2234 854 2466 913 erogare
2490 839 2802 897 studentis:
2833 841 2983 911 quia,
3025 848 3085 895 ut
3116 840 3258 896 idem
3278 838 3547 896 Salomon
3586 842 3663 896 ait
3686 860 3703 895 :
3734 840 3836 899 Re-

2242 933 2468 1007 demmio
2495 936 2687 990 animle
2712 934 2812 990 viri
2829 976 2843 997 ,
2862 934 3094 1006 propria:
3118 933 3313 989 divitia
3342 935 3458 1006 ejus
3484 933 3672 1006 (Prov.
3710 950 3836 1005 xm,

2240 1024 2319 1098 8).
2351 1025 2548 1082 Sedula
2575 1034 2758 1083 mente
2784 1026 2955 1099 ipsius
2982 1026 3193 1081 Domini
3225 1030 3474 1083 sanctum
3496 1028 3839 1085 considerate

2236 1128 2591 1195 praeceptum,
2606 1135 2712 1191 quo
2730 1135 2831 1176 nos
2846 1119 3123 1175 admonuit
3146 1120 3456 1176 coelestibus
3475 1121 3654 1195 magis
3677 1138 3837 1191 quam

2238 1212 2476 1266 terrenis
2505 1211 2716 1266 inhiare
2736 1211 3029 1275 thesauris,
3044 1210 3232 1266 dicens
3257 1229 3270 1265 :
3299 1210 3555 1266 Thesauri
3562 1222 3679 1265 sate
3694 1212 3838 1266 vobis

2244 1302 2516 1357 thesauros
2539 1303 2596 1357 in
2624 1302 2773 1369 calo,
2798 1302 2890 1357 ubi
2922 1317 3088 1374 neque
3122 1318 3324 1373 terugo,
3360 1318 3523 1374 neque
3566 1304 3713 1357 tinea
3748 1303 3838 1358 de-

2243 1394 2481 1460 molitur,
2509 1404 2559 1449 et
2579 1394 2668 1448 ubi
2693 1396 2835 1466 {ures
2862 1411 2968 1449 non
2996 1394 3273 1464 effodiunt,
3312 1411 3404 1448 nec
3425 1394 3683 1464 furantur
3701 1409 3722 1448 :
3749 1394 3835 1448 ubi

2244 1486 2382 1540 enim
2398 1495 2473 1540 est
2497 1486 2772 1540 thesaurus
2796 1493 2939 1551 tuus,
2962 1485 3034 1540 ibi
3057 1493 3130 1539 est
3153 1494 3201 1539 et
3226 1502 3319 1539 cor
3336 1495 3489 1539 tuum
3506 1484 3729 1556 (Matth.
3760 1502 3833 1551 vt,

2241 1576 2356 1650 20).
2383 1575 2537 1633 Hunc
2563 1577 2828 1648 siquidem
2859 1576 3057 1632 librum
3086 1578 3454 1649 supradictum
3491 1592 3713 1649 semper
3740 1593 3836 1648 pro

2243 1671 2504 1741 magistro
2517 1668 2764 1726 habeatis
2790 1668 2843 1725 in
2864 1669 3132 1736 manibus,
3155 1677 3216 1725 ut
3240 1670 3460 1725 discatis
3487 1677 3708 1725 terrena
3735 1686 3839 1726 non

2246 1777 2452 1830 amare,
2476 1764 2572 1819 sed
2599 1762 2870 1830 caelestia;
2901 1762 3167 1819 dominari
3194 1763 3403 1818 divitiis
3420 1803 3436 1829 ,
3463 1778 3571 1817 non
3601 1763 3837 1832 servire;

2245 1857 2463 1912 laudem
2491 1873 2598 1913 non
2625 1873 2870 1929 qummre
2898 1865 3194 1923 terrenam,
3224 1857 3318 1912 sed
3346 1872 3373 1912 a
3404 1856 3584 1927 judice
3598 1854 3842 1921 Christo,

2249 1950 2572 2006 miserorum
2602 1950 2963 2017 consolatore,
2987 1949 3273 2005 amabilem
3296 1948 3491 2005 audire
3514 1950 3841 2005 sententiam

2250 2043 2393 2097 inter
2420 2059 2513 2099 eos
2538 2044 2734 2113 quibus
2761 2044 3005 2099 dicturus
3026 2043 3164 2099 erit:
3192 2040 3375 2098 Venite
3391 2084 3405 2109 ,
3434 2042 3699 2098 benedicti
3740 2040 3844 2097 Ps-

2250 2137 2346 2190 tris
2373 2138 2491 2200 mei,
2523 2138 2770 2208 percipite
2800 2154 3039 2208 regnum,
3065 2137 3207 2210 quod
3229 2137 3370 2193 vobis
3402 2146 3658 2210 paratum
3680 2147 3759 2194 est
3781 2135 3843 2193 ob

2252 2230 2450 2300 origine
2472 2230 2655 2285 mundi
2686 2228 2901 2303 (Matth.
2929 2246 3061 2299 xxv,
3088 2229 3199 2302 54’).

2322 2341 2350 2372 ι
2379 2328 2627 2386 Flumina
2656 2331 2748 2402 qui
2776 2340 2985 2388 metuat
3011 2333 3222 2390 modica
3249 2332 3461 2390 sulcare
3491 2329 3684 2389 carina

2393 2422 2653 2489 Grandia,
2682 2439 2749 2480 ne
2777 2434 2985 2497 mergat
3011 2426 3262 2481 turbidus
3282 2425 3485 2482 Auster
3503 2441 3633 2482 eam
3655 2442 3672 2481 :

2320 2516 2428 2574 Iste
2457 2532 2555 2573 suo
2579 2517 2817 2590 placidas
2842 2517 3020 2574 lembo
3041 2518 3358 2590 pernaviget
3386 2516 3561 2575 undas

2395 2609 2690 2666 Currentes
2718 2611 2861 2665 inter
2891 2610 3078 2667 florida
3103 2620 3262 2682 prata
3290 2611 3397 2681 pie.

2326 2697 2417 2755 Sic
2441 2701 2533 2770 qui
2562 2715 2879 2771 magnorum
2908 2715 3099 2755 sensus
3124 2701 3323 2757 rimare
3347 2699 3649 2772 profundos

2397 2789 2689 2845 Doctorum
2714 2790 2901 2845 timeat
2932 2790 3167 2861 pectoris
3194 2789 3428 2859 ingenio,

2324 2878 2519 2935 Nostra
2540 2879 2683 2951 legat
2706 2879 2835 2936 felix
2864 2881 3045 2936 animo
3072 2888 3375 2936 commenta
3406 2896 3603 2938 sereno
3621 2923 3638 2949 ,

2396 2971 2474 3027 De
2497 2973 2646 3043 gazis
2669 2978 2912 3029 veterum
2948 2988 3069 3044 quae
3101 2972 3221 3028 tulit
3250 2989 3386 3029 unca
3413 2986 3629 3029 manus.

2330 3064 2435 3120 Vos
2447 3064 2625 3119 vivete
2640 3063 2736 3137 (sic
2748 3064 2871 3139 ms.)
2890 3065 3001 3119 Deo
3021 3080 3252 3136 semper,
3266 3081 3392 3119 nam
3407 3065 3590 3122 vivere
3599 3078 3747 3122 mors
3762 3070 3843 3123 est

2399 3156 2536 3212 Huic
2562 3158 2792 3224 mundo;
2816 3173 2943 3213 vera
2975 3164 3059 3213 est
3082 3158 3265 3212 vivere
3291 3159 3401 3213 vita
3427 3157 3559 3213 Deo.

2327 3248 2455 3314 Vos,
2483 3265 2629 3321 rogo,
2666 3256 2951 3306 conservet
2976 3249 3160 3306 felices
3186 3250 3356 3319 gratia
3380 3247 3609 3319 Christi,

2397 3338 2443 3399 Ο
2467 3341 2651 3399 dulces
2679 3344 2813 3410 nati,
2842 3350 3029 3400 sancta
3058 3342 3248 3398 salutis
3272 3357 3374 3417 ope
3392 3342 3445 3399 ιι.

2765 3450 2993 3509 CAPUT
3031 3451 3321 3509 PRIMUM.

2328 3543 2493 3600 Vens.
2528 3542 2580 3598 l.
2601 3573 2673 3585 -
2702 3540 2871 3599 Verba
2897 3542 3228 3605 Ecclesiastis
3248 3542 3346 3607 ﬁlii
3370 3543 3538 3600 David
3566 3544 3704 3616 regis
3722 3540 3843 3601 His-

2259 3636 2507 3693 rusalem.
2535 3648 2558 3677 c
2586 3637 2783 3695 Tribus
2805 3638 3117 3695 nominibus
3135 3648 3386 3694 vocatum
3410 3638 3578 3696 fuisse
3607 3638 3840 3697 Salomo-

2258 3745 2382 3787 nem
2424 3728 2717 3800 Scriptura‘.
2738 3729 3179 3787 manifestissime
3209 3730 3404 3786 docent
3435 3748 3448 3785 :
3480 3730 3839 3801 Salomonem,

2260 3820 2313 3876 id
2340 3829 2459 3887 ,est,
2500 3820 2821 3892 paciﬁcum;
2872 3829 2927 3876 et
2964 3821 3135 3881 Ydida
3167 3819 3295 3894 [Με.
3326 3821 3516 3896 Edida]
3538 3863 3555 3885 ,
3584 3823 3692 3881 hoc
3728 3830 3835 3890 est,

2261 3913 2515 3973 dilectum
2544 3914 2783 3982 Domini;
2814 3922 2867 3968 et
2889 3915 3029 3985 quod
3071 3930 3216 3970 nunc
3258 3914 3454 3971 dicitur
3482 3914 3746 3981 Coeleth,
3788 3913 3839 3971 id

2258 4013 2360 4071 est,
2388 4006 2769 4063 Ecclesiasten.
2804 4006 3154 4063 Ecclesiastes
3175 4014 3354 4061 autem
3374 4005 3679 4076 appellatur
3698 4005 3838 4063 Cra:-

2260 4115 2325 4155 co
2354 4115 2623 4168 sermone,
2654 4101 2798 4171 quod
2826 4109 3047 4169 emtum,
3075 4100 3133 4157 id
3153 4108 3236 4157 est
3257 4099 3556 4157 Ecclesiam
3576 4141 3593 4168 ,
3625 4116 3838 4173 congre—

2260 4201 2376 4267 get;
2407 4209 2567 4265 quem
2594 4209 2693 4249 nos
2737 4194 3009 4266 appellare
3057 4208 3347 4265 possumus
3376 4193 3837 4259 concionatorem,

2260 4286 2352 4356 qui
2382 4285 2624 4355 loquitur
2651 4286 2720 4343 ad
2743 4286 2995 4357 populum
3013 4328 3027 4347 .
3059 4294 3115 4341 et
3143 4300 3321 4341 sermo
3352 4283 3468 4353 ejus
3496 4301 3608 4343 non
3646 4285 3840 4358 specia-

2260 4378 2387 4434 liter
2407 4379 2475 4433 ad
2498 4395 2688 4445 unum,
2710 4377 2801 4434 sed
2830 4379 2897 4434 ad
2923 4378 3204 4433 universos
3224 4377 3551 4450 generaliter
3574 4378 3836 4450 dirigitur.

2261 4472 2433 4529 Porro
2456 4472 2743 4544 paciﬁcus,
2786 4480 2845 4528 et
2886 4471 3115 4528 dilectus
3143 4470 3353 4527 Domini
3372 4511 3387 4537 ,
3417 4472 3487 4528 ab
3524 4486 3592 4527 eo
3618 4471 3765 4542 quod
3791 4471 3839 4527 in

568 4559 795 4630 poribus
839 4561 1254 4619 subtrahuntur.
1278 4563 1357 4618 De
1390 4580 1617 4635 quarum
1652 4581 1790 4621 vana
1819 4568 2159 4637 possessione
2183 4559 2241 4624 δ
2265 4581 2430 4636 regno
2459 4562 2576 4632 ejus
2614 4581 2718 4636 pax
2760 4563 2961 4630 fuerit,
3009 4572 3064 4620 et
3107 4579 3232 4621 eum
3275 4563 3535 4619 Dominus
3580 4563 3839 4631 dilexerit,

571 4656 628 4710 in
655 4654 813 4723 hujus
841 4656 1024 4712 saculi
1050 4657 1257 4714 deliciis
1272 4674 1414 4730 pene
1439 4660 1873 4731 sapientissimus
1900 4660 2155 4719 Salomon

569 4753 743 4802 totum
772 4751 1074 4818 composuit
1098 4750 1313 4816 librum,
1340 4753 1429 4809 cui
1455 4752 1644 4807 titulus
1668 4761 1751 4808 est
1778 4752 2153 4821 Ecclesiastes,

571 4838 756 4896 dicens
781 4839 833 4894 in
864 4840 1039 4913 capite
1067 4842 1188 4896 libri
1217 4862 1228 4897 :
1267 4841 1485 4900 Vanitas
1518 4846 1806 4899 vanitatum
1832 4884 1846 4909 ,
1876 4844 2009 4899 dixit
2051 4844 2159 4899 Ec-

571 4928 866 4998 clesiastes,
900 4940 947 4987 et
996 4935 1173 4988 omnia
1198 4937 1419 4991 vanitas.
1444 4936 1510 4992 Si
1545 4938 1726 4992 omnia
1762 4936 2006 5001 vanitas,
2036 4952 2155 5007 qua:

571 5022 779 5079 utilitas
822 5031 906 5079 est
941 5024 1155 5081 divitias
1202 5028 1437 5084 retinere
1482 5030 1746 5084 caducas?
1783 5028 1843 5083 In
1889 5022 2049 5099 quem
2091 5028 2159 5083 li-

574 5117 754 5183 brum,
785 5132 850 5172 ex
874 5127 1186 5173 sanctorum
1214 5121 1487 5189 opusculis
1510 5120 1734 5177 Patrum
1755 5163 1771 5188 ,
1812 5137 1875 5177 ac
1922 5123 2156 5178 maxime

578 5208 644 5263 de
669 5209 811 5264 beati
841 5208 1154 5281 Hieronymi
1185 5215 1595 5277 commentario,
1618 5229 1845 5283 parvum
1874 5214 2157 5284 composui

575 5297 911 5355 Breviarium
936 5343 951 5368 ,
976 5302 1143 5358 vestri
1173 5317 1336 5358 causa
1354 5344 1369 5367 ,
1396 5303 1488 5357 ﬁlii
1518 5304 1822 5360 charissimi
1843 5347 1857 5371 ,
1887 5314 2157 5375 quatenus

576 5398 800 5464 paterna
824 5392 1183 5448 sollicitudine
1213 5394 1556 5449 admonerem
1590 5402 1829 5449 vestrum
1859 5396 2041 5451 nobile
2068 5396 2155 5451 in-

647 5516 676 5546 ι
712 5502 829 5560 Hoc
854 5520 1092 5573 carmen,
1122 5507 1365 5577 exceptis
1388 5513 1621 5577 quatuor
1652 5506 1857 5561 ultimis
1885 5509 2151 5573 versibus,

579 5591 647 5649 ex
680 5578 1045 5633 vetustissimo
1073 5595 1174 5633 ms.
1207 5578 1391 5634 codice
1437 5577 1811 5649 depromptum
1836 5617 1851 5643 ,
1903 5593 2059 5634 suum
2098 5581 2156 5636 in

576 5647 752 5703 locum
800 5650 1192 5705 restituendum
1237 5647 1624 5706 indicavit'Cl.
1666 5647 1966 5707 Frobenius
2014 5651 2158 5707 inter

578 5717 836 5774 Addenda
865 5720 929 5773 ad
961 5735 1117 5777 suam
1145 5724 1458 5779 editionem.

580 5786 1657 5943 prmgugcqgnrgarmemm
1696 5795 1983 5853 venusta
2030 5794 2152 5853 eod.

2262 4659 2561 4730 appellatus
2586 4668 2689 4715 est.
2708 4658 2843 4714 Nam
2868 4667 2925 4712 et
2947 4657 3186 4730 psalmus
3209 4656 3668 4730 quadragesimus
3690 4671 3839 4731 quar-

2260 4760 2370 4817 tus,
2388 4759 2443 4807 et
2470 4752 2898 4824 septuagesimus
2916 4751 3144 4822 primus,
3170 4750 3352 4807 dilecti
3372 4758 3426 4806 et
3448 4752 3666 4823 paciﬁci
3698 4750 3839 4809 titulo

2258 4852 2643 4915 praenotantur.
2674 4842 2776 4911 Qui
2808 4845 3023 4899 tametsi
3066 4844 3135 4899 ad
3178 4845 3520 4915 prophetiam
3562 4844 3765 4901 Christi
3793 4852 3839 4901 et

2261 4934 2517 4989 Ecclesiae
2560 4933 2913 5004 pertinentes,
2946 4932 3258 4990 felicitatem
3289 4942 3342 4989 et
3368 4934 3514 4990 vires
3542 4932 3835 4991 Salomonis

2256 5026 2539 5093 excedant,
2573 5032 2750 5081 tamen
2776 5026 3072 5083 secundum
3102 5025 3387 5083 historiam
3411 5040 3576 5095 super
3602 5024 3832 5081 Salomo-

2256 5134 2327 5175 ne
2352 5118 2645 5190 conscripti
2670 5127 2814 5174 sunt.
2841 5117 2893 5174 is
2920 5117 3102 5188 itaque
3115 5115 3271 5186 juxta
3291 5132 3575 5172 numerum
3606 5120 3830 5173 vocabu-

2258 5214 2432 5273 lorum
2479 5230 2698 5273 suorum
2725 5255 2739 5281 ,
2788 5212 2891 5267 tria
2945 5212 3219 5266 volumina
3264 5210 3475 5266 edidit:
3512 5208 3827 5273 Proverbia,

2259 5307 2640 5371 Ecclesiasten,
2664 5305 2891 5362 Cantica
2914 5304 3272 5360 canticorum.
3290 5302 3359 5357 ‘ln
3368 5298 3695 5358 ‘Proverbiis
3714 5317 3827 5373 par-

2254 5402 2437 5456 vulum
2468 5399 2686 5466 docens,
2716 5407 2769 5455 et
2802 5400 2957 5470 quasi
2989 5399 3056 5454 de
3084 5396 3280 5453 ofﬁciis
3301 5397 3661 5469 praesentibus
3692 5394 3831 5469 [Iliev

2327 5515 2571 5572 Pontiﬁci
2598 5530 2794 5572 mamo
2814 5515 2957 5570 hunc
2974 5510 3179 5568 Arnoni
3206 5510 3411 5567 reddite
3434 5510 3634 5564 librum

2400 5587 2472 5644 Ut
2501 5586 2663 5658 legat,
2688 5584 2883 5658 Albino
2915 5596 3146 5653 mosque
3169 5584 3395 5658 remittit
3418 5597 3565 5638 eum.

2326 5657 2437 5714 Pax
2456 5650 2582 5722 tibi:
2601 5658 2730 5723 vita,
2760 5657 2907 5713 salus
2926 5650 3139 5724 semper
3161 5654 3249 5718 sit,
3275 5660 3459 5724 sancte
3484 5650 3754 5724 sacerdos,

2397 5720 2574 5801 Atque
2597 5720 2806 5801 memor
2832 5728 3003 5783 nostri
3026 5720 3143 5796 iam
3166 5728 3284 5783 sine
3298 5723 3417 5785 ﬁne
3444 5720 3591 5785 nale-

2326 5810 2354 5845 ο
2376 5801 2467 5861 Ex
2478 5799 2682 5860 sancto
2696 5799 3056 5872 Hieronymo.
