4072 6340
264 405 365 458 673

1112 399 1529 452 ELEGETILA.
1566 420 1639 436 -
1679 396 2036 452 LUMENT.
2075 395 2144 452 1N
2180 338 2712 455 Εϐαιεευιελτιω.

3419 401 3528 463 δτι

263 515 348 588 qui
377 513 432 571 in
457 519 678 577 terram,
702 511 848 568 unde
877 509 1078 583 sumpti
1104 517 1251 578 sunt,
1278 511 1527 573 redeunt,
1549 514 1834 582 postquam
1861 513 1912 574 Α
1938 508 2094 566 Hanc
2133 513 2523 583 occupationem
2550 513 2829 584 pessimam
2869 514 3013 569 dedit
3039 514 3182 572 Deus
3206 516 3335 588 ﬁliis
3359 519 3530 576 homi-

261 610 313 666 in
339 606 513 677 primo
535 604 819 660 audierunt
838 611 1120 675 peccatore
1147 621 1160 657 :
1192 603 1360 660 Terra
1382 619 1461 669 es,
1484 603 1614 659 etin
1641 611 1844 658 terram

261 704 396 769 ibis;
428 717 529 758 nec
553 709 733 757 tamen
761 710 905 757 terra
948 700 1205 772 impletur
1231 699 1575 756 multitudine
1599 707 1843 756 mortuo—

261 810 494 941 ωῒειιε.
527 882 581 939 8.
603 911 674 922 —
693 881 905 937 Cunctas
929 897 1010 937 res
1039 880 1270 953 difﬁciles
1289 922 1306 949 ,
1336 897 1442 936 non
1481 890 1646 953 potest
1688 882 1844 937 homo

257 995 343 1034 eas
379 976 638 1048 explicare
680 993 936 1031 sermone.
989 975 1116 1031 Non
1163 986 1437 1032 saturatur
1481 976 1663 1032 oculus
1707 978 1843 1045 visu,

258 1087 346 1126 nec
384 1070 533 1124 auris
571 1067 817 1140 impletur
859 1068 1066 1122 auditu.
1107 1067 1424 1124 Nullatenus
1475 1068 1618 1123 valet
1665 1083 1845 1124 sermo

255 1162 525 1234 explicare
553 1177 745 1218 causas
779 1169 1106 1232 naturasque
1146 1177 1358 1228 rerum;
1391 1177 1492 1217 nec
1527 1162 1716 1217 oculus
1760 1178 1846 1218 sa-

255 1255 448 1320 turari,
471 1262 529 1308 ut
549 1254 627 1310 rei
655 1255 826 1325 possit
846 1255 1162 1326 dignitatem
1185 1255 1383 1310 intueri
1413 1253 1563 1327 [Ms.,
1591 1271 1692 1311 nec
1716 1271 1846 1312 ocu-

253 1349 358 1414 lus,
386 1355 446 1402 ut
473 1347 551 1402 rei
591 1348 765 1418 poscit
791 1348 1046 1419 dignitas,
1075 1347 1329 1420 intueri);
1357 1363 1457 1404 nec
1486 1349 1658 1415 auris,
1690 1349 1844 1405 insti-

255 1449 442 1497 tuente
487 1441 728 1506 doctore,
756 1441 824 1496 ad
850 1455 1114 1496 summam
1149 1457 1332 1496 rerum
1362 1440 1610 1496 notitiam
1655 1455 1846 1511 perve-

252 1533 390 1588 nire.
435 1530 571 1586 Nam
609 1531 770 1588 modo
805 1534 984 1587 omnia
1029 1532 1085 1586 in
1115 1533 1403 1602 aenigmate
1450 1541 1762 1597 cernuntur,
1791 1540 1846 1587 et

252 1641 318 1682 ex
340 1634 499 1696 parte
521 1625 912 1698 intelliguntur,
935 1626 1104 1681 donec
1129 1625 1371 1696 perfecta
1391 1626 1571 1682 veniat
1597 1625 1841 1691 scientia,

253 1736 374 1789 quae
402 1721 457 1774 in
485 1721 588 1776 hoc
613 1720 830 1776 mortali
853 1734 1078 1789 corpore
1109 1735 1228 1775 esse
1252 1735 1358 1774 non
1385 1719 1604 1790 poterit.
1640 1720 1844 1775 Tamen

252 1814 370 1869 haec
404 1813 670 1868 sententia
701 1811 935 1867 maxime
965 1820 1154 1867 contra
1189 1827 1282 1867 eos
1315 1811 1426 1884 agit
1463 1812 1576 1882 qui,
1615 1811 1731 1867 sine
1766 1811 1846 1867 la-

1945 619 2092 670 num,
2121 613 2178 658 ut
2206 604 2575 658 distendantur
2597 605 2653 659 in
2677 622 2760 659 ea.
2792 605 2949 660 Dedit
2990 621 3141 673 vero,
3175 608 3331 674 dixit,
3358 625 3424 666 eo
3449 610 3529 666 lo-

1943 697 2175 753 cutionis
2195 711 2390 768 genere
2415 713 2522 767 quo
2553 696 2842 768 Apostolus
2861 699 2929 754 ad
2954 700 3226 756 Romanos
3252 701 3328 756 ait
3355 719 3368 756 :
3394 701 3528 758 Tra-

1942 791 2076 845 didit
2121 807 2206 845 eos
2247 789 2387 844 Deus
2425 790 2480 843 in
2525 791 2804 860 reprobum
2849 789 3055 845 sensum
3081 790 3260 863 (Rom.
3291 808 3330 859 1,
3362 792 3438 864 6).
3471 793 3530 850 ld

1942 891 2048 950 est,
2078 883 2326 954 permisit
2370 897 2482 946 eos,
2531 890 2752 953 propter
2799 884 3154 953 praecedentia
3200 893 3442 956 peccata,
3473 884 3529 941 in

1943 976 2232 1045 reprobum
2272 976 2465 1031 cadere
2505 971 2742 1030 sensum.
2776 973 3062 1047 Pr0posuit
3091 991 3220 1047 ergo
3259 976 3532 1033 Ecclesia-

1943 1077 2070 1132 stes,
2100 1069 2276 1138 primo
2300 1066 2462 1139 415
2501 1068 2743 1122 omnium
2787 1083 2883 1124 cor
2916 1083 3071 1122 suum
3114 1069 3181 1123 ad
3212 1068 3530 1137 sapientiam

1943 1160 2354 1232 requirendam,
2384 1170 2439 1216 et
2478 1161 2621 1216 ultra
2669 1161 2873 1217 licitum
2903 1178 2962 1219 se
3001 1165 3318 1229 extendens,
3362 1163 3533 1218 voluit

1943 1268 2137 1309 causas
2166 1251 2509 1320 rationesque
2550 1266 2893 1321 cognoscere,
2924 1268 3091 1322 quare
3119 1252 3328 1322 parvuli
3361 1251 3534 1306 corri-

1942 1353 2202 1418 perentur
2238 1360 2268 1399 a
2306 1345 2569 1409 daemone,
2597 1358 2694 1398 cur
2741 1342 3020 1415 naufragia
3065 1344 3183 1415 pios
3232 1343 3532 1414 impiosque

1942 1437 2150 1508 pariter
2173 1437 2528 1491 absorberent
2549 1448 2563 1486 :
2588 1442 2770 1489 utrum
2799 1434 2916 1489 haec
2941 1442 2994 1488 et
3023 1433 3109 1489 his
3138 1433 3333 1489 similia
3365 1445 3530 1488 causa

1947 1525 2102 1600 [Ms.,
2129 1525 2280 1598 casu]
2307 1525 2604 1590 evenirent,
2633 1539 2701 1579 an
2724 1523 2928 1593 judicio
2955 1525 3048 1579 Dei
3089 1532 3143 1580 et
3167 1524 3527 1595 providentia.

1947 1618 2006 1675 Si
2052 1634 2159 1674 non
2183 1617 2411 1688 judicio,
2441 1617 2534 1672 ubi
2564 1615 2902 1686 providentia
2930 1615 3026 1670 Dei
3049 1616 3113 1670 ﬂ?
3163 1616 3306 1683 Haec,
3332 1615 3530 1686 inquit,

1944 1728 2104 1768 nosse
2129 1712 2461 1776 desiderans,
2489 1709 2729 1764 intellexi
2755 1707 3079 1779 superﬂuam
3103 1724 3310 1773 curam,
3341 1717 3396 1763 et
3425 1706 3533 1763 sol-

1945 1807 2278 1863 licitudinem
2315 1820 2412 1876 per
2439 1804 2652 1859 diversa
2698 1803 3053 1869 cruciantem,
3082 1818 3112 1856 a
3145 1803 3254 1857 Deo
3296 1800 3531 1858 homini-

253 1905 389 1960 bore
412 1912 468 1960 et
487 1903 724 1960 discendi
746 1903 945 1970 studio,
970 1911 1280 1959 sanctarum
1311 1875 1715 1974 scripturarum
1741 1902 1841 1958 sibi
1873 1883 1920 1944 Β
1948 1903 2051 1959 bus
2077 1903 2253 1958 datam
2271 1941 2286 1965 ,
2317 1908 2379 1954 ut
2423 1899 2563 1954 scire
2591 1899 2808 1968 cupiant
2838 1898 2980 1966 quod
3018 1897 3157 1952 scire
3185 1910 3292 1950 non
3326 1875 3532 1949 [iditum

252 1999 503 2054 notitiam
544 1997 889 2069 promittunt,
915 1997 1250 2055 aestimantes
1286 2013 1345 2054 se
1392 1997 1688 2073 sapientes,
1721 2013 1845 2053 cum

253 2103 381 2151 sunt
415 2095 748 2166 insipientes.

326 2191 494 2245 Vens.
526 2189 578 2254 9,
614 2187 702 2242 10.
725 2215 797 2229 -—
827 2186 968 2253 Quid
1011 2195 1084 2242 est
1115 2185 1254 2258 quod
1298 2187 1440 2256 fuit?
1483 2188 1677 2256 ipsum,
1705 2184 1846 2255 quod

251 2282 494 2352 futuram
520 2291 616 2336 est.
651 2281 790 2347 Quid
821 2290 894 2335 est
928 2281 1066 2351 quod
1098 2281 1296 2350 factum
1338 2281 1455 2335 est?
1482 2281 1674 2351 ipsum,
1706 2278 1846 2348 quod

248 2373 558 2444 faciendum
582 2381 676 2427 est.
719 2370 868 2425 Nihil
893 2371 988 2426 sub
1021 2369 1130 2424 sole
1160 2387 1368 2434 novum,
1397 2386 1488 2424 nec
1528 2369 1660 2424 valet
1704 2369 1846 2438 quis-

253 2486 419 2541 quam
449 2469 640 2536 dicere,
681 2484 796 2522 ecce
843 2467 940 2520 hoc
975 2483 1150 2520 recens
1185 2474 1279 2519 est.
1311 2465 1388 2520 De
1424 2465 1633 2518 naturis
1659 2464 1712 2518 in
1737 2463 1847 2533 pri-

252 2557 474 2612 mordio
489 2557 676 2612 mundi
692 2556 890 2613 creatis
910 2555 1124 2610 videtur
1142 2555 1337 2619 dicere,
1354 2562 1408 2609 et
1429 2555 1495 2610 de
1509 2553 1847 2609 successione

250 2665 470 2715 earum,
517 2649 803 2719 quomodo.
831 2649 1072 2714 veniunt,
1121 2655 1174 2703 et
1223 2647 1493 2718 quomodo
1541 2653 1844 2701 transeunt.

248 2740 420 2796 Verbi
468 2740 678 2812 gratia:
705 2739 832 2794 dum
876 2739 1038 2794 homo
1080 2737 1350 2803 moritur,
1381 2737 1542 2791 homo
1584 2737 1843 2792 nascitur.

247 2831 459 2888 Eadem
489 2839 682 2885 natura
722 2829 823 2885 fuit
845 2830 1148 2896 morientis,
1181 2843 1304 2899 qua:
1330 2837 1385 2883 et
1415 2828 1690 2883 nascentis
1716 2826 1842 2882 erit.

250 2923 521 2980 Similiter
545 2924 610 2978 de
633 2923 840 2986 avibus,
864 2923 1124 2993 piscibus,
1150 2923 1490 2993 serpentibus
1519 2929 1574 2977 et
1595 2920 1848 2976 omnibus

249 3017 644 3083 animantibus,
676 3016 1079 3088 intelligendum
1105 3025 1205 3080 est,
1241 3031 1340 3072 nec
1367 3031 1473 3072 non
1504 3016 1556 3070 in
1581 3016 1767 3071 herbis
1792 3023 1848 3071 et

250 3110 547 3167 arboribus
592 3111 911 3180 ueterisque
962 3124 1145 3165 rerum
1189 3108 1417 3173 naturis,
1463 3107 1598 3162 nihil
1648 3121 1846 3162 novum

252 3203 536 3259 invenitur
555 3205 696 3275 quod
723 3211 847 3258 ante
869 3218 977 3256 non
1001 3209 1144 3258 esset
1167 3216 1182 3256 :
1205 3201 1335 3256 nihil
1362 3201 1686 3272 periturum,
1701 3200 1846 3270 quod

1943 2003 2046 2050 est.
2094 1994 2163 2048 Et
2202 1993 2306 2048 hoc
2349 1999 2572 2062 propter
2616 1989 3020 2053 curiositatem,
3050 1988 3106 2042 in
3146 2002 3309 2057 quam
3338 2001 3396 2041 se
3435 1999 3533 2040 sua

1945 2095 2134 2157 sponte
2156 2085 2476 2156 iniecerunt,
2503 2081 2750 2153 permisit
2769 2096 2862 2136 eos
2885 2081 3028 2135 Deus
3048 2078 3125 2151 [in
3156 2077 3258 2150 eis]
3287 2078 3535 2133 laborare

1945 2176 2228 2234 eventibus
2253 2175 2377 2229 vitae
2403 2170 2580 2241 hujus,
2613 2171 2668 2227 in
2697 2171 2892 2242 quibus
2918 2170 3120 2226 nullam
3152 2169 3425 2224 rationem
3451 2168 3534 2223 in-

1944 2270 2130 2327 venire
2157 2267 2460 2322 valuerunt.

2018 2363 2183 2417 Vens.
2215 2359 2388 2414 M.—-
2423 2355 2538 2410 Vidi
2563 2372 2680 2428 quae
2705 2355 2836 2424 ﬁunt
2864 2361 3052 2409 cuncta
3079 2352 3174 2407 sub
3199 2351 3324 2418 sole,
3348 2360 3394 2405 et
3417 2367 3533 2406 ecce

1945 2456 2187 2510 universa
2233 2453 2432 2508 vanitas
2455 2492 2470 2517 ,
2500 2460 2547 2504 et
2581 2451 2789 2521 afflictio
2835 2450 3071 2520 spiritus.
3114 2447 3285 2501 Aliter
3315 2445 3404 2518 [In
3431 2463 3530 2501 ms.

1947 2547 2104 2602 aliter
2143 2543 2336 2617 omitt.]
2368 2552 2450 2599 est
2485 2557 2712 2599 sensus:
2735 2541 3085 2598 Consideravi
3131 2541 3381 2595 universa
3415 2553 3536 2609 qua:

1947 2639 2004 2694 in
2029 2638 2228 2693 mundo
2255 2645 2400 2702 sunt,
2426 2644 2481 2690 et
2509 2635 2645 2691 nihil
2669 2634 2813 2689 aliud
2837 2633 3166 2704 deprehendi
3189 2648 3350 2703 quam
3376 2631 3531 2686 vani-

1947 2738 2116 2786 tatem
2159 2737 2214 2785 et
2263 2728 2540 2789 malitiam,
2571 2728 2624 2782 id
2650 2735 2733 2783 est
2777 2727 3025 2782 miserias
3069 2725 3311 2797 spiritus,
3339 2724 3536 2794 quibus

1947 2823 2161 2878 animus
2209 2821 2437 2876 diversis
2488 2819 2747 2890 fatigatur
2802 2817 3234 2888 cogitationibus.
3295 2815 3535 2870 Laborat

1950 2914 2102 2988 [Ms.,
2130 2912 2303 2985 labor]
2331 2913 2546 2982 sapiens
2585 2924 2912 2982 cognoscere
2955 2909 3101 2980 quod
3141 2908 3390 2963 humanae
3424 2920 3534 2963 non

1949 3013 2034 3063 est
2061 3006 2244 3060 datum
2273 3005 2550 3075 sapientia:
2575 3004 2735 3059 scire.

2017 3099 2184 3154 Vnus.
2217 3097 2302 3151 15.
2323 3127 2396 3137 -
2418 3095 2658 3151 Perversi
2702 3093 2909 3165 difﬁcile
2937 3100 3291 3164 corriguntur,
3323 3099 3372 3146 et
3395 3088 3532 3146 βιαιο

1949 3200 2122 3245 torum
2152 3189 2390 3258 inﬁnitus
2433 3198 2506 3243 est
2535 3203 2800 3242 numerus.
2833 3185 3155 3240 Sanctorum
3181 3180 3536 3237 numerabilis

247 3305 445 3365 postea
472 3310 580 3351 non
603 3295 698 3350 fiat
729 3293 882 3368 [Ms.,
909 3293 1044 3367 ﬁet].
1074 3293 1198 3349 Ideo
1226 3293 1357 3348 dicit
1399 3291 1713 3364 Scriptura:
1741 3293 1846 3348 Re—
1867 3275 1918 3339 C
1947 3292 2032 3340 est
2075 3282 2379 3349 multitudo,
2423 3281 2708 3336 stultorum
2756 3293 2884 3334 vero
2930 3276 3275 3347 congregatio
3314 3291 3421 3330 non
3451 3278 3537 3330 est

245 3390 464 3460 quievit
496 3390 637 3445 Deus
669 3390 756 3445 die
783 3387 1014 3460 septimo
1042 3389 1110 3445 ab
1135 3389 1389 3444 omnibus
1413 3387 1669 3458 operibus
1709 3387 1843 3455 suis,

245 3482 300 3539 id
329 3491 443 3550 est,
468 3500 499 3539 a
528 3499 786 3539 novarum
816 3482 1092 3538 creatione
1117 3491 1435 3537 naturarum
1461 3481 1712 3547 cessavit,
1738 3497 1846 3536 non

245 3591 276 3631 a
305 3577 723 3649 gubernatione,
759 3576 825 3632 de
853 3592 957 3646 qua
985 3576 1099 3647 ipsa
1125 3575 1341 3631 Veritas
1371 3575 1484 3629 ait:
1511 3573 1673 3629 Pater
1701 3591 1845 3629 meus

244 3687 420 3742 usque
442 3671 595 3725 modo
621 3679 884 3742 operatur,
910 3679 958 3725 et
983 3687 1075 3742 ego
1107 3687 1309 3742 operor.
1350 3669 1502 3726 Unde
1521 3684 1585 3724 ex
1615 3670 1848 3741 primor-

245 3762 491 3818 dialibus
517 3770 885 3818 creaturarum
911 3761 1208 3818 seminibus
1230 3761 1397 3818 totius
1420 3761 1604 3817 saeculi
1635 3768 1848 3831 tempus

242 3856 494 3913 naturali
519 3872 682 3912 cursu
704 3856 998 3928 peragitur.

312 3952 496 4007 Vsus.
530 3949 617 4003 11.
647 3979 717 3989 -
749 3948 872 4004 Jam
904 3949 1043 4002 enim
1068 3945 1332 4018 pratcessit
1374 3947 1432 4000 in
1475 3945 1702 4011 sceculis,
1730 3962 1847 4017 qua:

245 4043 472 4114 fuerunt
500 4052 619 4098 ante
647 4060 761 4097 nos.
796 4041 919 4096 Non
951 4050 1026 4095 est
1063 4041 1301 4112 priorum
1326 4040 1603 4105 memoria,
1629 4038 1722 4093 sed
1755 4055 1848 4092 nec

244 4152 440 4192 eorum
471 4135 679 4207 quidem
721 4150 838 4206 qua:
880 4142 992 4204 post
1039 4133 1223 4202 futura
1251 4141 1395 4197 sunt,
1431 4132 1527 4185 erit
1556 4129 1847 4184 recordatio

247 4231 390 4301 apud
428 4246 515 4283 eos
540 4228 629 4298 qui
659 4226 825 4298 futuri
854 4233 974 4279 sunt
996 4225 1051 4278 in
1073 4223 1370 4277 novissimo.
1404 4221 1556 4276 Sicut
1575 4218 1850 4290 praeterita

244 4337 368 4394 qua:
406 4323 545 4378 olim
590 4320 833 4383 fuerunt,
868 4319 1009 4389 apud
1046 4332 1147 4372 nos
1194 4315 1475 4370 abscondit
1522 4313 1739 4375 oblivio,
1771 4310 1850 4367 sic

245 4428 309 4469 ea
357 4429 492 4486 quae
525 4428 670 4467 nunc
717 4410 995 4466 nobiscum
1043 4406 1455 4479 praesentialiter
1485 4405 1640 4470 ﬁunt,
1671 4403 1726 4458 hi
1756 4400 1849 4473 qui

243 4510 398 4564 nasci
437 4507 658 4571 habent,
683 4505 822 4560 scire
843 4519 950 4559 non
974 4509 1242 4574 poterunt,
1262 4499 1396 4567 Quia
1419 4507 1611 4554 cuncta
1634 4496 1849 4553 silentio

243 4602 533 4671 peribunt,
559 4607 613 4652 et
639 4597 790 4668 quasi
807 4612 916 4652 non
942 4595 1157 4657 iuerint,
1181 4592 1597 4656 abscondentur,
1627 4597 1682 4644 et
1701 4604 1845 4668 com-

243 4654 498 4762 plebitur
528 4691 617 4745 illa
639 4654 940 4746 sententia:
977 4685 1190 4740 Vanitas
1216 4685 1526 4748 vanitatum,
1557 4654 1846 4736 ormnia'va-
1873 4654 1924 4714 Ῐ)
1949 4674 2157 4743 Regum
2180 4668 2346 4731 libris,
2589 4659 2864 4732 sapientiae
2897 4657 3001 4762 fui‘s

246 4786 412 4841 nitas.
456 4782 706 4857 [Vanitas
762 4779 1073 4852 vanitatum]
1104 4780 1228 4850 quia
1259 4778 1438 4834 omnia
1473 4783 1771 4839 transeunt,
1795 4783 1852 4830 et

247 4892 406 4934 more
457 4876 676 4931 ﬂuentis
728 4891 881 4945 aquze
926 4875 1146 4936 vadunt,
1181 4880 1235 4927 et
1281 4887 1386 4927 non
1430 4870 1701 4925 redibunt.
1749 4866 1848 4923 Cui

249 4969 544 5026 sententire
572 4977 717 5026 totus
740 4968 971 5024 mundus
998 4968 1150 5024 testis
1179 4973 1282 5030 est,
1311 4973 1367 5021 et
1403 4964 1640 5020 maxime
1661 4963 1850 5019 huma-

249 5076 382 5116 num
413 5076 608 5133 genus.

323 5154 501 5208 Vnus.
534 5152 619 5206 12.
646 5182 718 5192 --
756 5151 869 5223 Ego
915 5150 1256 5205 Ecclesiastes
1302 5149 1381 5219 fui
1425 5165 1518 5203 rea:
1563 5145 1765 5214 Israel,
1791 5145 1849 5201 in

251 5240 620 5299 Hierusalem.
651 5242 938 5312 anusque
965 5241 1210 5311 praefatio
1238 5240 1562 5312 generaliter
1601 5239 1668 5294 de
1688 5236 1851 5308 hujus

252 5336 445 5392 saeculi
489 5335 818 5390 vanitatibus
843 5334 1098 5404 disputat.
1140 5332 1275 5388 Hinc
1299 5333 1367 5387 ad
1391 5331 1739 5402 semetipsum
1763 5345 1849 5385 re-

251 5429 354 5496 dit,
378 5438 438 5484 et
458 5429 581 5500 quis
604 5437 764 5493 esset,
790 5427 1056 5492 ostendit;
1085 5427 1167 5481 vel
1191 5427 1461 5497 quomodo
1480 5425 1853 5496 experimento

252 5520 445 5574 omnia
472 5519 783 5591 cognoverit
802 5526 857 5574 et
876 5518 1142 5575 docuerit.
1164 5517 1288 5573 Ideo
1311 5524 1704 5587 consequenter
1725 5516 1852 5573 sub-

245 5609 441 5681 iunxit
469 5631 482 5667 :

331 5702 506 5757 Vnus.
543 5703 632 5759 15.
657 5734 732 5746 —
752 5703 818 5758 Et
843 5703 1088 5775 proposui
1115 5691 1176 5756 in.
1199 5701 1373 5756 animo
1399 5717 1512 5755 meo
1537 5715 1770 5771 qutrrere
1803 5707 1852 5754 et

249 5792 576 5866 investigare
606 5798 866 5868 sapienter
892 5796 956 5850 de
1000 5795 1237 5849 omnibus
1281 5809 1399 5848 aute
1423 5792 1558 5861 ﬁunt
1602 5789 1694 5844 sub
1723 5788 1852 5844 sole.

1948 3393 2176 3434 numero
2204 3377 2383 3448 digna.
2414 3373 2543 3429 Tale
2580 3373 2710 3442 quid
2735 3381 2789 3426 et
2819 3370 3101 3426 Psalmista
3142 3368 3218 3423 ait
3243 3382 3258 3421 :
3280 3367 3535 3421 Dinume-

1931 3472 2076 3543 Vrabo
2105 3488 2212 3537 eos,
2239 3470 2294 3525 id
2323 3476 2406 3524 est
2448 3475 2662 3523 sanctos
2681 3507 2695 3532 ,
2727 3482 2883 3536 super
2924 3477 3138 3518 arenam
3168 3461 3331 3515 maris
3358 3457 3532 3530 (Psal.

1946 3579 2211 3628 cxxxvm,
2240 3562 2350 3633 18),
2378 3561 2432 3615 id
2461 3567 2545 3614 est
2581 3558 2773 3614 stultos
2798 3557 2891 3628 qui
2917 3571 3098 3611 arente
3127 3557 3530 3622 comparantur.

1950 3655 2102 3712 Sicut
2120 3654 2187 3709 ad
2207 3653 2480 3708 Abraham
2501 3651 2761 3706 Dominus
2781 3649 2916 3704 dixit
2939 3662 2954 3702 :
2978 3646 3046 3700 Et
3066 3645 3166 3700 erit
3187 3659 3363 3698 semen
3385 3650 3534 3695 tuum

1947 3747 2082 3801 sicut
2107 3744 2270 3799 stella:
2297 3742 2429 3807 caeli,
2459 3750 2507 3796 et
2530 3741 2664 3795 sicut
2690 3755 2852 3793 arena
2873 3737 3036 3791 maris
3066 3733 3220 3807 (Gen.
3249 3747 3385 3796 xm,
3418 3728 3530 3800 17).

1945 3836 2007 3892 In
2048 3836 2219 3892 stellis
2245 3833 2481 3905 intellige
2511 3839 2748 3896 sanctos,
2780 3831 2846 3885 de
2874 3829 3069 3899 quibus
3095 3825 3383 3881 Psalmista
3413 3822 3491 3877 ait
3515 3839 3529 3875 :

1951 3932 2055 4000 Qui
2095 3940 2334 3987 numerat
2375 3928 2764 3983 multitudinem
2793 3923 3084 3987 stellarum,
3117 3929 3166 3975 et
3189 3918 3428 3974 omnibus
3457 3917 3532 3971 eis

1948 4025 2162 4080 nomina
2210 4031 2358 4078 vocat
2403 4019 2628 4092 (Psalm.
2676 4033 2857 4082 CXLV],
2907 4013 2984 4087 4).
3030 4014 3087 4067 1η
3125 4027 3311 4076 arena,
3351 4023 3536 4079 pecca-

1948 4127 2125 4185 tores,
2176 4117 2242 4174 de
2285 4114 2482 4186 quibus
2526 4112 2762 4169 dicitur:
2789 4107 3086 4163 Perdentur
3130 4111 3425 4175 peccatores
3469 4101 3534 4155 de

1949 4221 2110 4266 terra.

2021 4302 2186 4358 Vens.
2221 4298 2308 4354 16.
2331 4295 2490 4351 -Ιη
2533 4293 2689 4349 corde
2730 4305 2845 4345 meo
2883 4287 3088 4342 locutus
3132 4299 3269 4349 sum,
3307 4281 3484 4336 dicens
3512 4293 3534 4334 :

1948 4378 2071 4451 ecce]
2088 4407 2308 4463 magnus
2338 4389 2551 4458 eﬁ'ectus
2580 4400 2716 4448 sum,
2741 4391 2786 4437 et
2811 4378 3050 4452 prwcessi
3074 4375 3332 4447 sapientia
3358 4387 3533 4426 omnes

1947 4487 2037 4558 qui
2066 4485 2277 4556 fuerunt
2306 4489 2426 4534 ante
2451 4495 2531 4533 me
2555 4479 2611 4532 in
2643 4471 2995 4536 Hierusalem,
3021 4478 3067 4523 et
3097 4484 3239 4522 mens
3268 4481 3383 4519 mea
3409 4472 3552 4518 con-'

1949 4555 2199 4650 templata
2225 4584 2298 4630 est
2325 4572 2489 4628 multa
2514 4571 2794 4642 sapienter,
2821 4575 2866 4620 et
2895 4562 3098 4618 didicit.
3120 4558 3372 4630 Legimus
3397 4564 3452 4611 et
3478 4555 3532 4609 in

3003 4669 3060 4710 se
3087 4652 3453 4713 Salomonem,
3479 4653 3537 4701 et

1949 4739 2055 4819 hoc
2082 4779 2112 4816 a
2139 4762 2250 4815 Deo
2274 4756 2504 4829 speciale
2527 4755 2723 4809 donum
2745 4765 2857 4820 prec
2884 4747 3095 4803 caeteris
3125 4743 3307 4800 saeculi
3332 4739 3535 4797 divitiis

1946 4856 2035 4912 vel
2074 4853 2371 4910 honoribus
2401 4845 2702 4919 postulasse
2733 4840 2856 4914 (III
2882 4839 3011 4910 Reg.
3040 4836 3145 4910 ιιι).
3193 4832 3372 4890 Mundi
3404 4845 3534 4901 ergo

1950 4947 2131 5004 cordis
2175 4941 2363 5000 oculus
2404 4938 2632 4993 multam
2661 4931 2980 5004 sapientiam
3007 4938 3062 4986 et
3093 4926 3373 4984 scientiam
3399 4937 3531 4978 conv

1950 5048 2153 5098 tuetur.
2175 5037 2300 5092 Ideo
2327 5048 2432 5088 non
2454 5031 2550 5096 ait,
2568 5028 2792 5084 multam
2824 5023 3143 5096 sapientiam
3177 5029 3232 5076 et
3252 5013 3532 5073 scientiam

1920 5109 2067 5192 .sum
2112 5133 2344 5194 locutus,
2374 5126 2468 5182 sed
2497 5123 2743 5197 [multam
2789 5118 3108 5190 sapientiam
3133 5121 3189 5170 et
3222 5105 3528 5180 scientiam]

1948 5227 2084 5282 vidit
2111 5239 2208 5279 cor
2234 5234 2413 5276 meum
2439 5232 2453 5272 :
2478 5233 2586 5272 non
2629 5215 2772 5270 enim
2817 5223 3104 5284 possumus
3143 5203 3321 5274 eloqui
3349 5200 3533 5258 omnia

1950 5298 2094 5392 quae“
2117 5314 2416 5373 sentimus:
2439 5311 2602 5365 latior
2642 5314 2725 5365 est
2762 5305 2906 5361 enim
2957 5299 3137 5356 cordis
3179 5291 3533 5366 intelligentia

1951 5427 2113 5485 quam
2140 5408 2252 5465 oris
2285 5403 2676 5476 interpretatio.

2024 5507 2190 5563 Vnus.
2221 5501 2308 5556 17.
2327 5529 2400 5540 --
2421 5497 2555 5551 Dedi
2576 5508 2778 5566 quoque
2798 5506 2888 5545 cor
2906 5501 3099 5552 meum,
3121 5492 3177 5538 ut
3204 5481 3389 5536 scirem
3408 5491 3538 5550 pru-

1957 5597 2210 5659 dentiam,
2237 5602 2391 5664 atque
2415 5589 2730 5650 doctrinam,
2756 5595 3059 5652 erroresque
3085 5584 3132 5632 et
3160 5571 3460 5638 stultitiam,
3486 5573 3537 5664 et

1957 5687 2142 5760 agnovi
2170 5653 2390 5756 quodin
2418 5682 2497 5735 his
2525 5693 2726 5750 quoque
2747 5683 2875 5731 esset
2898 5668 3047 5726 labor
3073 5677 3121 5724 et
3144 5665 3351 5738 aﬂlictfo
3376 5653 3535 5734 spiri-

1959 5756 2062 5838 tus.
2093 5777 2377 5836 Contraria
2425 5771 2714 5830 cont-rariis
2757 5768 3146 5838 intelliguntur,
3190 5770 3246 5817 et
3274 5756 3538 5819 sapientia

329 5915 366 5952 ι
389 5903 542 5981 ιθκθ
568 5926 638 5969 ex
664 5917 852 5969 sancto
879 5908 1207 5980 Hieronymo
1232 5906 1289 5965 in
1314 5906 1461 5964 hunc
1487 5903 1668 5963 locum
1693 5918 1707 5958 :
1730 5918 1750 5958 ι
1777 5900 1847 5962 Et
1870 5896 1920 5962 si
1939 5913 2090 5966 casu,
2116 5895 2209 5954 ubi
2232 5889 2604 5968 providentia?
2633 5887 2692 5946 Si
2713 5886 2938 5958 judicio,
2959 5883 3050 5942 ubi
3073 5879 3315 5956 iustitia?
3333 5899 3352 5934 ι
