4072 6340
236 365 332 430 m

1095 365 1512 434 ΕΧΕΕΕΊΙΟΑᾸ
1538 366 1592 414 -’
1647 367 2000 436 COMMENT.
2037 371 2110 430 ΙΝ·
2145 371 2676 436 εωιεωειτεη.

3395 385 3501 452 678

233 483 360 544 mihi
377 482 564 552 itaque
581 483 674 554 qui
695 483 1016 558 sapimtiam
1035 491 1304 560 sequitur,
1323 493 1510 550 oculos
1527 493 1598 550 ad
1615 494 1810 554 co:le
1837 504 1892 564 Α
1917 494 2082 560 disse,
2104 493 2310 565 Regum
2350 496 2474 552 libri
2516 503 2804 563 testantur,
2829 497 2922 568 qui
2956 497 3198 558 Habeam
3225 505 3500 575 momenti

233 591 440 647 semper
479 577 715 648 erigere,
744 589 798 636 et
827 580 886 636 in
930 583 1158 640 sublime
1205 602 1270 642 os
1305 587 1512 643 habere
1545 596 1810 654 erectum,

1915 586 2024 644 ﬁlio
2049 587 2262 646 labores
2290 605 2416 646 suos
2458 590 2694 660 reliquit.
2743 590 2852 648 Sed
2873 592 3072 650 melius
3093 594 3501 664 intelligendum

230 685 394 742 eaque
438 687 560 742 quae
599 687 762 742 super
809 677 1066 744 verticem
1111 687 1272 745 sunt,
1305 683 1658 754 contemplari
1682 702 1694 737 :
1717 682 1812 754 qui
1911 692 1996 740 est
2024 681 2182 755 [ΗΜ
2207 683 2442 756 aestimo]
2469 683 2538 739 de
2584 685 2818 754 spiritali
2843 685 3048 754 labore,
3081 687 3140 742 in
3175 705 3288 757 quo
3307 690 3502 750 diebus

228 778 352 820 vero
384 763 628 820 stultitiae
661 773 718 824 et
759 767 902 824 vitiis
946 770 1158 826 dedits
1193 771 1355 844 ήῙῚ
1393 775 1493 839 sit,
1519 777 1724 830 versari
1754 777 1810 832 in
1910 791 1975 830 ac
2015 777 2266 832 noctibus
2284 776 2372 830 vir
2396 773 2612 847 sapiens
2635 778 2690 832 in
2717 777 2834 848 lege
2857 778 3072 834 Domini
3103 781 3418 848 meditatur,
3445 787 3504 840 et

227 857 462 913 telebris
489 866 546 913 et
585 859 642 914 in
682 875 868 918 rerum
915 863 1220 934 ignorantia
1265 869 1518 924 volutari.
1567 870 1810 941 cumquo
1911 862 2317 935 Scripturarum
2347 875 2658 924 sanctarum
2689 867 2918 924 desudat
2943 869 3414 940 interpretatione,
3443 882 3501 931 et

224 953 332 1008 hac
377 952 456 1006 ita
485 968 546 1008 se
577 953 834 1021 habeant,
878 957 1028 1013 inter
1061 962 1358 1030 sapientem
1403 973 1458 1018 et
1491 964 1718 1020 stultum
1743 979 1805 1020 ea

221 1043 474 1102 distantia
501 1055 602 1111 est,
645 1049 790 1116 quod
818 1049 958 1105 alter
985 1052 1114 1118 diei,
1141 1054 1278 1108 alter
1313 1057 1554 1111 tenebris
1587 1073 1807 1127 conma-

220 1145 400 1192 retur:
433 1137 523 1192 ille
570 1140 757 1196 oculos
803 1141 870 1196 ad
911 1143 1108 1198 caelum
1151 1145 1328 1212 levat,
1361 1148 1464 1202 iste
1507 1148 1562 1203 in
1603 1157 1801 1206 terram

217 1231 482 1302 deprimit.
529 1231 772 1304 Repente
793 1243 978 1289 autorn
1003 1237 1142 1292 mihi
1171 1239 1428 1308 cogitatio
1465 1241 1570 1294 ista
1612 1241 1802 1296 subre-

211 1324 334 1395 psit,
372 1339 540 1394 quare
583 1327 800 1396 sapiens
823 1335 882 1382 et
913 1329 1112 1384 stultus
1135 1333 1409 1386 communi
1455 1341 1682 1402 peream
1722 1334 1804 1388 iit-.-

213 1417 404 1484 teritu;
427 1433 530 1472 cur
545 1419 734 1474 eadem
756 1420 934 1490 plaga,
961 1421 1150 1478 eodem
1171 1432 1390 1490 eventu,
1415 1426 1606 1479 eadem
1627 1433 1802 1480 nlorte

207 1519 553 1578 premantur;
587 1527 688 1567 cur
713 1514 920 1570 eadem
943 1515 1054 1570 sint
1097 1517 1316 1587 utrique
1348 1519 1630 1589 angustia.
1663 1518 1803 1574 Sunt

205 1615 330 1655 vero
359 1602 452 1671 qui
487 1602 606 1658 hac
630 1604 794 1658 verba
817 1603 1160 1662 Eeclesiastis
1201 1609 1270 1662 ab
1306 1621 1374 1662 eo
1417 1608 1536 1664 loco
1563 1608 1654 1664 ubi
1681 1608 1758 1662 ait
1783 1625 1796 1662 :

205 1688 548 1762 Hagniﬁcaoi
579 1709 738 1764 opera
766 1711 902 1760 mea,
925 1712 1098 1766 usque
1121 1697 1194 1752 ad
1219 1700 1366 1754 hunc
1393 1699 1570 1756 locum
1602 1702 1656 1754 in
1691 1715 1800 1770 quo

203 1782 311 1838 sit:
337 1783 604 1854 Sapientis
634 1785 774 1840 oculi
799 1787 856 1840 in
899 1788 1066 1858 cqrite
1112 1789 1248 1859 ejus,
1280 1789 1350 1846 de
1375 1791 1596 1846 Christo
1633 1793 1798 1846 inter-

1907 957 2076 1014 libros
2119 962 2394 1030 componit
2439 961 2662 1026 multos,
2701 969 2762 1015 ut
2803 964 3122 1018 meritoriam
3149 964 3232 1020 sui
3265 965 3502 1034 posteris

1910 1047 2062 1120 μη,
2091 1051 2206 1106 suis
2227 1050 2482 1124 posteris]
2511 1053 2806 1124 relinquat,
2827 1060 2884 1108 et
2907 1053 3260 1112 nihilominus
3282 1055 3498 1114 labores

1905 1139 2052 1196 illius
2075 1141 2130 1196 in
2157 1157 2346 1198 manus
2372 1143 2660 1198 stultorum
2686 1145 3044 1213 perveniunt,
3069 1146 3164 1216 qui
3185 1145 3500 1216 frequenter

1906 1231 2202 1288 secundum
2254 1234 2668 1302 perversitatem
2717 1236 2902 1290 cordis
2944 1236 3050 1303 sui,
3077 1252 3144 1292 ex
3177 1247 3492 1294 sanctorum

1904 1321 2126 1378 Patrum
2156 1324 2312 1380 dictis
2333 1365 2348 1390 ,
2395 1325 2663 1380 haeretica
2688 1328 2972 1395 pravitatis
2997 1331 3204 1386 semina
3246 1329 3489 1400 capiunt,

1903 1421 1958 1469 et
1984 1415 2194 1471 alienos
2224 1415 2442 1472 labores
2467 1417 2888 1474 calumniantur.

1977 1510 2140 1564 Vens.
2172 1509 2360 1566 20-25.
2405 1541 2476 1550 --
2515 1508 2668 1564 Unde
2709 1513 2926 1580 cessari,
2963 1517 3378 1588 renuntianitque
3409 1531 3502 1572 cor

1901 1617 2076 1656 meum
2103 1601 2245 1656 ultra
2267 1601 2508 1656 laborare
2527 1605 2626 1656 sub
2649 1605 2760 1658 sole
2785 1620 2804 1658 :
2834 1621 2958 1660 nam
2986 1622 3102 1660 cunt
3129 1607 3268 1674 alius
3289 1606 3497 1664 laborat

1901 1693 1958 1746 in
1987 1695 2266 1762 sapientia,
2291 1703 2340 1748 et
2363 1693 2622 1760 doctrina,
2641 1703 2690 1748 et
2710 1694 3082 1762 sollicitudine,
3101 1697 3298 1754 nomini
3329 1699 3495 1754 otioso

1899 1786 2124 1856 quaesito
2153 1785 2402 1850 dimittit;
2431 1793 2478 1838 et
2505 1785 2604 1840 hoc
2629 1801 2750 1855 ergo
2787 1787 2990 1863 vanitas
3028 1797 3076 1842 et
3104 1803 3352 1857 magnum
3379 1803 3494 1846 ma:-

198 1876 402 1946 pretari
439 1887 728 1932 conantur.
780 1877 886 1932 Sed
916 1879 1238 1948 quibusdam
1271 1881 1326 1935 i
1367 1881 1498 1936 locis
1525 1881 1792 1938 laboriosa
1824 1865 1874 1928 Β
1901 1879 2032 1933 lunt.
2067 1877 2208 1944 Quid
2251 1878 2389 1932 enim
2427 1877 2658 1946 proderit
2687 1877 2886 1930 honuni
2927 1877 2992 1932 de
3033 1878 3270 1932 uniuerso
3315 1875 3496 1932 labore

197 1975 276 2021 est
303 1966 706 2036 interpretatio,
731 1968 836 2024 nisi
865 1968 1002 2024 forte
1023 1970 1090 2023 de
1109 1971 1370 2026 membris
1395 1971 1540 2026 illius
1569 1971 1792 2042 intelligi

197 2057 427 2128 possint.
457 2058 582 2114 Ideo
611 2073 710 2114 nos
737 2059 1003 2114 bistoriali
1038 2063 1412 2118 tantummodo
1439 2063 1792 2132 intelligentia

195 2150 252 2206 in
275 2153 384 2208 hoc
405 2151 524 2209 loco
549 2155 790 2208 contenti
820 2169 1028 2222 sunmus,
1069 2157 1310 2211 maxime
1341 2157 1468 2226 quia
1499 2157 1656 2212 nobis
1684 2171 1794 2214 non

193 2253 276 2300 est
317 2248 656 2317 propositum
697 2249 882 2302 omnia
935 2250 1118 2304 dicere
1158 2265 1282 2319 quae
1307 2266 1339 2303 a
1371 2251 1600 2305 diversis
1645 2251 1795 2305 inve-

190 2337 422 2392 niuntur
441 2341 756 2394 auctoribus
775 2340 940 2404 dicta,
971 2341 1068 2396 sed
1088 2355 1150 2394 ea
1177 2342 1502 2396 commatico
1521 2355 1789 2407 sermone,

189 2446 316 2502 qua
342 2435 412 2487 ad
439 2447 656 2487 sensum
681 2433 978 2502 planiorem
1003 2435 1278 2503 pertinere
1307 2435 1580 2500 videntur,
1605 2434 1792 2505 paucis

186 2523 570 2594 perstringere
597 2525 799 2580 verbis.

209 2656 220 2670 .
261 2615 433 2670 Vens.
465 2615 552 2682 l5,
578 2615 762 2670 163-
801 2615 868 2670 Et
893 2617 1006 2672 diri
1033 2618 1089 2673 in
1119 2619 1274 2673 corde
1298 2633 1412 2673 meo
1442 2637 1459 2673 :
1493 2618 1556 2673 Si
1583 2635 1720 2674 unus
1741 2627 1792 2674 et

191 2705 346 2762 stulti
387 2715 438 2760 et
485 2723 630 2761 meus
681 2725 898 2763 occasus
935 2709 1053 2774 erit,
1087 2711 1214 2782 quid
1249 2711 1377 2764 mihi
1413 2711 1622 2782 prodest
1652 2712 1792 2784 quod

193 2797 456 2868 majorem
503 2800 774 2870 sapientiae
817 2801 938 2854 dedi
979 2817 1190 2872 operam
1216 2803 1242 2856 ?
1288 2801 1620 2874 Locutusque
1671 2821 1791 2860 cum

186 2899 360 2947 mente
383 2907 504 2946 meo
521 2931 536 2956 ,
583 2893 928 2948 animaduerti
953 2894 1092 2964 quod
1127 2895 1223 2950 hoc
1248 2911 1452 2967 quoque
1479 2907 1611 2951 esset
1638 2899 1790 2952 vani-

188 2989 290 3038 tas.
342 2981 473 3038 Non
523 2983 666 3040 enim
707 2985 806 3039 erit
853 2988 1108 3040 memoria
1155 2988 1402 3058 sapientis
1445 2987 1690 3043 similiter
1733 2997 1790 3042 ut

186 3075 334 3131 stulti
360 3077 420 3132 in
440 3085 764 3148 perpetuum,
788 3089 838 3133 et
863 3079 1044 3148 futura
1067 3089 1300 3150 tempora
1323 3079 1580 3133 oblivione
1602 3089 1788 3134 cuncto

185 3169 388 3240 pariter
409 3170 640 3240 operient
665 3183 684 3223 :
705 3171 928 3223 moritur
949 3169 1134 3224 doctus
1162 3170 1404 3224 similiter
1439 3179 1494 3223 ut
1523 3171 1781 3224 indoctus.

1895 1987 2014 2036 suo,
2043 1981 2090 2024 et
2121 1971 2396 2042 afﬂictione
2427 1971 2666 2040 spiritus,
2692 1985 2796 2039 qua
2821 1969 2918 2024 sub
2943 1969 3054 2024 sole-
3081 1971 3344 2024 cruciatus
3369 1977 3446 2024 est
3465 1967 3493 2022 l’

1897 2062 2086 2119 Cuncti
2114 2063 2226 2116 dies
2255 2063 2370 2132 ejus
2404 2061 2672 2116 doloribus
2711 2071 2758 2114 et
2789 2063 3044 2116 erumnis
3061 2060 3204 2132 pleni
3227 2071 3370 2127 sunt,
3399 2076 3495 2116 nec

1894 2170 1988 2224 per
2014 2165 2214 2208 noctem
2244 2163 2412 2207 mente
2459 2153 2766 2223 requiescit;
2795 2162 2842 2206 et
2879 2154 3010 2216 lucc,
3042 2169 3212 2208 nonne
3243 2156 3446 2206 caudas
3470 2151 3496 2206 ?

1895 2246 1998 2300 llic
2049 2255 2110 2302 ut
2155 2261 2316 2314 supra
2367 2247 2438 2300 de
2477 2245 2688 2300 incerto
2735 2245 2948 2299 haerede
2999 2245 3260 2312 loquitur,
3308 2253 3492 2298 utrum

1908 2335 2110 2392 stultus
2159 2352 2228 2391 an
2271 2337 2490 2405 sapiens
2527 2335 2742 2390 futurus
2785 2336 2876 2400 sit,
2923 2334 3020 2402 qui
3053 2335 3236 2388 labore
3273 2333 3496 2388 alterius

1893 2427 2162 2486 fruiturus
2200 2428 2310 2486 sit:
2341 2435 2396 2480 et
2423 2427 2478 2480 in
2503 2427 2752 2482 eumdem
2789 2426 3052 2480 circulum
3081 2439 3170 2480 res
3197 2425 3488 2478 revertitur

1893 2530 1955 2577 ut
2021 2521 2236 2578 labores
2309 2519 2654 2574 morientium
2725 2518 2926 2572 delicia:
2999 2518 3108 2572 sint
3176 2516 3490 2572 viventium.

1895 2611 2128 2666 Maxime
2175 2618 2354 2664 tamen
2403 2609 2468 2664 de
2531 2607 2718 2666 labore
2775 2607 3055 2678 sapientiae
3102 2608 3376 2676 disputat,
3437 2607 3494 2662 in

1893 2719 2002 2774 quo
2049 2703 2274 2760 studiosi
2315 2701 2470 2772 [Ms.,
2501 2700 2766 2772 studiose}
2813 2701 2898 2756 vel
2940 2716 3122 2760 rerum
3167 2699 3490 2770 spiritalium

1891 2796 1978 2852 vel
2003 2795 2316 2859 visibilium,
2363 2793 2450 2848 die
2479 2809 2544 2848 ac
2589 2804 2748 2848 nocte
2777 2792 3046 2859 laborant,
3091 2793 3402 2863 ignorantes
3431 2791 3488 2864 in

1891 2903 2126 2957 quorum
2165 2901 2360 2942 manus
2400 2883 2718 2958 perveniant
2762 2883 3020 2954 opuscula
3047 2897 3166 2950 sua,
3195 2892 3380 2940 utrum
3403 2897 3492 2940 sa-

1889 2981 2102 3050 pientes
2139 2979 2207 3036 de
2235 2979 2432 3036 litteris
2473 2979 2746 3048 disputent
2783 2978 2916 3044 suis,
2942 2977 3028 3034 vel
3061 2977 3226 3052 etiam
3255 2977 3408 3032 stulti
3435 2981 3494 3034 et

1891 3077 2074 3132 otiosi.
2095 3074 2194 3130 Est
2217 3074 2516 3145 quidquam
2545 3081 2658 3128 tam
2684 3072 2913 3128 vanum?
2943 3087 3070 3141 quia
3093 3087 3191 3126 nec
3215 3071 3490 3135 noctibus,

1893 3183 1993 3223 nec
2019 3167 2210 3221 diebus
2245 3173 2424 3220 cessat
2450 3181 2480 3217 a
2506 3165 2714 3229 labore,
2743 3170 2798 3220 et
2826 3164 2998 3218 nescit
3023 3163 3094 3218 ad
3114 3176 3280 3230 quem
3307 3159 3488 3232 profo-

186 3227 312 3317 lltec
354 3227 506 3317 enim
548 3262 860 3333 diligentius
904 3263 1256 3319 considerans
1293 3263 1406 3318 dixi
1435 3281 1447 3316 :
1483 3263 1711 3332 Sapiens
1733 3271 1789 3318 et
1813 3227 1862 3292 ο
1893 3269 2038 3315 ctum
2067 3259 2248 3313 futuro
2275 3267 2514 3328 tempore
2543 3257 2762 3314 labores
2781 3255 3033 3310 evenient
3060 3227 3162 3310 sui.

151 3357 158 3364 '
185 3355 384 3411 stultus
407 3395 424 3421 ,
470 3355 650 3426 justus
679 3365 736 3410 et
765 3355 962 3424 impius
981 3395 996 3422 ,
1041 3355 1232 3425 arquali
1261 3365 1438 3410 morte
1481 3355 1788 3410 moriuntur

187 3441 390 3518 [Hier.,
438 3454 584 3502 sorte
629 3447 990 3519 morientur],
1023 3455 1078 3502 et
1117 3447 1298 3502 omnia
1341 3447 1396 3500 in
1439 3447 1542 3500 hoc
1589 3445 1786 3500 saeculo

185 3536 320 3590 mala
365 3545 570 3593 eventu
615 3537 776 3592 simili
816 3537 1178 3594 sustinebunt.
1217 3536 1371 3592 Sicut
1404 3537 1548 3592 enim
1591 3536 1787 3605 impius

185 3627 566 3685 tribulationes
599 3613 822 3702 patitur,
855 3631 930 3684 ita
959 3631 1123 3684 etiam
1151 3637 1205 3686 et
1226 3629 1406 3701 justus
1431 3648 1444 3683 :
1475 3643 1577 3684 nec
1599 3643 1788 3698 quem-

185 3717 312 3776 libet
337 3723 400 3776 in
437 3723 540 3776 hoc
563 3722 762 3777 saeculo
785 3737 884 3777 sua
913 3720 1192 3789 adjuvabit
1220 3721 1452 3789 iustitia,
1483 3720 1578 3774 sed
1606 3719 1788 3774 omnia

185 3811 390 3870 incerta
443 3824 591 3880 sunt,
635 3829 736 3884 pro
778 3831 886 3885 quo
913 3814 1044 3884 quid
1069 3814 1156 3868 cui
1181 3813 1414 3868 eveniat.
1456 3811 1514 3866 Si
1561 3812 1634 3865 ita
1681 3819 1784 3878 est,

185 3907 290 3962 dixi
320 3909 380 3964 in
408 3909 574 3964 corde
601 3923 722 3962 meo
752 3926 764 3962 :
793 3907 932 3974 Quid
961 3907 1094 3962 mihi
1123 3923 1252 3978 ergo
1276 3907 1500 3978 prodest
1526 3905 1672 3975 quod
1702 3919 1790 3959 se-

186 4007 337 4057 cutus
369 4017 502 4057 sum
549 4001 890 4072 sapientiam,
921 4009 978 4055 et
1019 4001 1140 4071 plus
1187 3999 1400 4055 caeteris
1447 4001 1708 4064 laboravi,
1743 3998 1790 4052 si

184 4109 333 4151 mals
363 4110 598 4151 occasus
627 4101 683 4148 et
707 4094 856 4150 stulti
884 4093 1106 4163 aequalis
1129 4092 1280 4146 erit?
1325 4091 1431 4148 Sed
1461 4105 1680 4145 rursum
1699 4103 1791 4144 co-

185 4186 387 4258 gitans,
430 4185 850 4258 diligentiusque
898 4186 1268 4250 considerans,
1313 4199 1419 4238 non
1448 4181 1679 4238 similem
1706 4196 1792 4236 sa—

183 4281 428 4350 pientem
489 4289 546 4336 et
605 4279 829 4336 stultum
885 4279 1088 4333 habere
1139 4279 1192 4332 in
1243 4276 1424 4331 futuro
1473 4275 1789 4330 memoriam

187 4377 406 4444 quando
439 4374 835 4430 consummatio
861 4374 1040 4430 veniet
1069 4373 1470 4438 universitatis;
1506 4379 1560 4426 et
1589 4385 1792 4441 nequa-

185 4483 343 4538 quam
366 4467 492 4540 pari
513 4469 662 4523 exitu
683 4467 914 4537 iniustus
933 4475 988 4522 et
1001 4467 1181 4537 justus
1192 4463 1543 4534 iudicabitur,
1560 4465 1686 4535 quia
1703 4463 1792 4519 hic

185 4558 250 4612 ad
267 4559 582 4631 refrigeria,
607 4559 695 4614 ille
714 4560 891 4630 pergit
911 4559 977 4612 ad
999 4556 1248 4628 poenam:
1276 4557 1393 4613 ideo
1415 4558 1654 4627 priorem
1674 4571 1790 4613 sen-
1821 4595 1873 4658 Β

183 4655 412 4708 tentiam
447 4667 620 4706 meam
646 4651 916 4716 damnavi,
933 4659 988 4705 et
1011 4665 1098 4705 me
1119 4649 1280 4704 stulte
1301 4649 1538 4704 locutum
1565 4663 1684 4704 esse
1711 4648 1793 4702 in-

185 4744 388 4810 tellexi,
411 4753 468 4799 et
487 4759 721 4809 errasse,
747 4743 839 4814 qui
863 4741 1016 4815 [.lls.,
1032 4741 1180 4814 quia]
1206 4749 1364 4796 antea
1384 4741 1463 4796 sic
1488 4755 1784 4796 senseram.

251 4839 428 4896 Vens.
475 4837 656 4892 -l7-l9.
690 4867 762 4877 --
793 4835 1000 4889 Idcirco
1044 4835 1226 4888 tteduit
1267 4849 1348 4888 me
1388 4835 1506 4888 uiue
1529 4849 1676 4898 mete,
1713 4835 1791 4888 oi-

103 4915 110 4926 ’
184 4927 390 4985 dentem
423 4927 566 4983 mala
594 4943 704 4982 esse
729 4927 972 4980 universa
1001 4926 1096 4980 sub
1124 4923 1252 4988 sole,
1293 4933 1340 4978 et
1370 4933 1556 4978 cuncta
1582 4925 1788 4978 vanita-

183 5029 285 5076 tem
315 5031 479 5093 atque
507 5020 852 5092 aﬂlictionem.
879 5017 1112 5073 Rursum
1135 5017 1420 5072 detestatus
1444 5033 1562 5072 sum
1584 5033 1787 5071 omnem

183 5111 510 5168 industriam
531 5127 721 5174 meam,
745 5127 848 5181 qua
872 5110 966 5164 sub
993 5109 1101 5164 sole
1125 5109 1508 5164 studiosissime
1532 5109 1788 5175 laboravi;

183 5205 468 5261 habiturus
496 5204 754 5259 heredem
794 5214 908 5274 post
935 5221 1038 5270 me,
1079 5219 1231 5274 quem
1263 5205 1450 5276 ignoro
1485 5211 1662 5257 utrum
1705 5219 1792 5257 sa-

183 5299 330 5368 piens
368 5315 442 5353 an
475 5295 668 5352 stultus
690 5295 902 5366 futurus
934 5295 1020 5358 sit,
1054 5303 1104 5348 et
1133 5293 1492 5349 dominabitur
1513 5295 1572 5348 in
1594 5293 1791 5348 labori-

183 5389 278 5445 bus
307 5393 469 5458 meis,
507 5393 564 5445 in
607 5389 794 5462 quibus
819 5387 1072 5443 desudavi
1116 5397 1164 5440 et
1193 5386 1450 5442 sollicitus
1478 5387 1556 5457 fni
1582 5404 1600 5452 ,'
1635 5395 1682 5440 et
1713 5395 1789 5440 est

182 5484 478 5558 quidquam
504 5494 614 5540 tam
639 5499 829 5540 vanum
848 5483 874 5536 .9
912 5481 1134 5536 Videtur
1163 5479 1384 5550 quidem
1411 5479 1478 5534 de
1509 5477 1714 5534 divitiis
1733 5486 1790 5534 et

181 5578 384 5647 opibus
437 5585 756 5642 retractare,
793 5575 918 5646 quia
963 5573 1261 5629 secundum
1304 5571 1656 5643 Evangelium
1700 5587 1788 5627 re-

179 5669 416 5738 pentina
453 5677 628 5725 morte
671 5666 958 5732 subtracti,
1013 5663 1158 5736 quali
1209 5661 1508 5719 moriamur
1551 5664 1783 5728 hzcrede,

181 5761 468 5830 nescimus
490 5769 674 5818 utrum
702 5757 922 5834 sapiens
944 5773 1016 5824 an
1034 5755 1232 5816 stultus
1256 5757 1346 5832 sit,
1375 5756 1468 5828 qui
1499 5765 1687 5816 nostro
1711 5757 1791 5816 la-

181 5849 326 5912 bore
372 5861 460 5911 est
503 5853 790 5910 fruiturus.
841 5851 913 5908 Et
945 5851 1051 5908 hoc
1079 5848 1356 5908 Salomoni
1395 5850 1600 5907 malum
1644 5851 1790 5907 acci-

1960 3349 2128 3422 418
2165 3349 2328 3405 Vnus.
2367 3347 2554 3402 34-26.
2603 3377 2682 3390 —-
2715 3346 2908 3404 Nonne
2959 3344 3145 3400 meiius
3197 3353 3273 3398 est
3319 3359 3490 3402 come-

1889 3443 2012 3498 dere
2036 3453 2084 3496 et
2105 3443 2298 3508 bibere,
2325 3451 2374 3498 et
2401 3441 2676 3498 ostendere
2697 3443 2889 3496 enim
2911 3455 3020 3494 sure
3047 3437 3182 3492 bona
3205 3437 3268 3498 de
3291 3435 3494 3494 labori-

1892 3537 1986 3590 ἀπε
2018 3535 2174 3590 suis?
2201 3533 2270 3588 Et
2297 3535 2395 3590 hoc
2421 3534 2486 3588 de
2506 3550 2668 3588 manu
2693 3532 2792 3586 Dei
2829 3541 2924 3586 est.
2955 3531 3086 3598 Quis
3112 3530 3188 3584 ita
3215 3529 3416 3584 vorabit
3443 3533 3494 3588 et

1891 3627 2094 3682 deliciis
2123 3628 2294 3699 ψαῶ
2331 3636 2390 3682 ut
2425 3627 2565 3696 ego?
2592 3623 2642 3678 Η
2649 3625 2812 3680 omini
2841 3624 2976 3680 bono
3003 3624 3062 3678 in
3088 3632 3368 3694 conspectu
3393 3637 3492 3678 suo

1889 3720 2031 3774 dedit
2063 3719 2206 3774 Deus
2234 3720 2546 3790 sapientium
2581 3727 2630 3772 et
2665 3717 2938 3774 scientiam
2963 3727 3012 3770 et
3052 3715 3290 3770 laetitiam
3317 3730 3334 3770 .'
3366 3730 3490 3784 pec-

1892 3813 2060 3867 catori
2093 3821 2270 3868 autem
2292 3811 2434 3868 dedit
2463 3811 2794 3880 oﬁiictionem
2834 3817 2880 3862 et
2920 3823 3102 3864 curant
3141 3807 3488 3876 superﬂuam,

1891 3917 1948 3960 ut
1975 3905 2136 3960 addat
2181 3913 2230 3958 et
2271 3911 2542 3973 congregat
2579 3911 2627 3956 et
2653 3900 2830 3956 tradat
2871 3900 2938 3966 ei,
2969 3899 3060 3970 qui
3089 3897 3286 3967 placuit
3327 3896 3440 3950 Deo
3467 3911 3488 3950 :

1891 3997 1982 4053 sed
2010 4007 2056 4050 et
2087 3997 2184 4049 hoc
2219 3995 2442 4057 vanitas,
2473 4001 2520 4044 et
2563 4007 2713 4044 cassa
2754 3987 3052 4043 sollicitudo
3083 3989 3292 4050 mentis.
3330 3984 3492 4042 Aliud

1893 4098 1976 4144 est
2021 4103 2090 4143 ex
2139 4083 2574 4142 consideratione
2622 4079 2874 4144 rationis,
2922 4078 3066 4134 aliud
3105 4085 3290 4134 estex
3338 4075 3490 4130 inﬁr-

1893 4179 2092 4234 mantis
2113 4175 2254 4246 vulgi
2281 4173 2578 4230 tentatione
2599 4171 2896 4240 disputare.
2930 4167 3030 4224 Hic
3055 4166 3184 4238 quid
3211 4167 3490 4226 indoctum

1893 4271 2084 4340 vulgus
2135 4267 2332 4324 sentiat
2365 4265 2581 4322 videtur
2617 4261 2864 4318 deﬁnire.
2915 4259 3016 4316 Ubi
3054 4273 3188 4318 vero
3214 4258 3291 4314 ait
3323 4273 3335 4310 :
3370 4255 3488 4312 Me-

1893 4362 1996 4418 lius
2021 4371 2096 4416 est
2119 4363 2198 4416 ire
2217 4359 2284 4414 ad
2307 4358 2523 4414 domum
2545 4355 2716 4412 luctus
2739 4370 2900 4426 quam
2920 4352 2990 4408 ad
3011 4352 3224 4410 domum
3249 4351 3489 4418 conuiuii,

1895 4467 1962 4507 ex
2008 4450 2233 4506 rationis
2279 4448 2608 4506 discretione
2652 4444 2890 4502 ostendit
2933 4458 2993 4498 se
3025 4443 3196 4514 loqui.
3238 4442 3492 4498 Dicamus

1897 4551 2079 4600 tamen
2107 4541 2404 4599 secundum
2449 4537 2898 4610 consequentiam
2925 4533 3222 4604 superioris
3251 4533 3493 4604 disputa-

1897 4637 2078 4693 tionis.
2113 4635 2410 4706 Postquam
2435 4633 2688 4688 univcrsa
2719 4629 2970 4694 tractavi,
2999 4636 3058 4684 et
3082 4626 3218 4690 nihil
3247 4627 3304 4682 in
3332 4627 3492 4682 istius

1897 4728 2086 4783 mundi
2138 4727 2324 4782 labore
2371 4731 2692 4796 perpetuum
2736 4719 2998 4784 intellexi,
3030 4719 3495 4790 posterioremque

1895 4817 2298 4889 generationem
2322 4814 2522 4885 prioris
2555 4812 2662 4868 frui
2695 4811 2989 4875 laboribus,
3025 4819 3138 4864 tum
3162 4809 3295 4864 mihi
3317 4808 3494 4866 visum

1895 4919 1998 4976 est,
2027 4911 2131 4966 hoc
2164 4910 2220 4963 in
2247 4909 2409 4964 rebus
2435 4920 2555 4962 esse
2595 4903 2976 4972 iustissimum,
3005 4912 3060 4958 et
3097 4901 3256 4970 quasi
3279 4899 3378 4958 Dei
3404 4899 3494 4962 dp-

1896 5019 2046 5069 num,
2084 5009 2144 5056 ut
2171 5016 2268 5058 suo
2293 4999 2416 5070 quis
2443 4998 2628 5054 labore
2663 4997 2956 5062 frueretur,
2987 4995 3180 5052 bibens
3207 5000 3264 5060 et
3304 5005 3492 5052 come-

1897 5095 2048 5158 dens,
2092 5100 2146 5147 et
2175 5107 2274 5161 pro
2299 5101 2542 5160 tempore
2581 5103 2812 5157 parcens
2843 5085 2976 5159 [Αιη
3005 5082 3260 5156 pascens}
3302 5083 3497 5152 opibus

1896 5188 2258 5260 congregatis.
2305 5185 2376 5240 Et
2402 5185 2505 5240 hoc
2533 5183 2800 5253 siquidem
2827 5182 2924 5238 Dei
2953 5183 3154 5238 donum
3175 5176 3336 5246 [Ms.,
3377 5193 3493 5234 mu-

1897 5279 2024 5353 nus]
2075 5289 2202 5346 est,
2247 5279 2406 5334 talem
2444 5276 2594 5346 justo
2642 5278 2761 5332 dari
2812 5277 2932 5332 viro
2967 5281 3242 5338 mentem,
3291 5279 3354 5326 ut
3401 5287 3486 5335 ea,

1896 5391 2017 5447 qua
2088 5373 2234 5430 curis
2301 5371 2610 5444 vigiliisque
2666 5371 2916 5442 quaesivit
2937 5407 2952 5436 ,
3009 5368 3126 5439 ipse
3187 5372 3492 5422 consumat.

1898 5469 2052 5525 Sicut
2081 5483 2112 5522 e
2152 5467 2429 5524 contrario
2457 5468 2554 5524 irae
2580 5467 2676 5521 Dei
2699 5472 2801 5532 est,
2843 5473 2904 5519 ut
2928 5469 3186 5534 peccator
3212 5462 3402 5516 diebus
3429 5473 3496 5514 ac

1894 5564 2145 5619 noctibus
2179 5578 2309 5634 opes
2338 5571 2630 5635 congreget
2655 5602 2670 5628 ,
2717 5571 2774 5616 et
2821 5573 3162 5631 nequaquam
3191 5556 3272 5612 eis
3307 5563 3495 5624 utens,

1897 5655 2234 5726 derelinquat
2277 5655 2363 5712 his
2387 5655 2478 5725 qui
2510 5656 2563 5709 in
2589 5661 2880 5724 conspectu
2909 5645 3002 5706 Dei
3039 5649 3174 5719 justi
3201 5655 3346 5706 sunt.
3387 5641 3498 5702 Sed

1893 5757 1951 5808 et
1977 5749 2102 5818 boc,
2135 5751 2328 5822 inquit,
2361 5750 2644 5828 diligenter
2671 5746 2985 5818 inspiciens,
3015 5753 3072 5806 et
3097 5743 3288 5806 videns
3311 5738 3496 5802 omnia

1898 5855 2076 5906 morte
2093 5845 2259 5914 ﬁniri,
2283 5842 2639 5906 vanissimutn
2663 5840 2922 5913 iudicavi.
2939 5838 3074 5906 Haec
3091 5837 3314 5908 inmitti.
3330 5844 3504 5913 ἦψεν,
