4072 6340
579 369 690 429 679

579 483 841 550 litteram,
882 497 954 539 ne
997 481 1277 539 videamur
1303 481 1516 553 penitus
1553 481 1849 552 simplicem
1887 481 2165 552 praeterire

583 593 832 643 sensum;
864 583 921 632 et
952 576 1077 632 dum
1107 575 1373 646 spiritales
1401 573 1616 628 divitias
1654 573 1951 642 sequimur,
1993 573 2162 628 histo-

585 669 681 724 riae
735 661 1079 724 contemnere
1142 671 1532 734 paupertatem.
1593 664 1798 718 Bonum
1844 672 1928 720 est
1982 664 2162 734 itaque

583 775 742 816 veros
800 759 948 815 cibos
990 764 1046 813 et
1089 771 1269 812 veram
1321 771 1532 810 sumere
1578 756 1873 825 potionem,
1915 771 2052 824 quos
2096 755 2163 808 de

584 853 710 924 agni
727 867 888 908 carne
911 858 968 905 et
992 849 1251 920 sanguine
1275 852 1331 902 in
1350 848 1544 902 divinis
1569 846 1928 902 voluminibus
1957 845 2164 900 inveni-

584 959 726 1010 mus,
759 945 823 999 de
844 941 1039 1012 quibus
1059 941 1253 996 dicitur
1291 940 1345 994 in
1383 939 1605 994 Cantico
1634 939 1966 994 canticorum
2010 953 2022 989 :
2065 934 2165 990 Co-

583 1035 792 1098 medite,
819 1033 976 1086 amici
1015 1031 1134 1094 mei,
1167 1031 1323 1085 bibite
1351 1039 1399 1084 et
1438 1030 1770 1085 inebriamini
1805 1028 1981 1100 (Cant.
2007 1045 2062 1093 v,
2088 1026 2161 1097 1).

582 1124 664 1180 Ad
689 1139 825 1195 quos
849 1124 964 1194 ipsa
988 1131 1144 1179 vocat
1172 1123 1462 1194 Sapientia,
1493 1123 1676 1178 dicens
1701 1140 1714 1176 :
1770 1120 1965 1186 Venite,
1999 1137 2167 1175 come-

583 1217 692 1270 dite
715 1232 901 1286 panem
928 1225 1180 1281 meum,et
1205 1217 1399 1280 vinum,
1421 1215 1558 1286 quod
1580 1215 1763 1269 miscui
1794 1215 1953 1268 vobis.
1986 1212 2164 1267 Relin—

582 1307 723 1378 quite
747 1307 1024 1377 infantiam
1052 1317 1099 1361 et
1123 1307 1270 1362 vivite
1287 1348 1301 1372 ,
1330 1317 1377 1361 et
1407 1306 1669 1361 ambulate
1693 1323 1782 1377 per
1807 1307 1916 1360 vias
1941 1305 2169 1377 pruden-

583 1401 670 1454 tia:
697 1399 877 1470 (Prov.
904 1415 978 1465 ix,
1010 1398 1062 1464 5,
1085 1399 1162 1470 6).
1187 1400 1317 1465 Quis
1338 1400 1479 1453 enim
1506 1399 1589 1453 vel
1614 1399 1915 1463 comedere,
1939 1396 2024 1453 vel
2045 1412 2167 1450 cum

582 1506 718 1560 opus
762 1499 863 1556 est,
892 1507 1114 1561 parcere
1155 1491 1288 1563 [Al.,
1317 1489 1561 1562 pascere]
1604 1499 1782 1560 potest
1805 1492 2008 1559 absque
2036 1490 2164 1552 Deo,

582 1584 674 1654 qui
705 1584 949 1653 praecipit
975 1591 1221 1638 sanctum
1258 1585 1481 1639 canibus
1525 1599 1630 1638 non
1676 1597 1796 1638 esse
1824 1581 2165 1646 mittendum,

583 1682 641 1730 et
668 1677 823 1730 docet
863 1675 1132 1745 quomodo
1180 1676 1232 1728 in
1280 1683 1520 1744 tempore
1561 1675 1669 1728 sint
1717 1673 1890 1728 danda
1933 1671 2170 1728 cibaria?

583 1766 815 1822 Pulchre
866 1769 1010 1823 enim
1054 1767 1257 1822 homini
1301 1769 1391 1822 dat
1446 1767 1587 1822 Deus
1637 1767 1778 1821 boni)
1829 1765 2166 1835 sapientiam,

583 1866 640 1914 et
668 1859 986 1925 scientiam,
1008 1867 1061 1914 et
1090 1859 1346 1914 laetitiam.
1379 1857 1492 1912 Nisi
1525 1858 1668 1913 enim
1701 1859 1874 1912 bonus
1904 1855 2083 1921 fuerit,
2115 1863 2170 1909 et

586 1965 766 2005 mores
811 1966 956 2017 suos,
1003 1951 1100 2004 Dei
1143 1952 1428 2022 adjuvante
1471 1952 1664 2020 gratia,
1696 1950 1916 2021 proprio
1943 1949 2170 2004 arbitrio

588 2047 741 2122 [λίβη
772 2064 872 2118 pro
898 2048 1146 2120 arbitrio]
1187 2055 1308 2103 ante
1337 2049 1634 2104 correxerit
1664 2059 1713 2113 ε,
1748 2047 2094 2116 sapientiam,
2119 2053 2174 2101 et

586 2145 886 2209 scientiam,
912 2153 967 2198 et
1002 2144 1244 2199 laetitiam
1270 2160 1378 2200 non
1413 2145 1727 2200 merebitur.
1769 2143 1840 2199 Ut
1874 2160 2003 2216 ergo
2032 2145 2176 2199 bono

585 2249 769 2290 coram
795 2252 861 2314 se.
891 2235 1039 2290 dedit
1068 2235 1210 2290 Deus
1239 2236 1558 2305 sapientiam
1589 2243 1643 2290 et
1673 2244 1866 2290 caetera
1884 2275 1898 2300 ,
1943 2235 2022 2289 sic
2047 2249 2174 2303 pec-

585 2340 824 2384 catorem
853 2345 951 2384 suo
987 2329 1209 2384 arbitrio
1237 2329 1614 2399 derelinquens
1639 2368 1654 2394 ,
1683 2327 1813 2383 facit
1846 2341 2178 2398 congregare

587 2421 819 2487 divitias,
860 2429 916 2476 et
949 2421 1075 2476 hinc
1114 2420 1240 2476 inde
1287 2434 1668 2492 perversorum
1699 2421 2010 2491 dogmatum
2052 2434 2180 2474 con-

587 2526 746 2568 suere
792 2512 1074 2567 cervicalia
1118 2529 1131 2564 :
1189 2526 1310 2582 qua:
1357 2527 1481 2567 cum
1516 2511 1602 2565 vir
1627 2521 1846 2566 sanctus
1881 2518 1935 2564 et
1964 2509 2180 2579 placens

590 2601 704 2658 Deo
731 2603 966 2669 viderit,
1011 2603 1260 2671 intelligit
1284 2603 1410 2672 quia
1448 2618 1581 2657 vana
1626 2612 1780 2669 sunt,
1829 2611 1883 2658 et
1914 2617 2176 2671 praesum-

589 2695 773 2766 ptione
799 2696 1022 2765 spiritus
1050 2697 1367 2766 composita.
1396 2693 1506 2750 Nec
1534 2696 1836 2751 mirandum
1864 2695 2006 2765 quod
2036 2695 2179 2750 dixe-

589 2789 680 2854 rit,
719 2791 976 2859 peccatori
1017 2789 1159 2843 dedit
1207 2788 1628 2855 sollicitudinem,
1677 2797 1807 2855 etc.,
1843 2788 1984 2842 dedit
2031 2787 2178 2843 enim

590 2894 691 2949 pro
717 2867 1366 2949 dimisitfintelligendum
1394 2888 1496 2934 est.
1538 2879 1831 2950 Propterea
1857 2879 1950 2933 dat
1977 2879 2027 2934 ei
2068 2878 2177 2933 sol-

589 2970 927 3027 licitudinem
953 2971 1068 3026 sive
1112 2971 1475 3037 alllictionem,
1515 2973 1640 3043 quia
1672 2980 1924 3041 peccator
1948 2971 2078 3038 fuit;
2121 2980 2176 3026 et

589 3078 698 3118 non
743 3078 863 3119 esse
903 3077 1124 3118 causam
1161 3061 1467 3119 aﬂlictionis
1498 3063 1554 3118 in
1594 3063 1724 3130 Deo,
1754 3063 1847 3119 sed
1874 3063 1930 3116 in
1959 3062 2050 3118 illo
2080 3063 2173 3132 qui

591 3161 781 3226 sponte
804 3169 901 3211 sua
932 3160 1056 3208 ante
1075 3154 1398 3224 peccaverit.

1204 3244 1430 3301 CAPUT
1469 3244 1554 3300 III.

667 3336 830 3392 Vens.
865 3337 917 3390 1.
956 3366 1028 3376 -
1063 3335 1256 3390 Omnia
1287 3345 1486 3407 tempus
1527 3335 1736 3402 habent,
1775 3344 1823 3390 et
1854 3336 1962 3390 suis
1991 3335 2173 3406 spatiis

594 3436 864 3483 transeunt
906 3428 1146 3482 universa
1181 3427 1274 3481 sub
1319 3426 1465 3482 caelo.
1509 3427 1776 3482 Incertum
1813 3435 1868 3483 et
1913 3425 2176 3482 ﬂuctuan-

594 3527 703 3577 tem
732 3528 931 3576 statum
957 3520 1278 3576 conditionis
1314 3521 1561 3575 humanae
1588 3521 1640 3575 in
1681 3521 2046 3590 superioribus
2077 3521 2174 3576 do—

593 3615 726 3669 cult.
757 3613 910 3668 Nune
937 3613 1050 3668 vult
1080 3613 1260 3667 omnia
1299 3611 1584 3666 ostendere
1613 3611 1712 3667 sibi
1737 3611 1790 3665 in
1820 3612 2019 3666 mundo
2057 3626 2176 3666 esse

593 3706 865 3762 contraria
887 3747 902 3771 ,
928 3713 984 3760 et
1016 3705 1152 3760 nihil
1197 3714 1342 3760 stare
1370 3713 1662 3776 perpetuo,
1695 3721 1884 3760 eorum
1914 3705 2178 3758 duntaxat

593 3813 716 3872 quae
745 3799 845 3854 sub
869 3799 1004 3855 coelo
1044 3807 1190 3864 sunt,
1230 3807 1285 3854 et
1317 3798 1544 3869 tempori
1571 3798 1804 3855 obnoxia
1848 3806 2007 3864 sunt;
2049 3797 2176 3868 quia

595 3903 807 3951 caetera:
834 3895 1151 3951 substantiae
1181 3895 1454 3964 spiritales
1488 3910 1588 3952 nec
1619 3895 1774 3961 coelo,
1805 3911 1904 3951 nec
1937 3902 2177 3965 tempore

597 3990 962 4046 continentur.

667 4077 829 4133 Vens.
851 4077 965 4132 2—8.
989 4109 1062 4118 —
1086 4075 1306 4148 Tempus
1320 4077 1587 4144 nascendi,
1610 4085 1658 4131 et
1679 4085 1879 4148 tempus
1897 4076 2176 4141 moriendi;

595 4178 792 4240 tempus
820 4168 1123 4240 plantandi,
1175 4179 1221 4222 et
1271 4178 1470 4239 tempus
1512 4167 1760 4223 evellendi
1804 4167 1943 4238 quod
1975 4165 2180 4237 planta-

596 4267 705 4312 tum
726 4268 833 4324 est;
859 4269 1057 4329 tempus
1081 4259 1372 4320 occidendi,
1395 4268 1443 4312 et
1466 4267 1663 4330 tempus
1685 4258 1908 4312 sanandi
1931 4274 1949 4322 ,'
1980 4267 2179 4327 tempus

596 4348 917 4412 destruendi,
953 4357 1001 4401 et
1043 4358 1243 4418 tempus
1287 4349 1621 4417 aediﬁcandi;
1661 4358 1859 4418 tempus
1908 4347 2089 4417 ﬂendi,
2133 4357 2181 4402 et

598 4449 800 4507 tempus
839 4438 1074 4501 ridendi;
1115 4447 1314 4507 tempus
1369 4437 1647 4507 plangendi
1672 4479 1686 4503 ,
1735 4447 1782 4491 et
1825 4449 2023 4508 tempus
2075 4438 2182 4491 sal-

600 4529 747 4582 tandi
771 4545 788 4592 ;
820 4538 1017 4598 tempus
1039 4529 1318 4599 spargendi
1342 4527 1561 4598 lapides,
1581 4538 1629 4582 et
1652 4538 1850 4598 tempus
1868 4529 2178 4600 colligendi;

601 4628 802 4688 tempus
827 4617 1178 4690 amplexandi,
1210 4629 1257 4674 et
1297 4628 1498 4690 tempus
1528 4618 1678 4690 longe
1703 4619 1819 4689 ﬁeri
1844 4621 1907 4674 ab
1931 4620 2183 4692 amplexi-

603 4708 734 4774 bus;
772 4719 969 4782 tempus
999 4713 1322 4784 acquirendi,
1355 4721 1404 4766 et
1435 4722 1632 4783 tempus
1674 4713 1954 4782 perdendi;
1983 4723 2181 4784 tempus

604 4799 951 4866 custodiendi,
977 4811 1023 4854 et
1067 4811 1264 4872 tempus
1308 4801 1590 4872 abjiciendi
1614 4819 1631 4867 ;
1658 4812 1857 4856 tempus
1886 4803 2180 4868 scindendi,

601 4898 651 4943 et
680 4898 878 4960 tempus
907 4892 1229 4955 consuendi;
1265 4901 1463 4962 tempus
1508 4892 1734 4958 tacendi,
1777 4902 1824 4946 et
1867 4902 2066 4962 tempus
2107 4892 2184 4945 lo-

603 4980 829 5052 quendi;
865 4990 1063 5050 tempus
1100 4980 1413 5048 dilectionis,
1454 4993 1501 5037 et
1546 4993 1745 5056 tempus
1793 4986 1934 5050 odii;
1984 4995 2183 5056 tempus

607 5069 744 5138 belli,
784 5082 831 5127 et
874 5082 1072 5143 tempus
1103 5071 1267 5143 pacis.
1300 5073 1436 5130 Nulli
1468 5074 1632 5146 419
1662 5076 1882 5131 dubium
1907 5084 2010 5141 est,
2041 5075 2185 5146 quod

609 5171 764 5220 ortus
790 5173 846 5221 et
872 5165 1124 5220 interitus
1152 5165 1427 5220 hominum
1455 5166 1566 5222 Deo
1593 5177 1753 5223 notus
1781 5168 1850 5224 sit
1869 5176 1924 5223 et
1950 5169 2184 5239 prmﬁni—

608 5263 732 5322 tus;
765 5264 820 5310 et
868 5256 1097 5326 idipsum
1139 5271 1257 5311 esse
1302 5273 1492 5326 parere
1527 5259 1669 5327 quod
1704 5259 1973 5328 plantare;
2022 5261 2183 5327 mori,

607 5345 751 5415 quod
774 5345 1072 5414 plantatum
1096 5357 1179 5402 est
1205 5347 1450 5403 evellere.
1487 5348 1712 5404 Haebraei
1740 5367 1896 5406 omne
1920 5353 2022 5406 hoc
2042 5351 2187 5422 quod

607 5435 676 5492 de
717 5437 1096 5495 contrarietate
1134 5447 1438 5501 temporum
1468 5440 1726 5511 scriptum
1757 5450 1858 5508 est,
1906 5458 2076 5514 usque
2118 5443 2187 5498 ad

683 5615 900 5686 {Apud
943 5617 1089 5673 Hier.
1124 5619 1176 5674 in
1215 5619 1359 5675 hunc
1394 5620 1609 5676 locum:
1653 5639 1670 5673 ι
1701 5622 1815 5678 Nisi
1845 5622 1989 5677 enim
2013 5622 2185 5681 bonus

610 5681 808 5773 irierig‘,
839 5698 894 5743 et
936 5705 1270 5773 moressu‘os
1299 5693 1517 5773 preprio
1537 5693 1763 5773 arbitrio
1789 5702 1912 5749 ante
1937 5709 2187 5773 correxe-

751 5754 920 5840 Quarn
967 5760 1135 5840 sancti
1176 5754 1352 5840 Patris
1380 5754 1718 5840 sententiam,
1753 5781 1891 5840 quae
1911 5765 2184 5840 quidpiam

612 5821 888 5898 Pelagiani
912 5830 1114 5890 erroris
1143 5831 1383 5892 redolere
1406 5834 1578 5892 videri
1601 5821 1804 5909 possei,
1830 5821 2090 5895 Alcuinds
2117 5837 2185 5895 ad

1429 369 1489 424 Β.
1530 366 1593 424 F.
1633 361 1860 422 ALBINI
1899 361 2031 421 SEU
2068 357 2346 422 ALCUINI
2384 363 2668 423 OPERUM
2703 365 2884 424 PARS
2921 365 2986 423 II.

3730 364 3836 424 680

2190 487 2238 544 Α
2267 479 2415 535 illum
2443 482 2616 537 locum
2647 482 2700 536 in
2720 499 2825 553 quo
2852 483 2927 538 ait
2954 501 2967 536 :
3001 491 3200 554 tempus
3223 481 3360 548 belli,
3382 489 3431 536 et
3452 490 3652 554 tempus
3675 484 3839 554 pacis,

2262 585 2423 640 super
2444 571 2607 626 Israel
2630 572 2952 643 intelligunt.
2996 571 3229 641 Tempus
3252 570 3351 626 fuit
3381 571 3638 626 nascendi
3675 573 3730 626 in
3751 587 3845 642 pa-

2263 664 2512 720 triarchis
2537 665 2733 735 populo
2765 666 2879 731 Dei,
2913 673 3124 735 tempus
3149 665 3412 720 moriendi
3442 673 3689 735 tempore
3715 665 3846 724 Ves-

2261 755 2470 824 pasiani
2499 764 2554 809 et
2583 754 2710 810 Titi.
2743 755 2980 825 Tempus
3003 755 3279 826 plantandi
3306 755 3359 808 in
3386 763 3533 808 terra
3560 757 3846 824 repromis-

2264 845 2430 900 sionis
2477 846 2577 899 sub
2615 844 2743 901 Jesu
2764 845 2930 912 Nave,
2974 854 3182 916 tempus
3205 846 3483 912 evellendi,
3535 847 3661 900 dum
3703 847 3847 902 ducti

2265 945 2390 991 sunt
2416 939 2469 992 in
2492 938 2855 1008 captivitatem
2885 955 2916 993 a
2942 939 3182 1010 praefatis
3198 939 3442 1001 ducibus.
3460 938 3698 1009 Tempus
3710 938 3850 993 occi-

2265 1029 2425 1084 dendi
2444 1045 2539 1085 eos
2559 1030 2614 1084 in
2629 1029 2882 1102 Egypto,
2907 1039 2963 1086 et
2985 1039 3194 1100 tempus
3219 1029 3482 1085 liberandi
3505 1031 3571 1084 de
3594 1028 3847 1100 Egypto.

2268 1121 2502 1191 Tempus
2523 1123 2831 1178 destruendi
2858 1123 3029 1196 [Adde
3043 1140 3107 1178 ea:
3125 1122 3531 1196 Hier.,_templi]
3551 1124 3654 1179 sub
3676 1123 3851 1178 Nabu-

2269 1215 2626 1280 chodonosor,
2647 1224 2702 1270 et
2730 1223 2940 1284 tempus
2965 1216 3266 1270 aediﬁcandi
3289 1217 3388 1271 sub
3411 1215 3593 1270 Dario.
3620 1215 3850 1286 Tempus

2266 1307 2553 1378 plangendi
2574 1308 2911 1364 eversionem
2944 1309 3114 1375 urbis,
3139 1318 3194 1362 et
3216 1317 3426 1378 tempus
3448 1309 3661 1364 ridendi
3693 1318 3849 1379 atque

2269 1400 2497 1456 saltandi
2519 1403 2618 1456 sub
2638 1403 2958 1468 Zorobahel,
2979 1410 3034 1458 et
3055 1403 3244 1467 Esdra,
3271 1410 3326 1458 et
3350 1401 3589 1457 Neemia.
3621 1401 3853 1472 Tempus

2269 1492 2605 1564 dispergendi
2625 1494 2787 1548 Israel
2806 1509 2903 1564 per
2918 1495 3448 1565 diversasgentes,et
3464 1493 3517 1548 in
3540 1509 3712 1548 unum
3735 1509 3854 1549 con-

2269 1586 2546 1656 gregandi,
2579 1587 2792 1655 quando
2828 1587 3037 1642 reducti
3079 1595 3204 1642 sunt
3227 1586 3292 1641 de
3318 1585 3634 1656 captivitate
3672 1586 3730 1640 in
3768 1601 3852 1656 pa-

2271 1680 2451 1732 triam.
2486 1679 2718 1747 Tempus
2742 1679 3104 1748 amplexandi,
3134 1681 3260 1734 dum
3285 1678 3490 1734 caelesti
3513 1678 3719 1732 auxilio
3750 1678 3852 1732 cin-

2272 1769 2553 1838 gebantur;
2582 1777 2791 1837 tempus
2821 1769 2975 1840 longe
2997 1768 3114 1824 ﬁeri
3137 1785 3168 1822 a
3198 1767 3586 1838 complexibus,
3610 1767 3740 1822 dum
3765 1783 3852 1837 pro

2204 1838 2249 1898 Β
2273 1861 2511 1930 peccatis
2536 1861 2647 1915 suis
2676 1838 2934 1916 derelicti
2960 1867 3084 1915 sunt
3106 1876 3137 1915 a
3160 1859 3291 1914 Deo.
3319 1860 3553 1928 Tempus
3583 1859 3853 1931 quaerendi

2271 1952 2336 2006 de
2375 1952 2697 2024 Babylonica
2749 1953 3084 2022 captivitate,
3118 1962 3332 2024 tempus
3375 1953 3640 2022 perdendi
3685 1968 3779 2008 eos
3805 1953 3852 2007 in

2273 2043 2480 2098 excidio
2501 2044 2651 2099 urbis
2677 2045 2777 2100 sub
2818 2044 3095 2099 Romanis.
3149 2044 3384 2114 Tempus
3416 2043 3759 2098 custodiendi
3791 2043 3854 2097 Ie-

2275 2136 2415 2206 galia
2437 2138 2707 2200 mandata,
2728 2145 2938 2205 tempus
2957 2135 3242 2207 abjiciendi
3271 2135 3544 2190 laciniosa:
3568 2135 3709 2205 legis
3732 2150 3855 2204 prae-

2277 2233 2450 2294 cepta.
2488 2225 2723 2294 Tempus
2752 2227 3053 2292 scindendi,
3081 2227 3295 2295 quando
3322 2226 3374 2280 in
3398 2227 3503 2280 duo
3542 2242 3715 2296 regna
3749 2234 3856 2294 post

2280 2314 2622 2370 Salomonem
2650 2317 2852 2371 divisus
2874 2325 2957 2372 est
2981 2317 3230 2388 populus,
3257 2325 3310 2370 et
3332 2324 3546 2387 tempus
3569 2315 3857 2373 consuendi

2279 2415 2520 2478 tempore
2551 2407 2997 2462 Machabaeorum.
3043 2407 3278 2477 Tempus
3307 2406 3517 2462 tacendi
3553 2407 3854 2476 prophetas,

2279 2516 2424 2554 nunc
2469 2500 2524 2553 in
2569 2501 2880 2570 captivitate
2932 2499 3196 2566 Romana,
3242 2508 3297 2554 et
3345 2509 3557 2570 tempus
3615 2497 3857 2570 loquendi

2279 2589 2571 2658 apostolos,
2629 2589 2839 2644 dicente
2881 2589 3107 2645 Domino
3156 2608 3168 2644 :
3232 2589 3312 2644 Ite
3356 2591 3424 2644 ad
3477 2607 3595 2644 oves
3639 2591 3856 2661 perditas

2278 2680 2463 2741 domus
2489 2679 2659 2734 Israel
2687 2680 2902 2751 (Matth.
2929 2698 2984 2748 x,
3013 2682 3088 2752 6).
3117 2683 3350 2752 Tempus
3390 2683 3729 2750 dilectionis,
3766 2698 3858 2753 quo

2281 2773 2479 2846 [Hier.,
2513 2773 2641 2846 qua]
2671 2790 2764 2829 eos
2795 2777 2894 2830 sub
2923 2776 3166 2844 patribus
3205 2786 3331 2831 ante
3363 2776 3550 2831 dilexit
3581 2795 3595 2830 :
3633 2788 3690 2832 et
3732 2786 3859 2832 tem»

2275 2882 2376 2938 pus
2414 2868 2545 2932 odii,
2598 2867 2726 2922 dum
2775 2868 2991 2924 Christo
3036 2869 3329 2925 intulerant
3367 2887 3581 2927 manus.
3636 2872 3860 2944 Tempus

2275 2961 2402 3015 belli
2433 2962 2612 3027 modo,
2646 2978 2752 3017 non
2784 2964 3065 3033 agentibus
3092 2965 3171 3020 eis
3208 2966 3619 3036 paenitentiam;
3659 2977 3860 3038 tempus

2278 3051 2431 3120 pacis
2464 3051 2516 3106 in
2549 3051 2751 3118 futuro,
2781 3055 2997 3122 quando
3019 3055 3183 3109 intrat
3215 3055 3492 3127 plenitudo
3523 3060 3790 3129 gentium,
3815 3067 3864 3114 et

2279 3143 2357 3198 sic
2407 3144 2583 3199 omnis
2630 3143 2799 3199 Israel
2846 3146 3026 3202 salvus
3067 3148 3188 3202 erit.
3229 3148 3400 3204 Aliter
3437 3151 3621 3206 altiori
3651 3169 3809 3208 sensu
3845 3165 3860 3205 :

2203 3193 2249 3256 ο
2283 3235 2515 3306 Tempus
2558 3237 2856 3301 occidendi,
2903 3247 2959 3293 et
3008 3249 3219 3311 tempus
3261 3243 3506 3308 sanandi,
3559 3245 3706 3299 sicut
3755 3245 3862 3298 ait:

2279 3323 2392 3396 Ego
2417 3327 2672 3393 occidam,
2687 3337 2733 3381 et
2753 3345 2844 3398 ego
2863 3329 3130 3398 viviﬁcabo
3153 3331 3327 3402 (Deut.
3349 3348 3518 3398 χχιιι,
3536 3335 3654 3405 59).
3684 3335 3862 3399 Sanat,

2278 3418 2344 3472 ad
2371 3419 2742 3488 paenitentiam
2771 3437 3070 3491 provocans
3111 3441 3124 3475 :
3163 3425 3360 3479 occidit
3382 3424 3539 3492 juxta
3567 3426 3728 3481 illum
3753 3443 3864 3482 sen-

2279 3527 2398 3567 sum
2447 3530 2460 3565 :
2508 3511 2576 3566 In
2621 3513 2878 3566 matutino
2922 3514 3299 3583 inter/Sciebam
3349 3533 3527 3570 omnes
3574 3529 3865 3587 peccatores

2279 3611 2434 3656 teme
2463 3601 2691 3672 (Psalm.
2736 3619 2786 3668 c,
2819 3603 2897 3676 8).
2931 3603 3165 3674 Tempus
3207 3606 3544 3674 destruendi,
3570 3616 3626 3663 et
3664 3617 3864 3679 tempus
3900 3604 3947 3676 ἑ(

2278 3694 2600 3750 aediﬁcandi.
2633 3695 2750 3751 Non
2779 3712 3063 3766 possumus
3091 3698 3361 3755 aediﬁcare
3389 3702 3552 3766 bona,
3587 3702 3700 3756 nisi
3727 3703 3866 3772 prius

2279 3787 2706 3842 destruxerimus
2742 3786 2902 3840 mala.
2945 3787 3177 3858 Tempus
3223 3789 3466 3860 ploraudi
3491 3831 3504 3856 ,
3557 3800 3614 3848 et
3667 3800 3866 3863 tempus

2280 3879 2487 3934 ridendi
2535 3899 2547 3934 :
2589 3896 2732 3935 nunc
2777 3878 2936 3935 ﬂendi
2985 3889 3195 3952 tempus
3239 3897 3339 3950 est,
3384 3894 3439 3938 et
3481 3885 3537 3939 in
3577 3884 3769 3941 futuro
3802 3885 3870 3938 ri-

2281 3971 2460 4037 dendi,
2493 3971 2720 4026 Domino
2755 3971 2968 4027 dicente
3010 3991 3023 4027 :
3069 3973 3220 4028 Beati
3259 3977 3458 4045 ﬁentes,
3489 3978 3752 4044 quoniam
3778 3974 3870 4047 ipsi

2281 4064 2520 4118 ridebunt
2553 4064 2705 4136 (Luc.
2735 4080 2808 4130 vr,
2842 4063 2954 4136 21).
2983 4064 3216 4137 Tempus
3243 4068 3552 4138 plangendi,
3577 4079 3637 4124 et
3667 4079 3871 4139 tempus

2281 4157 2529 4212 saltandi.
2571 4157 2774 4213 Eodem
2810 4173 2970 4214 sensu
3016 4178 3122 4232 quo
3151 4178 3331 4232 supra.
3381 4161 3755 4233 Plangendum
3795 4171 3872 4220 est

2280 4247 2784 4318 impraesentiarum,
2812 4260 2872 4306 ut
2901 4251 2952 4305 in
2981 4251 3162 4308 futuro
3203 4254 3396 4309 saeculo
3423 4256 3663 4324 spiritali
3710 4258 3873 4312 salta-

2282 4340 2428 4395 tione
2455 4343 2800 4412 gaudeamus.
2833 4343 3064 4414 Tempus
3093 4346 3376 4416 Spargendi
3398 4346 3632 4416 lapides,
3662 4358 3720 4404 et
3750 4357 3872 4404 tem-

2281 4449 2381 4503 pus
2409 4435 2693 4507 colligendi
2725 4451 2739 4490 :
2769 4437 2894 4506 quia
2926 4446 3133 4508 tempus
3161 4436 3263 4492 fuit
3296 4438 3510 4508 gentilis
3546 4442 3738 4511 populi
3767 4441 3872 4495 dis-

2210 4560 2255 4617 υ
2283 4529 2558 4597 pergendi,
2590 4538 2645 4584 et
2686 4539 2896 4601 tempus
2942 4548 3157 4587 rursum
3209 4532 3261 4585 in
3299 4532 3600 4586 Ecclesiam
3653 4549 3874 4604 congre-

2287 4620 2464 4691 gandi.
2493 4621 2723 4692 Tempus
2748 4623 3109 4694 amplexandi,
3132 4625 3256 4678 dum
3285 4624 3486 4679 dictum
3506 4633 3613 4690 est,
3651 4626 3876 4681 Crescite

2283 4720 2330 4765 et
2364 4711 2782 4782 multiplicamini
2829 4713 2980 4786 (Gen.
3025 4731 3062 4778 ι,
3106 4714 3229 4787 28);
3263 4725 3472 4786 tempus
3499 4717 3669 4786 longe
3702 4719 3816 4772 ﬁeri
3846 4732 3874 4769 a

2285 4804 2685 4874 complexibus,
2734 4806 2825 4860 ubi
2873 4807 2981 4871 ait,
3028 4806 3177 4861 Dabo
3233 4809 3553 4880 spadonibus
3602 4809 3786 4865 locum
3827 4811 3877 4862 in

2283 4898 2436 4950 domo
2461 4915 2573 4951 mea
2597 4897 2863 4952 meliorem
2885 4916 2917 4952 a
2938 4898 3064 4967 ﬁliis
3089 4909 3136 4953 et
3157 4900 3389 4968 ﬁliabus,
3405 4901 3581 4954 locum
3605 4905 3877 4974 sempiter-
3943 4909 3952 4924 '

2285 5005 2429 5042 num.
2475 4989 2691 5044 Aliter:
2751 4989 2983 5061 Tempus
3013 4998 3096 5045 est
3138 4991 3456 5061 sapientiam
3502 4992 3877 5063 amplexandi,

2283 5078 2336 5134 id
2361 5088 2462 5146 cst,
2496 5082 2561 5136 de
2589 5080 2902 5137 cmlestibus
2926 5082 3218 5152 cogitandi,
3251 5091 3305 5137 et
3334 5093 3542 5153 tempus
3563 5094 3655 5140 est
3683 5087 3880 5140 iterum

2284 5187 2469 5226 curam
2498 5173 2739 5243 corporis
2768 5173 2977 5244 agendi.
3009 5173 3241 5244 Tempus
3267 5175 3582 5246 acquirendi
3612 5176 3881 5247 populum

2283 5279 2350 5320 ex
2395 5264 2665 5336 gentibus,
2713 5273 2768 5320 et
2818 5273 3029 5335 tempus
3070 5267 3328 5335 perdendi
3375 5266 3637 5338 populum
3667 5267 3884 5323 Judaeu-

2284 5373 2425 5411 rum.
2474 5356 2706 5426 Tempus
2747 5356 3087 5412 custodiendi
3115 5357 3398 5413 credentes
3442 5372 3510 5412 ex
3540 5360 3882 5426 nationibus,

2284 5456 2339 5504 et
2367 5457 2579 5520 tempus
2625 5449 2911 5521 abjiciendi
2956 5449 3261 5507 incredulos
3300 5465 3368 5506 ex
3405 5448 3591 5507 Israel.
3639 5450 3886 5522 Tempus

2285 5630 2565 5706 catholicae
2587 5600 2853 5706 doctrinae
2881 5646 3135 5706 sensum,
3182 5632 3276 5706 qui
3321 5631 3888 5706 postllieronymunl

2285 5700 2483 5756 clarius
2510 5702 2708 5773 ubique
2736 5711 3000 5773 terrarum
3034 5700 3287 5773 deﬁnitus
3321 5700 3426 5769 est,
3458 5704 3527 5758 ita
3558 5720 3623 5759 ex
3654 5700 3888 5773 ingenio

2284 5771 2637 5845 temperavit.
2665 5772 2876 5847 (Editur
2913 5771 3220 5832 Veronensis
3251 5772 3481 5846 Operam
3512 5773 3575 5831 S.
3607 5771 3816 5846 Hier.)
