4072 6340
188 391 281 450 681

1025 382 1436 443 EXEGETICA.
1474 412 1547 425 —
1580 376 1933 441 COMMENT.
1972 374 2042 433 ΙΝ
2078 373 2612 435 ECCLESIASTEN.

3332 379 3438 435 ese
3483 444 3488 449 ,

188 499 476 567 scindendi,
504 506 560 556 et
587 506 798 570 tempus
818 497 1130 555 mnsuendi.
1156 497 1269 554 Sub
1293 497 1522 553 diversis
1549 510 1756 552 sermo-
1780 501 1839 562 Α
1859 497 1961 546 est.
1997 489 2117 547 Non
2154 497 2216 545 ut
2244 491 2314 546 ad
2343 489 2774 561 desperationem
2797 495 2852 544 et
2880 486 3150 544 luxuriam
3177 501 3436 559 provoce-

185 594 337 654 nibus
367 592 512 647 idem
539 607 685 646 nunc
724 591 814 662 qui
850 606 1012 663 supra
1040 604 1232 647 sensus
1256 597 1377 656 est,
1405 589 1461 644 in
1488 603 1584 656 eo,
1613 586 1758 658 quod

186 689 276 753 ait,
302 694 513 755 tempus
541 682 871 751 destruendi,
899 689 954 739 et
976 691 1188 754 tempus
1213 680 1541 748 aediﬁcandi;
1569 695 1634 735 ac
1668 679 1760 735 de-

186 777 303 835 inde
329 783 538 846 tempus
558 775 856 842 scindendi,
877 783 932 830 et
955 783 1162 845 tempus
1196 773 1490 830 consuendi
1535 789 1548 826 :
1599 770 1759 826 modo

185 870 322 928 enim
345 867 628 942 Synagoga
649 869 962 936 destruitur,
1000 874 1063 923 ut
1088 866 1382 923 aediﬁcetur
1415 863 1678 930 Ecclesia,
1707 869 1761 918 et

184 961 401 1033 alligant
429 963 718 1020 scissiones
763 963 983 1034 legales,
1015 970 1076 1017 ut
1111 960 1384 1031 Evangelii
1423 959 1593 1032 gloria
1632 973 1762 1014 con—

184 1066 402 1115 suantur
429 1055 581 1130 [Ms.,
608 1064 667 1110 ut
691 1055 980 1126 Evangelia
1010 1051 1385 1126 consuantur].
1419 1052 1574 1120 Quod
1600 1066 1762 1106 evan-

181 1147 382 1224 gelista:
406 1147 598 1219 singuli
625 1154 1026 1217 perpetrarunt,
1058 1146 1123 1201 de
1140 1145 1259 1217 lege
1285 1153 1340 1200 et
1363 1143 1644 1215 prophetis
1669 1140 1763 1196 ad-

180 1248 372 1296 ventus
401 1238 666 1294 Dominici
695 1237 1000 1292 testimonia
1026 1243 1370 1293 consuentes.
1415 1235 1649 1304 Tempus
1676 1242 1759 1288 ta-

179 1332 360 1398 cendi,
393 1337 456 1385 ut
508 1330 779 1387 discamus
807 1345 927 1400 quae
970 1330 1079 1385 sint
1124 1329 1396 1394 docenda;
1445 1334 1657 1397 tempus
1685 1325 1766 1380 lo«

179 1423 410 1494 quendi,
465 1430 528 1477 ut
576 1421 866 1480 doceamus
901 1437 1020 1493 quae
1065 1428 1216 1478 recte
1254 1419 1561 1476 didicimus.
1619 1417 1790 1477 Nihil,

176 1516 336 1572 nobis
363 1515 610 1571 videatur
649 1525 857 1572 rectum
894 1530 1032 1581 esse,
1070 1514 1176 1569 nisi
1204 1513 1348 1584 quod
1379 1512 1659 1577 discimus,
1705 1517 1766 1565 ut

175 1619 297 1683 post
334 1609 561 1664 multum
587 1610 880 1675 silentium,
920 1609 986 1665 dc
1008 1607 1288 1680 discipulis
1321 1604 1618 1662 efﬁciamur
1651 1620 1766 1660 ma-

174 1700 354 1772 gistri.
385 1701 620 1770 Tempus
645 1700 861 1757 amandi
890 1701 1086 1773 legem,
1103 1709 1159 1756 et
1186 1715 1250 1755 ea
1279 1715 1398 1769 quas
1418 1712 1489 1753 ex
1512 1697 1627 1768 lege
1653 1696 1769 1752 fuc-

174 1795 283 1849 rint
327 1796 587 1864 imperata
629 1817 642 1850 :
696 1795 1184 1862 circumcisionem,
1240 1794 1468 1860 hostias,
1518 1793 1762 1855 sabbata,

1861 601 2003 653 mur,
2030 584 2127 640 sed
2164 584 2424 640 habentes
2451 583 2654 638 victum
2697 590 2753 638 et
2783 583 3040 637 vestitum
3080 582 3166 638 his
3203 583 3441 639 contenti

1860 677 2050 744 simus,
2085 684 2140 732 et
2172 673 2430 746 quidquid
2459 674 2580 746 plus
2607 680 2692 729 est
2732 674 3054 730 necessitate
3092 674 3354 745 corporis,
3386 673 3445 729 in

1859 785 2156 843 pauperum
2198 768 2533 839 expendatur
2571 766 2784 822 solatia.
2821 767 2956 834 Quia
2993 767 3136 823 sicut
3162 782 3290 823 caro
3322 765 3446 822 cibo

1862 861 2025 916 alitur
2060 868 2113 916 et
2150 869 2301 932 potu,
2328 860 2402 915 ita
2449 860 2629 915 anima
2668 859 3023 932 eleemosynis
3048 874 3364 932 pauperum,
3393 867 3449 915 et

1862 953 2070 1012 solatiis
2097 953 2442 1008 miserorum.
2468 951 2632 1009 Juxta
2651 967 2952 1026 .anagogen,
2984 968 3149 1009 verus
3176 953 3330 1010 cibus
3364 961 3451 1010 est

1864 1059 1992 1100 caro
2015 1042 2238 1110 Christi,
2264 1051 2319 1099 et
2345 1057 2508 1098 verus
2545 1052 2708 1115 potus
2734 1045 2955 1116 sanguis
2987 1043 3123 1115 ejus,
3156 1046 3297 1101 sicut
3335 1045 3451 1116 ipse

1863 1135 2124 1192 Dominus
2149 1135 2226 1190 ait
2269 1152 2282 1188 :
2331 1133 2434 1201 Qui
2459 1135 2744 1190 manducat
2783 1152 2992 1192 carnem
3019 1153 3208 1203 meam,
3233 1144 3281 1192 et
3324 1135 3451 1190 bibit

1863 1229 2171 1301 sanguinem
2195 1244 2393 1296 meum,
2420 1227 2478 1282 in
2504 1244 2586 1284 me
2620 1239 2815 1297 manet,
2845 1239 2892 1285 et
2917 1246 3010 1301 ego
3042 1231 3100 1285 in
3137 1228 3228 1284 illo
3265 1229 3451 1302 (Joan.
3525 1233 3536 1244 '

1863 1344 1939 1397 vr,
1967 1329 2078 1402 57).
2107 1328 2165 1383 In
2193 1329 2298 1383 hac
2319 1326 2425 1383 cibi
2447 1332 2504 1381 et
2527 1334 2688 1396 potus
2717 1326 2949 1397 spiritali
2981 1325 3324 1398 jucunditate
3364 1324 3456 1380 ιω-

1864 1422 1971 1478 tari
2013 1422 2292 1487 debemus,
2325 1435 2434 1476 non
2475 1419 2652 1477 solum
2675 1419 2734 1474 in
2763 1417 3047 1490 mysterio,
3080 1432 3174 1474 seu
3204 1417 3368 1474 etiam
3397 1415 3456 1470 in

1865 1513 2097 1570 lectione
2138 1521 2450 1568 sanctarum
2479 1511 2908 1583 Scripturarum,
2953 1510 3045 1566 ubi
3089 1524 3376 1580 paseamur
3404 1514 3459 1563 et

1865 1615 2116 1679 potemur
2141 1605 2207 1662 de
2239 1606 2386 1678 ligno
2407 1605 2556 1675 vitae,
2575 1604 2720 1678 quod
2742 1604 3045 1676 plantatum
3074 1612 3160 1662 est
3184 1618 3340 1661 secus
3361 1602 3458 1660 de-

1867 1714 2061 1755 cursus
2086 1713 2372 1769 aquarum.

1941 1793 2106 1849 Vnus.
2170 1792 2259 1848 14.
2318 1823 2391 1834 —
2448 1792 2628 1847 Didici
2680 1794 2819 1865 quod
2884 1793 3062 1848 omnia
3121 1808 3278 1864 opera
3343 1807 3461 1864 qua:

177 1887 533 1954 neornenias;
571 1893 626 1943 et
662 1894 875 1958 tempus
908 1884 1124 1942 odiendi
1151 1901 1243 1951 ea,
1281 1883 1557 1952 Evangelii
1584 1882 1769 1955 'gratia
1795 1879 1846 1944 Β
1873 1887 1993 1960 fecit
2047 1887 2191 1942 Deus
2220 1926 2236 1954 ,
2283 1896 2606 1958 perseverent
2651 1886 2709 1940 in
2744 1896 3083 1973 perpetuum,
3133 1901 3240 1940 non
3278 1901 3464 1956 ροεεα..

169 1979 520 2034 succedente.
573 1978 807 2050 Tempus
848 1978 995 2046 belli,
1038 1988 1094 2035 et
1137 1987 1350 2048 tempus
1386 1977 1554 2049 pacis.
1589 1975 1768 2043 Quan-

168 2069 265 2126 diu
295 2071 354 2125 in
377 2071 480 2126 hoc
507 2067 703 2127 satculo
725 2087 940 2139 sumus,
966 2080 1181 2143 tempus
1211 2079 1295 2127 est
1319 2070 1444 2126 belli
1469 2088 1481 2124 :
1511 2085 1635 2126 cum
1662 2069 1767 2124 mi-

167 2163 521 2232 graverimus
547 2171 732 2218 autem
759 2163 827 2218 de
862 2164 966 2219 hoc
992 2163 1210 2231 saeculo,
1253 2163 1405 2234 pacis
1435 2171 1648 2233 tempus
1675 2163 1769 2218 ad-

167 2253 366 2308 veniet
410 2271 423 2307 :
463 2254 517 2308 in
546 2269 681 2323 pace
721 2262 804 2309 est
832 2255 949 2309 laus
989 2255 1085 2310 Dei
1133 2253 1330 2326 [Hier.,
1362 2254 1510 2310 locus
1541 2253 1687 2326 Dei],
1713 2262 1770 2308 et

165 2344 380 2401 civitas
401 2354 586 2400 nostra
617 2345 955 2401 Hierusalem
985 2345 1048 2400 de
1077 2360 1208 2414 pace
1237 2345 1426 2400 sortita
1448 2343 1772 2400 vocabulum

159 2444 275 2492 est.
319 2434 491 2490 Nemo
519 2451 650 2507 ergo
675 2452 818 2491 nunc
847 2451 910 2504 se
931 2442 1084 2506 putet
1114 2451 1234 2491 esse
1269 2451 1524 2491 securum
1548 2435 1604 2489 in
1631 2443 1769 2489 tem-

154 2543 309 2599 pore
357 2527 506 2595 belli,
548 2529 641 2584 ubi
675 2530 992 2584 certandum
1039 2537 1142 2595 est,
1182 2537 1237 2583 et
1279 2527 1576 2598 apostolica
1622 2540 1773 2580 arma

157 2622 462 2676 tractanda
492 2663 508 2688 ,
561 2629 624 2677 ut
668 2623 905 2678 victores
951 2621 1222 2694 quondam
1263 2622 1667 2692 requiescamus
1716 2620 1774 2675 in

158 2730 333 2784 pace.

234 2804 419 2876 420
442 2804 607 2860 Vnus.
650 2805 800 2862 9-11.
840 2837 911 2847 —
941 2806 1080 2872 Quid
1109 2808 1260 2862 habet
1281 2807 1435 2862 homo
1465 2807 1689 2877 amplius
1710 2804 1774 2861 de

157 2895 362 2952 labore
389 2896 529 2954 suo!
559 2898 666 2951 vidi
691 2899 1016 2970 aﬂlictionem
1037 2917 1195 2970 quam
1215 2899 1353 2954 dedit
1379 2898 1522 2954 Deus
1539 2897 1666 2968 ﬁliis
1683 2900 1774 2952 ho-

162 2992 404 3046 minum.
449 2990 650 3046 Cuncta
674 2993 795 3063 fecit
819 2995 952 3049 bona
979 2995 1034 3050 in
1058 3004 1283 3066 tempore
1303 3012 1418 3059 suo,
1447 3003 1494 3049 et
1521 2993 1776 3048 mundum

157 3083 403 3137 tradidit
440 3084 782 3154 disputationi
829 3103 1032 3153 eorum,
1079 3095 1136 3140 ut
1187 3103 1292 3140 non
1344 3085 1576 3139 inveniat
1621 3083 1775 3137 homo

161 3195 302 3247 opus
335 3177 482 3248 quod
507 3186 749 3248 operatus
775 3187 850 3232 est
878 3178 1020 3232 Deus
1045 3177 1108 3240 ab
1132 3178 1282 3232 initio
1307 3193 1468 3248 usque
1499 3175 1567 3256 ad
1595 3175 1771 3246 ﬁnem.

1872 1997 1986 2035 mus
2041 1979 2116 2034 eis
2165 1978 2358 2034 addere
2401 1978 2716 2051 quidquam,
2761 1996 2854 2034 nec
2893 1979 3132 2050 auferre,
3183 1994 3302 2050 qua:
3341 1978 3465 2048 fecit

1871 2071 2014 2126 Deus
2040 2111 2054 2138 ,
2102 2080 2161 2125 ut
2216 2071 2481 2125 timeatur.
2527 2067 2672 2125 Nihil
2713 2077 2798 2126 est
2845 2069 2899 2122 in
2939 2069 3142 2124 mundo
3185 2067 3330 2138 quod
3368 2080 3468 2122 no-

1871 2178 2000 2218 vum
2046 2164 2135 2220 sit.
2183 2162 2325 2219 Solis
2362 2178 2554 2218 cursus
2591 2171 2646 2218 et
2675 2162 2818 2217 lunae
2839 2162 3006 2227 vices,
3038 2169 3093 2216 et
3121 2169 3280 2216 terrae
3312 2161 3468 2216 arbo-

1874 2269 2101 2325 rumque
2127 2255 2342 2310 siccitas
2362 2254 2448 2310 vel
2469 2255 2637 2321 viror,
2659 2271 2783 2310 cum
2805 2255 2921 2324 ipso
2947 2253 3150 2308 mundo
3184 2262 3312 2308 nata
3341 2261 3468 2308 sunt

1874 2355 2039 2416 atque
2066 2354 2270 2413 creata,
2303 2354 2360 2403 et
2410 2346 2615 2402 idcirco
2652 2346 2796 2402 Deus
2845 2354 2993 2402 certa
3033 2346 3243 2400 ratione
3273 2351 3470 2400 cuncta

1873 2439 2184 2495 moderatus
2240 2444 2344 2503 est,
2384 2445 2438 2493 et
2470 2435 2634 2508 jussit
2677 2437 2930 2493 humanis
2969 2437 3158 2493 usibus
3203 2436 3468 2492 elementa

1873 2533 2098 2600 servire,
2147 2541 2209 2588 ut
2247 2532 2496 2589 homines
2541 2533 2786 2589 videntes
2821 2533 2954 2588 haec
2999 2531 3302 2603 intelligant
3346 2545 3472 2586 esse

1873 2625 2270 2697 providentiam
2292 2624 2410 2691 Dei,
2437 2631 2492 2680 et
2513 2624 2740 2680 timeant
2759 2638 2790 2678 a
2810 2621 2948 2678 facie
2969 2623 3088 2688 Dei,
3123 2623 3252 2678 dum
3279 2637 3345 2677 ex
3367 2637 3470 2679 .re-

1874 2732 1998 2771 rum
2023 2717 2349 2786 aequalitate,
2364 2731 2546 2784 cursu,
2572 2715 2761 2772 ordine
2780 2723 2943 2786 atque
2964 2715 3286 2780 constantia,
3311 2713 3473 2769 intel-

1873 2807 2046 2878 ligunt
2069 2807 2401 2863 Creatorem.
2429 2807 2662 2863 Pulchre
2693 2814 2876 2862 autem
2908 2805 3234 2876 temperavit
3259 2804 3468 2873 dicens,

1874 2910 1936 2955 ut
1963 2901 2186 2956 timeant
2208 2899 2397 2956 afacie
2422 2900 2538 2969 ejus
2569 2918 2583 2954 :
2615 2899 2791 2955 vultus
2821 2900 3019 2971 quippe
3059 2897 3276 2954 Domini
3316 2913 3476 2968 super

1876 2993 2124 3063 facientes
2145 2992 2290 3047 mala
2315 2991 2488 3064 (Psal.
2517 3009 2714 3058 xum,
2739 2992 2851 3064 17).

1946 3084 2109 3141 Vens.
2148 3084 2236 3138 15.
2287 3113 2358 3124 --
2398 3083 2553 3150 Quod
2599 3085 2802 3154 factum
2836 3093 2931 3151 est,
2957 3086 3129 3156 ipsum
3159 3095 3472 3157 permanet:

1877 3194 1994 3248 qua:
2026 3177 2208 3247 futura
2258 3187 2412 3242 sunt,
2440 3177 2560 3246 jam
2596 3175 2808 3246 fuerunt
2852 3193 2871 3231 :
2924 3186 2972 3231 et
3020 3177 3165 3232 Deus
3212 3178 3475 3233 instaurat

157 3243 438 3338 Plerique
474 3243 665 3339 putant
698 3271 802 3325 hoc
832 3271 896 3326 de
930 3269 1204 3341 magistris
1243 3243 1624 3332 esse-dictum,
1657 3267 1776 3338 qui-
1801 3243 1852 3311 ο
1877 3243 2035 3338 quod
2067 3267 2214 3321 abiit.
2261 3267 2358 3323 Vel
2395 3243 2704 3338 praeterita,
2753 3267 2840 3324 vel
2891 3270 3176 3340 praesentia
3197 3310 3212 3337 ,
3262 3270 3349 3326 vel
3388 3269 3476 3326 fu-

159 3361 270 3417 bus
324 3361 476 3416 Deus
505 3360 654 3416 dedit
699 3377 938 3429 sensum,
983 3372 1042 3417 ut
1086 3369 1396 3431 quaererent
1423 3370 1650 3416 naturas
1686 3375 1779 3415 re-

159 3469 321 3519 rum,
352 3461 411 3508 et
440 3452 756 3510 Creatorem
784 3455 1068 3510 laudarent
1097 3469 1163 3508 ex
1207 3454 1308 3520 eis,
1339 3469 1407 3508 ne
1432 3451 1571 3508 forte
1605 3454 1780 3509 otiosa

163 3560 338 3600 mens
388 3552 721 3614 torpesceret
746 3554 801 3599 et
845 3547 900 3600 in
927 3546 1056 3600 vitia
1102 3552 1398 3601 corrueret.
1434 3545 1592 3599 Prius
1634 3545 1781 3600 enim

165 3637 490 3708 disputavit
522 3637 588 3692 de
617 3637 932 3692 diversitate
961 3645 1261 3707 temporum
1287 3644 1341 3690 et
1362 3636 1626 3691 varietate
1665 3651 1785 3690 mu-

163 3731 442 3786 tabilium
490 3745 692 3794 rerum,
743 3746 887 3785 nunc
939 3729 1071 3785 dicit
1113 3748 1125 3783 :
1180 3728 1320 3794 Quid
1368 3729 1520 3782 habet
1560 3727 1782 3798 amplius

161 3821 339 3877 homo
371 3822 438 3876 de
462 3821 639 3877 labore
667 3840 781 3885 suo,
807 3823 912 3877 nisi
942 3831 1001 3877 ut
1031 3824 1303 3892 sapienter
1327 3823 1592 3893 intelligat
1621 3822 1785 3878 Crea-

165 3929 365 3974 torem
397 3918 616 3974 laudare
643 3919 696 3973 in
724 3919 990 3974 creaturis
1018 3920 1130 3974 suis
1158 3934 1259 3975 nec
1287 3920 1579 3989 quicquam
1610 3919 1663 3973 in
1684 3919 1786 3974 hoc

166 4010 394 4065 saeculo
415 4018 733 4081 perpetuum
756 4011 980 4081 putare?
1009 4010 1142 4076 Quid
1167 4009 1311 4064 enim
1334 4010 1564 4078 amplius
1587 4010 1788 4064 habere

166 4117 485 4172 possumus
531 4103 586 4156 in
633 4102 738 4157 hoc
789 4103 986 4157 saeculo
1035 4101 1349 4167 laborando,
1391 4117 1552 4171 quam
1589 4108 1649 4155 ut
1691 4116 1789 4155 nos

167 4195 512 4249 erudiamur
568 4208 636 4248 ex
703 4193 1016 4247 diversitate
1074 4199 1447 4246 creaturarum
1513 4191 1790 4248 Creatoris

171 4297 492 4354 agnoscere
521 4261 967 4352 magnitudinem,
991 4288 1045 4334 et
1082 4295 1240 4335 omne
1270 4281 1471 4335 bonum
1502 4296 1621 4336 esse
1647 4281 1791 4351 quod

173 4374 339 4429 Deus
367 4371 519 4437 fecit,
565 4373 658 4442 qui
681 4373 828 4428 dedit
855 4371 1114 4426 mundum
1145 4371 1456 4426 hominibus
1487 4372 1556 4426 ad
1578 4371 1790 4426 inhabi-

171 4466 451 4529 tandam,
480 4472 539 4518 ut
565 4461 818 4518 fruantur
841 4479 906 4519 eo
932 4470 986 4518 et
1014 4464 1306 4520 varietates
1329 4463 1631 4535 intelligant
1657 4471 1792 4518 tem-

169 4569 394 4625 porum
420 4593 436 4618 ,
462 4553 580 4622 {nec
621 4561 864 4623 quaerant
907 4554 1176 4624 quomodo
1219 4563 1401 4610 creata
1437 4557 1545 4610 sint
1586 4555 1786 4622 omnia,

170 4661 372 4715 quare
405 4645 510 4699 hoc
543 4643 629 4698 vel
659 4644 790 4699 illud
829 4645 896 4700 ab
940 4644 1094 4700 initio
1131 4647 1318 4700 mundi
1345 4661 1518 4716 usque
1555 4647 1623 4702 ad
1661 4663 1793 4703 con-

175 4735 626 4790 summationem
657 4734 845 4790 fecerit
870 4750 1135 4803 crescere,
1159 4753 1396 4803 manere,
1429 4739 1648 4793 mutari.

263 4827 448 4882 Vens.
478 4826 568 4892 12,
598 4827 769 4882 1'5.-—
803 4827 872 4880 Et
902 4830 1118 4899 cognovi
1143 4829 1281 4900 quod
1308 4847 1411 4884 non
1433 4841 1563 4886 esset
1587 4829 1794 4899 melius,

177 4919 302 4974 nisi
364 4918 557 4983 laetari,
590 4927 637 4972 et
680 4918 852 4988 facere
887 4919 1010 4973 bene
1051 4920 1106 4973 in
1132 4921 1238 4975 vita
1275 4938 1394 4975 sua.
1437 4920 1619 4977 Omnis
1660 4923 1798 4975 enim

175 5011 365 5066 homo
399 5010 492 5080 qui
519 5011 740 5064 comedit
777 5019 824 5065 et
871 5010 1011 5075 bibit,
1051 5021 1100 5066 et
1126 5012 1263 5067 videt
1297 5013 1486 5068 bonum
1526 5015 1590 5068 de
1621 5014 1798 5069 labore

173 5117 325 5169 suo,
349 5101 448 5155 hoc
475 5101 672 5156 donum
692 5099 791 5154 Dei
813 5110 906 5156 est.
946 5101 1236 5172 Propterea
1266 5103 1490 5159 colonus
1519 5112 1572 5158 et
1599 5105 1794 5173 hospes

167 5192 397 5249 mundi
428 5191 591 5247 homo
619 5191 773 5246 datus
799 5200 916 5259 est,
948 5199 1008 5246 ut
1040 5193 1221 5247 brevis
1246 5194 1372 5248 vitae
1406 5193 1618 5249 fruatur
1654 5202 1795 5248 tem-

168 5303 363 5358 pore,
393 5294 470 5353 et,
511 5302 604 5356 spe
632 5286 944 5356 prolixioris
968 5289 1146 5343 astatis
1179 5289 1436 5354 abscissa,
1464 5299 1657 5346 cuncta
1679 5306 1798 5361 quae

164 5378 458 5450 possidet
501 5378 658 5448 quasi
703 5380 772 5434 ad
801 5380 906 5434 alia
937 5381 1046 5437 cito
1085 5379 1426 5453 profecturus
1465 5383 1713 5452 aspiciat,
1743 5388 1801 5439 et

165 5477 476 5542 quantum
503 5476 695 5537 potest,
724 5471 862 5526 bene
888 5469 1052 5526 faciat
1077 5473 1132 5526 in
1162 5473 1272 5527 vita
1298 5488 1395 5527 sua
1421 5489 1435 5540 ;
1468 5489 1568 5530 nec
1597 5472 1798 5530 frustra

162 5554 595 5634 congregando
639 5579 866 5634 magnas
907 5580 1058 5635 opes,
1099 5565 1511 5637 cogitationibus
1548 5576 1799 5638 torquea-

165 5663 286 5711 tur
329 5667 352 5706 :
377 5669 552 5724 neque
578 5669 638 5710 se
657 5663 812 5726 putet
839 5657 961 5728 plus
985 5657 1052 5713 de
1073 5673 1172 5714 suo
1195 5657 1382 5715 labore
1415 5658 1614 5714 lucrari
1642 5676 1803 5730 posse

165 5762 384 5819 quam
419 5748 601 5803 cibum
626 5758 681 5805 et
712 5758 898 5820 potum
923 5769 937 5820 ;
965 5759 1018 5808 et
1048 5753 1093 5809 si
1135 5753 1265 5824 quid
1293 5754 1358 5809 de
1381 5753 1572 5824 opibus
1598 5755 1710 5810 suis
1747 5754 1800 5810 in

167 5845 384 5903 bonis
421 5847 674 5916 operibus
713 5849 1031 5918 expenderit
1053 5889 1068 5918 ,
1106 5851 1211 5908 hoc
1254 5851 1430 5910 solum
1479 5852 1575 5910 Dei
1605 5854 1804 5911 donum

583 5938 858 6003 Parnon.
905 5941 974 6005 C.

1880 3367 2025 3426 tura,
2074 3359 2190 3430 ipsa
2231 3358 2330 3431 [et]
2362 3357 2601 3426 fuerunt,
2631 3367 2686 3413 et
2719 3369 2864 3428 sunt,
2899 3369 2953 3415 et
2980 3369 3178 3428 erunt,
3218 3363 3477 3418 universa

1883 3468 2005 3525 quae
2051 3452 2343 3508 cernimus.
2381 3451 2473 3507 Sol
2524 3453 2617 3522 qui
2660 3468 2803 3508 nunc
2836 3453 3041 3521 oritur,
3084 3462 3141 3510 et
3183 3463 3478 3524 antequam

1881 3561 1983 3602 nos
2012 3559 2275 3612 essemus,
2308 3545 2363 3600 in
2383 3545 2585 3600 mundo
2607 3545 2729 3614 fuit,
2756 3555 2818 3602 et.
2831 3555 3115 3618 postquam
3142 3550 3341 3604 mortui
3363 3548 3479 3605 fue-

1883 3642 2077 3709 rimus,
2108 3624 2346 3698 oriturus
2387 3648 2488 3696 est.
2539 3641 2693 3709 Quod
2725 3644 2791 3698 de
2831 3643 2942 3699 sole
2972 3643 3228 3708 diximus,
3270 3643 3376 3697 hoc
3413 3642 3482 3696 de

1884 3734 2137 3788 omnibus
2159 3734 2591 3805 cognoscendum
2622 3741 2706 3790 est
2736 3735 3023 3789 creaturis.
3050 3733 3218 3789 Terra
3251 3733 3480 3806 singulis

1886 3829 2044 3883 annis
2092 3827 2312 3892 arescit,
2354 3826 2660 3898 iterumque
2701 3828 2921 3883 virescit
2970 3828 3026 3881 in
3065 3829 3308 3899 germine
3357 3842 3476 3882 suo.

1887 3921 2034 3978 Mare
2054 3921 2189 3989 ﬂuit,
2213 3929 2267 3976 et
2292 3921 2499 3975 recedit
2526 3929 2584 3974 ut
2615 3919 2824 3976 reiluat.
2853 3921 3124 3975 Animalia
3146 3923 3476 3988 moriuntur,

1887 4023 1941 4069 et
1991 4021 2349 4068 renascuntur
2397 4013 2596 4067 iterum
2640 3999 2882 4080 ejusdem
2925 4013 3158 4082 generis.
3221 4012 3483 4068 Homines

1889 4114 2064 4160 morte
2087 4105 2370 4171 ﬁniuntur,
2403 4112 2457 4159 et
2499 4105 2590 4159 alii
2611 4096 2814 4174 pro'eis
2849 4093 3117 4160 oriuntur.
3167 4106 3236 4160 Et
3271 4121 3335 4160 ea
3365 4105 3483 4176 lege

1889 4207 2262 4254 creaturarum
2296 4198 2434 4253 nihil
2474 4213 2673 4253 novum
2700 4199 2931 4254 inveniri
2963 4199 3182 4269 poterit,
3217 4199 3313 4254 sed
3334 4198 3478 4253 Deus

1888 4307 1986 4362 per
2029 4291 2373 4347 succedentia
2415 4299 2658 4364 tempora
2695 4291 2877 4347 omnia
2915 4299 3186 4348 restaurat
3213 4307 3332 4362 quae
3366 4292 3482 4347 fue-

1892 4390 2038 4437 runt.

1961 4475 2125 4530 Vens.
2144 4474 2232 4541 16,
2250 4473 2424 4528 17.—
2441 4473 2512 4528 Et
2531 4474 2638 4529 vidi
2657 4474 2752 4529 sub
2765 4474 2875 4530 sole
2890 4475 2946 4530 in
2961 4475 3071 4530 loco
3082 4476 3278 4546 judicii
3292 4477 3479 4549 impie-

1893 4575 2074 4634 tatem,
2101 4575 2148 4620 et
2176 4566 2232 4620 in
2255 4564 2368 4620 loco
2381 4565 2605 4636 justitiae
2625 4567 2972 4638 iniquitatem.
3005 4567 3077 4621 Et
3103 4569 3217 4622 dixi
3249 4550 3305 4624 in
3326 4548 3482 4625 corde
3557 4548 3564 4556 ‘

1895 4673 2008 4711 meo
2045 4673 2063 4712 :
2085 4657 2293 4727 justum
2313 4666 2360 4711 et
2388 4659 2606 4729 impium
2621 4658 2885 4727 judicabit
2909 4659 3072 4726 Deus,
3109 4670 3308 4733 tempus
3337 4664 3484 4720 omni

1897 4748 1973 4801 rei
1995 4757 2118 4802 tunc
2141 4749 2257 4803 erit.
2295 4748 2406 4804 Sub
2431 4750 2565 4817 sole,
2592 4751 2784 4819 inquit,
2819 4751 2923 4807 isto
2946 4753 3229 4809 veritatem
3266 4763 3321 4812 et
3338 4755 3486 4827 judi-

1899 4841 2043 4896 cium
2092 4843 2381 4912 requisivi;
2411 4851 2468 4898 et
2497 4844 2602 4899 vidi
2635 4845 2690 4898 in
2703 4843 2923 4914 judiciis
2949 4863 3058 4905 non
3085 4849 3367 4905 veritatem
3390 4865 3483 4905 va-

1897 4933 2029 5000 lere,
2077 4935 2170 4990 sed
2223 4951 2469 4990 munera.
2516 4935 2734 4991 Aliter:
2782 4939 3079 4995 arbitratus
3118 4958 3239 4997 sum
3279 4941 3483 5011 aliquid

1895 5025 2118 5097 justitiae
2147 5026 2202 5080 in
2231 5027 2482 5096 praesenti
2507 5028 2704 5084 saeculo
2725 5030 2862 5100 geri,
2889 5039 2943 5087 et
2965 5031 3052 5085 vel
3078 5033 3226 5101 pium
3260 5048 3356 5101 pro
3386 5049 3486 5089 suo

1900 5132 2046 5172 nunc
2065 5117 2259 5172 merito
2284 5118 2542 5188 recipere,
2567 5118 2652 5173 vel
2679 5120 2926 5191 impium,
2951 5137 3050 5193 pro
3067 5121 3224 5194 42],
3251 5139 3348 5178 suo
3371 5138 3488 5179 sce-

1901 5207 2013 5263 lere
2059 5207 2324 5262 damnari.
2384 5209 2572 5264 Postea
2615 5225 2746 5266 vero
2783 5228 2907 5267 cum
2948 5213 3108 5268 corde
3146 5220 3265 5268 m‘eo
3314 5214 3486 5270 collo-

1904 5313 2077 5368 quens
2103 5305 2159 5354 et
2187 5306 2477 5378 reputans,
2508 5300 2780 5370 intellexi,
2805 5319 2914 5360 non
2939 5319 3038 5374 per
3063 5312 3249 5374 partes
3279 5307 3448 5362 Deum
3469 5350 3484 5373 ,

1903 5395 1960 5445 et
1983 5404 2083 5459 per
2111 5388 2348 5460 singulos
2375 5407 2587 5462 semper
2605 5392 2866 5465 judicare,
2893 5395 2989 5450 sed
3011 5396 3066 5450 in
3089 5395 3330 5454 futurum
3353 5408 3490 5455 tem-

1905 5497 2006 5552 pus
2035 5498 2253 5539 servare
2276 5483 2560 5553 judicium,
2605 5494 2664 5541 ut
2709 5502 2899 5544 omnes
2926 5489 3133 5558 pariter
3154 5489 3490 5562 iudicentur,

1907 5583 1963 5630 et
1987 5576 2210 5646 recipiat
2231 5579 2600 5649 unusquisque
2623 5580 2833 5636 meritis
2857 5579 2970 5636 suis
2998 5581 3176 5652 digna,
3197 5585 3495 5642 secundum

1907 5668 2052 5737 quod
2081 5669 2246 5740 gessit
2275 5671 2329 5725 in
2367 5672 2470 5727 hoc
2499 5671 2724 5739 saeculo;
2755 5681 2810 5728 et
2834 5679 2964 5730 tunc
3002 5677 3252 5748 perspexi
3280 5685 3496 5750 tempus

1909 5759 2247 5818 discretionis
2277 5778 2398 5820 esse
2418 5765 2563 5821 omni
2595 5766 2691 5820 rei.

1981 5853 2142 5911 Vens.
2174 5856 2356 5914 18-21.
2378 5888 2449 5898 —
2474 5857 2598 5914 Dixi
2623 5858 2677 5914 in
2702 5855 2858 5916 corde
2891 5877 3003 5919 meo
3047 5863 3110 5918 de
3155 5863 3281 5934 ﬁliis
3323 5863 3507 5920 hami»;

3054 5961 3134 6021 22
