  <div class='ocr_page' id='page_1' title='image "/cluster/home/n/w/nwhite01/storage/ocr_20150623/100/hvd.32044024239972/347.png"; bbox 0 0 4072 6340; ppageno 0'>
   <div class='ocr_carea' id='block_1_1' title="bbox 600 319 704 378">
    <p class='ocr_par' dir='ltr' id='par_1_1' title="bbox 600 319 704 378">
     <span class='ocr_line' id='line_1_1' title="bbox 600 319 704 378; baseline -0.01 0"><span class='ocrx_word' id='word_1_1' title='bbox 600 319 704 378; x_wconf 74' lang='lat'><strong><em>685</em></strong></span> 
     </span>
    </p>
   </div>
   <div class='ocr_carea' id='block_1_2' title="bbox 1452 313 3024 378">
    <p class='ocr_par' dir='ltr' id='par_1_2' title="bbox 1452 313 3024 378">
     <span class='ocr_line' id='line_1_2' title="bbox 1452 313 3024 378; baseline -0.003 -4"><span class='ocrx_word' id='word_1_2' title='bbox 1452 322 1510 374; x_wconf 91' lang='grc' dir='ltr'><strong><em>Β.</em></strong></span> <span class='ocrx_word' id='word_1_3' title='bbox 1551 321 1614 376; x_wconf 82' lang='lat' dir='ltr'><strong><em>F.</em></strong></span> <span class='ocrx_word' id='word_1_4' title='bbox 1655 318 1884 378; x_wconf 75' lang='lat' dir='ltr'><strong><em>ALBiNi</em></strong></span> <span class='ocrx_word' id='word_1_5' title='bbox 1925 317 2057 374; x_wconf 85' lang='lat' dir='ltr'><strong><em>SEU</em></strong></span> <span class='ocrx_word' id='word_1_6' title='bbox 2101 313 2378 374; x_wconf 74' lang='lat' dir='ltr'><strong><em>ALCUINI</em></strong></span> <span class='ocrx_word' id='word_1_7' title='bbox 2416 315 2704 374; x_wconf 83' lang='lat' dir='ltr'><strong><em>OPERUM</em></strong></span> <span class='ocrx_word' id='word_1_8' title='bbox 2742 315 2922 374; x_wconf 77' lang='lat' dir='ltr'><strong><em>PARS</em></strong></span> <span class='ocrx_word' id='word_1_9' title='bbox 2959 316 3024 378; x_wconf 86' lang='grc' dir='ltr'>ιι.</span> 
     </span>
    </p>
   </div>
   <div class='ocr_carea' id='block_1_3' title="bbox 3766 307 3866 364">
    <p class='ocr_par' dir='ltr' id='par_1_3' title="bbox 3766 307 3866 364">
     <span class='ocr_line' id='line_1_3' title="bbox 3766 307 3866 364; baseline 0.01 -1"><span class='ocrx_word' id='word_1_10' title='bbox 3766 307 3866 364; x_wconf 70' lang='grc'><strong><em>684</em></strong></span> 
     </span>
    </p>
   </div>
   <div class='ocr_carea' id='block_1_4' title="bbox 602 426 3873 510">
    <p class='ocr_par' dir='ltr' id='par_1_4' title="bbox 602 426 3873 510">
     <span class='ocr_line' id='line_1_4' title="bbox 602 426 3873 510; baseline -0.006 -10"><span class='ocrx_word' id='word_1_11' title='bbox 602 457 749 504; x_wconf 82' lang='lat' dir='ltr'><strong><em>num,</em></strong></span> <span class='ocrx_word' id='word_1_12' title='bbox 776 447 833 494; x_wconf 89' lang='lat' dir='ltr'><strong><em>ut</em></strong></span> <span class='ocrx_word' id='word_1_13' title='bbox 857 441 1097 510; x_wconf 86' lang='lat' dir='ltr'><strong><em>probaret</em></strong></span> <span class='ocrx_word' id='word_1_14' title='bbox 1137 457 1221 495; x_wconf 83' lang='lat' dir='ltr'><strong><em>eos</em></strong></span> <span class='ocrx_word' id='word_1_15' title='bbox 1253 438 1412 504; x_wconf 80' lang='lat' dir='ltr'><strong><em>Deus,</em></strong></span> <span class='ocrx_word' id='word_1_16' title='bbox 1439 448 1486 494; x_wconf 81' lang='lat' dir='ltr'><strong><em>et</em></strong></span> <span class='ocrx_word' id='word_1_17' title='bbox 1523 437 1813 492; x_wconf 86' lang='lat' dir='ltr'><strong><em>ostenderet</em></strong></span> <span class='ocrx_word' id='word_1_18' title='bbox 1854 433 2051 490; x_wconf 75' lang='lat' dir='ltr'><strong><em>similes</em></strong></span> <span class='ocrx_word' id='word_1_19' title='bbox 2080 450 2189 491; x_wconf 83' lang='lat' dir='ltr'><strong><em>esss</em></strong></span> <span class='ocrx_word' id='word_1_20' title='bbox 2217 435 2268 498; x_wconf 77' lang='grc' dir='ltr'><strong>Δ</strong></span> <span class='ocrx_word' id='word_1_21' title='bbox 2291 433 2618 504; x_wconf 89' lang='lat' dir='ltr'><strong><em>voluptatem</em></strong></span> <span class='ocrx_word' id='word_1_22' title='bbox 2643 449 2656 488; x_wconf 90' lang='lat'>:</span> <span class='ocrx_word' id='word_1_23' title='bbox 2700 449 2875 505; x_wconf 88' lang='lat' dir='ltr'><strong><em>neque</em></strong></span> <span class='ocrx_word' id='word_1_24' title='bbox 2911 433 3052 488; x_wconf 89' lang='lat' dir='ltr'><strong><em>enim</em></strong></span> <span class='ocrx_word' id='word_1_25' title='bbox 3079 447 3200 488; x_wconf 92' lang='lat' dir='ltr'><strong><em>cum</em></strong></span> <span class='ocrx_word' id='word_1_26' title='bbox 3230 428 3399 486; x_wconf 83' lang='lat' dir='ltr'><strong>semel</strong></span> <span class='ocrx_word' id='word_1_27' title='bbox 3447 442 3545 498; x_wconf 84' lang='lat' dir='ltr'><strong><em>nos</em></strong></span> <span class='ocrx_word' id='word_1_28' title='bbox 3570 426 3873 482; x_wconf 88' lang='lat' dir='ltr'><strong><em>dissolverit</em></strong></span> 
     </span>
    </p>
   </div>
   <div class='ocr_carea' id='block_1_5' title="bbox 604 525 2189 596">
    <p class='ocr_par' dir='ltr' id='par_1_5' title="bbox 604 525 2189 596">
     <span class='ocr_line' id='line_1_5' title="bbox 604 525 2189 596; baseline -0.006 -9"><span class='ocrx_word' id='word_1_29' title='bbox 604 532 797 588; x_wconf 85' lang='lat' dir='ltr'><strong><em>bestiis.</em></strong></span> <span class='ocrx_word' id='word_1_30' title='bbox 827 529 1035 586; x_wconf 75' lang='lat' dir='ltr'><strong><em>Idcirco</em></strong></span> <span class='ocrx_word' id='word_1_31' title='bbox 1061 547 1193 586; x_wconf 86' lang='lat' dir='ltr'><strong><em>unus</em></strong></span> <span class='ocrx_word' id='word_1_32' title='bbox 1219 531 1457 585; x_wconf 88' lang='lat' dir='ltr'><strong><em>interitus</em></strong></span> <span class='ocrx_word' id='word_1_33' title='bbox 1492 538 1566 584; x_wconf 82' lang='lat' dir='ltr'><strong><em>est</em></strong></span> <span class='ocrx_word' id='word_1_34' title='bbox 1591 527 1884 594; x_wconf 77' lang='lat' dir='ltr'><strong><em>hominum,</em></strong></span> <span class='ocrx_word' id='word_1_35' title='bbox 1913 535 1958 580; x_wconf 85' lang='lat' dir='ltr'><strong><em>et</em></strong></span> <span class='ocrx_word' id='word_1_36' title='bbox 1978 525 2189 596; x_wconf 81' lang='lat' dir='ltr'><strong><em>jumen-</em></strong></span> 
     </span>
    </p>
   </div>
   <div class='ocr_carea' id='block_1_6' title="bbox 602 616 2189 696">
    <p class='ocr_par' dir='ltr' id='par_1_6' title="bbox 602 616 2189 696">
     <span class='ocr_line' id='line_1_6' title="bbox 602 616 2189 696; baseline -0.009 -15"><span class='ocrx_word' id='word_1_37' title='bbox 602 635 798 691; x_wconf 71' lang='grc' dir='ltr'><strong><em>ιον-ιω,</em></strong></span> <span class='ocrx_word' id='word_1_38' title='bbox 826 634 874 680; x_wconf 76' lang='lat' dir='ltr'><strong><em>et</em></strong></span> <span class='ocrx_word' id='word_1_39' title='bbox 901 641 1049 696; x_wconf 69' lang='lat' dir='ltr'><strong><em>aqua</em></strong></span> <span class='ocrx_word' id='word_1_40' title='bbox 1075 624 1339 693; x_wconf 81' lang='lat' dir='ltr'><strong><em>utriusque</em></strong></span> <span class='ocrx_word' id='word_1_41' title='bbox 1381 620 1629 678; x_wconf 81' lang='lat' dir='ltr'><strong><em>conditio.</em></strong></span> <span class='ocrx_word' id='word_1_42' title='bbox 1674 617 1822 673; x_wconf 89' lang='lat' dir='ltr'><strong><em>Sicut</em></strong></span> <span class='ocrx_word' id='word_1_43' title='bbox 1855 617 2077 672; x_wconf 86' lang='lat' dir='ltr'><strong><em>moritur</em></strong></span> <span class='ocrx_word' id='word_1_44' title='bbox 2095 616 2189 668; x_wconf 88' lang='lat' dir='ltr'><strong><em>ho-</em></strong></span> 
     </span>
    </p>
   </div>
   <div class='ocr_carea' id='block_1_7' title="bbox 601 710 2189 783">
    <p class='ocr_par' dir='ltr' id='par_1_7' title="bbox 601 710 2189 783">
     <span class='ocr_line' id='line_1_7' title="bbox 601 710 2189 783; baseline -0.007 -11"><span class='ocrx_word' id='word_1_45' title='bbox 601 733 712 783; x_wconf 74' lang='lat' dir='ltr'><strong><em>mo,</em></strong></span> <span class='ocrx_word' id='word_1_46' title='bbox 740 717 818 772; x_wconf 77' lang='lat' dir='ltr'><strong><em>sic</em></strong></span> <span class='ocrx_word' id='word_1_47' title='bbox 837 725 888 771; x_wconf 74' lang='lat' dir='ltr'><strong><em>et</em></strong></span> <span class='ocrx_word' id='word_1_48' title='bbox 911 715 1006 773; x_wconf 79' lang='lat' dir='ltr'><strong><em>illa</em></strong></span> <span class='ocrx_word' id='word_1_49' title='bbox 1030 716 1338 770; x_wconf 76' lang='lat' dir='ltr'><strong><em>moriuntur.</em></strong></span> <span class='ocrx_word' id='word_1_50' title='bbox 1388 712 1643 770; x_wconf 73' lang='lat' dir='ltr'><strong><em>Similiter</em></strong></span> <span class='ocrx_word' id='word_1_51' title='bbox 1685 711 1883 781; x_wconf 85' lang='lat' dir='ltr'><strong><em>spirant</em></strong></span> <span class='ocrx_word' id='word_1_52' title='bbox 1914 710 2109 770; x_wconf 85' lang='lat' dir='ltr'><strong><em>omnia,</em></strong></span> <span class='ocrx_word' id='word_1_53' title='bbox 2142 717 2189 762; x_wconf 88' lang='lat' dir='ltr'><strong><em>et</em></strong></span> 
     </span>
    </p>
   </div>
   <div class='ocr_carea' id='block_1_8' title="bbox 603 804 2189 880">
    <p class='ocr_par' dir='ltr' id='par_1_8' title="bbox 603 804 2189 880">
     <span class='ocr_line' id='line_1_8' title="bbox 603 804 2189 880; baseline -0.008 -12"><span class='ocrx_word' id='word_1_54' title='bbox 603 808 908 867; x_wconf 72' lang='lat' dir='ltr'><strong><em>nihilhabet</em></strong></span> <span class='ocrx_word' id='word_1_55' title='bbox 933 809 1088 878; x_wconf 76' lang='lat' dir='ltr'><strong><em>homo</em></strong></span> <span class='ocrx_word' id='word_1_56' title='bbox 1121 809 1362 880; x_wconf 85' lang='lat' dir='ltr'><strong><em>jumento</em></strong></span> <span class='ocrx_word' id='word_1_57' title='bbox 1394 807 1639 869; x_wconf 75' lang='lat' dir='ltr'><strong><em>amplius.</em></strong></span> <span class='ocrx_word' id='word_1_58' title='bbox 1683 805 1882 860; x_wconf 83' lang='lat' dir='ltr'><strong><em>Cuncta</em></strong></span> <span class='ocrx_word' id='word_1_59' title='bbox 1921 804 2189 873; x_wconf 80' lang='lat' dir='ltr'><strong><em>subjacent</em></strong></span> 
     </span>
    </p>
   </div>
   <div class='ocr_carea' id='block_1_9' title="bbox 602 896 2191 974">
    <p class='ocr_par' dir='ltr' id='par_1_9' title="bbox 602 896 2191 974">
     <span class='ocr_line' id='line_1_9' title="bbox 602 896 2191 974; baseline -0.008 -12"><span class='ocrx_word' id='word_1_60' title='bbox 602 905 840 966; x_wconf 74' lang='lat' dir='ltr'><strong><em>vanitati,</em></strong></span> <span class='ocrx_word' id='word_1_61' title='bbox 871 913 920 960; x_wconf 81' lang='lat' dir='ltr'><strong><em>et</em></strong></span> <span class='ocrx_word' id='word_1_62' title='bbox 942 905 1118 958; x_wconf 63' lang='lat' dir='ltr'><strong><em>omnia</em></strong></span> <span class='ocrx_word' id='word_1_63' title='bbox 1164 912 1382 974; x_wconf 84' lang='lat' dir='ltr'><strong><em>pergunt</em></strong></span> <span class='ocrx_word' id='word_1_64' title='bbox 1420 901 1490 958; x_wconf 89' lang='lat' dir='ltr'><strong><em>ad</em></strong></span> <span class='ocrx_word' id='word_1_65' title='bbox 1512 916 1674 956; x_wconf 80' lang='lat' dir='ltr'><strong><em>unum</em></strong></span> <span class='ocrx_word' id='word_1_66' title='bbox 1719 897 1910 952; x_wconf 87' lang='lat' dir='ltr'><strong><em>locum.</em></strong></span> <span class='ocrx_word' id='word_1_67' title='bbox 1945 896 2021 954; x_wconf 84' lang='lat' dir='ltr'><strong><em>De</em></strong></span> <span class='ocrx_word' id='word_1_68' title='bbox 2049 905 2191 950; x_wconf 88' lang='lat' dir='ltr'><strong><em>terra</em></strong></span> 
     </span>
    </p>
   </div>
   <div class='ocr_carea' id='block_1_10' title="bbox 602 988 2192 1067">
    <p class='ocr_par' dir='ltr' id='par_1_10' title="bbox 602 988 2192 1067">
     <span class='ocr_line' id='line_1_10' title="bbox 602 988 2192 1067; baseline -0.008 -14"><span class='ocrx_word' id='word_1_69' title='bbox 602 995 746 1067; x_wconf 80' lang='lat' dir='ltr'><strong><em>facta</em></strong></span> <span class='ocrx_word' id='word_1_70' title='bbox 770 1005 911 1062; x_wconf 74' lang='lat' dir='ltr'><strong><em>sunt,</em></strong></span> <span class='ocrx_word' id='word_1_71' title='bbox 936 1006 985 1052; x_wconf 87' lang='lat' dir='ltr'><strong><em>et</em></strong></span> <span class='ocrx_word' id='word_1_72' title='bbox 1005 997 1061 1051; x_wconf 86' lang='lat' dir='ltr'><strong><em>in</em></strong></span> <span class='ocrx_word' id='word_1_73' title='bbox 1083 1005 1278 1050; x_wconf 82' lang='lat' dir='ltr'><strong><em>terram</em></strong></span> <span class='ocrx_word' id='word_1_74' title='bbox 1297 995 1496 1066; x_wconf 81' lang='lat' dir='ltr'><strong><em>pariter</em></strong></span> <span class='ocrx_word' id='word_1_75' title='bbox 1532 1000 1866 1050; x_wconf 71' lang='lat' dir='ltr'><strong><em>revertentur.</em></strong></span> <span class='ocrx_word' id='word_1_76' title='bbox 1900 988 2030 1056; x_wconf 80' lang='lat' dir='ltr'><strong><em>Quis</em></strong></span> <span class='ocrx_word' id='word_1_77' title='bbox 2054 988 2192 1044; x_wconf 85' lang='lat' dir='ltr'><strong><em>novit</em></strong></span> 
     </span>
    </p>
   </div>
   <div class='ocr_carea' id='block_1_11' title="bbox 600 1077 2196 1158">
    <p class='ocr_par' dir='ltr' id='par_1_11' title="bbox 600 1077 2196 1158">
     <span class='ocr_line' id='line_1_11' title="bbox 600 1077 2196 1158; baseline -0.008 -16"><span class='ocrx_word' id='word_1_78' title='bbox 600 1087 648 1142; x_wconf 96' lang='lat' dir='ltr'><strong><em>si</em></strong></span> <span class='ocrx_word' id='word_1_79' title='bbox 678 1085 894 1158; x_wconf 83' lang='lat' dir='ltr'><strong><em>spiritus</em></strong></span> <span class='ocrx_word' id='word_1_80' title='bbox 921 1086 1154 1156; x_wconf 69' lang='lat' dir='ltr'><strong><em>ﬁliolum</em></strong></span> <span class='ocrx_word' id='word_1_81' title='bbox 1181 1084 1351 1143; x_wconf 77' lang='lat' dir='ltr'><strong><em>Adam</em></strong></span> <span class='ocrx_word' id='word_1_82' title='bbox 1380 1082 1628 1144; x_wconf 82' lang='lat' dir='ltr'><strong><em>ascsndat</em></strong></span> <span class='ocrx_word' id='word_1_83' title='bbox 1669 1097 1900 1146; x_wconf 79' lang='lat' dir='ltr'><strong><em>sursum,</em></strong></span> <span class='ocrx_word' id='word_1_84' title='bbox 1939 1089 1987 1134; x_wconf 91' lang='lat' dir='ltr'><strong><em>et</em></strong></span> <span class='ocrx_word' id='word_1_85' title='bbox 2015 1079 2061 1136; x_wconf 85' lang='lat' dir='ltr'><strong><em>si</em></strong></span> <span class='ocrx_word' id='word_1_86' title='bbox 2089 1077 2196 1149; x_wconf 86' lang='lat' dir='ltr'><strong><em>spi-</em></strong></span> 
     </span>
    </p>
   </div>
   <div class='ocr_carea' id='block_1_12' title="bbox 601 1171 2191 1248">
    <p class='ocr_par' dir='ltr' id='par_1_12' title="bbox 601 1171 2191 1248">
     <span class='ocr_line' id='line_1_12' title="bbox 601 1171 2191 1248; baseline -0.006 -17"><span class='ocrx_word' id='word_1_87' title='bbox 601 1177 736 1232; x_wconf 84' lang='lat' dir='ltr'><strong><em>ritus</em></strong></span> <span class='ocrx_word' id='word_1_88' title='bbox 771 1177 1136 1248; x_wconf 72' lang='lat' dir='ltr'><strong><em>jumenton</em></strong></span> <span class='ocrx_word' id='word_1_89' title='bbox 1166 1174 1445 1237; x_wconf 79' lang='lat' dir='ltr'><strong><em>descendat</em></strong></span> <span class='ocrx_word' id='word_1_90' title='bbox 1492 1173 1782 1240; x_wconf 69' lang='lat' dir='ltr'><strong><em>deorsum?</em></strong></span> <span class='ocrx_word' id='word_1_91' title='bbox 1826 1171 1940 1228; x_wconf 83' lang='lat' dir='ltr'><strong><em>Non</em></strong></span> <span class='ocrx_word' id='word_1_92' title='bbox 1989 1171 2191 1226; x_wconf 89' lang='lat' dir='ltr'><strong><em>miran-</em></strong></span> 
     </span>
    </p>
   </div>
   <div class='ocr_carea' id='block_1_13' title="bbox 601 1263 2195 1340">
    <p class='ocr_par' dir='ltr' id='par_1_13' title="bbox 601 1263 2195 1340">
     <span class='ocr_line' id='line_1_13' title="bbox 601 1263 2195 1340; baseline -0.004 -16"><span class='ocrx_word' id='word_1_93' title='bbox 601 1267 730 1324; x_wconf 89' lang='lat' dir='ltr'><strong><em>dum</em></strong></span> <span class='ocrx_word' id='word_1_94' title='bbox 759 1277 844 1327; x_wconf 86' lang='lat' dir='ltr'><strong><em>est</em></strong></span> <span class='ocrx_word' id='word_1_95' title='bbox 890 1269 948 1327; x_wconf 89' lang='lat' dir='ltr'><strong><em>in</em></strong></span> <span class='ocrx_word' id='word_1_96' title='bbox 989 1269 1243 1340; x_wconf 74' lang='lat' dir='ltr'><strong><em>pmsenti</em></strong></span> <span class='ocrx_word' id='word_1_97' title='bbox 1274 1269 1406 1333; x_wconf 87' lang='lat' dir='ltr'><strong><em>vita,</em></strong></span> <span class='ocrx_word' id='word_1_98' title='bbox 1458 1267 1598 1334; x_wconf 83' lang='lat' dir='ltr'><strong><em>inter</em></strong></span> <span class='ocrx_word' id='word_1_99' title='bbox 1640 1266 1846 1336; x_wconf 88' lang='lat' dir='ltr'><strong><em>justum</em></strong></span> <span class='ocrx_word' id='word_1_100' title='bbox 1886 1273 1941 1320; x_wconf 91' lang='lat' dir='ltr'><strong><em>et</em></strong></span> <span class='ocrx_word' id='word_1_101' title='bbox 1969 1263 2195 1320; x_wconf 79' lang='lat' dir='ltr'><strong><em>impium</em></strong></span> 
     </span>
    </p>
   </div>
   <div class='ocr_carea' id='block_1_14' title="bbox 602 1353 2196 1430">
    <p class='ocr_par' dir='ltr' id='par_1_14' title="bbox 602 1353 2196 1430">
     <span class='ocr_line' id='line_1_14' title="bbox 602 1353 2196 1430; baseline -0.006 -14"><span class='ocrx_word' id='word_1_102' title='bbox 602 1361 806 1417; x_wconf 79' lang='lat' dir='ltr'><strong><em>nullam</em></strong></span> <span class='ocrx_word' id='word_1_103' title='bbox 845 1376 967 1420; x_wconf 81' lang='lat' dir='ltr'><strong><em>esse</em></strong></span> <span class='ocrx_word' id='word_1_104' title='bbox 1008 1360 1341 1425; x_wconf 71' lang='lat' dir='ltr'><strong><em>distantiam,</em></strong></span> <span class='ocrx_word' id='word_1_105' title='bbox 1375 1373 1477 1416; x_wconf 85' lang='lat' dir='ltr'><strong><em>nec</em></strong></span> <span class='ocrx_word' id='word_1_106' title='bbox 1519 1357 1723 1430; x_wconf 83' lang='lat' dir='ltr'><strong><em>aliquid</em></strong></span> <span class='ocrx_word' id='word_1_107' title='bbox 1770 1355 1984 1412; x_wconf 88' lang='lat' dir='ltr'><strong><em>virtutis</em></strong></span> <span class='ocrx_word' id='word_1_108' title='bbox 2015 1353 2196 1408; x_wconf 89' lang='lat' dir='ltr'><strong><em>valere</em></strong></span> 
     </span>
    </p>
   </div>
   <div class='ocr_carea' id='block_1_15' title="bbox 603 1450 2195 1528">
    <p class='ocr_par' dir='ltr' id='par_1_15' title="bbox 603 1450 2195 1528">
     <span class='ocr_line' id='line_1_15' title="bbox 603 1450 2195 1528; baseline -0.004 -18"><span class='ocrx_word' id='word_1_109' title='bbox 603 1453 806 1528; x_wconf 80' lang='lat' dir='ltr'><strong><em>[Hier.,</em></strong></span> <span class='ocrx_word' id='word_1_110' title='bbox 858 1471 962 1513; x_wconf 85' lang='lat' dir='ltr'><strong><em>nec</em></strong></span> <span class='ocrx_word' id='word_1_111' title='bbox 1014 1455 1216 1526; x_wconf 88' lang='lat' dir='ltr'><strong><em>aliquid</em></strong></span> <span class='ocrx_word' id='word_1_112' title='bbox 1271 1453 1454 1512; x_wconf 85' lang='lat' dir='ltr'><strong><em>valere</em></strong></span> <span class='ocrx_word' id='word_1_113' title='bbox 1505 1451 1778 1524; x_wconf 73' lang='lat' dir='ltr'><strong><em>virtutes],</em></strong></span> <span class='ocrx_word' id='word_1_114' title='bbox 1837 1451 1933 1510; x_wconf 88' lang='lat' dir='ltr'><strong><em>sed</em></strong></span> <span class='ocrx_word' id='word_1_115' title='bbox 1987 1450 2195 1505; x_wconf 90' lang='lat' dir='ltr'><strong><em>incerto</em></strong></span> 
     </span>
    </p>
   </div>
   <div class='ocr_carea' id='block_1_16' title="bbox 601 1544 2196 1614">
    <p class='ocr_par' dir='ltr' id='par_1_16' title="bbox 601 1544 2196 1614">
     <span class='ocr_line' id='line_1_16' title="bbox 601 1544 2196 1614; baseline -0.004 -12"><span class='ocrx_word' id='word_1_116' title='bbox 601 1554 800 1604; x_wconf 89' lang='lat' dir='ltr'><strong><em>eventu</em></strong></span> <span class='ocrx_word' id='word_1_117' title='bbox 824 1548 1007 1605; x_wconf 83' lang='lat' dir='ltr'><strong><em>omnia</em></strong></span> <span class='ocrx_word' id='word_1_118' title='bbox 1034 1547 1289 1614; x_wconf 83' lang='lat' dir='ltr'><strong><em>volutari,</em></strong></span> <span class='ocrx_word' id='word_1_119' title='bbox 1320 1562 1442 1604; x_wconf 88' lang='lat' dir='ltr'><strong><em>cum</em></strong></span> <span class='ocrx_word' id='word_1_120' title='bbox 1477 1547 1640 1603; x_wconf 86' lang='lat' dir='ltr'><strong><em>etiam</em></strong></span> <span class='ocrx_word' id='word_1_121' title='bbox 1681 1547 1825 1602; x_wconf 85' lang='lat' dir='ltr'><strong><em>inter</em></strong></span> <span class='ocrx_word' id='word_1_122' title='bbox 1857 1544 2112 1614; x_wconf 79' lang='lat' dir='ltr'><strong><em>pecudes;</em></strong></span> <span class='ocrx_word' id='word_1_123' title='bbox 2140 1548 2196 1596; x_wconf 88' lang='lat' dir='ltr'><strong><em>et</em></strong></span> 
     </span>
    </p>
   </div>
   <div class='ocr_carea' id='block_1_17' title="bbox 602 1633 2195 1712">
    <p class='ocr_par' dir='ltr' id='par_1_17' title="bbox 602 1633 2195 1712">
     <span class='ocr_line' id='line_1_17' title="bbox 602 1633 2195 1712; baseline -0.002 -19"><span class='ocrx_word' id='word_1_124' title='bbox 602 1637 850 1695; x_wconf 87' lang='lat' dir='ltr'><strong><em>homines</em></strong></span> <span class='ocrx_word' id='word_1_125' title='bbox 877 1639 1169 1696; x_wconf 88' lang='lat' dir='ltr'><strong><em>secundum</em></strong></span> <span class='ocrx_word' id='word_1_126' title='bbox 1217 1641 1462 1710; x_wconf 88' lang='lat' dir='ltr'><strong><em>corporis</em></strong></span> <span class='ocrx_word' id='word_1_127' title='bbox 1506 1636 1931 1712; x_wconf 77' lang='lat' dir='ltr'><strong><em>vilitatem_nihil</em></strong></span> <span class='ocrx_word' id='word_1_128' title='bbox 1981 1633 2195 1690; x_wconf 71' lang='lat' dir='ltr'><strong><em>differre</em></strong></span> 
     </span>
    </p>
   </div>
   <div class='ocr_carea' id='block_1_18' title="bbox 600 1727 2195 1794">
    <p class='ocr_par' dir='ltr' id='par_1_18' title="bbox 600 1727 2195 1794">
     <span class='ocr_line' id='line_1_18' title="bbox 600 1727 2195 1794; baseline -0.004 -8"><span class='ocrx_word' id='word_1_129' title='bbox 600 1729 868 1787; x_wconf 86' lang='lat' dir='ltr'><strong><em>videatur.</em></strong></span> <span class='ocrx_word' id='word_1_130' title='bbox 900 1728 1054 1790; x_wconf 80' lang='lat' dir='ltr'><strong><em>Sicut</em></strong></span> <span class='ocrx_word' id='word_1_131' title='bbox 1083 1732 1272 1790; x_wconf 88' lang='lat' dir='ltr'><strong><em>eadem</em></strong></span> <span class='ocrx_word' id='word_1_132' title='bbox 1298 1730 1540 1794; x_wconf 80' lang='lat' dir='ltr'><strong><em>conditio</em></strong></span> <span class='ocrx_word' id='word_1_133' title='bbox 1566 1738 1649 1786; x_wconf 90' lang='lat' dir='ltr'><strong><em>est</em></strong></span> <span class='ocrx_word' id='word_1_134' title='bbox 1675 1727 1953 1790; x_wconf 84' lang='lat' dir='ltr'><strong><em>nascendi,</em></strong></span> <span class='ocrx_word' id='word_1_135' title='bbox 1982 1727 2056 1782; x_wconf 88' lang='lat' dir='ltr'><strong><em>ita</em></strong></span> <span class='ocrx_word' id='word_1_136' title='bbox 2078 1740 2195 1781; x_wconf 90' lang='lat' dir='ltr'><strong><em>sors</em></strong></span> 
     </span>
    </p>
   </div>
   <div class='ocr_carea' id='block_1_19' title="bbox 601 1821 2198 1894">
    <p class='ocr_par' dir='ltr' id='par_1_19' title="bbox 601 1821 2198 1894">
     <span class='ocr_line' id='line_1_19' title="bbox 601 1821 2198 1894; baseline 0.009 -19"><span class='ocrx_word' id='word_1_137' title='bbox 601 1837 711 1878; x_wconf 87' lang='lat' dir='ltr'><strong><em>una</em></strong></span> <span class='ocrx_word' id='word_1_138' title='bbox 739 1821 1023 1882; x_wconf 70' lang='lat' dir='ltr'><strong><em>moriandi.</em></strong></span> <span class='ocrx_word' id='word_1_139' title='bbox 1056 1821 1322 1884; x_wconf 81' lang='lat' dir='ltr'><strong><em>Similiter</em></strong></span> <span class='ocrx_word' id='word_1_140' title='bbox 1352 1823 1692 1894; x_wconf 84' lang='lat' dir='ltr'><strong><em>procedimus</em></strong></span> <span class='ocrx_word' id='word_1_141' title='bbox 1717 1821 1787 1882; x_wconf 86' lang='lat' dir='ltr'><strong><em>ad</em></strong></span> <span class='ocrx_word' id='word_1_142' title='bbox 1822 1821 2016 1886; x_wconf 65' lang='lat' dir='ltr'><strong><em>lucem,</em></strong></span> <span class='ocrx_word' id='word_1_143' title='bbox 2045 1833 2198 1888; x_wconf 69' lang='grc' dir='ltr'>θεειιιθ</span> 
     </span>
    </p>
   </div>
   <div class='ocr_carea' id='block_1_20' title="bbox 603 1914 2197 1987">
    <p class='ocr_par' dir='ltr' id='par_1_20' title="bbox 603 1914 2197 1987">
     <span class='ocr_line' id='line_1_20' title="bbox 603 1914 2197 1987; baseline -0.001 -19"><span class='ocrx_word' id='word_1_144' title='bbox 603 1914 964 1976; x_wconf 77' lang='lat' dir='ltr'><strong><em>dissolvemur</em></strong></span> <span class='ocrx_word' id='word_1_145' title='bbox 991 1916 1046 1980; x_wconf 87' lang='lat' dir='ltr'><strong><em>in</em></strong></span> <span class='ocrx_word' id='word_1_146' title='bbox 1072 1917 1368 1987; x_wconf 89' lang='lat' dir='ltr'><strong><em>pulverem.</em></strong></span> <span class='ocrx_word' id='word_1_147' title='bbox 1399 1917 1455 1973; x_wconf 89' lang='lat' dir='ltr'><strong><em>Si</em></strong></span> <span class='ocrx_word' id='word_1_148' title='bbox 1486 1925 1665 1978; x_wconf 85' lang='lat' dir='ltr'><strong><em>autem</em></strong></span> <span class='ocrx_word' id='word_1_149' title='bbox 1705 1917 1918 1972; x_wconf 87' lang='lat' dir='ltr'><strong><em>videtur</em></strong></span> <span class='ocrx_word' id='word_1_150' title='bbox 1940 1917 2053 1970; x_wconf 62' lang='lat' dir='ltr'><strong><em>haec</em></strong></span> <span class='ocrx_word' id='word_1_151' title='bbox 2079 1927 2197 1970; x_wconf 89' lang='lat' dir='ltr'><strong><em>esse</em></strong></span> 
     </span>
    </p>
   </div>
   <div class='ocr_carea' id='block_1_21' title="bbox 603 2005 2195 2080">
    <p class='ocr_par' dir='ltr' id='par_1_21' title="bbox 603 2005 2195 2080">
     <span class='ocr_line' id='line_1_21' title="bbox 603 2005 2195 2080; baseline -0.005 -14"><span class='ocrx_word' id='word_1_152' title='bbox 603 2007 879 2073; x_wconf 82' lang='lat' dir='ltr'><strong><em>distantia,</em></strong></span> <span class='ocrx_word' id='word_1_153' title='bbox 925 2009 1052 2079; x_wconf 91' lang='lat' dir='ltr'><strong><em>quia</em></strong></span> <span class='ocrx_word' id='word_1_154' title='bbox 1082 2010 1307 2080; x_wconf 84' lang='lat' dir='ltr'><strong><em>spiritus</em></strong></span> <span class='ocrx_word' id='word_1_155' title='bbox 1330 2009 1568 2074; x_wconf 83' lang='lat' dir='ltr'><strong><em>hominis</em></strong></span> <span class='ocrx_word' id='word_1_156' title='bbox 1613 2009 1870 2066; x_wconf 84' lang='lat' dir='ltr'><strong><em>ascendat</em></strong></span> <span class='ocrx_word' id='word_1_157' title='bbox 1895 2008 1948 2064; x_wconf 91' lang='lat' dir='ltr'><strong><em>in</em></strong></span> <span class='ocrx_word' id='word_1_158' title='bbox 1978 2005 2195 2070; x_wconf 78' lang='lat' dir='ltr'><strong><em>ccelum,</em></strong></span> 
     </span>
    </p>
   </div>
   <div class='ocr_carea' id='block_1_22' title="bbox 603 2095 2200 2170">
    <p class='ocr_par' dir='ltr' id='par_1_22' title="bbox 603 2095 2200 2170">
     <span class='ocr_line' id='line_1_22' title="bbox 603 2095 2200 2170; baseline -0.001 -16"><span class='ocrx_word' id='word_1_159' title='bbox 603 2105 659 2154; x_wconf 88' lang='lat' dir='ltr'><strong><em>et</em></strong></span> <span class='ocrx_word' id='word_1_160' title='bbox 686 2097 912 2169; x_wconf 75' lang='lat' dir='ltr'><strong><em>spiritus</em></strong></span> <span class='ocrx_word' id='word_1_161' title='bbox 947 2101 1161 2170; x_wconf 90' lang='lat' dir='ltr'><strong><em>pecoris</em></strong></span> <span class='ocrx_word' id='word_1_162' title='bbox 1205 2102 1500 2158; x_wconf 86' lang='lat' dir='ltr'><strong><em>descendat</em></strong></span> <span class='ocrx_word' id='word_1_163' title='bbox 1535 2101 1589 2155; x_wconf 88' lang='lat' dir='ltr'><strong><em>in</em></strong></span> <span class='ocrx_word' id='word_1_164' title='bbox 1639 2109 1861 2161; x_wconf 89' lang='lat' dir='ltr'><strong><em>terram,</em></strong></span> <span class='ocrx_word' id='word_1_165' title='bbox 1898 2114 2005 2168; x_wconf 89' lang='lat' dir='ltr'><strong><em>qua</em></strong></span> <span class='ocrx_word' id='word_1_166' title='bbox 2054 2095 2200 2152; x_wconf 88' lang='lat' dir='ltr'><strong><em>istud</em></strong></span> 
     </span>
    </p>
   </div>
   <div class='ocr_carea' id='block_1_23' title="bbox 601 2191 2200 2267">
    <p class='ocr_par' dir='ltr' id='par_1_23' title="bbox 601 2191 2200 2267">
     <span class='ocr_line' id='line_1_23' title="bbox 601 2191 2200 2267; baseline -0.004 -13"><span class='ocrx_word' id='word_1_167' title='bbox 601 2203 756 2254; x_wconf 85' lang='lat' dir='ltr'><strong><em>certa</em></strong></span> <span class='ocrx_word' id='word_1_168' title='bbox 782 2195 1104 2256; x_wconf 81' lang='lat' dir='ltr'><strong><em>auctoritate</em></strong></span> <span class='ocrx_word' id='word_1_169' title='bbox 1143 2193 1294 2267; x_wconf 74' lang='lat' dir='ltr'><strong><em>[Ms.,</em></strong></span> <span class='ocrx_word' id='word_1_170' title='bbox 1339 2210 1449 2266; x_wconf 91' lang='lat' dir='ltr'><strong><em>quo</em></strong></span> <span class='ocrx_word' id='word_1_171' title='bbox 1498 2195 1639 2252; x_wconf 87' lang='lat' dir='ltr'><strong><em>istud</em></strong></span> <span class='ocrx_word' id='word_1_172' title='bbox 1668 2203 1819 2252; x_wconf 90' lang='lat' dir='ltr'><strong><em>certo</em></strong></span> <span class='ocrx_word' id='word_1_173' title='bbox 1837 2191 2080 2265; x_wconf 91' lang='lat' dir='ltr'><strong><em>auctore]</em></strong></span> <span class='ocrx_word' id='word_1_174' title='bbox 2109 2207 2200 2247; x_wconf 90' lang='lat' dir='ltr'><strong><em>co-</em></strong></span> 
     </span>
    </p>
   </div>
   <div class='ocr_carea' id='block_1_24' title="bbox 603 2284 2200 2358">
    <p class='ocr_par' dir='ltr' id='par_1_24' title="bbox 603 2284 2200 2358">
     <span class='ocr_line' id='line_1_24' title="bbox 603 2284 2200 2358; baseline -0.004 -14"><span class='ocrx_word' id='word_1_175' title='bbox 603 2286 922 2358; x_wconf 73' lang='lat' dir='ltr'><strong><em>gnovimus?</em></strong></span> <span class='ocrx_word' id='word_1_176' title='bbox 943 2285 1076 2354; x_wconf 85' lang='lat' dir='ltr'><strong><em>Quis</em></strong></span> <span class='ocrx_word' id='word_1_177' title='bbox 1103 2294 1280 2358; x_wconf 88' lang='lat' dir='ltr'><strong><em>potest</em></strong></span> <span class='ocrx_word' id='word_1_178' title='bbox 1300 2287 1443 2344; x_wconf 86' lang='lat' dir='ltr'><strong><em>scire</em></strong></span> <span class='ocrx_word' id='word_1_179' title='bbox 1480 2295 1661 2344; x_wconf 86' lang='lat' dir='ltr'><strong><em>utrum</em></strong></span> <span class='ocrx_word' id='word_1_180' title='bbox 1688 2302 1874 2342; x_wconf 91' lang='lat' dir='ltr'><strong><em>verum</em></strong></span> <span class='ocrx_word' id='word_1_181' title='bbox 1904 2302 1972 2340; x_wconf 88' lang='lat' dir='ltr'><strong><em>an</em></strong></span> <span class='ocrx_word' id='word_1_182' title='bbox 2004 2284 2200 2340; x_wconf 87' lang='lat' dir='ltr'><strong><em>falsum</em></strong></span> 
     </span>
    </p>
   </div>
   <div class='ocr_carea' id='block_1_25' title="bbox 603 2375 2198 2448">
    <p class='ocr_par' dir='ltr' id='par_1_25' title="bbox 603 2375 2198 2448">
     <span class='ocr_line' id='line_1_25' title="bbox 603 2375 2198 2448; baseline -0.003 -15"><span class='ocrx_word' id='word_1_183' title='bbox 603 2377 676 2433; x_wconf 89' lang='lat' dir='ltr'><strong><em>sit</em></strong></span> <span class='ocrx_word' id='word_1_184' title='bbox 701 2377 847 2448; x_wconf 77' lang='lat' dir='ltr'><strong><em>quod</em></strong></span> <span class='ocrx_word' id='word_1_185' title='bbox 874 2378 1197 2447; x_wconf 84' lang='lat' dir='ltr'><strong><em>speramus?</em></strong></span> <span class='ocrx_word' id='word_1_186' title='bbox 1247 2376 1360 2433; x_wconf 82' lang='lat' dir='ltr'><strong><em>Hoc</em></strong></span> <span class='ocrx_word' id='word_1_187' title='bbox 1383 2385 1564 2436; x_wconf 87' lang='lat' dir='ltr'><strong><em>autem</em></strong></span> <span class='ocrx_word' id='word_1_188' title='bbox 1601 2377 1752 2441; x_wconf 90' lang='lat' dir='ltr'><strong><em>dicit,</em></strong></span> <span class='ocrx_word' id='word_1_189' title='bbox 1779 2391 1884 2432; x_wconf 90' lang='lat' dir='ltr'><strong><em>non</em></strong></span> <span class='ocrx_word' id='word_1_190' title='bbox 1915 2375 2058 2448; x_wconf 92' lang='lat' dir='ltr'><strong><em>quod</em></strong></span> <span class='ocrx_word' id='word_1_191' title='bbox 2085 2375 2198 2429; x_wconf 90' lang='lat' dir='ltr'><strong><em>ani-</em></strong></span> 
     </span>
    </p>
   </div>
   <div class='ocr_carea' id='block_1_26' title="bbox 605 2468 2201 2542">
    <p class='ocr_par' dir='ltr' id='par_1_26' title="bbox 605 2468 2201 2542">
     <span class='ocr_line' id='line_1_26' title="bbox 605 2468 2201 2542; baseline -0.004 -12"><span class='ocrx_word' id='word_1_192' title='bbox 605 2484 744 2530; x_wconf 74' lang='lat' dir='ltr'><strong><em>mam</em></strong></span> <span class='ocrx_word' id='word_1_193' title='bbox 771 2478 922 2539; x_wconf 86' lang='lat' dir='ltr'><strong><em>putet</em></strong></span> <span class='ocrx_word' id='word_1_194' title='bbox 948 2469 1125 2540; x_wconf 84' lang='lat' dir='ltr'><strong><em>perire</em></strong></span> <span class='ocrx_word' id='word_1_195' title='bbox 1149 2485 1272 2526; x_wconf 89' lang='lat' dir='ltr'><strong><em>cum</em></strong></span> <span class='ocrx_word' id='word_1_196' title='bbox 1319 2484 1560 2542; x_wconf 80' lang='lat' dir='ltr'><strong><em>corpore,</em></strong></span> <span class='ocrx_word' id='word_1_197' title='bbox 1609 2469 1691 2524; x_wconf 76' lang='lat' dir='ltr'><strong><em>Vel</em></strong></span> <span class='ocrx_word' id='word_1_198' title='bbox 1722 2485 1884 2524; x_wconf 89' lang='lat' dir='ltr'><strong><em>unum</em></strong></span> <span class='ocrx_word' id='word_1_199' title='bbox 1931 2468 2120 2524; x_wconf 86' lang='lat' dir='ltr'><strong><em>bestiis</em></strong></span> <span class='ocrx_word' id='word_1_200' title='bbox 2146 2474 2201 2524; x_wconf 88' lang='lat' dir='ltr'><strong><em>et</em></strong></span> 
     </span>
    </p>
   </div>
   <div class='ocr_carea' id='block_1_27' title="bbox 601 2559 2200 2633">
    <p class='ocr_par' dir='ltr' id='par_1_27' title="bbox 601 2559 2200 2633">
     <span class='ocr_line' id='line_1_27' title="bbox 601 2559 2200 2633; baseline -0.003 -15"><span class='ocrx_word' id='word_1_201' title='bbox 601 2560 912 2620; x_wconf 83' lang='lat' dir='ltr'><strong><em>hominibus</em></strong></span> <span class='ocrx_word' id='word_1_202' title='bbox 951 2563 1242 2633; x_wconf 81' lang='lat' dir='ltr'><strong><em>praeparari</em></strong></span> <span class='ocrx_word' id='word_1_203' title='bbox 1289 2562 1488 2628; x_wconf 87' lang='lat' dir='ltr'><strong><em>locum,</em></strong></span> <span class='ocrx_word' id='word_1_204' title='bbox 1518 2562 1616 2618; x_wconf 88' lang='lat' dir='ltr'><strong><em>sed</em></strong></span> <span class='ocrx_word' id='word_1_205' title='bbox 1659 2561 1802 2630; x_wconf 83' lang='lat' dir='ltr'><strong><em>quod</em></strong></span> <span class='ocrx_word' id='word_1_206' title='bbox 1833 2568 1960 2616; x_wconf 84' lang='lat' dir='ltr'><strong><em>ante</em></strong></span> <span class='ocrx_word' id='word_1_207' title='bbox 1997 2559 2200 2614; x_wconf 85' lang='lat' dir='ltr'><strong><em>adven-</em></strong></span> 
     </span>
    </p>
   </div>
   <div class='ocr_carea' id='block_1_28' title="bbox 600 2650 2202 2723">
    <p class='ocr_par' dir='ltr' id='par_1_28' title="bbox 600 2650 2202 2723">
     <span class='ocr_line' id='line_1_28' title="bbox 600 2650 2202 2723; baseline -0.004 -11"><span class='ocrx_word' id='word_1_208' title='bbox 600 2661 718 2712; x_wconf 84' lang='lat' dir='ltr'><strong><em>tum</em></strong></span> <span class='ocrx_word' id='word_1_209' title='bbox 758 2653 962 2712; x_wconf 82' lang='lat' dir='ltr'><strong><em>Christi</em></strong></span> <span class='ocrx_word' id='word_1_210' title='bbox 1007 2656 1188 2712; x_wconf 86' lang='lat' dir='ltr'><strong><em>omnia</em></strong></span> <span class='ocrx_word' id='word_1_211' title='bbox 1217 2654 1286 2710; x_wconf 90' lang='lat' dir='ltr'><strong><em>ad</em></strong></span> <span class='ocrx_word' id='word_1_212' title='bbox 1336 2654 1542 2710; x_wconf 82' lang='lat' dir='ltr'><strong><em>inferos</em></strong></span> <span class='ocrx_word' id='word_1_213' title='bbox 1579 2652 1784 2723; x_wconf 89' lang='lat' dir='ltr'><strong><em>pariter</em></strong></span> <span class='ocrx_word' id='word_1_214' title='bbox 1808 2650 2202 2708; x_wconf 87' lang='lat' dir='ltr'><strong><em>descenderunt</em></strong></span> 
     </span>
    </p>
   </div>
   <div class='ocr_carea' id='block_1_29' title="bbox 604 2741 2202 2820">
    <p class='ocr_par' dir='ltr' id='par_1_29' title="bbox 604 2741 2202 2820">
     <span class='ocr_line' id='line_1_29' title="bbox 604 2741 2202 2820; baseline -0.007 -17"><span class='ocrx_word' id='word_1_215' title='bbox 604 2743 762 2820; x_wconf 73' lang='lat' dir='ltr'><strong><em>[ls.,</em></strong></span> <span class='ocrx_word' id='word_1_216' title='bbox 795 2745 1165 2818; x_wconf 83' lang='lat' dir='ltr'><strong><em>ducerentur].</em></strong></span> <span class='ocrx_word' id='word_1_217' title='bbox 1200 2745 1354 2802; x_wconf 89' lang='lat' dir='ltr'><strong><em>Unde</em></strong></span> <span class='ocrx_word' id='word_1_218' title='bbox 1383 2753 1439 2801; x_wconf 89' lang='lat' dir='ltr'><strong><em>et</em></strong></span> <span class='ocrx_word' id='word_1_219' title='bbox 1463 2743 1630 2802; x_wconf 69' lang='lat' dir='ltr'><strong><em>Iacob</em></strong></span> <span class='ocrx_word' id='word_1_220' title='bbox 1658 2744 1723 2802; x_wconf 89' lang='lat' dir='ltr'><strong><em>ad</em></strong></span> <span class='ocrx_word' id='word_1_221' title='bbox 1749 2741 1954 2799; x_wconf 85' lang='lat' dir='ltr'><strong><em>inferos</em></strong></span> <span class='ocrx_word' id='word_1_222' title='bbox 1979 2742 2202 2796; x_wconf 87' lang='lat' dir='ltr'><strong><em>descen-</em></strong></span> 
     </span>
    </p>
   </div>
   <div class='ocr_carea' id='block_1_30' title="bbox 605 2833 2202 2907">
    <p class='ocr_par' dir='ltr' id='par_1_30' title="bbox 605 2833 2202 2907">
     <span class='ocr_line' id='line_1_30' title="bbox 605 2833 2202 2907; baseline -0.006 -9"><span class='ocrx_word' id='word_1_223' title='bbox 605 2850 795 2898; x_wconf 75' lang='lat' dir='ltr'><strong><em>lurum</em></strong></span> <span class='ocrx_word' id='word_1_224' title='bbox 825 2851 884 2894; x_wconf 86' lang='lat' dir='ltr'><strong><em>se</em></strong></span> <span class='ocrx_word' id='word_1_225' title='bbox 926 2836 1058 2891; x_wconf 90' lang='lat' dir='ltr'><strong><em>dicit</em></strong></span> <span class='ocrx_word' id='word_1_226' title='bbox 1087 2834 1242 2907; x_wconf 88' lang='lat' dir='ltr'><strong><em>(Gen.</em></strong></span> <span class='ocrx_word' id='word_1_227' title='bbox 1276 2833 1484 2906; x_wconf 75' lang='lat' dir='ltr'><strong><em>xxxw).</em></strong></span> <span class='ocrx_word' id='word_1_228' title='bbox 1535 2835 1602 2890; x_wconf 89' lang='lat' dir='ltr'><strong><em>Et</em></strong></span> <span class='ocrx_word' id='word_1_229' title='bbox 1630 2834 1730 2889; x_wconf 76' lang='lat' dir='ltr'><strong><em>Job</em></strong></span> <span class='ocrx_word' id='word_1_230' title='bbox 1756 2835 1874 2905; x_wconf 92' lang='lat' dir='ltr'><strong><em>pios</em></strong></span> <span class='ocrx_word' id='word_1_231' title='bbox 1915 2841 1970 2888; x_wconf 89' lang='lat' dir='ltr'><strong><em>et</em></strong></span> <span class='ocrx_word' id='word_1_232' title='bbox 2011 2833 2202 2903; x_wconf 89' lang='lat' dir='ltr'><strong><em>impios</em></strong></span> 
     </span>
    </p>
   </div>
   <div class='ocr_carea' id='block_1_31' title="bbox 602 2925 2202 3000">
    <p class='ocr_par' dir='ltr' id='par_1_31' title="bbox 602 2925 2202 3000">
     <span class='ocr_line' id='line_1_31' title="bbox 602 2925 2202 3000; baseline -0.001 -17"><span class='ocrx_word' id='word_1_233' title='bbox 602 2927 851 3000; x_wconf 87' lang='lat' dir='ltr'><strong><em>queritur</em></strong></span> <span class='ocrx_word' id='word_1_234' title='bbox 895 2927 1035 2998; x_wconf 89' lang='lat' dir='ltr'><strong><em>apud</em></strong></span> <span class='ocrx_word' id='word_1_235' title='bbox 1088 2925 1290 2983; x_wconf 86' lang='lat' dir='ltr'><strong><em>inferos</em></strong></span> <span class='ocrx_word' id='word_1_236' title='bbox 1334 2928 1600 3000; x_wconf 83' lang='lat' dir='ltr'><strong><em>detentari</em></strong></span> <span class='ocrx_word' id='word_1_237' title='bbox 1649 2925 1792 2998; x_wconf 83' lang='lat' dir='ltr'><strong><em>(Job.</em></strong></span> <span class='ocrx_word' id='word_1_238' title='bbox 1837 2941 1934 2992; x_wconf 87' lang='lat' dir='ltr'><strong><em>vn,</em></strong></span> <span class='ocrx_word' id='word_1_239' title='bbox 1968 2925 2079 2996; x_wconf 78' lang='lat' dir='ltr'><strong><em>i7).</em></strong></span> <span class='ocrx_word' id='word_1_240' title='bbox 2136 2925 2202 2982; x_wconf 88' lang='lat' dir='ltr'><strong><em>Et</em></strong></span> 
     </span>
    </p>
   </div>
   <div class='ocr_carea' id='block_1_32' title="bbox 603 3016 2202 3092">
    <p class='ocr_par' dir='ltr' id='par_1_32' title="bbox 603 3016 2202 3092">
     <span class='ocr_line' id='line_1_32' title="bbox 603 3016 2202 3092; baseline -0.004 -16"><span class='ocrx_word' id='word_1_241' title='bbox 603 3033 793 3086; x_wconf 84' lang='lat' dir='ltr'><strong><em>revera</em></strong></span> <span class='ocrx_word' id='word_1_242' title='bbox 832 3027 1124 3092; x_wconf 83' lang='lat' dir='ltr'><strong><em>antequam</em></strong></span> <span class='ocrx_word' id='word_1_243' title='bbox 1151 3016 1456 3076; x_wconf 82' lang='lat' dir='ltr'><strong><em>flammeam</em></strong></span> <span class='ocrx_word' id='word_1_244' title='bbox 1505 3018 1654 3076; x_wconf 86' lang='lat' dir='ltr'><strong><em>illam</em></strong></span> <span class='ocrx_word' id='word_1_245' title='bbox 1687 3026 1882 3080; x_wconf 90' lang='lat' dir='ltr'><strong><em>rotam,</em></strong></span> <span class='ocrx_word' id='word_1_246' title='bbox 1910 3026 1964 3072; x_wconf 85' lang='lat' dir='ltr'><strong><em>et</em></strong></span> <span class='ocrx_word' id='word_1_247' title='bbox 1991 3017 2202 3087; x_wconf 78' lang='lat' dir='ltr'><strong><em>igneam</em></strong></span> 
     </span>
    </p>
   </div>
   <div class='ocr_carea' id='block_1_33' title="bbox 2291 517 3874 598">
    <p class='ocr_par' dir='ltr' id='par_1_33' title="bbox 2291 517 3874 598">
     <span class='ocr_line' id='line_1_33' title="bbox 2291 517 3874 598; baseline -0.001 -21"><span class='ocrx_word' id='word_1_248' title='bbox 2291 523 2560 592; x_wconf 86' lang='lat' dir='ltr'><strong><em>interitus,</em></strong></span> <span class='ocrx_word' id='word_1_249' title='bbox 2593 541 2750 598; x_wconf 87' lang='lat' dir='ltr'><strong><em>posse</em></strong></span> <span class='ocrx_word' id='word_1_250' title='bbox 2793 525 2879 581; x_wconf 87' lang='lat' dir='ltr'><strong><em>his</em></strong></span> <span class='ocrx_word' id='word_1_251' title='bbox 2923 522 3128 595; x_wconf 83' lang='lat' dir='ltr'><strong><em>perfrui</em></strong></span> <span class='ocrx_word' id='word_1_252' title='bbox 3160 539 3190 578; x_wconf 92' lang='lat' dir='ltr'><strong><em>a</em></strong></span> <span class='ocrx_word' id='word_1_253' title='bbox 3220 522 3416 593; x_wconf 89' lang='lat' dir='ltr'><strong><em>quibus</em></strong></span> <span class='ocrx_word' id='word_1_254' title='bbox 3454 518 3763 574; x_wconf 85' lang='lat' dir='ltr'><strong><em>recedimus</em></strong></span> <span class='ocrx_word' id='word_1_255' title='bbox 3799 517 3874 574; x_wconf 86' lang='lat' dir='ltr'><strong><em>in-</em></strong></span> 
     </span>
    </p>
   </div>
   <div class='ocr_carea' id='block_1_34' title="bbox 2290 615 3876 688">
    <p class='ocr_par' dir='ltr' id='par_1_34' title="bbox 2290 615 3876 688">
     <span class='ocr_line' id='line_1_34' title="bbox 2290 615 3876 688; baseline -0.001 -17"><span class='ocrx_word' id='word_1_256' title='bbox 2290 618 2448 688; x_wconf 76' lang='lat' dir='ltr'><strong><em>grati.</em></strong></span> <span class='ocrx_word' id='word_1_257' title='bbox 2480 616 2585 673; x_wconf 90' lang='lat' dir='ltr'><strong><em>Sed</em></strong></span> <span class='ocrx_word' id='word_1_258' title='bbox 2630 618 2841 673; x_wconf 88' lang='lat' dir='ltr'><strong><em>meliori</em></strong></span> <span class='ocrx_word' id='word_1_259' title='bbox 2867 633 3028 673; x_wconf 78' lang='lat' dir='ltr'><strong><em>Sensu</em></strong></span> <span class='ocrx_word' id='word_1_260' title='bbox 3056 616 3121 671; x_wconf 89' lang='lat' dir='ltr'><strong><em>de</em></strong></span> <span class='ocrx_word' id='word_1_261' title='bbox 3150 615 3334 672; x_wconf 69' lang='lat' dir='ltr'><strong><em>laztitia</em></strong></span> <span class='ocrx_word' id='word_1_262' title='bbox 3367 615 3631 668; x_wconf 86' lang='lat' dir='ltr'><strong><em>honorum</em></strong></span> <span class='ocrx_word' id='word_1_263' title='bbox 3655 627 3876 684; x_wconf 86' lang='lat' dir='ltr'><strong><em>operum</em></strong></span> 
     </span>
    </p>
   </div>
   <div class='ocr_carea' id='block_1_35' title="bbox 2292 703 3875 782">
    <p class='ocr_par' dir='ltr' id='par_1_35' title="bbox 2292 703 3875 782">
     <span class='ocr_line' id='line_1_35' title="bbox 2292 703 3875 782; baseline 0.001 -19"><span class='ocrx_word' id='word_1_264' title='bbox 2292 708 2694 782; x_wconf 74' lang='lat' dir='ltr'><strong><em>intelligendum</em></strong></span> <span class='ocrx_word' id='word_1_265' title='bbox 2729 718 2830 765; x_wconf 89' lang='lat' dir='ltr'><strong><em>est.</em></strong></span> <span class='ocrx_word' id='word_1_266' title='bbox 2862 707 3005 762; x_wconf 87' lang='lat' dir='ltr'><strong><em>Nihil</em></strong></span> <span class='ocrx_word' id='word_1_267' title='bbox 3033 716 3268 780; x_wconf 76' lang='lat' dir='ltr'><strong><em>estergo</em></strong></span> <span class='ocrx_word' id='word_1_268' title='bbox 3306 704 3495 762; x_wconf 82' lang='lat' dir='ltr'><strong><em>melius</em></strong></span> <span class='ocrx_word' id='word_1_269' title='bbox 3523 705 3577 758; x_wconf 89' lang='lat' dir='ltr'><strong><em>in</em></strong></span> <span class='ocrx_word' id='word_1_270' title='bbox 3604 703 3715 758; x_wconf 86' lang='lat' dir='ltr'><strong><em>vita</em></strong></span> <span class='ocrx_word' id='word_1_271' title='bbox 3755 704 3875 770; x_wconf 68' lang='lat' dir='ltr'><strong><em>ista,</em></strong></span> 
     </span>
    </p>
   </div>
   <div class='ocr_carea' id='block_1_36' title="bbox 2292 794 3878 872">
    <p class='ocr_par' dir='ltr' id='par_1_36' title="bbox 2292 794 3878 872">
     <span class='ocr_line' id='line_1_36' title="bbox 2292 794 3878 872; baseline 0.001 -19"><span class='ocrx_word' id='word_1_272' title='bbox 2292 801 2395 856; x_wconf 89' lang='lat' dir='ltr'><strong><em>nisi</em></strong></span> <span class='ocrx_word' id='word_1_273' title='bbox 2425 801 2567 872; x_wconf 92' lang='lat' dir='ltr'><strong><em>quod</em></strong></span> <span class='ocrx_word' id='word_1_274' title='bbox 2591 801 2800 857; x_wconf 66' lang='lat' dir='ltr'><strong><em>lsetetur</em></strong></span> <span class='ocrx_word' id='word_1_275' title='bbox 2829 794 2990 855; x_wconf 81' lang='lat' dir='ltr'><strong><em>homo</em></strong></span> <span class='ocrx_word' id='word_1_276' title='bbox 3016 799 3070 853; x_wconf 90' lang='lat' dir='ltr'><strong><em>in</em></strong></span> <span class='ocrx_word' id='word_1_277' title='bbox 3095 814 3255 870; x_wconf 86' lang='lat' dir='ltr'><strong><em>opere</em></strong></span> <span class='ocrx_word' id='word_1_278' title='bbox 3277 813 3396 861; x_wconf 90' lang='lat' dir='ltr'><strong><em>suo,</em></strong></span> <span class='ocrx_word' id='word_1_279' title='bbox 3425 796 3630 870; x_wconf 84' lang='lat' dir='ltr'><strong><em>faciens</em></strong></span> <span class='ocrx_word' id='word_1_280' title='bbox 3651 795 3878 854; x_wconf 86' lang='lat' dir='ltr'><strong><em>eleemo-</em></strong></span> 
     </span>
    </p>
   </div>
   <div class='ocr_carea' id='block_1_37' title="bbox 2291 888 3876 964">
    <p class='ocr_par' dir='ltr' id='par_1_37' title="bbox 2291 888 3876 964">
     <span class='ocr_line' id='line_1_37' title="bbox 2291 888 3876 964; baseline 0 -18"><span class='ocrx_word' id='word_1_281' title='bbox 2291 907 2499 962; x_wconf 87' lang='lat' dir='ltr'><strong><em>synam,</em></strong></span> <span class='ocrx_word' id='word_1_282' title='bbox 2529 900 2583 948; x_wconf 88' lang='lat' dir='ltr'><strong><em>et</em></strong></span> <span class='ocrx_word' id='word_1_283' title='bbox 2610 891 2819 952; x_wconf 86' lang='lat' dir='ltr'><strong><em>futuros</em></strong></span> <span class='ocrx_word' id='word_1_284' title='bbox 2853 892 2956 948; x_wconf 90' lang='lat' dir='ltr'><strong><em>sibi</em></strong></span> <span class='ocrx_word' id='word_1_285' title='bbox 2999 892 3282 947; x_wconf 88' lang='lat' dir='ltr'><strong><em>thesauros</em></strong></span> <span class='ocrx_word' id='word_1_286' title='bbox 3312 891 3367 946; x_wconf 90' lang='lat' dir='ltr'><strong><em>in</em></strong></span> <span class='ocrx_word' id='word_1_287' title='bbox 3413 906 3580 962; x_wconf 81' lang='lat' dir='ltr'><strong><em>regno</em></strong></span> <span class='ocrx_word' id='word_1_288' title='bbox 3618 888 3876 964; x_wconf 70' lang='lat' dir='ltr'><strong><em>caelorum</em></strong></span> 
     </span>
    </p>
   </div>
   <div class='ocr_carea' id='block_1_38' title="bbox 2291 982 3878 1054">
    <p class='ocr_par' dir='ltr' id='par_1_38' title="bbox 2291 982 3878 1054">
     <span class='ocr_line' id='line_1_38' title="bbox 2291 982 3878 1054; baseline 0 -16"><span class='ocrx_word' id='word_1_289' title='bbox 2291 997 2625 1054; x_wconf 70' lang='lat' dir='ltr'><strong><em>przeparans.</em></strong></span> <span class='ocrx_word' id='word_1_290' title='bbox 2684 983 2836 1039; x_wconf 86' lang='lat' dir='ltr'><strong><em>Hanc</em></strong></span> <span class='ocrx_word' id='word_1_291' title='bbox 2865 983 3036 1039; x_wconf 90' lang='lat' dir='ltr'><strong><em>solam</em></strong></span> <span class='ocrx_word' id='word_1_292' title='bbox 3086 984 3348 1039; x_wconf 86' lang='lat' dir='ltr'><strong><em>habemus</em></strong></span> <span class='ocrx_word' id='word_1_293' title='bbox 3372 982 3640 1037; x_wconf 84' lang='lat' dir='ltr'><strong><em>veraciter</em></strong></span> <span class='ocrx_word' id='word_1_294' title='bbox 3680 983 3878 1052; x_wconf 88' lang='lat' dir='ltr'><strong><em>portio-</em></strong></span> 
     </span>
    </p>
   </div>
   <div class='ocr_carea' id='block_1_39' title="bbox 2292 1078 3879 1152">
    <p class='ocr_par' dir='ltr' id='par_1_39' title="bbox 2292 1078 3879 1152">
     <span class='ocr_line' id='line_1_39' title="bbox 2292 1078 3879 1152; baseline 0.003 -19"><span class='ocrx_word' id='word_1_295' title='bbox 2292 1093 2436 1143; x_wconf 90' lang='lat' dir='ltr'><strong><em>nem,</em></strong></span> <span class='ocrx_word' id='word_1_296' title='bbox 2481 1094 2644 1148; x_wconf 89' lang='lat' dir='ltr'><strong><em>quam</em></strong></span> <span class='ocrx_word' id='word_1_297' title='bbox 2683 1094 2783 1136; x_wconf 91' lang='lat' dir='ltr'><strong><em>nec</em></strong></span> <span class='ocrx_word' id='word_1_298' title='bbox 2827 1081 2936 1146; x_wconf 83' lang='lat' dir='ltr'><strong><em>fur,</em></strong></span> <span class='ocrx_word' id='word_1_299' title='bbox 2983 1095 3084 1135; x_wconf 90' lang='lat' dir='ltr'><strong><em>nec</em></strong></span> <span class='ocrx_word' id='word_1_300' title='bbox 3120 1079 3260 1135; x_wconf 87' lang='lat' dir='ltr'><strong><em>latro</em></strong></span> <span class='ocrx_word' id='word_1_301' title='bbox 3303 1078 3467 1148; x_wconf 88' lang='lat' dir='ltr'><strong><em>valet,</em></strong></span> <span class='ocrx_word' id='word_1_302' title='bbox 3496 1095 3597 1134; x_wconf 91' lang='lat' dir='ltr'><strong><em>nec</em></strong></span> <span class='ocrx_word' id='word_1_303' title='bbox 3627 1087 3879 1152; x_wconf 84' lang='lat' dir='ltr'><strong><em>tyrannus</em></strong></span> 
     </span>
    </p>
   </div>
   <div class='ocr_carea' id='block_1_40' title="bbox 2294 1171 3879 1246">
    <p class='ocr_par' dir='ltr' id='par_1_40' title="bbox 2294 1171 3879 1246">
     <span class='ocr_line' id='line_1_40' title="bbox 2294 1171 3879 1246; baseline 0.003 -21"><span class='ocrx_word' id='word_1_304' title='bbox 2294 1171 2528 1242; x_wconf 88' lang='lat' dir='ltr'><strong><em>auferre,</em></strong></span> <span class='ocrx_word' id='word_1_305' title='bbox 2582 1187 2702 1244; x_wconf 61' lang='lat' dir='ltr'><strong><em>quin</em></strong></span> <span class='ocrx_word' id='word_1_306' title='bbox 2753 1189 2852 1232; x_wconf 88' lang='lat' dir='ltr'><strong><em>nos</em></strong></span> <span class='ocrx_word' id='word_1_307' title='bbox 2909 1174 3285 1231; x_wconf 86' lang='lat' dir='ltr'><strong><em>tantummodo</em></strong></span> <span class='ocrx_word' id='word_1_308' title='bbox 3340 1181 3461 1246; x_wconf 90' lang='lat' dir='ltr'><strong><em>post</em></strong></span> <span class='ocrx_word' id='word_1_309' title='bbox 3511 1183 3746 1230; x_wconf 86' lang='lat' dir='ltr'><strong><em>mortem</em></strong></span> <span class='ocrx_word' id='word_1_310' title='bbox 3806 1189 3879 1230; x_wconf 83' lang='lat' dir='ltr'><strong><em>se-</em></strong></span> 
     </span>
    </p>
   </div>
   <div class='ocr_carea' id='block_1_41' title="bbox 2295 1271 2508 1335">
    <p class='ocr_par' dir='ltr' id='par_1_41' title="bbox 2295 1271 2508 1335">
     <span class='ocr_line' id='line_1_41' title="bbox 2295 1271 2508 1335; baseline 0 -15"><span class='ocrx_word' id='word_1_311' title='bbox 2295 1271 2508 1335; x_wconf 88' lang='lat' dir='ltr'><strong><em>quctur.</em></strong></span> 
     </span>
    </p>
   </div>
   <div class='ocr_carea' id='block_1_42' title="bbox 2914 1358 3268 1417">
    <p class='ocr_par' dir='ltr' id='par_1_42' title="bbox 2914 1358 3268 1417">
     <span class='ocr_line' id='line_1_42' title="bbox 2914 1358 3268 1417; baseline -0.006 -2"><span class='ocrx_word' id='word_1_312' title='bbox 2914 1358 3142 1417; x_wconf 87' lang='lat' dir='ltr'><strong>CAPUT</strong></span> <span class='ocrx_word' id='word_1_313' title='bbox 3181 1359 3268 1415; x_wconf 87' lang='lat' dir='ltr'><strong><em>IV.</em></strong></span> 
     </span>
    </p>
   </div>
   <div class='ocr_carea' id='block_1_43' title="bbox 2365 1449 3878 1526">
    <p class='ocr_par' dir='ltr' id='par_1_43' title="bbox 2365 1449 3878 1526">
     <span class='ocr_line' id='line_1_43' title="bbox 2365 1449 3878 1526; baseline 0.001 -19"><span class='ocrx_word' id='word_1_314' title='bbox 2365 1450 2528 1508; x_wconf 73' lang='lat' dir='ltr'><strong><em>Vens.</em></strong></span> <span class='ocrx_word' id='word_1_315' title='bbox 2559 1451 2609 1507; x_wconf 80' lang='grc'><strong><em>1.</em></strong></span> <span class='ocrx_word' id='word_1_316' title='bbox 2639 1481 2710 1492; x_wconf 89' lang='grc'><strong><em>-</em></strong></span> <span class='ocrx_word' id='word_1_317' title='bbox 2743 1449 2880 1508; x_wconf 81' lang='lat' dir='ltr'><strong><em>Verti</em></strong></span> <span class='ocrx_word' id='word_1_318' title='bbox 2908 1469 2989 1508; x_wconf 88' lang='lat' dir='ltr'><strong><em>me</em></strong></span> <span class='ocrx_word' id='word_1_319' title='bbox 3011 1453 3079 1508; x_wconf 91' lang='lat' dir='ltr'><strong><em>ad</em></strong></span> <span class='ocrx_word' id='word_1_320' title='bbox 3101 1452 3231 1518; x_wconf 86' lang='lat' dir='ltr'><strong><em>alia,</em></strong></span> <span class='ocrx_word' id='word_1_321' title='bbox 3259 1461 3306 1507; x_wconf 92' lang='lat' dir='ltr'><strong><em>et</em></strong></span> <span class='ocrx_word' id='word_1_322' title='bbox 3329 1451 3435 1508; x_wconf 82' lang='lat' dir='ltr'><strong><em>vidi</em></strong></span> <span class='ocrx_word' id='word_1_323' title='bbox 3456 1452 3752 1508; x_wconf 84' lang='lat' dir='ltr'><strong><em>calumnias</em></strong></span> <span class='ocrx_word' id='word_1_324' title='bbox 3779 1469 3878 1526; x_wconf 74' lang='lat' dir='ltr'><strong><em>qua</em></strong></span> 
     </span>
    </p>
   </div>
   <div class='ocr_carea' id='block_1_44' title="bbox 2293 1541 3881 1619">
    <p class='ocr_par' dir='ltr' id='par_1_44' title="bbox 2293 1541 3881 1619">
     <span class='ocr_line' id='line_1_44' title="bbox 2293 1541 3881 1619; baseline 0.002 -23"><span class='ocrx_word' id='word_1_325' title='bbox 2293 1541 2386 1596; x_wconf 84' lang='lat' dir='ltr'><strong><em>sub</em></strong></span> <span class='ocrx_word' id='word_1_326' title='bbox 2413 1542 2522 1597; x_wconf 87' lang='lat' dir='ltr'><strong><em>sole</em></strong></span> <span class='ocrx_word' id='word_1_327' title='bbox 2561 1553 2814 1616; x_wconf 85' lang='lat' dir='ltr'><strong><em>geruntur</em></strong></span> <span class='ocrx_word' id='word_1_328' title='bbox 2860 1543 3005 1619; x_wconf 57' lang='grc' dir='ltr'>[δίδη</span> <span class='ocrx_word' id='word_1_329' title='bbox 3046 1543 3407 1616; x_wconf 84' lang='lat' dir='ltr'><strong><em>generantur],</em></strong></span> <span class='ocrx_word' id='word_1_330' title='bbox 3437 1553 3483 1598; x_wconf 89' lang='lat' dir='ltr'><strong><em>et</em></strong></span> <span class='ocrx_word' id='word_1_331' title='bbox 3514 1543 3776 1616; x_wconf 75' lang='lat' dir='ltr'><strong><em>lacrymas</em></strong></span> <span class='ocrx_word' id='word_1_332' title='bbox 3811 1545 3881 1600; x_wconf 84' lang='lat' dir='ltr'><strong><em>in-</em></strong></span> 
     </span>
    </p>
   </div>
   <div class='ocr_carea' id='block_1_45' title="bbox 2294 1638 3881 1707">
    <p class='ocr_par' dir='ltr' id='par_1_45' title="bbox 2294 1638 3881 1707">
     <span class='ocr_line' id='line_1_45' title="bbox 2294 1638 3881 1707; baseline 0 -17"><span class='ocrx_word' id='word_1_333' title='bbox 2294 1638 2607 1702; x_wconf 79' lang='lat' dir='ltr'><strong><em>nocentium,</em></strong></span> <span class='ocrx_word' id='word_1_334' title='bbox 2645 1648 2691 1694; x_wconf 87' lang='lat' dir='ltr'><strong><em>et</em></strong></span> <span class='ocrx_word' id='word_1_335' title='bbox 2735 1638 3112 1693; x_wconf 79' lang='lat' dir='ltr'><strong><em>consolatorem</em></strong></span> <span class='ocrx_word' id='word_1_336' title='bbox 3155 1638 3433 1704; x_wconf 85' lang='lat' dir='ltr'><strong><em>neminem,</em></strong></span> <span class='ocrx_word' id='word_1_337' title='bbox 3464 1654 3554 1691; x_wconf 89' lang='lat' dir='ltr'><strong><em>nec</em></strong></span> <span class='ocrx_word' id='word_1_338' title='bbox 3593 1655 3738 1707; x_wconf 86' lang='lat' dir='ltr'><strong><em>posse</em></strong></span> <span class='ocrx_word' id='word_1_339' title='bbox 3762 1638 3881 1692; x_wconf 85' lang='lat' dir='ltr'><strong><em>resi—</em></strong></span> 
     </span>
    </p>
   </div>
   <div class='ocr_carea' id='block_1_46' title="bbox 2298 1735 3875 1792">
    <p class='ocr_par' dir='ltr' id='par_1_46' title="bbox 2298 1735 3875 1792">
     <span class='ocr_line' id='line_1_46' title="bbox 2298 1735 3875 1792; baseline 0.003 -6"><span class='ocrx_word' id='word_1_340' title='bbox 2298 1742 2432 1788; x_wconf 87' lang='lat' dir='ltr'><strong><em>stere</em></strong></span> <span class='ocrx_word' id='word_1_341' title='bbox 2475 1751 2654 1788; x_wconf 88' lang='lat' dir='ltr'><strong><em>eorum</em></strong></span> <span class='ocrx_word' id='word_1_342' title='bbox 2703 1735 2957 1792; x_wconf 79' lang='lat' dir='ltr'><strong><em>violentia:</em></strong></span> <span class='ocrx_word' id='word_1_343' title='bbox 2999 1745 3304 1792; x_wconf 86' lang='lat' dir='ltr'><strong><em>cunctorum</em></strong></span> <span class='ocrx_word' id='word_1_344' title='bbox 3351 1735 3552 1790; x_wconf 67' lang='lat' dir='ltr'><strong><em>auxilio</em></strong></span> <span class='ocrx_word' id='word_1_345' title='bbox 3591 1735 3875 1791; x_wconf 78' lang='lat' dir='ltr'><strong><em>destitutos.</em></strong></span> 
     </span>
    </p>
   </div>
   <div class='ocr_carea' id='block_1_47' title="bbox 2299 1822 3878 1900">
    <p class='ocr_par' dir='ltr' id='par_1_47' title="bbox 2299 1822 3878 1900">
     <span class='ocr_line' id='line_1_47' title="bbox 2299 1822 3878 1900; baseline 0.003 -22"><span class='ocrx_word' id='word_1_346' title='bbox 2299 1822 2427 1882; x_wconf 89' lang='lat' dir='ltr'><strong><em>Post</em></strong></span> <span class='ocrx_word' id='word_1_347' title='bbox 2451 1826 2591 1882; x_wconf 88' lang='lat' dir='ltr'><strong><em>hanc</em></strong></span> <span class='ocrx_word' id='word_1_348' title='bbox 2635 1827 3014 1900; x_wconf 76' lang='lat' dir='ltr'><strong><em>cogitationem</em></strong></span> <span class='ocrx_word' id='word_1_349' title='bbox 3039 1828 3166 1884; x_wconf 90' lang='lat' dir='ltr'><strong><em>illuc</em></strong></span> <span class='ocrx_word' id='word_1_350' title='bbox 3212 1836 3447 1884; x_wconf 84' lang='lat' dir='ltr'><strong><em>mentem</em></strong></span> <span class='ocrx_word' id='word_1_351' title='bbox 3476 1842 3654 1886; x_wconf 87' lang='lat' dir='ltr'><strong><em>meam</em></strong></span> <span class='ocrx_word' id='word_1_352' title='bbox 3684 1829 3878 1883; x_wconf 88' lang='lat' dir='ltr'><strong><em>oculos-</em></strong></span> 
     </span>
    </p>
   </div>
   <div class='ocr_carea' id='block_1_48' title="bbox 2299 1919 3876 1986">
    <p class='ocr_par' dir='ltr' id='par_1_48' title="bbox 2299 1919 3876 1986">
     <span class='ocr_line' id='line_1_48' title="bbox 2299 1919 3876 1986; baseline 0.005 -14"><span class='ocrx_word' id='word_1_353' title='bbox 2299 1931 2402 1986; x_wconf 89' lang='lat' dir='ltr'><strong><em>que</em></strong></span> <span class='ocrx_word' id='word_1_354' title='bbox 2443 1919 2704 1984; x_wconf 84' lang='lat' dir='ltr'><strong><em>converti,</em></strong></span> <span class='ocrx_word' id='word_1_355' title='bbox 2737 1928 2797 1976; x_wconf 90' lang='lat' dir='ltr'><strong><em>ut</em></strong></span> <span class='ocrx_word' id='word_1_356' title='bbox 2827 1920 3064 1976; x_wconf 81' lang='lat' dir='ltr'><strong><em>viderem</em></strong></span> <span class='ocrx_word' id='word_1_357' title='bbox 3107 1920 3544 1983; x_wconf 82' lang='lat' dir='ltr'><strong><em>calumniatores,</em></strong></span> <span class='ocrx_word' id='word_1_358' title='bbox 3585 1929 3641 1978; x_wconf 86' lang='lat' dir='ltr'><strong><em>et</em></strong></span> <span class='ocrx_word' id='word_1_359' title='bbox 3695 1921 3876 1980; x_wconf 86' lang='lat' dir='ltr'><strong><em>calum-</em></strong></span> 
     </span>
    </p>
   </div>
   <div class='ocr_carea' id='block_1_49' title="bbox 2299 2006 3874 2082">
    <p class='ocr_par' dir='ltr' id='par_1_49' title="bbox 2299 2006 3874 2082">
     <span class='ocr_line' id='line_1_49' title="bbox 2299 2006 3874 2082; baseline 0.003 -23"><span class='ocrx_word' id='word_1_360' title='bbox 2299 2006 2441 2062; x_wconf 87' lang='lat' dir='ltr'><strong><em>niam</em></strong></span> <span class='ocrx_word' id='word_1_361' title='bbox 2471 2007 2818 2066; x_wconf 87' lang='lat' dir='ltr'><strong><em>sustinentes.</em></strong></span> <span class='ocrx_word' id='word_1_362' title='bbox 2867 2009 2934 2063; x_wconf 88' lang='lat' dir='ltr'><strong><em>Et</em></strong></span> <span class='ocrx_word' id='word_1_363' title='bbox 2962 2024 3088 2066; x_wconf 91' lang='lat' dir='ltr'><strong><em>ecce</em></strong></span> <span class='ocrx_word' id='word_1_364' title='bbox 3115 2009 3224 2064; x_wconf 89' lang='lat' dir='ltr'><strong><em>vidi</em></strong></span> <span class='ocrx_word' id='word_1_365' title='bbox 3265 2023 3450 2064; x_wconf 89' lang='lat' dir='ltr'><strong><em>eorum</em></strong></span> <span class='ocrx_word' id='word_1_366' title='bbox 3502 2008 3596 2082; x_wconf 87' lang='lat' dir='ltr'><strong><em>qui</em></strong></span> <span class='ocrx_word' id='word_1_367' title='bbox 3641 2023 3671 2063; x_wconf 92' lang='lat' dir='ltr'><strong><em>a</em></strong></span> <span class='ocrx_word' id='word_1_368' title='bbox 3702 2020 3874 2081; x_wconf 85' lang='lat' dir='ltr'><strong><em>poten-</em></strong></span> 
     </span>
    </p>
   </div>
   <div class='ocr_carea' id='block_1_50' title="bbox 2299 2099 3877 2174">
    <p class='ocr_par' dir='ltr' id='par_1_50' title="bbox 2299 2099 3877 2174">
     <span class='ocr_line' id='line_1_50' title="bbox 2299 2099 3877 2174; baseline 0.003 -22"><span class='ocrx_word' id='word_1_369' title='bbox 2299 2099 2530 2158; x_wconf 88' lang='lat' dir='ltr'><strong><em>tioribus</em></strong></span> <span class='ocrx_word' id='word_1_370' title='bbox 2578 2101 2954 2172; x_wconf 88' lang='lat' dir='ltr'><strong><em>opprimuntur</em></strong></span> <span class='ocrx_word' id='word_1_371' title='bbox 2983 2102 3273 2174; x_wconf 84' lang='lat' dir='ltr'><strong><em>lacrymas,</em></strong></span> <span class='ocrx_word' id='word_1_372' title='bbox 3326 2117 3460 2172; x_wconf 91' lang='lat' dir='ltr'><strong><em>quas</em></strong></span> <span class='ocrx_word' id='word_1_373' title='bbox 3510 2101 3656 2158; x_wconf 90' lang='lat' dir='ltr'><strong><em>solas</em></strong></span> <span class='ocrx_word' id='word_1_374' title='bbox 3701 2102 3877 2157; x_wconf 78' lang='lat' dir='ltr'><strong><em>habere</em></strong></span> 
     </span>
    </p>
   </div>
   <div class='ocr_carea' id='block_1_51' title="bbox 2297 2189 3875 2266">
    <p class='ocr_par' dir='ltr' id='par_1_51' title="bbox 2297 2189 3875 2266">
     <span class='ocr_line' id='line_1_51' title="bbox 2297 2189 3875 2266; baseline 0.002 -24"><span class='ocrx_word' id='word_1_375' title='bbox 2297 2197 2523 2258; x_wconf 88' lang='lat' dir='ltr'><strong><em>possunt</em></strong></span> <span class='ocrx_word' id='word_1_376' title='bbox 2564 2189 2620 2245; x_wconf 92' lang='lat' dir='ltr'><strong><em>in</em></strong></span> <span class='ocrx_word' id='word_1_377' title='bbox 2649 2189 3064 2258; x_wconf 86' lang='lat' dir='ltr'><strong><em>calamitatibus,</em></strong></span> <span class='ocrx_word' id='word_1_378' title='bbox 3115 2191 3280 2266; x_wconf 68' lang='grc'><strong><em>422</em></strong></span> <span class='ocrx_word' id='word_1_379' title='bbox 3312 2191 3390 2246; x_wconf 86' lang='lat' dir='ltr'><strong><em>rei</em></strong></span> <span class='ocrx_word' id='word_1_380' title='bbox 3425 2192 3685 2247; x_wconf 85' lang='lat' dir='ltr'><strong><em>invidiam</em></strong></span> <span class='ocrx_word' id='word_1_381' title='bbox 3724 2202 3875 2266; x_wconf 73' lang='lat' dir='ltr'><strong><em>prote-</em></strong></span> 
     </span>
    </p>
   </div>
   <div class='ocr_carea' id='block_1_52' title="bbox 2299 2281 3874 2354">
    <p class='ocr_par' dir='ltr' id='par_1_52' title="bbox 2299 2281 3874 2354">
     <span class='ocr_line' id='line_1_52' title="bbox 2299 2281 3874 2354; baseline 0.002 -19"><span class='ocrx_word' id='word_1_382' title='bbox 2299 2287 2526 2350; x_wconf 86' lang='lat' dir='ltr'><strong><em>stantes,</em></strong></span> <span class='ocrx_word' id='word_1_383' title='bbox 2549 2282 2642 2353; x_wconf 88' lang='lat' dir='ltr'><strong><em>qui</em></strong></span> <span class='ocrx_word' id='word_1_384' title='bbox 2660 2283 3050 2339; x_wconf 84' lang='lat' dir='ltr'><strong><em>consolatorem</em></strong></span> <span class='ocrx_word' id='word_1_385' title='bbox 3077 2293 3352 2354; x_wconf 87' lang='lat' dir='ltr'><strong><em>nequeunt</em></strong></span> <span class='ocrx_word' id='word_1_386' title='bbox 3374 2284 3640 2340; x_wconf 88' lang='lat' dir='ltr'><strong><em>invenire.</em></strong></span> <span class='ocrx_word' id='word_1_387' title='bbox 3670 2283 3737 2338; x_wconf 85' lang='lat' dir='ltr'><strong><em>Et</em></strong></span> <span class='ocrx_word' id='word_1_388' title='bbox 3755 2281 3874 2354; x_wconf 88' lang='lat' dir='ltr'><strong><em>quod</em></strong></span> 
     </span>
    </p>
   </div>
   <div class='ocr_carea' id='block_1_53' title="bbox 2301 2373 3874 2450">
    <p class='ocr_par' dir='ltr' id='par_1_53' title="bbox 2301 2373 3874 2450">
     <span class='ocr_line' id='line_1_53' title="bbox 2301 2373 3874 2450; baseline 0.001 -22"><span class='ocrx_word' id='word_1_389' title='bbox 2301 2373 2565 2430; x_wconf 88' lang='lat' dir='ltr'><strong><em>malorum</em></strong></span> <span class='ocrx_word' id='word_1_390' title='bbox 2609 2375 2973 2434; x_wconf 85' lang='lat' dir='ltr'><strong><em>miserrimum</em></strong></span> <span class='ocrx_word' id='word_1_391' title='bbox 3004 2376 3075 2431; x_wconf 88' lang='lat' dir='ltr'><strong><em>sit</em></strong></span> <span class='ocrx_word' id='word_1_392' title='bbox 3119 2375 3274 2450; x_wconf 75' lang='lat' dir='ltr'><strong><em>[Ms.,</em></strong></span> <span class='ocrx_word' id='word_1_393' title='bbox 3325 2392 3432 2448; x_wconf 93' lang='lat' dir='ltr'><strong><em>quo</em></strong></span> <span class='ocrx_word' id='word_1_394' title='bbox 3479 2375 3655 2446; x_wconf 89' lang='lat' dir='ltr'><strong><em>major</em></strong></span> <span class='ocrx_word' id='word_1_395' title='bbox 3683 2376 3874 2432; x_wconf 82' lang='lat' dir='ltr'><strong><em>miseria</em></strong></span> 
     </span>
    </p>
   </div>
   <div class='ocr_carea' id='block_1_54' title="bbox 2300 2465 3875 2540">
    <p class='ocr_par' dir='ltr' id='par_1_54' title="bbox 2300 2465 3875 2540">
     <span class='ocr_line' id='line_1_54' title="bbox 2300 2465 3875 2540; baseline 0.001 -19"><span class='ocrx_word' id='word_1_396' title='bbox 2300 2465 2413 2540; x_wconf 91' lang='lat' dir='ltr'><strong><em>sit],</em></strong></span> <span class='ocrx_word' id='word_1_397' title='bbox 2446 2474 2500 2522; x_wconf 91' lang='lat' dir='ltr'><strong><em>et</em></strong></span> <span class='ocrx_word' id='word_1_398' title='bbox 2539 2467 2940 2523; x_wconf 87' lang='lat' dir='ltr'><strong><em>inconsolabilis</em></strong></span> <span class='ocrx_word' id='word_1_399' title='bbox 2963 2467 3136 2536; x_wconf 89' lang='lat' dir='ltr'><strong><em>dolor,</em></strong></span> <span class='ocrx_word' id='word_1_400' title='bbox 3173 2468 3598 2524; x_wconf 85' lang='lat' dir='ltr'><strong><em>calumniatores</em></strong></span> <span class='ocrx_word' id='word_1_401' title='bbox 3635 2469 3812 2522; x_wconf 86' lang='lat' dir='ltr'><strong><em>vident</em></strong></span> <span class='ocrx_word' id='word_1_402' title='bbox 3829 2468 3875 2522; x_wconf 86' lang='lat' dir='ltr'><strong><em>in</em></strong></span> 
     </span>
    </p>
   </div>
   <div class='ocr_carea' id='block_1_55' title="bbox 2301 2555 3872 2629">
    <p class='ocr_par' dir='ltr' id='par_1_55' title="bbox 2301 2555 3872 2629">
     <span class='ocr_line' id='line_1_55' title="bbox 2301 2555 3872 2629; baseline -0.001 -18"><span class='ocrx_word' id='word_1_403' title='bbox 2301 2556 2413 2612; x_wconf 90' lang='lat' dir='ltr'><strong><em>suis</em></strong></span> <span class='ocrx_word' id='word_1_404' title='bbox 2439 2555 2812 2626; x_wconf 87' lang='lat' dir='ltr'><strong><em>iniquitatibus</em></strong></span> <span class='ocrx_word' id='word_1_405' title='bbox 2846 2555 3136 2613; x_wconf 81' lang='lat' dir='ltr'><strong><em>fortiores:</em></strong></span> <span class='ocrx_word' id='word_1_406' title='bbox 3182 2566 3236 2612; x_wconf 93' lang='lat' dir='ltr'><strong><em>et</em></strong></span> <span class='ocrx_word' id='word_1_407' title='bbox 3263 2557 3377 2616; x_wconf 72' lang='lat' dir='ltr'><strong><em>hmc</em></strong></span> <span class='ocrx_word' id='word_1_408' title='bbox 3407 2567 3490 2613; x_wconf 89' lang='lat' dir='ltr'><strong><em>est</em></strong></span> <span class='ocrx_word' id='word_1_409' title='bbox 3534 2574 3723 2626; x_wconf 86' lang='lat' dir='ltr'><strong><em>causa,</em></strong></span> <span class='ocrx_word' id='word_1_410' title='bbox 3753 2557 3872 2629; x_wconf 89' lang='lat' dir='ltr'><strong><em>quod</em></strong></span> 
     </span>
    </p>
   </div>
   <div class='ocr_carea' id='block_1_56' title="bbox 2300 2647 3875 2721">
    <p class='ocr_par' dir='ltr' id='par_1_56' title="bbox 2300 2647 3875 2721">
     <span class='ocr_line' id='line_1_56' title="bbox 2300 2647 3875 2721; baseline 0.001 -20"><span class='ocrx_word' id='word_1_411' title='bbox 2300 2662 2407 2702; x_wconf 91' lang='lat' dir='ltr'><strong><em>non</em></strong></span> <span class='ocrx_word' id='word_1_412' title='bbox 2432 2647 2612 2702; x_wconf 88' lang='lat' dir='ltr'><strong><em>valent</em></strong></span> <span class='ocrx_word' id='word_1_413' title='bbox 2647 2647 2934 2703; x_wconf 88' lang='lat' dir='ltr'><strong><em>consolari.</em></strong></span> <span class='ocrx_word' id='word_1_414' title='bbox 2967 2648 3185 2705; x_wconf 89' lang='lat' dir='ltr'><strong><em>Plenius</em></strong></span> <span class='ocrx_word' id='word_1_415' title='bbox 3211 2649 3355 2706; x_wconf 89' lang='lat' dir='ltr'><strong><em>hunc</em></strong></span> <span class='ocrx_word' id='word_1_416' title='bbox 3393 2650 3571 2706; x_wconf 89' lang='lat' dir='ltr'><strong><em>locum</em></strong></span> <span class='ocrx_word' id='word_1_417' title='bbox 3601 2652 3655 2704; x_wconf 91' lang='lat' dir='ltr'><strong><em>in</em></strong></span> <span class='ocrx_word' id='word_1_418' title='bbox 3685 2659 3875 2721; x_wconf 87' lang='lat' dir='ltr'><strong><em>septua-</em></strong></span> 
     </span>
    </p>
   </div>
   <div class='ocr_carea' id='block_1_57' title="bbox 2301 2740 3875 2812">
    <p class='ocr_par' dir='ltr' id='par_1_57' title="bbox 2301 2740 3875 2812">
     <span class='ocr_line' id='line_1_57' title="bbox 2301 2740 3875 2812; baseline -0.003 -15"><span class='ocrx_word' id='word_1_419' title='bbox 2301 2741 2506 2812; x_wconf 82' lang='lat' dir='ltr'><strong><em>gesimo</em></strong></span> <span class='ocrx_word' id='word_1_420' title='bbox 2552 2742 2789 2797; x_wconf 88' lang='lat' dir='ltr'><strong><em>secundo</em></strong></span> <span class='ocrx_word' id='word_1_421' title='bbox 2829 2741 3036 2811; x_wconf 87' lang='lat' dir='ltr'><strong><em>psalmo</em></strong></span> <span class='ocrx_word' id='word_1_422' title='bbox 3074 2741 3282 2809; x_wconf 84' lang='lat' dir='ltr'><strong><em>David;</em></strong></span> <span class='ocrx_word' id='word_1_423' title='bbox 3333 2749 3388 2800; x_wconf 89' lang='lat' dir='ltr'><strong><em>et</em></strong></span> <span class='ocrx_word' id='word_1_424' title='bbox 3423 2740 3693 2800; x_wconf 84' lang='lat' dir='ltr'><strong><em>Jeremias</em></strong></span> <span class='ocrx_word' id='word_1_425' title='bbox 3718 2743 3768 2808; x_wconf 86' lang='lat' dir='ltr'><strong><em>in</em></strong></span> <span class='ocrx_word' id='word_1_426' title='bbox 3790 2755 3875 2802; x_wconf 82' lang='lat' dir='ltr'><strong><em>suo</em></strong></span> 
     </span>
    </p>
   </div>
   <div class='ocr_carea' id='block_1_58' title="bbox 2301 2832 2908 2904">
    <p class='ocr_par' dir='ltr' id='par_1_58' title="bbox 2301 2832 2908 2904">
     <span class='ocr_line' id='line_1_58' title="bbox 2301 2832 2908 2904; baseline 0.003 -18"><span class='ocrx_word' id='word_1_427' title='bbox 2301 2832 2574 2890; x_wconf 89' lang='lat' dir='ltr'><strong><em>volumine</em></strong></span> <span class='ocrx_word' id='word_1_428' title='bbox 2599 2834 2908 2904; x_wconf 71' lang='lat' dir='ltr'><strong><em>exquirunt.</em></strong></span> 
     </span>
    </p>
   </div>
   <div class='ocr_carea' id='block_1_59' title="bbox 2372 2925 3878 3002">
    <p class='ocr_par' dir='ltr' id='par_1_59' title="bbox 2372 2925 3878 3002">
     <span class='ocr_line' id='line_1_59' title="bbox 2372 2925 3878 3002; baseline 0 -20"><span class='ocrx_word' id='word_1_429' title='bbox 2372 2925 2534 2982; x_wconf 72' lang='lat' dir='ltr'><strong><em>Vnus.</em></strong></span> <span class='ocrx_word' id='word_1_430' title='bbox 2568 2925 2624 2992; x_wconf 73' lang='lat'><strong><em>2,</em></strong></span> <span class='ocrx_word' id='word_1_431' title='bbox 2655 2928 2708 2981; x_wconf 81' lang='grc'><strong><em>5.</em></strong></span> <span class='ocrx_word' id='word_1_432' title='bbox 2731 2957 2802 2966; x_wconf 97' lang='grc'><strong><em>-</em></strong></span> <span class='ocrx_word' id='word_1_433' title='bbox 2827 2927 2895 2980; x_wconf 90' lang='lat' dir='ltr'><strong><em>Et</em></strong></span> <span class='ocrx_word' id='word_1_434' title='bbox 2940 2926 3151 2982; x_wconf 88' lang='lat' dir='ltr'><strong><em>laudavi</em></strong></span> <span class='ocrx_word' id='word_1_435' title='bbox 3184 2929 3351 3000; x_wconf 86' lang='lat' dir='ltr'><strong><em>magis</em></strong></span> <span class='ocrx_word' id='word_1_436' title='bbox 3373 2938 3612 2986; x_wconf 76' lang='lat' dir='ltr'><strong><em>mortuos</em></strong></span> <span class='ocrx_word' id='word_1_437' title='bbox 3643 2946 3794 3002; x_wconf 84' lang='lat' dir='ltr'><strong><em>quam</em></strong></span> <span class='ocrx_word' id='word_1_438' title='bbox 3818 2928 3878 2982; x_wconf 85' lang='lat' dir='ltr'><strong><em>ri-</em></strong></span> 
     </span>
    </p>
   </div>
   <div class='ocr_carea' id='block_1_60' title="bbox 2303 3017 3879 3098">
    <p class='ocr_par' dir='ltr' id='par_1_60' title="bbox 2303 3017 3879 3098">
     <span class='ocr_line' id='line_1_60' title="bbox 2303 3017 3879 3098; baseline 0.002 -26"><span class='ocrx_word' id='word_1_439' title='bbox 2303 3028 2491 3081; x_wconf 87' lang='lat' dir='ltr'><strong><em>ventes,</em></strong></span> <span class='ocrx_word' id='word_1_440' title='bbox 2536 3026 2584 3072; x_wconf 88' lang='lat' dir='ltr'><strong><em>et</em></strong></span> <span class='ocrx_word' id='word_1_441' title='bbox 2629 3017 2912 3088; x_wconf 81' lang='lat' dir='ltr'><strong><em>feliciorem</em></strong></span> <span class='ocrx_word' id='word_1_442' title='bbox 2961 3029 3175 3092; x_wconf 87' lang='lat' dir='ltr'><strong><em>utroque</em></strong></span> <span class='ocrx_word' id='word_1_443' title='bbox 3222 3023 3485 3098; x_wconf 84' lang='lat' dir='ltr'><strong><em>judicavi,</em></strong></span> <span class='ocrx_word' id='word_1_444' title='bbox 3531 3026 3628 3097; x_wconf 86' lang='lat' dir='ltr'><strong><em>qui</em></strong></span> <span class='ocrx_word' id='word_1_445' title='bbox 3675 3024 3879 3080; x_wconf 81' lang='lat' dir='ltr'><strong><em>necdum</em></strong></span> 
     </span>
    </p>
   </div>
   <div class='ocr_carea' id='block_1_61' title="bbox 603 3099 3882 3209">
    <p class='ocr_par' dir='ltr' id='par_1_61' title="bbox 603 3099 3882 3209">
     <span class='ocr_line' id='line_1_61' title="bbox 603 3099 3882 3209; baseline 0.002 -42"><span class='ocrx_word' id='word_1_446' title='bbox 603 3111 933 3182; x_wconf 78' lang='lat' dir='ltr'><strong><em>romme</em></strong></span> <span class='ocrx_word' id='word_1_447' title='bbox 961 3107 1030 3164; x_wconf 88' lang='lat' dir='ltr'><strong><em>ad</em></strong></span> <span class='ocrx_word' id='word_1_448' title='bbox 1056 3099 1252 3182; x_wconf 82' lang='lat' dir='ltr'><strong><em>[Hier.,</em></strong></span> <span class='ocrx_word' id='word_1_449' title='bbox 1282 3108 1360 3184; x_wconf 89' lang='lat' dir='ltr'><strong><em>et]</em></strong></span> <span class='ocrx_word' id='word_1_450' title='bbox 1387 3109 1624 3182; x_wconf 87' lang='lat' dir='ltr'><strong><em>paradisi</em></strong></span> <span class='ocrx_word' id='word_1_451' title='bbox 1646 3108 1790 3166; x_wconf 85' lang='lat' dir='ltr'><strong><em>fores</em></strong></span> <span class='ocrx_word' id='word_1_452' title='bbox 1811 3107 2059 3164; x_wconf 89' lang='lat' dir='ltr'><strong><em>Christus</em></strong></span> <span class='ocrx_word' id='word_1_453' title='bbox 2077 3123 2199 3164; x_wconf 93' lang='lat' dir='ltr'><strong><em>cum</em></strong></span> <span class='ocrx_word' id='word_1_454' title='bbox 2227 3145 2274 3209; x_wconf 74' lang='lat' dir='ltr'><strong><em>C</em></strong></span> <span class='ocrx_word' id='word_1_455' title='bbox 2306 3118 2459 3164; x_wconf 89' lang='lat' dir='ltr'><strong><em>natus</em></strong></span> <span class='ocrx_word' id='word_1_456' title='bbox 2492 3120 2589 3177; x_wconf 89' lang='lat' dir='ltr'><strong><em>est,</em></strong></span> <span class='ocrx_word' id='word_1_457' title='bbox 2621 3127 2711 3166; x_wconf 90' lang='lat' dir='ltr'><strong><em>nec</em></strong></span> <span class='ocrx_word' id='word_1_458' title='bbox 2743 3111 2864 3166; x_wconf 82' lang='lat' dir='ltr'><strong><em>vidit</em></strong></span> <span class='ocrx_word' id='word_1_459' title='bbox 2895 3113 3036 3168; x_wconf 85' lang='lat' dir='ltr'><strong><em>mala</em></strong></span> <span class='ocrx_word' id='word_1_460' title='bbox 3058 3131 3175 3185; x_wconf 72' lang='lat' dir='ltr'><strong><em>qua:</em></strong></span> <span class='ocrx_word' id='word_1_461' title='bbox 3201 3114 3334 3184; x_wconf 73' lang='lat' dir='ltr'><strong><em>ﬁunt</em></strong></span> <span class='ocrx_word' id='word_1_462' title='bbox 3364 3117 3459 3172; x_wconf 88' lang='lat' dir='ltr'><strong><em>sub</em></strong></span> <span class='ocrx_word' id='word_1_463' title='bbox 3480 3116 3610 3172; x_wconf 86' lang='lat' dir='ltr'><strong><em>sole.</em></strong></span> <span class='ocrx_word' id='word_1_464' title='bbox 3641 3119 3730 3174; x_wconf 79' lang='lat' dir='ltr'><strong><em>Ad</em></strong></span> <span class='ocrx_word' id='word_1_465' title='bbox 3752 3132 3882 3174; x_wconf 86' lang='lat' dir='ltr'><strong><em>com-</em></strong></span> 
     </span>
    </p>
   </div>
   <div class='ocr_carea' id='block_1_62' title="bbox 608 3201 2202 3274">
    <p class='ocr_par' dir='ltr' id='par_1_62' title="bbox 608 3201 2202 3274">
     <span class='ocr_line' id='line_1_62' title="bbox 608 3201 2202 3274; baseline 0.003 -18"><span class='ocrx_word' id='word_1_466' title='bbox 608 3201 821 3264; x_wconf 84' lang='lat' dir='ltr'><strong><em>latrone</em></strong></span> <span class='ocrx_word' id='word_1_467' title='bbox 863 3209 1152 3269; x_wconf 89' lang='lat' dir='ltr'><strong><em>reseraret,</em></strong></span> <span class='ocrx_word' id='word_1_468' title='bbox 1193 3202 1373 3258; x_wconf 86' lang='lat' dir='ltr'><strong><em>clausa</em></strong></span> <span class='ocrx_word' id='word_1_469' title='bbox 1401 3211 1558 3260; x_wconf 89' lang='lat' dir='ltr'><strong><em>erant</em></strong></span> <span class='ocrx_word' id='word_1_470' title='bbox 1589 3203 1850 3268; x_wconf 81' lang='lat' dir='ltr'><strong><em>coelestia,</em></strong></span> <span class='ocrx_word' id='word_1_471' title='bbox 1882 3211 1935 3259; x_wconf 91' lang='lat' dir='ltr'><strong><em>et</em></strong></span> <span class='ocrx_word' id='word_1_472' title='bbox 1979 3203 2202 3274; x_wconf 86' lang='lat' dir='ltr'><strong><em>spiritus</em></strong></span> 
     </span>
    </p>
   </div>
   <div class='ocr_carea' id='block_1_63' title="bbox 607 3293 2203 3372">
    <p class='ocr_par' dir='ltr' id='par_1_63' title="bbox 607 3293 2203 3372">
     <span class='ocr_line' id='line_1_63' title="bbox 607 3293 2203 3372; baseline 0.002 -22"><span class='ocrx_word' id='word_1_473' title='bbox 607 3293 846 3352; x_wconf 80' lang='lat' dir='ltr'><strong><em>hominis</em></strong></span> <span class='ocrx_word' id='word_1_474' title='bbox 894 3293 1214 3372; x_wconf 85' lang='lat' dir='ltr'><strong><em>pecorisque</em></strong></span> <span class='ocrx_word' id='word_1_475' title='bbox 1262 3295 1486 3366; x_wconf 71' lang='lat' dir='ltr'><strong><em>aequalis</em></strong></span> <span class='ocrx_word' id='word_1_476' title='bbox 1537 3295 1718 3352; x_wconf 81' lang='lat' dir='ltr'><strong><em>vilitas</em></strong></span> <span class='ocrx_word' id='word_1_477' title='bbox 1773 3295 2102 3350; x_wconf 86' lang='lat' dir='ltr'><strong><em>coarctabat.</em></strong></span> <span class='ocrx_word' id='word_1_478' title='bbox 2137 3295 2203 3353; x_wconf 88' lang='lat' dir='ltr'><strong><em>Et</em></strong></span> 
     </span>
    </p>
   </div>
   <div class='ocr_carea' id='block_1_64' title="bbox 604 3384 2204 3458">
    <p class='ocr_par' dir='ltr' id='par_1_64' title="bbox 604 3384 2204 3458">
     <span class='ocr_line' id='line_1_64' title="bbox 604 3384 2204 3458; baseline 0.003 -17"><span class='ocrx_word' id='word_1_479' title='bbox 604 3385 730 3444; x_wconf 85' lang='lat' dir='ltr'><strong><em>licet</em></strong></span> <span class='ocrx_word' id='word_1_480' title='bbox 773 3385 918 3458; x_wconf 82' lang='lat' dir='ltr'><strong><em>aliud</em></strong></span> <span class='ocrx_word' id='word_1_481' title='bbox 961 3386 1174 3440; x_wconf 82' lang='lat' dir='ltr'><strong><em>videtur</em></strong></span> <span class='ocrx_word' id='word_1_482' title='bbox 1215 3384 1369 3458; x_wconf 76' lang='lat' dir='ltr'><strong><em>[Ms.,</em></strong></span> <span class='ocrx_word' id='word_1_483' title='bbox 1418 3385 1710 3457; x_wconf 89' lang='lat' dir='ltr'><strong><em>videretur]</em></strong></span> <span class='ocrx_word' id='word_1_484' title='bbox 1761 3387 2003 3454; x_wconf 82' lang='lat' dir='ltr'><strong><em>dissolvi,</em></strong></span> <span class='ocrx_word' id='word_1_485' title='bbox 2059 3386 2204 3446; x_wconf 86' lang='lat' dir='ltr'><strong><em>aliud</em></strong></span> 
     </span>
    </p>
   </div>
   <div class='ocr_carea' id='block_1_65' title="bbox 605 3475 2203 3548">
    <p class='ocr_par' dir='ltr' id='par_1_65' title="bbox 605 3475 2203 3548">
     <span class='ocr_line' id='line_1_65' title="bbox 605 3475 2203 3548; baseline 0.003 -19"><span class='ocrx_word' id='word_1_486' title='bbox 605 3475 898 3546; x_wconf 81' lang='lat' dir='ltr'><strong><em>reservari,</em></strong></span> <span class='ocrx_word' id='word_1_487' title='bbox 931 3484 1111 3531; x_wconf 89' lang='lat' dir='ltr'><strong><em>tamen</em></strong></span> <span class='ocrx_word' id='word_1_488' title='bbox 1136 3491 1242 3530; x_wconf 91' lang='lat' dir='ltr'><strong><em>non</em></strong></span> <span class='ocrx_word' id='word_1_489' title='bbox 1285 3475 1515 3532; x_wconf 87' lang='lat' dir='ltr'><strong><em>multum</em></strong></span> <span class='ocrx_word' id='word_1_490' title='bbox 1542 3477 1823 3542; x_wconf 89' lang='lat' dir='ltr'><strong><em>intererat,</em></strong></span> <span class='ocrx_word' id='word_1_491' title='bbox 1854 3478 2032 3548; x_wconf 87' lang='lat' dir='ltr'><strong><em>perire</em></strong></span> <span class='ocrx_word' id='word_1_492' title='bbox 2078 3492 2203 3534; x_wconf 89' lang='lat' dir='ltr'><strong><em>cum</em></strong></span> 
     </span>
    </p>
   </div>
   <div class='ocr_carea' id='block_1_66' title="bbox 605 3563 2200 3636">
    <p class='ocr_par' dir='ltr' id='par_1_66' title="bbox 605 3563 2200 3636">
     <span class='ocr_line' id='line_1_66' title="bbox 605 3563 2200 3636; baseline 0.002 -16"><span class='ocrx_word' id='word_1_493' title='bbox 605 3579 856 3636; x_wconf 85' lang='lat' dir='ltr'><strong><em>corpore,</em></strong></span> <span class='ocrx_word' id='word_1_494' title='bbox 884 3574 977 3620; x_wconf 88' lang='lat' dir='ltr'><strong><em>aut</em></strong></span> <span class='ocrx_word' id='word_1_495' title='bbox 1003 3563 1201 3622; x_wconf 86' lang='lat' dir='ltr'><strong><em>inferni</em></strong></span> <span class='ocrx_word' id='word_1_496' title='bbox 1235 3566 1472 3620; x_wconf 84' lang='lat' dir='ltr'><strong><em>tenebris</em></strong></span> <span class='ocrx_word' id='word_1_497' title='bbox 1498 3566 1747 3620; x_wconf 88' lang='lat' dir='ltr'><strong><em>detineri.</em></strong></span> <span class='ocrx_word' id='word_1_498' title='bbox 1773 3567 1923 3635; x_wconf 87' lang='lat' dir='ltr'><strong><em>Quod</em></strong></span> <span class='ocrx_word' id='word_1_499' title='bbox 1951 3584 2079 3624; x_wconf 89' lang='lat' dir='ltr'><strong><em>vero</em></strong></span> <span class='ocrx_word' id='word_1_500' title='bbox 2103 3569 2200 3636; x_wconf 89' lang='lat' dir='ltr'><strong><em>ait,</em></strong></span> 
     </span>
    </p>
   </div>
   <div class='ocr_carea' id='block_1_67' title="bbox 604 3655 2203 3726">
    <p class='ocr_par' dir='ltr' id='par_1_67' title="bbox 604 3655 2203 3726">
     <span class='ocr_line' id='line_1_67' title="bbox 604 3655 2203 3726; baseline 0.002 -15"><span class='ocrx_word' id='word_1_501' title='bbox 604 3655 671 3711; x_wconf 80' lang='lat' dir='ltr'><strong><em>de</em></strong></span> <span class='ocrx_word' id='word_1_502' title='bbox 706 3663 848 3711; x_wconf 86' lang='lat' dir='ltr'><strong><em>terra</em></strong></span> <span class='ocrx_word' id='word_1_503' title='bbox 881 3655 1024 3725; x_wconf 71' lang='lat' dir='ltr'><strong><em>facta</em></strong></span> <span class='ocrx_word' id='word_1_504' title='bbox 1072 3664 1214 3722; x_wconf 85' lang='lat' dir='ltr'><strong><em>sunt,</em></strong></span> <span class='ocrx_word' id='word_1_505' title='bbox 1266 3664 1314 3711; x_wconf 88' lang='lat' dir='ltr'><strong><em>et</em></strong></span> <span class='ocrx_word' id='word_1_506' title='bbox 1366 3656 1420 3710; x_wconf 89' lang='lat' dir='ltr'><strong><em>in</em></strong></span> <span class='ocrx_word' id='word_1_507' title='bbox 1466 3666 1660 3712; x_wconf 89' lang='lat' dir='ltr'><strong><em>terram</em></strong></span> <span class='ocrx_word' id='word_1_508' title='bbox 1710 3669 2048 3726; x_wconf 84' lang='lat' dir='ltr'><strong><em>revertentur,</em></strong></span> <span class='ocrx_word' id='word_1_509' title='bbox 2098 3661 2203 3714; x_wconf 92' lang='lat' dir='ltr'><strong><em>hoc</em></strong></span> 
     </span>
    </p>
   </div>
   <div class='ocr_carea' id='block_1_68' title="bbox 608 3746 2203 3822">
    <p class='ocr_par' dir='ltr' id='par_1_68' title="bbox 608 3746 2203 3822">
     <span class='ocr_line' id='line_1_68' title="bbox 608 3746 2203 3822; baseline 0.001 -16"><span class='ocrx_word' id='word_1_510' title='bbox 608 3760 734 3806; x_wconf 82' lang='lat' dir='ltr'><strong><em>eum</em></strong></span> <span class='ocrx_word' id='word_1_511' title='bbox 759 3747 826 3802; x_wconf 89' lang='lat' dir='ltr'><strong><em>de</em></strong></span> <span class='ocrx_word' id='word_1_512' title='bbox 849 3761 1078 3818; x_wconf 89' lang='lat' dir='ltr'><strong><em>corpore</em></strong></span> <span class='ocrx_word' id='word_1_513' title='bbox 1124 3746 1308 3804; x_wconf 89' lang='lat' dir='ltr'><strong><em>dicere</em></strong></span> <span class='ocrx_word' id='word_1_514' title='bbox 1344 3746 1688 3804; x_wconf 89' lang='lat' dir='ltr'><strong><em>manifestum</em></strong></span> <span class='ocrx_word' id='word_1_515' title='bbox 1717 3757 1819 3815; x_wconf 91' lang='lat' dir='ltr'><strong><em>est,</em></strong></span> <span class='ocrx_word' id='word_1_516' title='bbox 1850 3750 1975 3820; x_wconf 82' lang='lat' dir='ltr'><strong><em>quia</em></strong></span> <span class='ocrx_word' id='word_1_517' title='bbox 2007 3766 2203 3822; x_wconf 90' lang='lat' dir='ltr'><strong><em>corpus</em></strong></span> 
     </span>
    </p>
   </div>
   <div class='ocr_carea' id='block_1_69' title="bbox 609 3839 2203 3912">
    <p class='ocr_par' dir='ltr' id='par_1_69' title="bbox 609 3839 2203 3912">
     <span class='ocr_line' id='line_1_69' title="bbox 609 3839 2203 3912; baseline 0 -16"><span class='ocrx_word' id='word_1_518' title='bbox 609 3839 675 3896; x_wconf 91' lang='lat' dir='ltr'><strong><em>de</em></strong></span> <span class='ocrx_word' id='word_1_519' title='bbox 703 3846 848 3894; x_wconf 88' lang='lat' dir='ltr'><strong><em>terra</em></strong></span> <span class='ocrx_word' id='word_1_520' title='bbox 873 3845 1115 3894; x_wconf 87' lang='lat' dir='ltr'><strong><em>creatum</em></strong></span> <span class='ocrx_word' id='word_1_521' title='bbox 1152 3847 1258 3904; x_wconf 90' lang='lat' dir='ltr'><strong><em>est,</em></strong></span> <span class='ocrx_word' id='word_1_522' title='bbox 1289 3853 1397 3892; x_wconf 91' lang='lat' dir='ltr'><strong><em>non</em></strong></span> <span class='ocrx_word' id='word_1_523' title='bbox 1424 3839 1640 3906; x_wconf 89' lang='lat' dir='ltr'><strong><em>anima;</em></strong></span> <span class='ocrx_word' id='word_1_524' title='bbox 1675 3839 1814 3895; x_wconf 88' lang='lat' dir='ltr'><strong><em>sicut</em></strong></span> <span class='ocrx_word' id='word_1_525' title='bbox 1840 3841 2031 3896; x_wconf 79' lang='lat' dir='ltr'><strong><em>vindex</em></strong></span> <span class='ocrx_word' id='word_1_526' title='bbox 2077 3857 2203 3912; x_wconf 85' lang='lat' dir='ltr'><strong><em>pec-</em></strong></span> 
     </span>
    </p>
   </div>
   <div class='ocr_carea' id='block_1_70' title="bbox 601 3931 2200 4014">
    <p class='ocr_par' dir='ltr' id='par_1_70' title="bbox 601 3931 2200 4014">
     <span class='ocr_line' id='line_1_70' title="bbox 601 3931 2200 4014; baseline 0.001 -26"><span class='ocrx_word' id='word_1_527' title='bbox 601 3931 711 3989; x_wconf 87' lang='lat' dir='ltr'><strong><em>cati</em></strong></span> <span class='ocrx_word' id='word_1_528' title='bbox 739 3931 1006 3986; x_wconf 88' lang='lat' dir='ltr'><strong><em>sententia</em></strong></span> <span class='ocrx_word' id='word_1_529' title='bbox 1035 3931 1239 3987; x_wconf 90' lang='lat' dir='ltr'><strong><em>homini</em></strong></span> <span class='ocrx_word' id='word_1_530' title='bbox 1266 3933 1486 3988; x_wconf 88' lang='lat' dir='ltr'><strong><em>intulit:</em></strong></span> <span class='ocrx_word' id='word_1_531' title='bbox 1541 3933 1701 3988; x_wconf 85' lang='lat' dir='ltr'><strong><em>Terra</em></strong></span> <span class='ocrx_word' id='word_1_532' title='bbox 1740 3951 1816 4002; x_wconf 89' lang='lat' dir='ltr'><strong><em>es,</em></strong></span> <span class='ocrx_word' id='word_1_533' title='bbox 1849 3944 1896 3989; x_wconf 89' lang='lat' dir='ltr'><strong><em>et</em></strong></span> <span class='ocrx_word' id='word_1_534' title='bbox 1924 3936 1977 3989; x_wconf 86' lang='lat' dir='ltr'><strong><em>in</em></strong></span> <span class='ocrx_word' id='word_1_535' title='bbox 2005 3946 2200 4014; x_wconf 79' lang='lat' dir='ltr'><strong><em>terram</em></strong></span> 
     </span>
    </p>
   </div>
   <div class='ocr_carea' id='block_1_71' title="bbox 601 4021 2203 4098">
    <p class='ocr_par' dir='ltr' id='par_1_71' title="bbox 601 4021 2203 4098">
     <span class='ocr_line' id='line_1_71' title="bbox 601 4021 2203 4098; baseline 0.004 -20"><span class='ocrx_word' id='word_1_536' title='bbox 601 4021 703 4080; x_wconf 81' lang='lat' dir='ltr'><strong><em>ibis</em></strong></span> <span class='ocrx_word' id='word_1_537' title='bbox 727 4021 882 4096; x_wconf 85' lang='lat' dir='ltr'><strong><em>(Gen.</em></strong></span> <span class='ocrx_word' id='word_1_538' title='bbox 911 4040 995 4092; x_wconf 82' lang='grc' dir='ltr'>ιιι,</span> <span class='ocrx_word' id='word_1_539' title='bbox 1020 4023 1131 4097; x_wconf 81' lang='lat' dir='ltr'><strong><em>i9).</em></strong></span> <span class='ocrx_word' id='word_1_540' title='bbox 1164 4024 1292 4081; x_wconf 64' lang='lat' dir='ltr'><strong><em>Haec</em></strong></span> <span class='ocrx_word' id='word_1_541' title='bbox 1319 4025 1536 4082; x_wconf 90' lang='lat' dir='ltr'><strong><em>interim</em></strong></span> <span class='ocrx_word' id='word_1_542' title='bbox 1554 4027 1708 4098; x_wconf 75' lang='lat' dir='ltr'><strong><em>juxta</em></strong></span> <span class='ocrx_word' id='word_1_543' title='bbox 1734 4029 1988 4094; x_wconf 84' lang='lat' dir='ltr'><strong><em>litteram.</em></strong></span> <span class='ocrx_word' id='word_1_544' title='bbox 2022 4029 2203 4098; x_wconf 89' lang='lat' dir='ltr'><strong><em>Quan-</em></strong></span> 
     </span>
    </p>
   </div>
   <div class='ocr_carea' id='block_1_72' title="bbox 602 4115 2201 4192">
    <p class='ocr_par' dir='ltr' id='par_1_72' title="bbox 602 4115 2201 4192">
     <span class='ocr_line' id='line_1_72' title="bbox 602 4115 2201 4192; baseline 0.004 -22"><span class='ocrx_word' id='word_1_545' title='bbox 602 4121 719 4171; x_wconf 90' lang='lat' dir='ltr'><strong><em>tum</em></strong></span> <span class='ocrx_word' id='word_1_546' title='bbox 750 4115 817 4170; x_wconf 91' lang='lat' dir='ltr'><strong><em>ad</em></strong></span> <span class='ocrx_word' id='word_1_547' title='bbox 860 4115 1162 4186; x_wconf 88' lang='lat' dir='ltr'><strong><em>spiritalem</em></strong></span> <span class='ocrx_word' id='word_1_548' title='bbox 1209 4117 1617 4190; x_wconf 83' lang='lat' dir='ltr'><strong><em>intelligentiam</em></strong></span> <span class='ocrx_word' id='word_1_549' title='bbox 1661 4123 1918 4192; x_wconf 85' lang='lat' dir='ltr'><strong><em>pertinet,</em></strong></span> <span class='ocrx_word' id='word_1_550' title='bbox 1946 4122 2067 4192; x_wconf 90' lang='lat' dir='ltr'><strong><em>quis</em></strong></span> <span class='ocrx_word' id='word_1_551' title='bbox 2098 4123 2201 4178; x_wconf 89' lang='lat' dir='ltr'><strong><em>scit</em></strong></span> 
     </span>
    </p>
   </div>
   <div class='ocr_carea' id='block_1_73' title="bbox 602 4203 2198 4284">
    <p class='ocr_par' dir='ltr' id='par_1_73' title="bbox 602 4203 2198 4284">
     <span class='ocr_line' id='line_1_73' title="bbox 602 4203 2198 4284; baseline 0.004 -24"><span class='ocrx_word' id='word_1_552' title='bbox 602 4215 785 4261; x_wconf 90' lang='lat' dir='ltr'><strong><em>utrum</em></strong></span> <span class='ocrx_word' id='word_1_553' title='bbox 815 4203 1060 4277; x_wconf 88' lang='lat' dir='ltr'><strong><em>spiritus,</em></strong></span> <span class='ocrx_word' id='word_1_554' title='bbox 1090 4208 1184 4278; x_wconf 85' lang='lat' dir='ltr'><strong><em>qui</em></strong></span> <span class='ocrx_word' id='word_1_555' title='bbox 1229 4209 1462 4264; x_wconf 89' lang='lat' dir='ltr'><strong><em>hominis</em></strong></span> <span class='ocrx_word' id='word_1_556' title='bbox 1491 4211 1846 4282; x_wconf 89' lang='lat' dir='ltr'><strong><em>appellatione</em></strong></span> <span class='ocrx_word' id='word_1_557' title='bbox 1876 4213 2068 4284; x_wconf 83' lang='lat' dir='ltr'><strong><em>dignus</em></strong></span> <span class='ocrx_word' id='word_1_558' title='bbox 2093 4222 2198 4281; x_wconf 88' lang='lat' dir='ltr'><strong><em>est,</em></strong></span> 
     </span>
    </p>
   </div>
   <div class='ocr_carea' id='block_1_74' title="bbox 605 4296 2198 4373">
    <p class='ocr_par' dir='ltr' id='par_1_74' title="bbox 605 4296 2198 4373">
     <span class='ocr_line' id='line_1_74' title="bbox 605 4296 2198 4373; baseline 0.008 -24"><span class='ocrx_word' id='word_1_559' title='bbox 605 4297 864 4351; x_wconf 87' lang='lat' dir='ltr'><strong><em>ascendat</em></strong></span> <span class='ocrx_word' id='word_1_560' title='bbox 891 4296 948 4350; x_wconf 89' lang='lat' dir='ltr'><strong><em>in</em></strong></span> <span class='ocrx_word' id='word_1_561' title='bbox 975 4296 1198 4356; x_wconf 74' lang='lat' dir='ltr'><strong><em>cmlum.</em></strong></span> <span class='ocrx_word' id='word_1_562' title='bbox 1224 4308 1280 4353; x_wconf 91' lang='lat' dir='ltr'><strong><em>et</em></strong></span> <span class='ocrx_word' id='word_1_563' title='bbox 1319 4309 1499 4355; x_wconf 89' lang='lat' dir='ltr'><strong><em>utrum</em></strong></span> <span class='ocrx_word' id='word_1_564' title='bbox 1529 4312 1795 4370; x_wconf 85' lang='lat' dir='ltr'><strong><em>peccator,</em></strong></span> <span class='ocrx_word' id='word_1_565' title='bbox 1847 4305 1938 4373; x_wconf 88' lang='lat' dir='ltr'><strong><em>qui</em></strong></span> <span class='ocrx_word' id='word_1_566' title='bbox 1979 4304 2198 4373; x_wconf 89' lang='lat' dir='ltr'><strong><em>jumen-</em></strong></span> 
     </span>
    </p>
   </div>
   <div class='ocr_carea' id='block_1_75' title="bbox 604 4388 2200 4468">
    <p class='ocr_par' dir='ltr' id='par_1_75' title="bbox 604 4388 2200 4468">
     <span class='ocr_line' id='line_1_75' title="bbox 604 4388 2200 4468; baseline 0.008 -26"><span class='ocrx_word' id='word_1_567' title='bbox 604 4396 722 4442; x_wconf 87' lang='lat' dir='ltr'><strong><em>tum</em></strong></span> <span class='ocrx_word' id='word_1_568' title='bbox 747 4395 994 4456; x_wconf 90' lang='lat' dir='ltr'><strong><em>vocatur,</em></strong></span> <span class='ocrx_word' id='word_1_569' title='bbox 1039 4388 1332 4446; x_wconf 89' lang='lat' dir='ltr'><strong><em>descendat</em></strong></span> <span class='ocrx_word' id='word_1_570' title='bbox 1361 4393 1414 4445; x_wconf 92' lang='lat' dir='ltr'><strong><em>in</em></strong></span> <span class='ocrx_word' id='word_1_571' title='bbox 1459 4396 1703 4449; x_wconf 87' lang='lat' dir='ltr'><strong><em>terram?</em></strong></span> <span class='ocrx_word' id='word_1_572' title='bbox 1744 4396 1887 4452; x_wconf 85' lang='lat' dir='ltr'><strong><em>Fieri</em></strong></span> <span class='ocrx_word' id='word_1_573' title='bbox 1933 4399 2076 4452; x_wconf 89' lang='lat' dir='ltr'><strong><em>enim</em></strong></span> <span class='ocrx_word' id='word_1_574' title='bbox 2105 4415 2200 4468; x_wconf 89' lang='lat' dir='ltr'><strong><em>po-</em></strong></span> 
     </span>
    </p>
   </div>
   <div class='ocr_carea' id='block_1_76' title="bbox 2303 3203 3880 3277">
    <p class='ocr_par' dir='ltr' id='par_1_76' title="bbox 2303 3203 3880 3277">
     <span class='ocr_line' id='line_1_76' title="bbox 2303 3203 3880 3277; baseline 0.006 -21"><span class='ocrx_word' id='word_1_575' title='bbox 2303 3203 2641 3272; x_wconf 88' lang='lat' dir='ltr'><strong><em>parationem</em></strong></span> <span class='ocrx_word' id='word_1_576' title='bbox 2674 3204 3009 3260; x_wconf 89' lang='lat' dir='ltr'><strong><em>miseriarum</em></strong></span> <span class='ocrx_word' id='word_1_577' title='bbox 3052 3207 3248 3277; x_wconf 88' lang='lat' dir='ltr'><strong><em>quibus</em></strong></span> <span class='ocrx_word' id='word_1_578' title='bbox 3275 3208 3330 3262; x_wconf 90' lang='lat' dir='ltr'><strong><em>in</em></strong></span> <span class='ocrx_word' id='word_1_579' title='bbox 3381 3209 3483 3266; x_wconf 90' lang='lat' dir='ltr'><strong><em>hoc</em></strong></span> <span class='ocrx_word' id='word_1_580' title='bbox 3512 3213 3720 3268; x_wconf 90' lang='lat' dir='ltr'><strong><em>mundo</em></strong></span> <span class='ocrx_word' id='word_1_581' title='bbox 3753 3227 3880 3269; x_wconf 85' lang='lat' dir='ltr'><strong><em>mor-</em></strong></span> 
     </span>
    </p>
   </div>
   <div class='ocr_carea' id='block_1_77' title="bbox 2303 3297 3882 3374">
    <p class='ocr_par' dir='ltr' id='par_1_77' title="bbox 2303 3297 3882 3374">
     <span class='ocr_line' id='line_1_77' title="bbox 2303 3297 3882 3374; baseline 0.002 -20"><span class='ocrx_word' id='word_1_582' title='bbox 2303 3297 2438 3354; x_wconf 88' lang='lat' dir='ltr'><strong><em>tales</em></strong></span> <span class='ocrx_word' id='word_1_583' title='bbox 2462 3307 2798 3370; x_wconf 90' lang='lat' dir='ltr'><strong><em>premuntur,</em></strong></span> <span class='ocrx_word' id='word_1_584' title='bbox 2844 3298 3109 3356; x_wconf 88' lang='lat' dir='ltr'><strong><em>feliciores</em></strong></span> <span class='ocrx_word' id='word_1_585' title='bbox 3141 3302 3378 3373; x_wconf 79' lang='lat' dir='ltr'><strong><em>iudicavi</em></strong></span> <span class='ocrx_word' id='word_1_586' title='bbox 3406 3313 3678 3374; x_wconf 83' lang='lat' dir='ltr'><strong><em>mortuos,</em></strong></span> <span class='ocrx_word' id='word_1_587' title='bbox 3709 3307 3773 3362; x_wconf 89' lang='lat' dir='ltr'><strong><em>ab</em></strong></span> <span class='ocrx_word' id='word_1_588' title='bbox 3799 3306 3882 3358; x_wconf 89' lang='lat' dir='ltr'><strong><em>hu-</em></strong></span> 
     </span>
    </p>
   </div>
   <div class='ocr_carea' id='block_1_78' title="bbox 2294 3385 3882 3465">
    <p class='ocr_par' dir='ltr' id='par_1_78' title="bbox 2294 3385 3882 3465">
     <span class='ocr_line' id='line_1_78' title="bbox 2294 3385 3882 3465; baseline 0.004 -20"><span class='ocrx_word' id='word_1_589' title='bbox 2294 3385 2386 3462; x_wconf 83' lang='lat' dir='ltr'><strong><em>jus</em></strong></span> <span class='ocrx_word' id='word_1_590' title='bbox 2411 3389 2642 3446; x_wconf 80' lang='lat' dir='ltr'><strong><em>miseriae</em></strong></span> <span class='ocrx_word' id='word_1_591' title='bbox 2683 3389 2866 3446; x_wconf 89' lang='lat' dir='ltr'><strong><em>labore</em></strong></span> <span class='ocrx_word' id='word_1_592' title='bbox 2903 3391 3178 3462; x_wconf 81' lang='lat' dir='ltr'><strong><em>liberatos,</em></strong></span> <span class='ocrx_word' id='word_1_593' title='bbox 3217 3411 3379 3465; x_wconf 88' lang='lat' dir='ltr'><strong><em>quam</em></strong></span> <span class='ocrx_word' id='word_1_594' title='bbox 3409 3397 3676 3456; x_wconf 74' lang='lat' dir='ltr'><strong><em>viventes.</em></strong></span> <span class='ocrx_word' id='word_1_595' title='bbox 3717 3398 3882 3453; x_wconf 84' lang='lat' dir='ltr'><strong><em>Melior</em></strong></span> 
     </span>
    </p>
   </div>
   <div class='ocr_carea' id='block_1_79' title="bbox 2303 3481 3882 3552">
    <p class='ocr_par' dir='ltr' id='par_1_79' title="bbox 2303 3481 3882 3552">
     <span class='ocr_line' id='line_1_79' title="bbox 2303 3481 3882 3552; baseline 0.002 -14"><span class='ocrx_word' id='word_1_596' title='bbox 2303 3490 2385 3538; x_wconf 89' lang='lat' dir='ltr'><strong><em>est</em></strong></span> <span class='ocrx_word' id='word_1_597' title='bbox 2410 3481 2592 3552; x_wconf 89' lang='lat' dir='ltr'><strong><em>itaque</em></strong></span> <span class='ocrx_word' id='word_1_598' title='bbox 2620 3482 2707 3538; x_wconf 89' lang='lat' dir='ltr'><strong><em>his</em></strong></span> <span class='ocrx_word' id='word_1_599' title='bbox 2744 3483 2970 3551; x_wconf 91' lang='lat' dir='ltr'><strong><em>duobus,</em></strong></span> <span class='ocrx_word' id='word_1_600' title='bbox 3001 3486 3214 3543; x_wconf 86' lang='lat' dir='ltr'><strong><em>vivente</em></strong></span> <span class='ocrx_word' id='word_1_601' title='bbox 3242 3487 3490 3545; x_wconf 80' lang='lat' dir='ltr'><strong><em>videlicet</em></strong></span> <span class='ocrx_word' id='word_1_602' title='bbox 3531 3498 3585 3543; x_wconf 89' lang='lat' dir='ltr'><strong><em>et</em></strong></span> <span class='ocrx_word' id='word_1_603' title='bbox 3615 3489 3882 3552; x_wconf 86' lang='lat' dir='ltr'><strong><em>defuncto,</em></strong></span> 
     </span>
    </p>
   </div>
   <div class='ocr_carea' id='block_1_80' title="bbox 2303 3572 3883 3654">
    <p class='ocr_par' dir='ltr' id='par_1_80' title="bbox 2303 3572 3883 3654">
     <span class='ocr_line' id='line_1_80' title="bbox 2303 3572 3883 3654; baseline 0.003 -26"><span class='ocrx_word' id='word_1_604' title='bbox 2303 3572 2396 3644; x_wconf 91' lang='lat' dir='ltr'><strong><em>qui</em></strong></span> <span class='ocrx_word' id='word_1_605' title='bbox 2422 3572 2650 3630; x_wconf 88' lang='lat' dir='ltr'><strong><em>necdum</em></strong></span> <span class='ocrx_word' id='word_1_606' title='bbox 2679 3583 2838 3634; x_wconf 86' lang='lat' dir='ltr'><strong><em>natus</em></strong></span> <span class='ocrx_word' id='word_1_607' title='bbox 2869 3584 2950 3631; x_wconf 90' lang='lat' dir='ltr'><strong><em>est</em></strong></span> <span class='ocrx_word' id='word_1_608' title='bbox 2975 3592 2989 3644; x_wconf 93' lang='lat'><strong><em>;</em></strong></span> <span class='ocrx_word' id='word_1_609' title='bbox 3037 3574 3091 3632; x_wconf 92' lang='lat' dir='ltr'><strong><em>in</em></strong></span> <span class='ocrx_word' id='word_1_610' title='bbox 3117 3593 3183 3632; x_wconf 93' lang='lat' dir='ltr'><strong><em>eo</em></strong></span> <span class='ocrx_word' id='word_1_611' title='bbox 3216 3576 3423 3634; x_wconf 86' lang='lat' dir='ltr'><strong><em>felicior</em></strong></span> <span class='ocrx_word' id='word_1_612' title='bbox 3451 3587 3558 3644; x_wconf 90' lang='lat' dir='ltr'><strong><em>est,</em></strong></span> <span class='ocrx_word' id='word_1_613' title='bbox 3601 3580 3728 3654; x_wconf 87' lang='lat' dir='ltr'><strong><em>quia</em></strong></span> <span class='ocrx_word' id='word_1_614' title='bbox 3763 3593 3883 3648; x_wconf 86' lang='lat' dir='ltr'><strong><em>nec-</em></strong></span> 
     </span>
    </p>
   </div>
   <div class='ocr_carea' id='block_1_81' title="bbox 2302 3663 3883 3740">
    <p class='ocr_par' dir='ltr' id='par_1_81' title="bbox 2302 3663 3883 3740">
     <span class='ocr_line' id='line_1_81' title="bbox 2302 3663 3883 3740; baseline 0.004 -22"><span class='ocrx_word' id='word_1_615' title='bbox 2302 3663 2430 3720; x_wconf 91' lang='lat' dir='ltr'><strong><em>dum</em></strong></span> <span class='ocrx_word' id='word_1_616' title='bbox 2474 3663 2674 3720; x_wconf 88' lang='lat' dir='ltr'><strong><em>malum</em></strong></span> <span class='ocrx_word' id='word_1_617' title='bbox 2723 3666 2906 3722; x_wconf 87' lang='lat' dir='ltr'><strong><em>mundi</em></strong></span> <span class='ocrx_word' id='word_1_618' title='bbox 2938 3677 3190 3740; x_wconf 68' lang='lat' dir='ltr'><strong><em>expertus</em></strong></span> <span class='ocrx_word' id='word_1_619' title='bbox 3221 3677 3322 3727; x_wconf 89' lang='lat' dir='ltr'><strong><em>est.</em></strong></span> <span class='ocrx_word' id='word_1_620' title='bbox 3373 3669 3488 3727; x_wconf 87' lang='lat' dir='ltr'><strong><em>Hoc</em></strong></span> <span class='ocrx_word' id='word_1_621' title='bbox 3526 3680 3710 3728; x_wconf 88' lang='lat' dir='ltr'><strong><em>autem</em></strong></span> <span class='ocrx_word' id='word_1_622' title='bbox 3743 3671 3883 3736; x_wconf 87' lang='lat' dir='ltr'><strong><em>dicit,</em></strong></span> 
     </span>
    </p>
   </div>
   <div class='ocr_carea' id='block_1_82' title="bbox 2302 3757 3880 3836">
    <p class='ocr_par' dir='ltr' id='par_1_82' title="bbox 2302 3757 3880 3836">
     <span class='ocr_line' id='line_1_82' title="bbox 2302 3757 3880 3836; baseline 0.003 -24"><span class='ocrx_word' id='word_1_623' title='bbox 2302 3773 2408 3814; x_wconf 88' lang='lat' dir='ltr'><strong><em>non</em></strong></span> <span class='ocrx_word' id='word_1_624' title='bbox 2436 3757 2563 3829; x_wconf 89' lang='lat' dir='ltr'><strong><em>quia</em></strong></span> <span class='ocrx_word' id='word_1_625' title='bbox 2602 3758 2796 3814; x_wconf 63' lang='lat' dir='ltr'><strong><em>animae</em></strong></span> <span class='ocrx_word' id='word_1_626' title='bbox 2825 3759 2935 3814; x_wconf 90' lang='lat' dir='ltr'><strong><em>sint</em></strong></span> <span class='ocrx_word' id='word_1_627' title='bbox 2966 3760 3262 3832; x_wconf 87' lang='lat' dir='ltr'><strong><em>hominum,</em></strong></span> <span class='ocrx_word' id='word_1_628' title='bbox 3304 3764 3607 3834; x_wconf 84' lang='lat' dir='ltr'><strong><em>secundum</em></strong></span> <span class='ocrx_word' id='word_1_629' title='bbox 3635 3780 3880 3836; x_wconf 79' lang='lat' dir='ltr'><strong><em>quorum-</em></strong></span> 
     </span>
    </p>
   </div>
   <div class='ocr_carea' id='block_1_83' title="bbox 2303 3849 3883 3924">
    <p class='ocr_par' dir='ltr' id='par_1_83' title="bbox 2303 3849 3883 3924">
     <span class='ocr_line' id='line_1_83' title="bbox 2303 3849 3883 3924; baseline 0.004 -20"><span class='ocrx_word' id='word_1_630' title='bbox 2303 3849 2426 3905; x_wconf 90' lang='lat' dir='ltr'><strong><em>dam</em></strong></span> <span class='ocrx_word' id='word_1_631' title='bbox 2451 3865 2714 3920; x_wconf 88' lang='lat' dir='ltr'><strong><em>errorem,</em></strong></span> <span class='ocrx_word' id='word_1_632' title='bbox 2759 3860 3045 3924; x_wconf 89' lang='lat' dir='ltr'><strong><em>antequam</em></strong></span> <span class='ocrx_word' id='word_1_633' title='bbox 3076 3863 3332 3910; x_wconf 87' lang='lat' dir='ltr'><strong><em>nascatur</em></strong></span> <span class='ocrx_word' id='word_1_634' title='bbox 3359 3856 3521 3912; x_wconf 90' lang='lat' dir='ltr'><strong><em>homo</em></strong></span> <span class='ocrx_word' id='word_1_635' title='bbox 3560 3857 3618 3912; x_wconf 90' lang='lat' dir='ltr'><strong><em>in</em></strong></span> <span class='ocrx_word' id='word_1_636' title='bbox 3658 3858 3883 3924; x_wconf 89' lang='lat' dir='ltr'><strong><em>mundo;</em></strong></span> 
     </span>
    </p>
   </div>
   <div class='ocr_carea' id='block_1_84' title="bbox 2303 3944 3884 4016">
    <p class='ocr_par' dir='ltr' id='par_1_84' title="bbox 2303 3944 3884 4016">
     <span class='ocr_line' id='line_1_84' title="bbox 2303 3944 3884 4016; baseline 0.003 -16"><span class='ocrx_word' id='word_1_637' title='bbox 2303 3944 2397 4000; x_wconf 88' lang='lat' dir='ltr'><strong><em>sed</em></strong></span> <span class='ocrx_word' id='word_1_638' title='bbox 2420 3944 2546 4014; x_wconf 90' lang='lat' dir='ltr'><strong><em>quia</em></strong></span> <span class='ocrx_word' id='word_1_639' title='bbox 2577 3945 2769 4001; x_wconf 88' lang='lat' dir='ltr'><strong><em>melius</em></strong></span> <span class='ocrx_word' id='word_1_640' title='bbox 2812 3947 2882 4001; x_wconf 89' lang='lat' dir='ltr'><strong><em>sit</em></strong></span> <span class='ocrx_word' id='word_1_641' title='bbox 2927 3947 3146 4004; x_wconf 89' lang='lat' dir='ltr'><strong><em>omnino</em></strong></span> <span class='ocrx_word' id='word_1_642' title='bbox 3193 3966 3298 4005; x_wconf 89' lang='lat' dir='ltr'><strong><em>non</em></strong></span> <span class='ocrx_word' id='word_1_643' title='bbox 3342 3966 3486 4016; x_wconf 90' lang='lat' dir='ltr'><strong><em>esse,</em></strong></span> <span class='ocrx_word' id='word_1_644' title='bbox 3531 3968 3638 4008; x_wconf 88' lang='lat' dir='ltr'><strong><em>nec</em></strong></span> <span class='ocrx_word' id='word_1_645' title='bbox 3679 3965 3884 4008; x_wconf 86' lang='lat' dir='ltr'><strong><em>sensum</em></strong></span> 
     </span>
    </p>
   </div>
   <div class='ocr_carea' id='block_1_85' title="bbox 2302 4036 3887 4112">
    <p class='ocr_par' dir='ltr' id='par_1_85' title="bbox 2302 4036 3887 4112">
     <span class='ocr_line' id='line_1_85' title="bbox 2302 4036 3887 4112; baseline 0.004 -22"><span class='ocrx_word' id='word_1_646' title='bbox 2302 4036 2503 4091; x_wconf 89' lang='lat' dir='ltr'><strong><em>habere</em></strong></span> <span class='ocrx_word' id='word_1_647' title='bbox 2529 4038 2864 4104; x_wconf 61' lang='lat' dir='ltr'><strong><em>substantiae,</em></strong></span> <span class='ocrx_word' id='word_1_648' title='bbox 2897 4056 3058 4110; x_wconf 90' lang='lat' dir='ltr'><strong><em>quam</em></strong></span> <span class='ocrx_word' id='word_1_649' title='bbox 3094 4040 3378 4098; x_wconf 89' lang='lat' dir='ltr'><strong><em>infeliciter</em></strong></span> <span class='ocrx_word' id='word_1_650' title='bbox 3420 4043 3504 4098; x_wconf 89' lang='lat' dir='ltr'><strong><em>vel</em></strong></span> <span class='ocrx_word' id='word_1_651' title='bbox 3532 4059 3676 4112; x_wconf 87' lang='lat' dir='ltr'><strong><em>esse,</em></strong></span> <span class='ocrx_word' id='word_1_652' title='bbox 3705 4045 3788 4100; x_wconf 89' lang='lat' dir='ltr'><strong><em>vel</em></strong></span> <span class='ocrx_word' id='word_1_653' title='bbox 3815 4043 3887 4098; x_wconf 85' lang='lat' dir='ltr'><strong><em>vi-</em></strong></span> 
     </span>
    </p>
   </div>
   <div class='ocr_carea' id='block_1_86' title="bbox 2301 4125 3884 4206">
    <p class='ocr_par' dir='ltr' id='par_1_86' title="bbox 2301 4125 3884 4206">
     <span class='ocr_line' id='line_1_86' title="bbox 2301 4125 3884 4206; baseline 0.003 -24"><span class='ocrx_word' id='word_1_654' title='bbox 2301 4141 2448 4182; x_wconf 90' lang='lat' dir='ltr'><strong><em>vere.</em></strong></span> <span class='ocrx_word' id='word_1_655' title='bbox 2473 4125 2590 4196; x_wconf 90' lang='lat' dir='ltr'><strong><em>Quo</em></strong></span> <span class='ocrx_word' id='word_1_656' title='bbox 2620 4128 2779 4184; x_wconf 89' lang='lat' dir='ltr'><strong><em>modo</em></strong></span> <span class='ocrx_word' id='word_1_657' title='bbox 2802 4138 2856 4185; x_wconf 92' lang='lat' dir='ltr'><strong><em>et</em></strong></span> <span class='ocrx_word' id='word_1_658' title='bbox 2883 4129 2948 4185; x_wconf 90' lang='lat' dir='ltr'><strong><em>de</em></strong></span> <span class='ocrx_word' id='word_1_659' title='bbox 2976 4129 3113 4186; x_wconf 83' lang='lat' dir='ltr'><strong><em>Juda</em></strong></span> <span class='ocrx_word' id='word_1_660' title='bbox 3140 4131 3686 4206; x_wconf 84' lang='lat' dir='ltr'><strong><em>Dominusloquitur,</em></strong></span> <span class='ocrx_word' id='word_1_661' title='bbox 3718 4136 3884 4192; x_wconf 85' lang='lat' dir='ltr'><strong><em>futura</em></strong></span> 
     </span>
    </p>
   </div>
   <div class='ocr_carea' id='block_1_87' title="bbox 2301 4221 3889 4294">
    <p class='ocr_par' dir='ltr' id='par_1_87' title="bbox 2301 4221 3889 4294">
     <span class='ocr_line' id='line_1_87' title="bbox 2301 4221 3889 4294; baseline 0.006 -18"><span class='ocrx_word' id='word_1_662' title='bbox 2301 4221 2418 4290; x_wconf 89' lang='lat' dir='ltr'><strong><em>ejus</em></strong></span> <span class='ocrx_word' id='word_1_663' title='bbox 2447 4231 2713 4282; x_wconf 85' lang='lat' dir='ltr'><strong><em>tormenta</em></strong></span> <span class='ocrx_word' id='word_1_664' title='bbox 2739 4225 3049 4294; x_wconf 75' lang='lat' dir='ltr'><strong><em>significans</em></strong></span> <span class='ocrx_word' id='word_1_665' title='bbox 3077 4242 3091 4281; x_wconf 88' lang='lat'><strong>:</strong></span> <span class='ocrx_word' id='word_1_666' title='bbox 3145 4227 3338 4286; x_wconf 79' lang='lat' dir='ltr'><strong><em>Melius</em></strong></span> <span class='ocrx_word' id='word_1_667' title='bbox 3361 4241 3475 4288; x_wconf 78' lang='lat' dir='ltr'><strong><em>erat</em></strong></span> <span class='ocrx_word' id='word_1_668' title='bbox 3503 4249 3608 4287; x_wconf 88' lang='lat' dir='ltr'><strong><em>non</em></strong></span> <span class='ocrx_word' id='word_1_669' title='bbox 3633 4235 3782 4292; x_wconf 82' lang='lat' dir='ltr'><strong><em>nasci</em></strong></span> <span class='ocrx_word' id='word_1_670' title='bbox 3803 4235 3889 4287; x_wconf 79' lang='lat' dir='ltr'><strong><em>ho—</em></strong></span> 
     </span>
    </p>
   </div>
   <div class='ocr_carea' id='block_1_88' title="bbox 2301 4313 3887 4394">
    <p class='ocr_par' dir='ltr' id='par_1_88' title="bbox 2301 4313 3887 4394">
     <span class='ocr_line' id='line_1_88' title="bbox 2301 4313 3887 4394; baseline 0.008 -28"><span class='ocrx_word' id='word_1_671' title='bbox 2301 4314 2430 4368; x_wconf 88' lang='lat' dir='ltr'><strong><em>mini</em></strong></span> <span class='ocrx_word' id='word_1_672' title='bbox 2473 4313 2551 4368; x_wconf 81' lang='lat' dir='ltr'><strong><em>illi</em></strong></span> <span class='ocrx_word' id='word_1_673' title='bbox 2597 4314 2808 4384; x_wconf 80' lang='lat' dir='ltr'><strong><em>(Matth.</em></strong></span> <span class='ocrx_word' id='word_1_674' title='bbox 2845 4333 2995 4385; x_wconf 74' lang='lat' dir='ltr'><strong><em>xxvr,</em></strong></span> <span class='ocrx_word' id='word_1_675' title='bbox 3039 4319 3167 4394; x_wconf 68' lang='lat'><strong><em>24):</em></strong></span> <span class='ocrx_word' id='word_1_676' title='bbox 3214 4323 3339 4390; x_wconf 87' lang='lat' dir='ltr'><strong><em>quia</em></strong></span> <span class='ocrx_word' id='word_1_677' title='bbox 3383 4324 3581 4381; x_wconf 86' lang='lat' dir='ltr'><strong><em>melius</em></strong></span> <span class='ocrx_word' id='word_1_678' title='bbox 3628 4326 3808 4382; x_wconf 87' lang='lat' dir='ltr'><strong><em>fuerat</em></strong></span> <span class='ocrx_word' id='word_1_679' title='bbox 3843 4325 3887 4380; x_wconf 85' lang='lat' dir='ltr'><strong><em>ei</em></strong></span> 
     </span>
    </p>
   </div>
   <div class='ocr_carea' id='block_1_89' title="bbox 2302 4405 3823 4491">
    <p class='ocr_par' dir='ltr' id='par_1_89' title="bbox 2302 4405 3823 4491">
     <span class='ocr_line' id='line_1_89' title="bbox 2302 4405 3823 4491; baseline 0.009 -31"><span class='ocrx_word' id='word_1_680' title='bbox 2302 4405 2521 4461; x_wconf 90' lang='lat' dir='ltr'><strong><em>omnino</em></strong></span> <span class='ocrx_word' id='word_1_681' title='bbox 2548 4421 2652 4462; x_wconf 90' lang='lat' dir='ltr'><strong><em>non</em></strong></span> <span class='ocrx_word' id='word_1_682' title='bbox 2679 4423 2818 4473; x_wconf 88' lang='lat' dir='ltr'><strong><em>esse,</em></strong></span> <span class='ocrx_word' id='word_1_683' title='bbox 2849 4424 3010 4480; x_wconf 89' lang='lat' dir='ltr'><strong><em>quam</em></strong></span> <span class='ocrx_word' id='word_1_684' title='bbox 3036 4419 3267 4471; x_wconf 65' lang='lat' dir='ltr'><strong><em>aeternos</em></strong></span> <span class='ocrx_word' id='word_1_685' title='bbox 3292 4417 3568 4478; x_wconf 82' lang='lat' dir='ltr'><strong><em>cruciatus</em></strong></span> <span class='ocrx_word' id='word_1_686' title='bbox 3590 4422 3823 4491; x_wconf 84' lang='lat' dir='ltr'><strong><em>perpeti.</em></strong></span> 
     </span>
    </p>
   </div>
   <div class='ocr_carea' id='block_1_90' title="bbox 605 4483 3889 4578">
    <p class='ocr_par' dir='ltr' id='par_1_90' title="bbox 605 4483 3889 4578">
     <span class='ocr_line' id='line_1_90' title="bbox 605 4483 3889 4578; baseline 0.01 -42"><span class='ocrx_word' id='word_1_687' title='bbox 605 4487 714 4536; x_wconf 85' lang='lat' dir='ltr'><strong><em>test</em></strong></span> <span class='ocrx_word' id='word_1_688' title='bbox 737 4489 1026 4578; x_wconf 72' lang='lat' dir='ltr'><strong><em>utrumque</em></strong></span> <span class='ocrx_word' id='word_1_689' title='bbox 1051 4497 1151 4553; x_wconf 89' lang='lat' dir='ltr'><strong><em>pro</em></strong></span> <span class='ocrx_word' id='word_1_690' title='bbox 1181 4483 1386 4538; x_wconf 90' lang='lat' dir='ltr'><strong><em>incerto</em></strong></span> <span class='ocrx_word' id='word_1_691' title='bbox 1410 4485 1534 4541; x_wconf 81' lang='lat' dir='ltr'><strong><em>vitae</em></strong></span> <span class='ocrx_word' id='word_1_692' title='bbox 1575 4485 1732 4556; x_wconf 85' lang='lat' dir='ltr'><strong><em>hujus</em></strong></span> <span class='ocrx_word' id='word_1_693' title='bbox 1758 4497 1812 4543; x_wconf 91' lang='lat' dir='ltr'><strong><em>et</em></strong></span> <span class='ocrx_word' id='word_1_694' title='bbox 1857 4489 2065 4546; x_wconf 91' lang='lat' dir='ltr'><strong><em>lubrico</em></strong></span> <span class='ocrx_word' id='word_1_695' title='bbox 2091 4500 2199 4547; x_wconf 90' lang='lat' dir='ltr'><strong><em>sta-</em></strong></span> <span class='ocrx_word' id='word_1_696' title='bbox 2222 4513 2280 4578; x_wconf 70' lang='grc' dir='ltr'>ι)</span> <span class='ocrx_word' id='word_1_697' title='bbox 2374 4499 2533 4553; x_wconf 78' lang='lat' dir='ltr'><strong><em>Vens.</em></strong></span> <span class='ocrx_word' id='word_1_698' title='bbox 2559 4498 2612 4554; x_wconf 71' lang='grc'><strong><em>4.</em></strong></span> <span class='ocrx_word' id='word_1_699' title='bbox 2634 4530 2704 4539; x_wconf 90' lang='grc'><strong><em>-</em></strong></span> <span class='ocrx_word' id='word_1_700' title='bbox 2725 4499 2929 4558; x_wconf 79' lang='lat' dir='ltr'><strong><em>Rursus</em></strong></span> <span class='ocrx_word' id='word_1_701' title='bbox 2950 4506 3323 4578; x_wconf 59' lang='lat' dir='ltr'><strong><em>contemﬂatus</em></strong></span> <span class='ocrx_word' id='word_1_702' title='bbox 3342 4526 3458 4566; x_wconf 89' lang='lat' dir='ltr'><strong><em>sum</em></strong></span> <span class='ocrx_word' id='word_1_703' title='bbox 3485 4483 3666 4568; x_wconf 72' lang='lat' dir='ltr'><strong><em>omnes</em></strong></span> <span class='ocrx_word' id='word_1_704' title='bbox 3690 4483 3889 4568; x_wconf 72' lang='lat' dir='ltr'><strong><em>labores</em></strong></span> 
     </span>
    </p>
   </div>
   <div class='ocr_carea' id='block_1_91' title="bbox 604 4570 3891 4674">
    <p class='ocr_par' dir='ltr' id='par_1_91' title="bbox 604 4570 3891 4674">
     <span class='ocr_line' id='line_1_91' title="bbox 604 4570 3891 4674; baseline 0.01 -49"><span class='ocrx_word' id='word_1_705' title='bbox 604 4577 774 4639; x_wconf 85' lang='lat' dir='ltr'><strong><em>tu,nt</em></strong></span> <span class='ocrx_word' id='word_1_706' title='bbox 809 4570 988 4674; x_wconf 76' lang='lat' dir='ltr'><strong><em>justus</em></strong></span> <span class='ocrx_word' id='word_1_707' title='bbox 1028 4573 1206 4640; x_wconf 89' lang='lat' dir='ltr'><strong><em>cadat,</em></strong></span> <span class='ocrx_word' id='word_1_708' title='bbox 1249 4585 1502 4645; x_wconf 88' lang='lat' dir='ltr'><strong><em>peccator</em></strong></span> <span class='ocrx_word' id='word_1_709' title='bbox 1549 4588 1829 4650; x_wconf 82' lang='lat' dir='ltr'><strong><em>resurgat;</em></strong></span> <span class='ocrx_word' id='word_1_710' title='bbox 1863 4590 1916 4635; x_wconf 89' lang='lat' dir='ltr'><strong><em>et</em></strong></span> <span class='ocrx_word' id='word_1_711' title='bbox 1954 4570 2270 4638; x_wconf 47' lang='lat' dir='ltr'><strong><em>nonnun-v</em></strong></span> <span class='ocrx_word' id='word_1_712' title='bbox 2301 4589 2590 4658; x_wconf 79' lang='lat' dir='ltr'><strong><em>hominum,</em></strong></span> <span class='ocrx_word' id='word_1_713' title='bbox 2639 4603 2687 4647; x_wconf 89' lang='lat' dir='ltr'><strong><em>et</em></strong></span> <span class='ocrx_word' id='word_1_714' title='bbox 2734 4593 3022 4650; x_wconf 87' lang='lat' dir='ltr'><strong><em>industrias</em></strong></span> <span class='ocrx_word' id='word_1_715' title='bbox 3067 4570 3411 4656; x_wconf 82' lang='lat' dir='ltr'><strong><em>animadverti</em></strong></span> <span class='ocrx_word' id='word_1_716' title='bbox 3458 4614 3640 4674; x_wconf 80' lang='lat' dir='ltr'><strong><em>patere</em></strong></span> <span class='ocrx_word' id='word_1_717' title='bbox 3687 4605 3891 4660; x_wconf 68' lang='lat' dir='ltr'><strong><em>invidiae</em></strong></span> 
     </span>
    </p>
   </div>
   <div class='ocr_carea' id='block_1_92' title="bbox 604 4665 2195 4745">
    <p class='ocr_par' dir='ltr' id='par_1_92' title="bbox 604 4665 2195 4745">
     <span class='ocr_line' id='line_1_92' title="bbox 604 4665 2195 4745; baseline 0.009 -29"><span class='ocrx_word' id='word_1_718' title='bbox 604 4676 773 4735; x_wconf 87' lang='lat' dir='ltr'><strong><em>quam</em></strong></span> <span class='ocrx_word' id='word_1_719' title='bbox 800 4665 1033 4731; x_wconf 88' lang='lat' dir='ltr'><strong><em>eveniat,</em></strong></span> <span class='ocrx_word' id='word_1_720' title='bbox 1065 4674 1124 4721; x_wconf 88' lang='lat' dir='ltr'><strong><em>ut</em></strong></span> <span class='ocrx_word' id='word_1_721' title='bbox 1149 4669 1521 4724; x_wconf 90' lang='lat' dir='ltr'><strong><em>rationabilior</em></strong></span> <span class='ocrx_word' id='word_1_722' title='bbox 1545 4678 1596 4726; x_wconf 91' lang='lat' dir='ltr'><strong><em>et</em></strong></span> <span class='ocrx_word' id='word_1_723' title='bbox 1619 4673 1862 4727; x_wconf 59' lang='lat' dir='ltr'><strong><em>eruditus</em></strong></span> <span class='ocrx_word' id='word_1_724' title='bbox 1893 4675 2195 4745; x_wconf 86' lang='lat' dir='ltr'><strong><em>scripturis,</em></strong></span> 
     </span>
    </p>
   </div>
   <div class='ocr_carea' id='block_1_93' title="bbox 603 4751 2197 4831">
    <p class='ocr_par' dir='ltr' id='par_1_93' title="bbox 603 4751 2197 4831">
     <span class='ocr_line' id='line_1_93' title="bbox 603 4751 2197 4831; baseline 0.008 -21"><span class='ocrx_word' id='word_1_725' title='bbox 603 4751 662 4811; x_wconf 84' lang='lat' dir='ltr'><strong><em>id</em></strong></span> <span class='ocrx_word' id='word_1_726' title='bbox 688 4763 772 4811; x_wconf 87' lang='lat' dir='ltr'><strong><em>est</em></strong></span> <span class='ocrx_word' id='word_1_727' title='bbox 819 4754 1000 4822; x_wconf 89' lang='lat' dir='ltr'><strong><em>homo,</em></strong></span> <span class='ocrx_word' id='word_1_728' title='bbox 1046 4773 1151 4812; x_wconf 92' lang='lat' dir='ltr'><strong><em>non</em></strong></span> <span class='ocrx_word' id='word_1_729' title='bbox 1191 4760 1579 4831; x_wconf 88' lang='lat' dir='ltr'><strong><em>circumspecte</em></strong></span> <span class='ocrx_word' id='word_1_730' title='bbox 1622 4772 1675 4817; x_wconf 90' lang='lat' dir='ltr'><strong><em>et</em></strong></span> <span class='ocrx_word' id='word_1_731' title='bbox 1726 4772 1782 4817; x_wconf 90' lang='lat' dir='ltr'><strong><em>ut</em></strong></span> <span class='ocrx_word' id='word_1_732' title='bbox 1825 4765 2051 4821; x_wconf 85' lang='lat' dir='ltr'><strong><em>scientia</em></strong></span> <span class='ocrx_word' id='word_1_733' title='bbox 2101 4783 2197 4824; x_wconf 89' lang='lat' dir='ltr'><strong><em>sua</em></strong></span> 
     </span>
    </p>
   </div>
   <div class='ocr_carea' id='block_1_94' title="bbox 604 4844 2198 4924">
    <p class='ocr_par' dir='ltr' id='par_1_94' title="bbox 604 4844 2198 4924">
     <span class='ocr_line' id='line_1_94' title="bbox 604 4844 2198 4924; baseline 0.008 -24"><span class='ocrx_word' id='word_1_734' title='bbox 604 4844 794 4917; x_wconf 72' lang='lat' dir='ltr'><strong><em>exigit,</em></strong></span> <span class='ocrx_word' id='word_1_735' title='bbox 834 4846 1006 4906; x_wconf 85' lang='lat' dir='ltr'><strong><em>vivat.</em></strong></span> <span class='ocrx_word' id='word_1_736' title='bbox 1042 4855 1096 4902; x_wconf 90' lang='lat' dir='ltr'><strong><em>et</em></strong></span> <span class='ocrx_word' id='word_1_737' title='bbox 1141 4849 1367 4903; x_wconf 86' lang='lat' dir='ltr'><strong><em>ducatur</em></strong></span> <span class='ocrx_word' id='word_1_738' title='bbox 1409 4853 1473 4907; x_wconf 89' lang='lat' dir='ltr'><strong><em>ad</em></strong></span> <span class='ocrx_word' id='word_1_739' title='bbox 1525 4852 1766 4918; x_wconf 84' lang='lat' dir='ltr'><strong><em>inferos;</em></strong></span> <span class='ocrx_word' id='word_1_740' title='bbox 1814 4864 1869 4908; x_wconf 91' lang='lat' dir='ltr'><strong><em>et</em></strong></span> <span class='ocrx_word' id='word_1_741' title='bbox 1905 4855 2198 4924; x_wconf 86' lang='lat' dir='ltr'><strong><em>simplicior</em></strong></span> 
     </span>
    </p>
   </div>
   <div class='ocr_carea' id='block_1_95' title="bbox 602 4935 2197 5013">
    <p class='ocr_par' dir='ltr' id='par_1_95' title="bbox 602 4935 2197 5013">
     <span class='ocr_line' id='line_1_95' title="bbox 602 4935 2197 5013; baseline 0.008 -23"><span class='ocrx_word' id='word_1_742' title='bbox 602 4935 832 5008; x_wconf 89' lang='lat' dir='ltr'><strong><em>quisque</em></strong></span> <span class='ocrx_word' id='word_1_743' title='bbox 861 4944 1023 5006; x_wconf 89' lang='lat' dir='ltr'><strong><em>atque</em></strong></span> <span class='ocrx_word' id='word_1_744' title='bbox 1045 4939 1320 5004; x_wconf 88' lang='lat' dir='ltr'><strong><em>rustieior,</em></strong></span> <span class='ocrx_word' id='word_1_745' title='bbox 1348 4943 1438 5011; x_wconf 91' lang='lat' dir='ltr'><strong><em>qui</em></strong></span> <span class='ocrx_word' id='word_1_746' title='bbox 1458 4943 1760 5013; x_wconf 88' lang='lat' dir='ltr'><strong><em>jumcntum</em></strong></span> <span class='ocrx_word' id='word_1_747' title='bbox 1785 4945 2020 5000; x_wconf 88' lang='lat' dir='ltr'><strong><em>hominis</em></strong></span> <span class='ocrx_word' id='word_1_748' title='bbox 2050 4963 2197 5002; x_wconf 88' lang='lat' dir='ltr'><strong><em>eom-</em></strong></span> 
     </span>
    </p>
   </div>
   <div class='ocr_carea' id='block_1_96' title="bbox 600 5029 2195 5111">
    <p class='ocr_par' dir='ltr' id='par_1_96' title="bbox 600 5029 2195 5111">
     <span class='ocr_line' id='line_1_96' title="bbox 600 5029 2195 5111; baseline 0.011 -30"><span class='ocrx_word' id='word_1_749' title='bbox 600 5029 883 5098; x_wconf 89' lang='lat' dir='ltr'><strong><em>paratione</em></strong></span> <span class='ocrx_word' id='word_1_750' title='bbox 929 5030 1146 5098; x_wconf 89' lang='lat' dir='ltr'><strong><em>dicitur,</em></strong></span> <span class='ocrx_word' id='word_1_751' title='bbox 1197 5033 1386 5090; x_wconf 82' lang='lat' dir='ltr'><strong><em>melius</em></strong></span> <span class='ocrx_word' id='word_1_752' title='bbox 1431 5036 1589 5101; x_wconf 87' lang='lat' dir='ltr'><strong><em>vivat,</em></strong></span> <span class='ocrx_word' id='word_1_753' title='bbox 1633 5047 1687 5093; x_wconf 91' lang='lat' dir='ltr'><strong><em>et</em></strong></span> <span class='ocrx_word' id='word_1_754' title='bbox 1735 5041 1996 5111; x_wconf 85' lang='lat' dir='ltr'><strong><em>martyrio</em></strong></span> <span class='ocrx_word' id='word_1_755' title='bbox 2039 5057 2195 5099; x_wconf 91' lang='lat' dir='ltr'><strong><em>coro-</em></strong></span> 
     </span>
    </p>
   </div>
   <div class='ocr_carea' id='block_1_97' title="bbox 603 5122 1404 5192">
    <p class='ocr_par' dir='ltr' id='par_1_97' title="bbox 603 5122 1404 5192">
     <span class='ocr_line' id='line_1_97' title="bbox 603 5122 1404 5192; baseline 0.006 -18"><span class='ocrx_word' id='word_1_756' title='bbox 603 5129 762 5174; x_wconf 91' lang='lat' dir='ltr'><strong><em>natus</em></strong></span> <span class='ocrx_word' id='word_1_757' title='bbox 800 5122 1039 5192; x_wconf 89' lang='lat' dir='ltr'><strong><em>paradisi</em></strong></span> <span class='ocrx_word' id='word_1_758' title='bbox 1068 5124 1138 5178; x_wconf 91' lang='lat' dir='ltr'><strong><em>sit</em></strong></span> <span class='ocrx_word' id='word_1_759' title='bbox 1163 5124 1404 5180; x_wconf 90' lang='lat' dir='ltr'><strong><em>colonus.</em></strong></span> 
     </span>
    </p>
   </div>
   <div class='ocr_carea' id='block_1_98' title="bbox 673 5213 2192 5298">
    <p class='ocr_par' dir='ltr' id='par_1_98' title="bbox 673 5213 2192 5298">
     <span class='ocr_line' id='line_1_98' title="bbox 673 5213 2192 5298; baseline 0.01 -30"><span class='ocrx_word' id='word_1_760' title='bbox 673 5213 836 5270; x_wconf 67' lang='lat' dir='ltr'><strong><em>Vens.</em></strong></span> <span class='ocrx_word' id='word_1_761' title='bbox 866 5214 955 5269; x_wconf 75' lang='lat'><strong><em>2‘2.</em></strong></span> <span class='ocrx_word' id='word_1_762' title='bbox 980 5246 1052 5255; x_wconf 95' lang='lat'><strong>—</strong></span> <span class='ocrx_word' id='word_1_763' title='bbox 1080 5215 1145 5270; x_wconf 87' lang='lat' dir='ltr'><strong><em>Et</em></strong></span> <span class='ocrx_word' id='word_1_764' title='bbox 1187 5217 1498 5287; x_wconf 82' lang='lat' dir='ltr'><strong><em>deprehendi</em></strong></span> <span class='ocrx_word' id='word_1_765' title='bbox 1530 5222 1659 5276; x_wconf 80' lang='lat' dir='ltr'><strong><em>nihil</em></strong></span> <span class='ocrx_word' id='word_1_766' title='bbox 1685 5241 1793 5279; x_wconf 85' lang='lat' dir='ltr'><strong><em>esse</em></strong></span> <span class='ocrx_word' id='word_1_767' title='bbox 1820 5226 2006 5282; x_wconf 85' lang='lat' dir='ltr'><strong><em>melius</em></strong></span> <span class='ocrx_word' id='word_1_768' title='bbox 2034 5245 2192 5298; x_wconf 87' lang='lat' dir='ltr'><strong><em>quam</em></strong></span> 
     </span>
    </p>
   </div>
   <div class='ocr_carea' id='block_1_99' title="bbox 605 5302 2192 5388">
    <p class='ocr_par' dir='ltr' id='par_1_99' title="bbox 605 5302 2192 5388">
     <span class='ocr_line' id='line_1_99' title="bbox 605 5302 2192 5388; baseline 0.011 -32"><span class='ocrx_word' id='word_1_769' title='bbox 605 5302 777 5358; x_wconf 74' lang='lat' dir='ltr'><strong><em>lwtari</em></strong></span> <span class='ocrx_word' id='word_1_770' title='bbox 804 5305 1067 5360; x_wconf 86' lang='lat' dir='ltr'><strong><em>hominem</em></strong></span> <span class='ocrx_word' id='word_1_771' title='bbox 1094 5306 1149 5361; x_wconf 87' lang='lat' dir='ltr'><strong><em>in</em></strong></span> <span class='ocrx_word' id='word_1_772' title='bbox 1191 5323 1342 5377; x_wconf 85' lang='lat' dir='ltr'><strong><em>opere</em></strong></span> <span class='ocrx_word' id='word_1_773' title='bbox 1366 5326 1482 5375; x_wconf 89' lang='lat' dir='ltr'><strong><em>suo,</em></strong></span> <span class='ocrx_word' id='word_1_774' title='bbox 1515 5322 1563 5365; x_wconf 90' lang='lat' dir='ltr'><strong><em>et</em></strong></span> <span class='ocrx_word' id='word_1_775' title='bbox 1592 5314 1728 5368; x_wconf 84' lang='lat' dir='ltr'><strong><em>hanc</em></strong></span> <span class='ocrx_word' id='word_1_776' title='bbox 1756 5333 1866 5370; x_wconf 88' lang='lat' dir='ltr'><strong><em>esse</em></strong></span> <span class='ocrx_word' id='word_1_777' title='bbox 1901 5329 2101 5388; x_wconf 89' lang='lat' dir='ltr'><strong><em>partem</em></strong></span> <span class='ocrx_word' id='word_1_778' title='bbox 2127 5319 2192 5373; x_wconf 86' lang='lat' dir='ltr'><strong><em>il-</em></strong></span> 
     </span>
    </p>
   </div>
   <div class='ocr_carea' id='block_1_100' title="bbox 600 5389 2191 5480">
    <p class='ocr_par' dir='ltr' id='par_1_100' title="bbox 600 5389 2191 5480">
     <span class='ocr_line' id='line_1_100' title="bbox 600 5389 2191 5480; baseline 0.012 -35"><span class='ocrx_word' id='word_1_779' title='bbox 600 5389 724 5446; x_wconf 86' lang='lat' dir='ltr'><strong><em>lius.</em></strong></span> <span class='ocrx_word' id='word_1_780' title='bbox 759 5391 888 5459; x_wconf 86' lang='lat' dir='ltr'><strong><em>Quis</em></strong></span> <span class='ocrx_word' id='word_1_781' title='bbox 914 5396 1052 5450; x_wconf 87' lang='lat' dir='ltr'><strong><em>enim</em></strong></span> <span class='ocrx_word' id='word_1_782' title='bbox 1084 5396 1308 5472; x_wconf 87' lang='lat' dir='ltr'><strong><em>adducet</em></strong></span> <span class='ocrx_word' id='word_1_783' title='bbox 1338 5415 1476 5466; x_wconf 88' lang='lat' dir='ltr'><strong><em>eum,</em></strong></span> <span class='ocrx_word' id='word_1_784' title='bbox 1502 5412 1556 5455; x_wconf 90' lang='lat' dir='ltr'><strong><em>ut</em></strong></span> <span class='ocrx_word' id='word_1_785' title='bbox 1582 5413 1696 5476; x_wconf 89' lang='lat' dir='ltr'><strong><em>post</em></strong></span> <span class='ocrx_word' id='word_1_786' title='bbox 1719 5422 1772 5458; x_wconf 88' lang='lat' dir='ltr'><strong><em>se</em></strong></span> <span class='ocrx_word' id='word_1_787' title='bbox 1799 5407 1978 5475; x_wconf 78' lang='lat' dir='ltr'><strong><em>futura</em></strong></span> <span class='ocrx_word' id='word_1_788' title='bbox 2001 5426 2191 5480; x_wconf 88' lang='lat' dir='ltr'><strong><em>cogno-</em></strong></span> 
     </span>
    </p>
   </div>
   <div class='ocr_carea' id='block_1_101' title="bbox 601 5481 2192 5567">
    <p class='ocr_par' dir='ltr' id='par_1_101' title="bbox 601 5481 2192 5567">
     <span class='ocr_line' id='line_1_101' title="bbox 601 5481 2192 5567; baseline 0.012 -31"><span class='ocrx_word' id='word_1_789' title='bbox 601 5492 714 5536; x_wconf 87' lang='lat' dir='ltr'><strong><em>scat</em></strong></span> <span class='ocrx_word' id='word_1_790' title='bbox 738 5484 764 5537; x_wconf 80' lang='lat'><strong><em>?</em></strong></span> <span class='ocrx_word' id='word_1_791' title='bbox 783 5481 1060 5554; x_wconf 89' lang='lat' dir='ltr'><strong><em>Superiori</em></strong></span> <span class='ocrx_word' id='word_1_792' title='bbox 1091 5503 1276 5546; x_wconf 89' lang='lat' dir='ltr'><strong><em>errore</em></strong></span> <span class='ocrx_word' id='word_1_793' title='bbox 1303 5492 1568 5559; x_wconf 91' lang='lat' dir='ltr'><strong><em>turbatus,</em></strong></span> <span class='ocrx_word' id='word_1_794' title='bbox 1596 5496 1738 5566; x_wconf 90' lang='lat' dir='ltr'><strong><em>quod</em></strong></span> <span class='ocrx_word' id='word_1_795' title='bbox 1765 5506 2009 5567; x_wconf 85' lang='lat' dir='ltr'><strong><em>putarem</em></strong></span> <span class='ocrx_word' id='word_1_796' title='bbox 2050 5502 2192 5555; x_wconf 90' lang='lat' dir='ltr'><strong><em>inter</em></strong></span> 
     </span>
    </p>
   </div>
   <div class='ocr_carea' id='block_1_102' title="bbox 600 5569 2187 5649">
    <p class='ocr_par' dir='ltr' id='par_1_102' title="bbox 600 5569 2187 5649">
     <span class='ocr_line' id='line_1_102' title="bbox 600 5569 2187 5649; baseline 0.012 -23"><span class='ocrx_word' id='word_1_797' title='bbox 600 5569 848 5630; x_wconf 84' lang='lat' dir='ltr'><strong><em>homines</em></strong></span> <span class='ocrx_word' id='word_1_798' title='bbox 890 5584 945 5630; x_wconf 91' lang='lat' dir='ltr'><strong><em>et</em></strong></span> <span class='ocrx_word' id='word_1_799' title='bbox 988 5578 1190 5635; x_wconf 89' lang='lat' dir='ltr'><strong><em>bestias</em></strong></span> <span class='ocrx_word' id='word_1_800' title='bbox 1237 5581 1371 5635; x_wconf 89' lang='lat' dir='ltr'><strong><em>nihil</em></strong></span> <span class='ocrx_word' id='word_1_801' title='bbox 1415 5597 1553 5649; x_wconf 87' lang='lat' dir='ltr'><strong><em>esse,</em></strong></span> <span class='ocrx_word' id='word_1_802' title='bbox 1603 5585 1657 5638; x_wconf 92' lang='lat' dir='ltr'><strong><em>in</em></strong></span> <span class='ocrx_word' id='word_1_803' title='bbox 1682 5586 1822 5641; x_wconf 83' lang='lat' dir='ltr'><strong><em>hanc</em></strong></span> <span class='ocrx_word' id='word_1_804' title='bbox 1869 5591 2187 5645; x_wconf 77' lang='lat' dir='ltr'><strong><em>sententiam</em></strong></span> 
     </span>
    </p>
   </div>
   <div class='ocr_carea' id='block_1_103' title="bbox 601 5670 2190 5756">
    <p class='ocr_par' dir='ltr' id='par_1_103' title="bbox 601 5670 2190 5756">
     <span class='ocr_line' id='line_1_103' title="bbox 601 5670 2190 5756; baseline 0.011 -34"><span class='ocrx_word' id='word_1_805' title='bbox 601 5679 768 5734; x_wconf 78' lang='lat' dir='ltr'><strong><em>prava</em></strong></span> <span class='ocrx_word' id='word_1_806' title='bbox 809 5670 1060 5740; x_wconf 82' lang='lat' dir='ltr'><strong><em>Opinione</em></strong></span> <span class='ocrx_word' id='word_1_807' title='bbox 1108 5677 1362 5732; x_wconf 86' lang='lat' dir='ltr'><strong><em>seductus</em></strong></span> <span class='ocrx_word' id='word_1_808' title='bbox 1414 5678 1565 5751; x_wconf 84' lang='lat' dir='ltr'><strong><em>[Ms.,</em></strong></span> <span class='ocrx_word' id='word_1_809' title='bbox 1609 5681 1891 5756; x_wconf 85' lang='lat' dir='ltr'><strong><em>deductus]</em></strong></span> <span class='ocrx_word' id='word_1_810' title='bbox 1939 5699 2078 5750; x_wconf 91' lang='lat' dir='ltr'><strong><em>sum,</em></strong></span> <span class='ocrx_word' id='word_1_811' title='bbox 2131 5693 2190 5739; x_wconf 92' lang='lat' dir='ltr'><strong><em>ut</em></strong></span> 
     </span>
    </p>
   </div>
   <div class='ocr_carea' id='block_1_104' title="bbox 605 5758 2187 5847">
    <p class='ocr_par' dir='ltr' id='par_1_104' title="bbox 605 5758 2187 5847">
     <span class='ocr_line' id='line_1_104' title="bbox 605 5758 2187 5847; baseline 0.015 -36"><span class='ocrx_word' id='word_1_812' title='bbox 605 5758 740 5813; x_wconf 89' lang='lat' dir='ltr'><strong><em>nihil</em></strong></span> <span class='ocrx_word' id='word_1_813' title='bbox 765 5761 909 5816; x_wconf 89' lang='lat' dir='ltr'><strong><em>aliud</em></strong></span> <span class='ocrx_word' id='word_1_814' title='bbox 954 5764 1187 5822; x_wconf 88' lang='lat' dir='ltr'><strong><em>dicerem</em></strong></span> <span class='ocrx_word' id='word_1_815' title='bbox 1228 5770 1449 5839; x_wconf 88' lang='lat' dir='ltr'><strong><em>bonum,</em></strong></span> <span class='ocrx_word' id='word_1_816' title='bbox 1501 5773 1603 5829; x_wconf 88' lang='lat' dir='ltr'><strong><em>nisi</em></strong></span> <span class='ocrx_word' id='word_1_817' title='bbox 1631 5785 1951 5844; x_wconf 76' lang='lat' dir='ltr'><strong><em>praesentem</em></strong></span> <span class='ocrx_word' id='word_1_818' title='bbox 1995 5793 2187 5847; x_wconf 87' lang='lat' dir='ltr'><strong><em>capere</em></strong></span> 
     </span>
    </p>
   </div>
   <div class='ocr_carea' id='block_1_105' title="bbox 2298 4684 3890 4769">
    <p class='ocr_par' dir='ltr' id='par_1_105' title="bbox 2298 4684 3890 4769">
     <span class='ocr_line' id='line_1_105' title="bbox 2298 4684 3890 4769; baseline 0.009 -35"><span class='ocrx_word' id='word_1_819' title='bbox 2298 4684 2542 4752; x_wconf 73' lang='lat' dir='ltr'><strong><em>proximi,</em></strong></span> <span class='ocrx_word' id='word_1_820' title='bbox 2569 4694 2614 4738; x_wconf 87' lang='lat' dir='ltr'><strong><em>et</em></strong></span> <span class='ocrx_word' id='word_1_821' title='bbox 2658 4687 2711 4740; x_wconf 88' lang='lat' dir='ltr'><strong><em>in</em></strong></span> <span class='ocrx_word' id='word_1_822' title='bbox 2745 4687 2841 4741; x_wconf 86' lang='lat' dir='ltr'><strong><em>hoc</em></strong></span> <span class='ocrx_word' id='word_1_823' title='bbox 2867 4705 2986 4761; x_wconf 86' lang='lat' dir='ltr'><strong><em>ergo</em></strong></span> <span class='ocrx_word' id='word_1_824' title='bbox 3027 4691 3226 4746; x_wconf 82' lang='lat' dir='ltr'><strong><em>vanitas</em></strong></span> <span class='ocrx_word' id='word_1_825' title='bbox 3253 4702 3300 4747; x_wconf 87' lang='lat' dir='ltr'><strong><em>et</em></strong></span> <span class='ocrx_word' id='word_1_826' title='bbox 3327 4711 3457 4750; x_wconf 88' lang='lat' dir='ltr'><strong><em>cura</em></strong></span> <span class='ocrx_word' id='word_1_827' title='bbox 3497 4701 3778 4769; x_wconf 77' lang='lat' dir='ltr'><strong><em>superﬂua</em></strong></span> <span class='ocrx_word' id='word_1_828' title='bbox 3802 4705 3890 4752; x_wconf 75' lang='lat' dir='ltr'><strong><em>est.</em></strong></span> 
     </span>
    </p>
   </div>
   <div class='ocr_carea' id='block_1_106' title="bbox 2298 4772 3895 4846">
    <p class='ocr_par' dir='ltr' id='par_1_106' title="bbox 2298 4772 3895 4846">
     <span class='ocr_line' id='line_1_106' title="bbox 2298 4772 3895 4846; baseline 0.01 -19"><span class='ocrx_word' id='word_1_829' title='bbox 2298 4772 2553 4830; x_wconf 86' lang='lat' dir='ltr'><strong><em>Converti</em></strong></span> <span class='ocrx_word' id='word_1_830' title='bbox 2595 4791 2682 4832; x_wconf 90' lang='lat' dir='ltr'><strong><em>me</em></strong></span> <span class='ocrx_word' id='word_1_831' title='bbox 2725 4793 2911 4834; x_wconf 81' lang='lat' dir='ltr'><strong><em>rursus</em></strong></span> <span class='ocrx_word' id='word_1_832' title='bbox 2952 4781 3017 4836; x_wconf 90' lang='lat' dir='ltr'><strong><em>ad</em></strong></span> <span class='ocrx_word' id='word_1_833' title='bbox 3044 4781 3168 4846; x_wconf 90' lang='lat' dir='ltr'><strong><em>alia,</em></strong></span> <span class='ocrx_word' id='word_1_834' title='bbox 3202 4791 3256 4838; x_wconf 92' lang='lat' dir='ltr'><strong><em>et</em></strong></span> <span class='ocrx_word' id='word_1_835' title='bbox 3285 4785 3394 4840; x_wconf 90' lang='lat' dir='ltr'><strong><em>vidi</em></strong></span> <span class='ocrx_word' id='word_1_836' title='bbox 3428 4800 3652 4842; x_wconf 86' lang='lat' dir='ltr'><strong><em>omnem</em></strong></span> <span class='ocrx_word' id='word_1_837' title='bbox 3682 4789 3895 4844; x_wconf 86' lang='lat' dir='ltr'><strong><em>fortitu-</em></strong></span> 
     </span>
    </p>
   </div>
   <div class='ocr_carea' id='block_1_107' title="bbox 2297 4864 3892 4945">
    <p class='ocr_par' dir='ltr' id='par_1_107' title="bbox 2297 4864 3892 4945">
     <span class='ocr_line' id='line_1_107' title="bbox 2297 4864 3892 4945; baseline 0.009 -27"><span class='ocrx_word' id='word_1_838' title='bbox 2297 4864 2475 4920; x_wconf 90' lang='lat' dir='ltr'><strong><em>dinem</em></strong></span> <span class='ocrx_word' id='word_1_839' title='bbox 2507 4874 2560 4922; x_wconf 91' lang='lat' dir='ltr'><strong><em>et</em></strong></span> <span class='ocrx_word' id='word_1_840' title='bbox 2587 4867 2811 4940; x_wconf 78' lang='lat' dir='ltr'><strong><em>gloriam</em></strong></span> <span class='ocrx_word' id='word_1_841' title='bbox 2841 4869 3221 4940; x_wconf 89' lang='lat' dir='ltr'><strong><em>laborantium,</em></strong></span> <span class='ocrx_word' id='word_1_842' title='bbox 3253 4882 3309 4928; x_wconf 87' lang='lat' dir='ltr'><strong><em>et</em></strong></span> <span class='ocrx_word' id='word_1_843' title='bbox 3335 4875 3672 4945; x_wconf 82' lang='lat' dir='ltr'><strong><em>deprehendi</em></strong></span> <span class='ocrx_word' id='word_1_844' title='bbox 3698 4882 3892 4934; x_wconf 87' lang='lat' dir='ltr'><strong><em>bonum</em></strong></span> 
     </span>
    </p>
   </div>
   <div class='ocr_carea' id='block_1_108' title="bbox 2294 4957 3894 5031">
    <p class='ocr_par' dir='ltr' id='par_1_108' title="bbox 2294 4957 3894 5031">
     <span class='ocr_line' id='line_1_108' title="bbox 2294 4957 3894 5031; baseline 0.011 -20"><span class='ocrx_word' id='word_1_845' title='bbox 2294 4957 2516 5015; x_wconf 83' lang='lat' dir='ltr'><strong><em>alterius</em></strong></span> <span class='ocrx_word' id='word_1_846' title='bbox 2563 4976 2681 5017; x_wconf 88' lang='lat' dir='ltr'><strong><em>esse</em></strong></span> <span class='ocrx_word' id='word_1_847' title='bbox 2732 4963 2954 5020; x_wconf 88' lang='lat' dir='ltr'><strong><em>alterius</em></strong></span> <span class='ocrx_word' id='word_1_848' title='bbox 3003 4966 3223 5031; x_wconf 87' lang='lat' dir='ltr'><strong><em>malum,</em></strong></span> <span class='ocrx_word' id='word_1_849' title='bbox 3274 4969 3400 5024; x_wconf 89' lang='lat' dir='ltr'><strong><em>dum</em></strong></span> <span class='ocrx_word' id='word_1_850' title='bbox 3454 4971 3678 5030; x_wconf 76' lang='lat' dir='ltr'><strong><em>invidus</em></strong></span> <span class='ocrx_word' id='word_1_851' title='bbox 3725 4975 3894 5030; x_wconf 84' lang='lat' dir='ltr'><strong><em>aliena</em></strong></span> 
     </span>
    </p>
   </div>
   <div class='ocr_carea' id='block_1_109' title="bbox 2291 5046 3895 5132">
    <p class='ocr_par' dir='ltr' id='par_1_109' title="bbox 2291 5046 3895 5132">
     <span class='ocr_line' id='line_1_109' title="bbox 2291 5046 3895 5132; baseline 0.01 -29"><span class='ocrx_word' id='word_1_852' title='bbox 2291 5046 2550 5106; x_wconf 89' lang='lat' dir='ltr'><strong><em>felicitate</em></strong></span> <span class='ocrx_word' id='word_1_853' title='bbox 2582 5061 2884 5122; x_wconf 89' lang='lat' dir='ltr'><strong><em>torquetur,</em></strong></span> <span class='ocrx_word' id='word_1_854' title='bbox 2912 5063 2968 5110; x_wconf 92' lang='lat' dir='ltr'><strong><em>et</em></strong></span> <span class='ocrx_word' id='word_1_855' title='bbox 2993 5064 3140 5128; x_wconf 90' lang='lat' dir='ltr'><strong><em>patet</em></strong></span> <span class='ocrx_word' id='word_1_856' title='bbox 3183 5057 3390 5116; x_wconf 81' lang='lat' dir='ltr'><strong><em>insidiis</em></strong></span> <span class='ocrx_word' id='word_1_857' title='bbox 3416 5061 3716 5132; x_wconf 77' lang='lat' dir='ltr'><strong><em>gloriosus.</em></strong></span> <span class='ocrx_word' id='word_1_858' title='bbox 3761 5062 3895 5132; x_wconf 87' lang='lat' dir='ltr'><strong><em>Quid</em></strong></span> 
     </span>
    </p>
   </div>
   <div class='ocr_carea' id='block_1_110' title="bbox 2292 5142 3896 5220">
    <p class='ocr_par' dir='ltr' id='par_1_110' title="bbox 2292 5142 3896 5220">
     <span class='ocr_line' id='line_1_110' title="bbox 2292 5142 3896 5220; baseline 0.007 -23"><span class='ocrx_word' id='word_1_859' title='bbox 2292 5142 2435 5197; x_wconf 90' lang='lat' dir='ltr'><strong><em>enim</em></strong></span> <span class='ocrx_word' id='word_1_860' title='bbox 2458 5143 2650 5199; x_wconf 87' lang='lat' dir='ltr'><strong><em>vanius</em></strong></span> <span class='ocrx_word' id='word_1_861' title='bbox 2671 5160 2833 5215; x_wconf 88' lang='lat' dir='ltr'><strong><em>quam</em></strong></span> <span class='ocrx_word' id='word_1_862' title='bbox 2871 5147 3116 5206; x_wconf 89' lang='lat' dir='ltr'><strong><em>homines</em></strong></span> <span class='ocrx_word' id='word_1_863' title='bbox 3141 5165 3249 5205; x_wconf 89' lang='lat' dir='ltr'><strong><em>non</em></strong></span> <span class='ocrx_word' id='word_1_864' title='bbox 3289 5166 3412 5207; x_wconf 85' lang='lat' dir='ltr'><strong><em>suas</em></strong></span> <span class='ocrx_word' id='word_1_865' title='bbox 3442 5151 3574 5210; x_wconf 82' lang='lat' dir='ltr'><strong><em>ﬂere</em></strong></span> <span class='ocrx_word' id='word_1_866' title='bbox 3611 5156 3896 5220; x_wconf 81' lang='lat' dir='ltr'><strong><em>miserias,</em></strong></span> 
     </span>
    </p>
   </div>
   <div class='ocr_carea' id='block_1_111' title="bbox 2291 5236 3897 5320">
    <p class='ocr_par' dir='ltr' id='par_1_111' title="bbox 2291 5236 3897 5320">
     <span class='ocr_line' id='line_1_111' title="bbox 2291 5236 3897 5320; baseline 0.011 -33"><span class='ocrx_word' id='word_1_867' title='bbox 2291 5249 2391 5289; x_wconf 91' lang='lat' dir='ltr'><strong><em>nec</em></strong></span> <span class='ocrx_word' id='word_1_868' title='bbox 2417 5236 2634 5306; x_wconf 90' lang='lat' dir='ltr'><strong><em>propria</em></strong></span> <span class='ocrx_word' id='word_1_869' title='bbox 2676 5237 2859 5308; x_wconf 74' lang='lat' dir='ltr'><strong><em>lugere</em></strong></span> <span class='ocrx_word' id='word_1_870' title='bbox 2905 5247 3165 5308; x_wconf 88' lang='lat' dir='ltr'><strong><em>peccata;</em></strong></span> <span class='ocrx_word' id='word_1_871' title='bbox 3201 5241 3336 5298; x_wconf 89' lang='lat' dir='ltr'><strong><em>alios</em></strong></span> <span class='ocrx_word' id='word_1_872' title='bbox 3375 5244 3645 5314; x_wconf 88' lang='lat' dir='ltr'><strong><em>judicare,</em></strong></span> <span class='ocrx_word' id='word_1_873' title='bbox 3686 5249 3897 5320; x_wconf 66' lang='lat' dir='ltr'><strong><em>seipsm</em></strong></span> 
     </span>
    </p>
   </div>
   <div class='ocr_carea' id='block_1_112' title="bbox 2289 5326 3906 5401">
    <p class='ocr_par' dir='ltr' id='par_1_112' title="bbox 2289 5326 3906 5401">
     <span class='ocr_line' id='line_1_112' title="bbox 2289 5326 3906 5401; baseline 0.008 -19"><span class='ocrx_word' id='word_1_874' title='bbox 2289 5326 2574 5392; x_wconf 89' lang='lat' dir='ltr'><strong><em>oblivisci;</em></strong></span> <span class='ocrx_word' id='word_1_875' title='bbox 2613 5335 2667 5382; x_wconf 90' lang='lat' dir='ltr'><strong><em>et</em></strong></span> <span class='ocrx_word' id='word_1_876' title='bbox 2704 5328 3017 5398; x_wconf 87' lang='lat' dir='ltr'><strong><em>melioribus</em></strong></span> <span class='ocrx_word' id='word_1_877' title='bbox 3060 5340 3271 5388; x_wconf 87' lang='lat' dir='ltr'><strong><em>tantum</em></strong></span> <span class='ocrx_word' id='word_1_878' title='bbox 3317 5333 3580 5401; x_wconf 89' lang='lat' dir='ltr'><strong><em>invidere,</em></strong></span> <span class='ocrx_word' id='word_1_879' title='bbox 3628 5337 3906 5394; x_wconf 52' lang='lat' dir='ltr'><strong><em>aliorum-</em></strong></span> 
     </span>
    </p>
   </div>
   <div class='ocr_carea' id='block_1_113' title="bbox 2289 5418 3020 5493">
    <p class='ocr_par' dir='ltr' id='par_1_113' title="bbox 2289 5418 3020 5493">
     <span class='ocr_line' id='line_1_113' title="bbox 2289 5418 3020 5493; baseline 0.005 -20"><span class='ocrx_word' id='word_1_880' title='bbox 2289 5433 2394 5488; x_wconf 92' lang='lat' dir='ltr'><strong><em>que</em></strong></span> <span class='ocrx_word' id='word_1_881' title='bbox 2419 5418 2715 5476; x_wconf 86' lang='lat' dir='ltr'><strong><em>benefactis</em></strong></span> <span class='ocrx_word' id='word_1_882' title='bbox 2738 5421 3020 5493; x_wconf 83' lang='lat' dir='ltr'><strong><em>torqueri?</em></strong></span> 
     </span>
    </p>
   </div>
   <div class='ocr_carea' id='block_1_114' title="bbox 2358 5510 3909 5590">
    <p class='ocr_par' dir='ltr' id='par_1_114' title="bbox 2358 5510 3909 5590">
     <span class='ocr_line' id='line_1_114' title="bbox 2358 5510 3909 5590; baseline 0.011 -24"><span class='ocrx_word' id='word_1_883' title='bbox 2358 5510 2520 5566; x_wconf 75' lang='lat' dir='ltr'><strong><em>Vens.</em></strong></span> <span class='ocrx_word' id='word_1_884' title='bbox 2543 5511 2597 5566; x_wconf 86' lang='lat'><strong><em>5.</em></strong></span> <span class='ocrx_word' id='word_1_885' title='bbox 2612 5543 2683 5552; x_wconf 97' lang='lat'><strong>—</strong></span> <span class='ocrx_word' id='word_1_886' title='bbox 2701 5511 2906 5570; x_wconf 86' lang='lat' dir='ltr'><strong><em>Stultus</em></strong></span> <span class='ocrx_word' id='word_1_887' title='bbox 2928 5515 3201 5587; x_wconf 81' lang='lat' dir='ltr'><strong><em>complicat</em></strong></span> <span class='ocrx_word' id='word_1_888' title='bbox 3221 5534 3407 5580; x_wconf 82' lang='lat' dir='ltr'><strong><em>manus</em></strong></span> <span class='ocrx_word' id='word_1_889' title='bbox 3425 5531 3643 5590; x_wconf 63' lang='lat' dir='ltr'><strong><em>suos,“</em></strong></span> <span class='ocrx_word' id='word_1_890' title='bbox 3669 5523 3909 5583; x_wconf 58' lang='lat' dir='ltr'><strong><em>comedit</em></strong></span> 
     </span>
    </p>
   </div>
   <div class='ocr_carea' id='block_1_115' title="bbox 2287 5603 4009 5682">
    <p class='ocr_par' dir='ltr' id='par_1_115' title="bbox 2287 5603 4009 5682">
     <span class='ocr_line' id='line_1_115' title="bbox 2287 5603 4009 5682; baseline 0.012 -28"><span class='ocrx_word' id='word_1_891' title='bbox 2287 5618 2469 5658; x_wconf 86' lang='lat' dir='ltr'><strong><em>carnes</em></strong></span> <span class='ocrx_word' id='word_1_892' title='bbox 2489 5620 2633 5664; x_wconf 76' lang='lat' dir='ltr'><strong><em>suas.</em></strong></span> <span class='ocrx_word' id='word_1_893' title='bbox 2667 5603 2878 5678; x_wconf 80' lang='lat' dir='ltr'><strong><em>Totum,</em></strong></span> <span class='ocrx_word' id='word_1_894' title='bbox 2909 5607 3051 5682; x_wconf 71' lang='lat' dir='ltr'><strong><em>,quod</em></strong></span> <span class='ocrx_word' id='word_1_895' title='bbox 3089 5606 3325 5678; x_wconf 81' lang='lat' dir='ltr'><strong><em>disserit,</em></strong></span> <span class='ocrx_word' id='word_1_896' title='bbox 3353 5610 3456 5670; x_wconf 84' lang='lat' dir='ltr'><strong><em>hoc</em></strong></span> <span class='ocrx_word' id='word_1_897' title='bbox 3485 5620 3571 5674; x_wconf 83' lang='lat' dir='ltr'><strong><em>est</em></strong></span> <span class='ocrx_word' id='word_1_898' title='bbox 3599 5622 3664 5668; x_wconf 87' lang='lat' dir='ltr'><strong><em>ut</em></strong></span> <span class='ocrx_word' id='word_1_899' title='bbox 3711 5625 3910 5674; x_wconf 67' lang='grc' dir='ltr'>θειω-</span> <span class='ocrx_word' id='word_1_900' title='bbox 4007 5647 4009 5665; x_wconf 76' lang='grc' dir='ltr'><strong><em>ι</em></strong></span> 
     </span>
    </p>
   </div>
   <div class='ocr_carea' id='block_1_116' title="bbox 2287 5694 3914 5779">
    <p class='ocr_par' dir='ltr' id='par_1_116' title="bbox 2287 5694 3914 5779">
     <span class='ocr_line' id='line_1_116' title="bbox 2287 5694 3914 5779; baseline 0.011 -31"><span class='ocrx_word' id='word_1_901' title='bbox 2287 5694 2376 5748; x_wconf 90' lang='lat' dir='ltr'><strong><em>dat</em></strong></span> <span class='ocrx_word' id='word_1_902' title='bbox 2401 5711 2524 5752; x_wconf 90' lang='lat' dir='ltr'><strong><em>eum</em></strong></span> <span class='ocrx_word' id='word_1_903' title='bbox 2565 5696 2656 5767; x_wconf 91' lang='lat' dir='ltr'><strong><em>qui</em></strong></span> <span class='ocrx_word' id='word_1_904' title='bbox 2686 5695 2895 5752; x_wconf 87' lang='lat' dir='ltr'><strong><em>laborat</em></strong></span> <span class='ocrx_word' id='word_1_905' title='bbox 2941 5705 2995 5754; x_wconf 89' lang='lat' dir='ltr'><strong><em>et</em></strong></span> <span class='ocrx_word' id='word_1_906' title='bbox 3030 5699 3234 5770; x_wconf 89' lang='lat' dir='ltr'><strong><em>aliquid</em></strong></span> <span class='ocrx_word' id='word_1_907' title='bbox 3261 5702 3422 5775; x_wconf 74' lang='lat' dir='ltr'><strong><em>habet</em></strong></span> <span class='ocrx_word' id='word_1_908' title='bbox 3452 5703 3505 5759; x_wconf 91' lang='lat' dir='ltr'><strong><em>in</em></strong></span> <span class='ocrx_word' id='word_1_909' title='bbox 3537 5707 3787 5775; x_wconf 88' lang='lat' dir='ltr'><strong><em>mundo,</em></strong></span> <span class='ocrx_word' id='word_1_910' title='bbox 3813 5723 3914 5779; x_wconf 83' lang='lat' dir='ltr'><strong><em>pa-</em></strong></span> 
     </span>
    </p>
   </div>
   <div class='ocr_carea' id='block_1_117' title="bbox 2287 5786 3908 5866">
    <p class='ocr_par' dir='ltr' id='par_1_117' title="bbox 2287 5786 3908 5866">
     <span class='ocr_line' id='line_1_117' title="bbox 2287 5786 3908 5866; baseline 0.013 -29"><span class='ocrx_word' id='word_1_911' title='bbox 2287 5793 2399 5840; x_wconf 85' lang='lat' dir='ltr'><strong><em>tere</em></strong></span> <span class='ocrx_word' id='word_1_912' title='bbox 2431 5786 2680 5856; x_wconf 68' lang='lat' dir='ltr'><strong><em>invidize;</em></strong></span> <span class='ocrx_word' id='word_1_913' title='bbox 2709 5796 2763 5844; x_wconf 91' lang='lat' dir='ltr'><strong><em>et</em></strong></span> <span class='ocrx_word' id='word_1_914' title='bbox 2792 5803 3007 5848; x_wconf 88' lang='lat' dir='ltr'><strong><em>rursum</em></strong></span> <span class='ocrx_word' id='word_1_915' title='bbox 3035 5805 3155 5846; x_wconf 89' lang='lat' dir='ltr'><strong><em>eum</em></strong></span> <span class='ocrx_word' id='word_1_916' title='bbox 3181 5791 3272 5862; x_wconf 84' lang='lat' dir='ltr'><strong><em>qui</em></strong></span> <span class='ocrx_word' id='word_1_917' title='bbox 3299 5792 3482 5852; x_wconf 89' lang='lat' dir='ltr'><strong><em>vivere</em></strong></span> <span class='ocrx_word' id='word_1_918' title='bbox 3503 5795 3616 5852; x_wconf 88' lang='lat' dir='ltr'><strong><em>vult</em></strong></span> <span class='ocrx_word' id='word_1_919' title='bbox 3639 5798 3908 5866; x_wconf 55' lang='lat' dir='ltr'><strong><em>quietum</em></strong></span> 
     </span>
    </p>
   </div>
  </div>
