4072 6340
219 278 316 340 685
414 302 419 306 .

1082 274 1495 337 EXEGETICA.
1536 309 1607 319 —
1643 274 1998 334 acnuam.
2032 273 2102 331 1N
2131 247 2664 332 sccnnsiasrnu.

3389 272 3492 330 686

219 391 390 462 inopia
418 391 690 465 opprimi;
714 398 916 449 etesse
938 399 1229 463 utrumque
1261 390 1643 456 miserabilem,
1672 391 1797 446 dum
1826 398 1880 457 Α
1904 390 2032 445 rede
2063 403 2122 445 se
2150 389 2373 455 cruciat,
2413 403 2559 444 nunc
2593 362 2662 444 ad
2688 386 3246 469 sodalitatemIsermo
3286 390 3498 448 confer-

220 488 349 544 alius
372 494 596 559 propter
615 503 747 559 opes
774 487 1129 559 periclitatur,
1163 487 1300 543 alius
1323 493 1543 557 propter
1564 485 1801 556 inopiam

219 588 455 654 egestate
494 580 799 639 conﬁcitur.
840 580 1047 638 Aliter:
1091 580 1280 636 Manus
1322 580 1514 635 crebro
1549 592 1649 649 pro
1675 592 1803 648 ope-

218 675 362 731 ribus
392 674 750 746 accipiuntur.
800 673 1012 731 Stultus
1054 673 1287 730 retrahit
1328 687 1525 728 manus
1565 686 1694 726 suas
1733 670 1805 724 ab

216 784 372 839 opere
392 768 555 835 bono,
587 775 642 824 et
677 784 789 823 non
807 768 922 823 vult
953 767 1185 837 viriliter
1222 780 1406 838 agere,
1437 765 1535 821 sed
1568 763 1805 819 comedit

217 874 404 915 carnes
445 875 589 926 suas,
631 860 689 916 id
728 868 829 925 est,
882 861 1179 917 secundum
1227 857 1464 915 carnalia
1503 857 1638 912 vivit
1665 855 1805 911 desi-

216 949 381 1016 deria,
419 949 701 1007 tabescens
728 951 785 1006 in
823 950 1191 1022 voluptatibus
1230 949 1365 1016 suis,
1415 950 1586 1006 donec
1611 962 1807 1004 consu-

214 1051 428 1100 mantur
453 1041 608 1117 [Ms.,
638 1043 1089 1118 consummatur].

279 1167 444 1224 Vens.
470 1166 523 1222 6.
552 1198 624 1237 —_-
651 1166 843 1224 Melior
879 1177 956 1223 est
992 1166 1222 1240 pugillus
1263 1182 1384 1243 cum
1424 1166 1619 1241 requie,
1648 1183 1807 1249 quam

210 1259 363 1333 plena
391 1270 613 1332 utraque
639 1277 828 1316 manus
864 1277 981 1327 cum
1010 1258 1187 1314 labore
1222 1267 1271 1314 et
1300 1259 1587 1343 afﬂictione
1620 1258 1803 1312 animi.

210 1351 399 1409 Melius
423 1362 506 1410 est
533 1352 801 1423 modicum
831 1356 1030 1411 habere
1061 1351 1231 1424 justo,
1260 1369 1421 1425 quam
1445 1352 1662 1409 divitias
1684 1367 1808 1422 pec-

209 1457 454 1509 catorum
479 1449 697 1507 multas.
749 1448 1037 1522 Eleganter
1076 1447 1290 1527 justitia
1338 1447 1581 1519 requiem
1621 1445 1804 1512 habet,

208 1543 470 1615 iniquitas
514 1542 795 1610 laborem;
843 1552 896 1599 et
941 1543 1068 1614 quia
1104 1540 1408 1613 “singularis
1446 1554 1705 1603 numerus
1752 1538 1808 1594 in

206 1637 349 1707 bono
380 1651 596 1713 semper
621 1618 904 1708 accipitur,
932 1643 988 1690 et
1018 1633 1213 1707 duplex
1239 1634 1295 1689 in
1319 1632 1483 1703 malo,
1524 1639 1807 1705 propterea

204 1744 346 1789 unus
389 1718 622 1810 pugitlus
664 1727 830 1796 habet
871 1727 1137 1798 requiem,
1166 1734 1223 1783 et
1250 1727 1371 1782 duae
1406 1739 1600 1785 manus
1624 1722 1809 1793 labore

205 1828 332 1881 sunt
354 1817 546 1891 plenae.

274 1940 442 1999 Vsus.
472 1941 525 2006 7,
553 1940 606 1997 8.
627 1969 699 1982 --
725 1939 1077 1999 Considamus
1120 1939 1289 2011 reperi
1312 1947 1362 1995 et
1394 1937 1557 1995 aliam
1602 1937 1807 1993 uanita—

202 2038 311 2089 tem
339 2032 434 2088 sub
460 2030 568 2089 sole
590 2048 610 2088 :
642 2040 901 2100 δίκαιαι,
945 2041 995 2089 et
1018 2031 1309 2091 secundum
1347 2047 1453 2087 non
1494 2029 1670 2095 habet,
1701 2045 1808 2087 non

200 2124 396 2193 ﬁlium.
444 2142 551 2182 non
581 2126 842 2196 fratrem;
883 2134 933 2182 et
975 2133 1151 2181 tamen
1188 2122 1430 2181 laborare
1472 2138 1576 2177 non
1614 2129 1803 2185 cessat,

198 2232 296 2273 nec
338 2218 603 2277 satiantur
634 2216 774 2274 oculi
814 2217 930 2287 ejus
973 2215 1192 2282 diuitiis,
1234 2231 1327 2273 nec
1370 2215 1564 2283 cogitat
1605 2212 1801 2277 dicens,

195 2308 288 2369 cui
332 2308 516 2382 laboro
557 2317 606 2365 et
653 2307 846 2377 fraudo
889 2309 1123 2367 animum
1149 2322 1321 2365 meam
1360 2304 1556 2363 bonis?
1598 2302 1667 2361 In
1707 2304 1806 2359 hoc

193 2401 416 2459 vanitas
449 2410 544 2465 cst,
585 2410 635 2455 et
680 2400 888 2471 aﬂlictio
932 2400 1178 2469 pessima.
1230 2396 1537 2478 Conversus
1571 2409 1692 2453 sum
1738 2393 1807 2457 ad

189 2492 366 2555 alios,
396 2499 455 2550 et
483 2491 594 2548 vidi
615 2505 712 2549 eos
734 2489 855 2560 plus
877 2503 1041 2560 quam
1065 2502 1293 2547 necesse
1335 2497 1500 2554 esset,
1530 2487 1802 2552 laborare,

190 2599 540 2655 congregem
565 2599 698 2655 opes
720 2598 818 2654 per
841 2582 925 2641 fas
949 2591 1006 2641 et
1029 2582 1205 2649 nefas,
1247 2590 1302 2640 et
1327 2598 1440 2641 non
1462 2581 1542 2641 uti
1580 2595 1806 2650 congre'

192 2677 351 2751 gatis
375 2693 390 2742 ;
414 2678 614 2734 habere
633 2675 838 2742 omnia,
878 2675 1138 2735 incubare
1174 2674 1411 2739 divitias,
1437 2687 1657 2733 scrvare
1683 2670 1807 2727 aliis

195 2769 363 2843 [Hs.,
395 2769 651 2826 incubare
676 2768 883 2827 divitiis
917 2782 1120 2839 easque
1148 2781 1371 2827 servare
1393 2763 1595 2837 alteri],
1629 2771 1685 2823 et
1706 2778 1805 2827 suo

195 2864 396 2921 labore
443 2878 555 2920 non
599 2862 844 2935 perfrui;
893 2863 1130 2923 maxime
1171 2876 1295 2923 cum
1342 2875 1443 2923 nec
1488 2857 1658 2929 lilium
1705 2871 1807 2915 nec

195 2957 437 3014 [mtrem
461 2957 719 3025 habeant,
754 2963 855 3014 nec
891 2956 1269 3028 propinquum,
1306 2960 1368 3008 nt
1404 2950 1653 3011 videatur
1681 2948 1805 3020 pius

192 3051 355 3106 labor
376 3049 705 3107 necessariis
731 3056 1058 3107 reservatus.
1093 3046 1240 3105 Nihil
1267 3046 1450 3116 itaque
1470 3043 1662 3101 vanius
1681 3055 1805 3103 esse

193 3143 563 3216 deprehendi,
609 3157 774 3214 quam
815 3158 942 3199 eum
984 3141 1259 3198 hominem
1289 3138 1382 3209 qui
1423 3136 1641 3197 divitias
1668 3148 1802 3193 con—

191 3243 423 3308 gregat,
467 3235 556 3292 cui
604 3250 700 3291 eas
746 3234 1016 3305 relinquat
1058 3234 1335 3305 ignorans.
1389 3228 1542 3297 Quod
1587 3225 1809 3297 quidem

191 3342 501 3398 possumus
536 3317 835 3395 mm
877 3327 1117 3398 priorem
1154 3322 1309 3396 [Ms.,
1343 3316 1700 3391 superiorem]
1729 3316 1811 3381 itt-

193 3419 656 3491 terpretationem
676 3427 733 3476 et
751 3419 821 3475 de
838 3418 924 3487 his
946 3416 1248 3485 intelligere
1271 3413 1363 3484 qui
1388 3412 1557 3489 libros
1577 3407 1812 3469 conscri-

191 3510 330 3566 bunt
350 3517 417 3567 et
442 3525 536 3566 eos
560 3508 855 3587 tastidiosis
896 3507 1190 3573 lectoribus
1218 3505 1549 3575 relinquunt.
1580 3499 1809 3568 Quidam

190 3602 342 3660 hunc
369 3604 565 3660 locum
589 3603 658 3659 ab
683 3617 772 3669 eo,
798 3604 945 3672 quod
969 3600 1070 3671 ait,
1097 3615 1233 3657 unus
1276 3606 1374 3664 sst,
1401 3604 1450 3653 et
1490 3610 1595 3655 non
1617 3602 1691 3648 est
1729 3607 1810 3653 se-

190 3699 438 3763 cundus,
468 3711 634 3768 super
653 3694 936 3751 Salvatore
964 3695 1428 3764 interpretantur:
1480 3686 1625 3757 quod
1664 3683 1812 3743 solus

189 3797 244 3846 et
264 3791 495 3861 absque
519 3788 631 3844 ullo
654 3788 853 3844 comite
871 3787 941 3841 ad
965 3783 1283 3841 salvandum
1306 3780 1567 3839 mundum
1588 3777 1812 3835 descen-

189 3878 308 3946 (ht;
338 3889 403 3939 et
436 3894 753 3950 quanquam
781 3876 936 3941 multi
960 3876 1057 3931 ﬁlii
1081 3875 1174 3935 Dei
1195 3875 1325 3940 sint,
1347 3880 1403 3929 et
1422 3870 1620 3928 fratres
1646 3868 1811 3937 adop-

191 3971 346 4029 tione
369 3974 657 4039 dicantur,
707 3977 886 4031 tameu
932 3968 1112 4024 nullus
1139 3968 1336 4036 dignus
1382 3962 1591 4021 exstitit
1630 3960 1720 4032 qui
1754 3960 1812 4023 in

186 4065 297 4123 hoc
326 4067 383 4129 ei
410 4078 587 4136 opere
601 4061 941 4133 iungeretur.
972 4059 1137 4131 Cujus
1161 4058 1407 4129 laborum
1434 4070 1541 4115 non
1562 4059 1645 4113 est
1662 4051 1809 4119 ﬁnis,

185 4161 486 4233 portantis
526 4166 715 4214 nostra
749 4156 883 4212 vitia
930 4161 1093 4224 atque
1133 4157 1378 4223 peccata,
1414 4155 1470 4203 et
1508 4161 1609 4218 pro
1654 4143 1811 4205 nobis

188 4253 343 4310 dolet
368 4270 387 4319 ;
416 4245 490 4311 δι
517 4250 708 4306 oculus
733 4247 852 4318 ejus
887 4262 995 4302 non
1020 4243 1309 4301 satiabitur
1337 4238 1561 4307 divitiis,
1598 4249 1811 4306 semper

185 4353 459 4402 nostram
483 4342 708 4413 cupiens
733 4339 983 4404 salutem,
1010 4343 1065 4393 et
1108 4341 1311 4407 quanto
1339 4330 1459 4402 plus
1482 4342 1644 4399 quem
1686 4341 1812 4397 pec-

184 4451 319 4493 care
343 4433 585 4498 viderit,
613 4440 773 4487 tanto
791 4430 963 4501 magis
997 4428 1067 4484 ad
1106 4422 1479 4497 paenitentiam
1518 4419 1812 4477 cohortaus

185 4526 351 4601 [Hs.,
367 4522 718 4596 coarctans].
744 4523 823 4578 Eo
844 4535 1042 4592 genere
1060 4514 1348 4577 locutionis
1367 4511 1612 4575 dicimus,
1630 4507 1807 4601 Dolet,
1838 4501 1892 4562 D

183 4598 298 4691 quo
325 4616 645 4691 Apostolus
664 4615 777 4669 ait:
810 4612 879 4667 Et
899 4611 1007 4682 ipse
1032 4608 1246 4680 spiritus
1272 4600 1500 4677 postulat
1536 4616 1630 4673 pro
1660 4598 1808 4665 nobis

182 4714 497 4784 gemitibus
530 4705 972 4766 inenarrabilibus
1002 4700 1179 4775 (Rom.
1206 4715 1324 4763 vni,
1354 4694 1553 4768 26),.id
1577 4702 1681 4761 est,
1711 4708 1811 4751 nos

182 4818 428 4876 gemere
452 4801 612 4859 facit.
642 4799 723 4855 ita
746 4806 803 4854 et
838 4797 930 4853 hic
956 4794 1099 4859 dolet
1138 4791 1405 4856 Christus,
1433 4786 1561 4858 quia
1595 4801 1696 4842 nos
1719 4786 1813 4842 do-

181 4896 305 4956 lere
329 4898 493 4955 facit
517 4910 620 4967 pro
641 4892 879 4966 peccatis
903 4889 1124 4957 nostris.

256 5022 447 5099 ⁸23
475 5019 643 5077 Vens.
667 5016 824 5075 9—12.
852 5047 917 5057 —
938 5014 1129 5070 Melius
1148 5028 1268 5083 ergo
1289 5018 1364 5066 est
1383 5009 1513 5064 duos
1536 5003 1693 5062 simul
1707 5018 1818 5099 esse

184 5096 362 5189 quam
417 5127 635 5169 unum:
681 5108 871 5164 habent
915 5108 1053 5162 enim
1097 5104 1501 5159 emolumentum
1551 5096 1817 5155 societatis

184 5224 305 5264 sum
329 5224 352 5275 ;
379 5208 436 5262 si
472 5221 611 5259 unus
638 5201 898 5267 ceciderit,
927 5199 991 5253 ab
1028 5197 1190 5251 altero
1238 5194 1502 5263 fulcietur.
1563 5190 1651 5247 Va!
1693 5189 1815 5254 soli,

182 5300 322 5373 quia
351 5312 497 5353 cum
517 5294 794 5358 corruerit,
820 5308 924 5346 non
951 5288 1107 5343 habet.
1119 5286 1489 5341 sublevantem.
1526 5283 1597 5337 Et
1626 5283 1670 5337 si
1696 5281 1817 5337 dor-

180 5392 429 5447 mierint
478 5387 607 5453 duo,
649 5384 961 5456 forabantur
985 5389 1208 5441 mutuo;
1252 5394 1387 5431 unus
1433 5374 1694 5447 quomodo
1722 5390 1815 5426 ca-

181 5481 338 5555 leﬁet
388 5480 420 5535 ?
481 5477 553 5532 Et
602 5477 648 5532 si
697 5475 956 5549 quispiam
1008 5470 1339 5543 pravaluerit
1391 5476 1571 5521 contra
1632 5481 1814 5529 unum,

180 5573 302 5629 duo
334 5571 608 5627 resistunt
634 5568 701 5623 ei.
746 5563 1040 5621 Funiculus
1077 5560 1264 5634 triplex
1290 5556 1495 5630 diﬂicile
1538 5556 1815 5628 rumpitur.

179 5666 333 5726 Post
363 5664 782 5723 sollicitudines
810 5670 865 5718 et
882 5708 887 5709 κ
907 5659 1265 5725 miserias,.in
1293 5657 1489 5728 quibus
1532 5660 1818 5724 corruptus

172 5770 273 5838 est
305 5760 413 5818 ille
447 5756 552 5828 qui
586 5755 639 5812 in
678 5754 867 5827 opibus
890 5751 1271 5833 conquirendis
1304 5753 1507 5819 absque
1531 5744 1680 5803 certe
1711 5746 1821 5801 ha:-

1904 488 2014 545 tnr,
2053 488 2109 537 et
2145 480 2345 537 dicitur
2391 479 2523 551 quid
2563 481 2688 537 boni
2730 480 2929 537 habeat
2962 481 3260 541 amicorum
3303 491 3497 543 contn-

1902 572 2173 638 bemium,
2205 580 2261 629 et
2286 587 2573 635 commune
2602 572 2872 640 solatium,
2898 574 3025 644 quia
3049 581 3105 632 et
3139 576 3362 639 alterius
3387 579 3500 637 rui—

1903 680 1974 720 na
2000 664 2226 721 alterius
2246 665 2452 723 auxilio
2481 664 2832 734 sublevatur;
2877 674 2934 723 et
2962 682 3124 729 cur-as
3147 666 3497 740 domesticas.

1904 756 2073 828 ipsius
2103 772 2319 830 quoque
2349 758 2525 819 metis
2553 759 2798 829 requiem
2839 758 3032 819 melius
3074 762 3243 835 eligit
3266 763 3374 830 ille,
3403 767 3497 836 qui

1903 849 2072 905 ﬁdum
2096 850 2333 907 amicum
2356 851 2521 907 habet
2546 866 2709 921 quam
2734 852 2828 924 qui
2866 851 3000 919 solis
3039 853 3234 923 opibus
3276 855 3499 917 incubat

1905 943 2206 1014 acquisitis.
2260 942 2419 1010 Quod
2444 944 2488 998 si
2526 944 2801 1003 robustior
2842 945 2973 1016 quis
3012 945 3264 1009 inimicus
3310 957 3503 1007 contra

1904 1048 2075 1090 unum
2120 1034 2443 1100 surrexerit,
2491 1034 2717 1093 alterius
2750 1035 3173 1101 imbecillitatem
3214 1037 3375 1105 amici
3414 1054 3501 1099 so—

1904 1120 2037 1178 latio
2062 1124 2356 1179 sustentari
2383 1123 2532 1180 dicit.
2572 1124 2639 1183 Et
2661 1136 2923 1197 quantum
2955 1126 3061 1189 duo
3090 1142 3198 1187 uno
3223 1127 3497 1198 differunt,

1908 1215 1954 1271 sl
1982 1230 2169 1272 amore
2209 1215 2485 1286 conjuncti
2529 1225 2675 1283 sunt,
2707 1226 2857 1277 tanto
2896 1218 3063 1281 etiam
3100 1218 3263 1281 trium
3311 1228 3501 1283 contu-

1905 1307 2156 1365 bernium
2179 1308 2303 1379 plus
2340 1308 2537 1364 valere.
2570 1309 2784 1367 Etenim
2811 1326 2938 1377 vera
2977 1312 3238 1379 chariton.
3278 1320 3334 1371 et
3357 1313 3507 1375 nullo

1907 1401 2107 1457 violata
2138 1400 2327 1467 livore,
2352 1410 2555 1472 quanto
2592 1411 2820 1473 augetur
2841 1418 3086 1468 numero,
3120 1411 3269 1465 tanto
3307 1406 3507 1467 erasit

1910 1502 1966 1549 et
1988 1496 2205 1553 robore.
2229 1495 2299 1550 Et
2318 1495 2434 1550 haec
2464 1494 2683 1550 interim
2711 1494 3029 1566 simpliciter
3056 1496 3209 1558 dicta
3232 1497 3362 1559 sint.
3388 1496 3506 1553 Cae-

1909 1595 2089 1642 terum
2115 1588 2258 1659 quod
2284 1588 2339 1643 in
2363 1587 2630 1658 superiori
2671 1588 2790 1643 loco
2816 1603 2978 1659 super
3001 1587 3219 1647 Christo
3240 1605 3503 1662 quorum-

1910 1679 2035 1735 dam
2061 1680 2468 1751 intelligentiam
2488 1681 2787 1751 posuimus,
2814 1690 2872 1737 et
2898 1680 3054 1755 [δίδη
3084 1682 3273 1756 etiam]
3295 1683 3504 1754 reliqua

1837 1768 1886 1828 Β
1911 1776 2100 1831 eodem
2127 1777 2317 1832 ordine
2351 1777 2669 1833 disserenda
2691 1785 2838 1834 sunt.
2866 1776 3058 1834 Helius
3081 1786 3167 1834 est
3193 1778 3343 1841 etum
3370 1778 3507 1833 duos

1907 1870 2115 1941 pariter
2136 1885 2257 1927 esse
2283 1887 2447 1942 quam
2491 1887 2657 1927 unum
2682 1885 2697 1926 :
2729 1870 2923 1927 melius
2961 1879 3045 1927 est
3074 1872 3223 1927 enim
3246 1871 3502 1931 habitan-

1908 1968 2018 2017 tem
2045 1962 2100 2017 in
2125 1977 2184 2017 se
2210 1962 2410 2019 habere
2434 1954 2733 2029 Christum,
2756 1978 2918 2034 quam
2946 1963 3120 2019 solani
3148 1962 3325 2038 [Apud

1908 2051 2080 2108 solum
2102 2046 2350 2109 habitare
2370 2053 2445 2127 et]
2472 2061 2656 2124 patere
2676 2054 2889 2111 insidiis
2908 2055 3264 2117 adversantis.
3298 2055 3507 2112 Herceo

1908 2144 2107 2216 quippe
2129 2146 2471 2201 contubernii
2508 2146 2693 2201 statim
2727 2147 2785 2203 in
2809 2146 2926 2217 ipsa
2968 2147 3247 2205 societatis
3271 2146 3507 2203 utilitate

1906 2245 2265 2293 monstratur.
2297 2237 2355 2293 Si
2402 2239 2547 2293 enim
2573 2239 2833 2294 ceciderit
2857 2254 3017 2305 unus,
3061 2238 3311 2301 Christus
3338 2238 3512 2310 eriget

1905 2328 2226 2398 participem
2266 2344 2443 2383 suum.
2478 2330 2573 2385 Vas
2602 2329 2798 2399 auippe
2827 2330 2902 2395 ei,
2930 2330 3023 2400 qui
3050 2345 3172 2385 cum
3215 2330 3505 2396 corruerit,

1906 2419 2183 2477 Christum
2205 2423 2259 2476 in
2279 2437 2340 2477 se
2361 2437 2470 2477 non
2491 2421 2656 2476 habet
2674 2422 2993 2493 erigentem.
3018 2421 3176 2490 Quod
3197 2424 3243 2478 si
3270 2429 3327 2478 et
3350 2420 3509 2493 [Hs.,

1906 2514 2094 2588 etiam]
2125 2515 2411 2571 dormierit
2436 2531 2599 2581 unus,
2631 2516 2737 2571 hoc
2776 2523 2881 2582 est,
2912 2515 2959 2571 si
2986 2524 3165 2572 morte
3207 2514 3371 2571 fuerit
3402 2515 3507 2572 dis-

1906 2606 2135 2671 solutus,
2166 2614 2223 2662 et
2257 2621 2440 2663 secum
2483 2605 2759 2662 Christum
2802 2607 3075 2674 habuerit,
3114 2607 3412 2664 calefactus
3430 2606 3513 2663 ci-

1906 2696 2017 2753 tius
2045 2698 2355 2764 rcviviscit;
2387 2706 2443 2753 et
2469 2698 2515 2754 si
2544 2698 2802 2753 adversus
2830 2698 3106 2755 hominem
3143 2699 3420 2756 robustior
3447 2699 3504 2754 in

1908 2788 2268 2862 expugnando
2294 2790 2544 2846 diabolus
2580 2790 2869 2857 exstiterit,
2917 2793 3085 2848 stabit
3127 2793 3311 2860 homo,
3343 2792 3511 2848 stabit

1907 2889 1964 2937 et
1986 2880 2236 2937 Christus
2280 2896 2379 2953 pro
2413 2881 2631 2938 homine
2673 2896 2791 2948 suo,
2841 2896 2941 2953 pro
2986 2882 3157 2939 sodali
3202 2898 3345 2940 suo:
3402 2897 3511 2939 non

1908 2973 2052 3043 quod
2083 2971 2250 3028 solius
2277 2971 2480 3029 Christi
2506 2971 2765 3028 adversus
2789 2973 3064 3028 diabolum
3088 2975 3263 3030 virtus
3287 2975 3500 3030 inﬁma

1909 3064 2002 3131 sit,
2030 3064 2123 3119 sed
2148 3064 2291 3134 quod
2319 3064 2549 3118 liberum
2573 3064 2778 3125 homini
2809 3064 3133 3134 relinquitur
3160 3064 3314 3137 [Hs.,
3346 3064 3508 3125 relin-

1911 3155 2132 3229 quatur]
2156 3156 2460 3221 arbitrium,
2488 3164 2542 3212 et
2561 3156 2929 3212 adnitentibus
2953 3157 3128 3223 nobis,
3157 3156 3273 3228 ipse
3290 3156 3347 3212 in
3370 3170 3509 3227 prm-

1912 3247 2099 3303 liando
2135 3245 2328 3301 fortior
2375 3246 2486 3301 ﬁet.
2520 3246 2674 3314 Quod
2699 3247 2745 3301 si
2772 3254 2829 3301 et
2879 3245 3033 3319 [Hs.,
3077 3248 3221 3317 quod
3242 3247 3289 3306 si
3316 3244 3508 3320 etiam]

1912 3339 2079 3396 Pater
2101 3350 2157 3394 et
2205 3338 2372 3394 Filius
2396 3347 2453 3395 et
2498 3338 2735 3409 Spiritus
2766 3349 2988 3396 sanctus
3033 3340 3367 3405 advenerim,
3400 3355 3511 3398 non

1914 3430 2024 3488 cito
2050 3438 2429 3501 corrumpetur
2458 3429 2612 3503 μη,
2646 3430 2937 3504 rumpitur]
2968 3432 3071 3486 ista
3105 3431 3382 3488 sodalitas.
3429 3430 3510 3486 De

1912 3522 2018 3578 hac
2046 3521 2333 3578 sodalitate
2360 3522 2414 3577 in
2461 3521 2755 3595 Evangelia
2796 3522 3035 3578 dicitur:
3079 3523 3150 3579 Et
3186 3532 3511 3593 poterimus
3584 3524 3591 3529 ’

1912 3613 2092 3685 diliget
2114 3630 2254 3681 mm,
2284 3624 2332 3668 et
2372 3613 2445 3669 ad
2468 3630 2589 3669 cum
2613 3616 2901 3679 armemus,
2928 3626 2979 3671 et
3013 3616 3339 3673 mansionem
3364 3614 3508 3688 apud

1912 3723 2031 3763 sum
2059 3707 2332 3778 facientia.
2357 3706 2422 3762 Et
2448 3706 2609 3778 paulo
2636 3716 2788 3778 post:
2837 3708 3147 3764 Paracletus
3185 3717 3361 3769 autem
3386 3704 3508 3779 ὦνδ-

1914 3805 2070 3871 ritus,
2096 3806 2206 3877 ipse
2226 3821 2317 3860 vos
2361 3804 2563 3859 docebit
2607 3806 2785 3859 omnia
2811 3803 2993 3877 (Joan.
3024 3819 3136 3869 xw,
3159 3803 3248 3869 23,
3279 3800 3403 3873 26);
3434 3800 3512 3855 si-

1913 3897 2180 3969 gniﬁcans
2219 3897 2401 3962 trium,
2436 3896 2491 3951 id
2529 3903 2632 3961 est,
2678 3896 2872 3960 Patris,
2904 3903 2959 3951 et
3005 3894 3147 3959 Filii,
3175 3902 3233 3948 et
3274 3891 3514 3963 Spiritus

1914 3990 2106 4052 sancti,
2135 4004 2302 4043 unum
2326 4003 2445 4044 esse
2462 4003 2617 4058 opus,
2635 3996 2691 4043 et
2716 4003 2879 4042 unam
2906 3988 3241 4042 mansionem
3266 3985 3324 4040 in
3345 3984 3513 4041 corde

1915 4081 2188 4153 diligentis
2226 4081 2417 4135 Deum.
2467 4080 2619 4147 Quod
2657 4080 2903 4150 superius
2947 4080 3104 4145 dixit,
3146 4078 3192 4132 si
3221 4094 3361 4132 unus
3381 4078 3510 4130 dor-

1912 4172 2109 4237 inierit,
2135 4170 2396 4242 quomodo
2419 4168 2662 4240 δαιοῤεῖ
2688 4167 2801 4224 Nisi
2850 4168 3017 4241 igitur
3044 4169 3324 4225 nobiscum
3351 4165 3513 4224 Chri-

1914 4271 2030 4318 stus
2085 4263 2384 4328 dormierit,
2434 4270 2489 4317 et
2541 4263 2594 4317 in
2644 4270 2819 4317 morte
2872 4261 3217 4331 requieverit,
3271 4263 3510 4321 calorem

1914 4362 2131 4409 aeternae
2160 4353 2286 4409 vitae
2313 4353 2564 4424 accipere
2593 4367 2699 4406 non
2726 4351 2989 4407 valemus.
3572 4370 3598 4427 ’ξ

1987 4445 2149 4502 Vens.
2182 4444 2362 4501 1546.
2384 4474 2455 4489 -—-—
2482 4443 2675 4499 Melior
2713 4452 2790 4510 est
2831 4460 2962 4515 puer
3005 4460 3204 4516 pauper
3227 4454 3279 4499 et
3304 4448 3514 4518 sapiens

1915 4555 2036 4594 sene
2064 4554 2182 4608 rege
2221 4546 2271 4591 et
2314 4537 2473 4592 stulto
2504 4537 2594 4608 qui
2641 4537 2801 4591 nescit
2829 4535 3173 4606 providerein
3207 4547 3512 4607 posterum:

1914 4632 2054 4703 quod
2074 4641 2123 4686 et
2143 4630 2207 4685 de
2232 4646 2439 4685 carcere
2467 4630 2764 4701 catenisque
2788 4629 3053 4684 interdum
3077 4631 3193 4702 quis
3215 4634 3514 4703 egrediatur

1918 4723 1988 4778 ad
2020 4738 2254 4792 regnum,
2307 4728 2356 4775 et
2399 4719 2539 4774 alius
2586 4729 2741 4775 natus
2790 4720 2846 4775 in
2880 4737 3056 4791 regno,
3104 4721 3286 4793 inopia
3324 4741 3514 4780 consu-

1919 4825 2116 4875 matur.
2181 4812 2298 4867 Vidi
2336 4822 2549 4869 cunctos
2587 4813 2807 4868 uiuentes
2833 4814 2924 4885 qui
2967 4814 3236 4871 ambulant
3264 4818 3358 4872 sub
3381 4818 3508 4883 sole,

1922 4920 2041 4961 cum
2070 4903 2393 4961 adolescente
2411 4904 2637 4959 secundo
2663 4905 2755 4976 qui
2780 4908 3045 4978 consurgit
3072 4925 3166 4979 pro
3194 4925 3274 4964 eo.
3312 4908 3509 4979 Inﬁni—

1921 5008 2005 5053 ωε
2032 5008 2107 5054 est
2133 5014 2380 5053 numerus
2403 4996 2580 5069 populi
2599 4999 2835 5054 omnium
2857 5000 2949 5072 qui
2973 4997 3189 5071 fuerunt
3214 5012 3335 5055 ante
3351 5017 3469 5055 eum
3490 5017 3510 5067 ;

1919 5101 1969 5146 et
1996 5092 2087 5163 qui
2123 5101 2303 5163 postea
2343 5091 2514 5160 futuri
2536 5099 2680 5158 sunt,
2710 5108 2815 5146 non
2848 5091 3166 5147 amabantur
3206 5094 3265 5146 in
3290 5108 3370 5147 so.
3405 5090 3512 5148 Sed

1918 5194 1969 5242 ct
1999 5186 2096 5240 hoc
2124 5185 2330 5241 vanitas
2373 5194 2421 5240 et
2467 5185 2675 5258 afﬂictio
2720 5185 2955 5257 spiritus.
3010 5183 3218 5239 Hebraei
3262 5185 3408 5240 hunc
3433 5184 3512 5240 lo-

1921 5292 2048 5337 cum
2094 5276 2171 5331 ita
2214 5277 2521 5333 disserunt:
2576 5277 2764 5333 Melior
2806 5287 2892 5333 est
2931 5276 3154 5332 interior
3194 5277 3377 5340 homo,
3417 5275 3511 5345 qui

1918 5379 2043 5442 post
2093 5370 2615 5440 quartamdecimam
2661 5373 2961 5443 pubertatis
3007 5385 3208 5425 annum
3256 5370 3311 5424 in
3355 5370 3513 5425 nobis

1923 5463 2190 5530 exoritur,
2212 5465 2482 5520 exteriore
2502 5465 2743 5533 homine,
2765 5465 2857 5534 qui
2878 5465 2943 5520 de
2964 5465 3156 5519 matris
3178 5472 3332 5519 utero
3353 5462 3507 5535 [Αἴθη

1923 5557 2067 5630 alvo]
2091 5566 2253 5614 natus
2280 5565 2383 5623 est,
2410 5557 2500 5627 qui
2533 5558 2703 5613 nescit
2746 5556 3000 5612 recedere
3024 5572 3053 5610 a
3086 5555 3241 5623 vitio,
3277 5562 3335 5610 et
3359 5554 3453 5624 qui
3478 5568 3511 5609 e

1922 5649 2084 5705 domo
2112 5648 2365 5704 vitiorum
2392 5646 2544 5721 [Ms.,
2575 5645 2923 5719 vinctorum],
2955 5647 3021 5702 de
3060 5655 3216 5705 utero
3262 5643 3513 5700 videlicet

1926 5750 2194 5807 materno,
2226 5740 2295 5796 ad
2336 5740 2438 5794 hoc
2466 5737 2633 5792 exivit
2664 5745 2724 5792 ut
2763 5748 3017 5811 regnaret
3042 5739 3098 5795 iu
3142 5738 3308 5805 vitiis,
3338 5738 3431 5808 qui
3454 5744 3511 5797 et
