4066 6446
553 423 656 482 687

551 539 609 597 in
633 544 828 594 natura
845 549 944 594 sua
970 546 1172 607 pauper
1199 531 1372 586 factus
1398 535 1503 595 est,
1530 543 1639 582 non
1675 524 1882 582 habens
1920 521 2132 592 sapien-
2158 525 2211 585 Α
2279 557 2282 560 -

550 631 708 698 tiam,
758 627 901 686 mala
947 625 1127 684 omnia
1176 619 1473 678 deserendo
1527 617 1681 690 [Ms.,
1731 611 2130 684 desiderando].

555 724 671 782 Vidi
698 738 792 780 eos
822 720 914 792 qui
953 717 1212 789 inpriore
1247 711 1464 770 homine
1505 710 1773 775 vixerunt,
1801 715 1856 761 et
1900 722 2022 762 cum
2053 720 2136 760 se-

550 817 728 874 cundo
751 791 967 871 homine
1004 817 1190 882 postea
1212 805 1414 862 versati
1455 811 1602 870 sunt,
1631 816 1698 859 eo
1743 791 2013 864 videlicet,
2043 797 2136 868 qui

548 914 733 986 priore
782 907 1074 965 decedente
1121 909 1409 975 generatus
1453 905 1536 955 est
1569 915 1586 964 ;
1639 893 1988 964 intellexique
2041 892 2161 986 ho—.

548 984 724 1062 mines
749 1003 803 1058 in
830 992 1047 1058 homine
1071 997 1252 1068 priore
1289 1006 1565 1066 peccasse,
1592 997 1880 1059 antequam
1904 984 2136 1040 secundo

547 1101 826 1159 nascente,
873 1100 1115 1162 tempore
1169 1079 1434 1158 legitimo
1464 1084 1568 1139 duo
1615 1078 1862 1136 homines
1909 1075 2131 1139 fuerint,

547 1185 687 1240 alter
717 1181 972 1248 carnalis,
1012 1179 1150 1234 alter
1192 1175 1472 1249 spiritalis.
1527 1171 1628 1240 Qui
1657 1185 1786 1227 vero
1815 1169 1882 1223 ad
1911 1167 2136 1222 meliora

547 1273 796 1332 conversi
819 1271 1040 1336 fuerint,
1068 1279 1123 1326 et
1141 1267 1386 1325 interiori
1422 1263 1648 1329 homini,
1686 1262 1742 1316 id
1767 1267 1872 1325 est,
1901 1257 2135 1314 secundo

546 1384 606 1424 se
635 1363 902 1437 subjicere
948 1363 1147 1429 sciunt,
1194 1376 1303 1417 non
1346 1359 1599 1414 lzetantur
1641 1354 1696 1409 in
1742 1352 1921 1422 priore
1963 1349 2056 1419 qui
2080 1349 2136 1402 in

543 1459 691 1515 vitiis
732 1458 1014 1530 regnabat.
1054 1455 1164 1511 Hos
1201 1452 1336 1507 duos
1378 1449 1624 1506 homines
1667 1447 1856 1501 doctor
1889 1441 2136 1514 egregius

544 1567 714 1608 unum
741 1549 1076 1614 interiorem,
1123 1553 1178 1602 et
1215 1544 1444 1599 alterum
1487 1539 1810 1596 exteriorem
1855 1535 2137 1591 nominare

544 1643 772 1698 solebat.
800 1640 930 1700 _Nos
981 1652 1111 1693 vero
1157 1635 1350 1690 melius
1395 1631 1726 1688 :estimamus
1771 1627 1887 1682 haec
1938 1624 2134 1679 intelli-

544 1731 717 1802 genda
744 1731 812 1786 de
836 1728 1205 1806 diabolotrege
1231 1724 1414 1787 stulto,
1453 1730 1506 1776 et
1540 1721 1607 1776 de
1645 1719 1864 1774 Christo
1897 1731 2136 1786 paupere

547 1824 812 1894 sapiente,
840 1821 933 1891 qui
960 1809 1211 1890 egressus
1240 1825 1325 1871 est
1348 1814 1415 1870 de
1438 1811 1687 1884 virginali
1713 1820 1869 1866 utero
1900 1809 1954 1863 in
1978 1823 2133 1862 mun—
2161 1809 2164 1812 ‘

1396 363 1455 470 D.
1499 415 1557 470 F.
1599 412 1825 470 ALBINI
1865 409 1998 467 SEU
2034 406 2310 466 ALCUlNl
2350 405 2637 465 OPERUM
2676 405 2855 462 PARS
2888 406 2952 463 ll.

3721 409 3829 468 688

2871 518 3096 577 CAPUT
3135 519 3200 573 V.

2275 659 2277 661 ι
2306 617 2468 672 Vsus.
2497 614 2550 681 1,
2577 614 2631 669 2.
2657 643 2729 656 —-
2754 612 2839 669 Ne
2876 623 3064 669 temere
3087 611 3213 683 quid
3257 611 3511 683 loquaris,
3549 625 3712 681 neque
3740 627 3833 664 eor

2237 717 2385 764 tuum
2418 708 2485 762 sit
2507 706 2656 762 velox
2681 705 2750 779 ad
2785 705 3154 777 proferendum
3179 719 3467 758 sermonem
3492 718 3673 756 coram
3698 701 3828 756 Deo.
3862 772 3866 774 _

2237 801 2380 856 Deus
2407 801 2547 856 enim
2573 801 2631 854 in
2669 797 2816 861 caelo,
2852 807 2900 852 et
2927 806 2984 851 tu
3029 812 3185 868 super
3227 804 3464 861 terram;
3494 794 3696 848 idcirco
3727 793 3833 849 sint

2237 893 2392 964 pauci
2418 908 2680 947 sermones
2707 891 2804 945 tui.
2847 889 3043 944 Multas
3080 905 3234 943 curas
3276 896 3564 959 sequuntur
3602 885 3832 954 somnia,

2237 992 2286 1038 et
2320 984 2376 1038 in
2404 983 2581 1039 multis
2628 982 2948 1038 sermonibus
2986 981 3245 1036 invenitur
3282 980 3526 1036 stultitia.
3580 979 3836 1050 Plerique

2237 1075 2570 1129 arbitrantur
2609 1075 2726 1129 haec
2748 1073 2802 1129 in
2827 1071 3079 1143 praesenti
3111 1065 3320 1128 'smculo
3351 1070 3526 1143 [Apud
3561 1068 3744 1135 Hier.,
3773 1071 3828 1128 in

2238 1167 2489 1238 praesenti
2531 1165 2671 1240 loco]
2698 1166 2935 1237 prazcipi,
2982 1181 3050 1220 ne
3084 1180 3268 1220 coram
3299 1166 3408 1220 Deo
3438 1163 3598 1220 facile
3623 1164 3832 1234 aliquid

2237 1259 2641 1330 promittamus,
2680 1267 2734 1314 et
2764 1250 3350 1314 sine'consideratione
3379 1257 3577 1312 virium
3629 1272 3831 1313 vovea-

2237 1364 2360 1404 mus
2392 1365 2456 1404 ea
2485 1365 2603 1419 quae
2630 1335 2849 1420 explere
2898 1365 3003 1404 non
3043 1364 3350 1420 possumus.
3396 1348 3604 1404 Adesse
3630 1350 3833 1421 quippe

2237 1449 2557 1510 praesentem
2599 1441 2769 1495 Deum
2796 1457 2810 1506 ;
2847 1448 2902 1496 et
2945 1440 3071 1496 licet
3107 1440 3196 1495 ille
3221 1441 3276 1495 in
3298 1441 3452 1504 caelo,
3483 1455 3582 1495 nos
3607 1455 3730 1496 esse
3754 1441 3835 1497 vi-

2237 1534 2462 1589 deamur
2493 1533 2548 1587 in
2595 1540 2757 1599 terra,
2809 1541 2987 1590 tamen
3037 1535 3224 1590 audire
3257 1549 3377 1604 quae
3429 1533 3722 1604 loquimur,
3777 1543 3835 1591 et

2237 1626 2604 1698 insipientiam
2641 1635 2883 1682 nostram
2927 1628 3080 1698 argui
3125 1643 3193 1682 ex
3227 1628 3681 1698 multiplicatione
3719 1643 3834 1684 ser-

2238 1732 2479 1772 monum.
2530 1717 2636 1772 Alii
2680 1731 2809 1772 vero
2859 1718 3053 1773 melius
3098 1718 3480 1790 intelligentes,
3533 1720 3650 1775 haec
3694 1735 3834 1790 prae-

2239 1807 2393 1877 cipue
2440 1807 2592 1880 [Ms.,
2640 1807 2882 1881 praecipi]
2939 1807 3228 1878 aliirmant,
3288 1826 3358 1866 ne
3410 1816 3504 1865 aut
3554 1809 3835 1880 loquentes

544 1915 694 1979 dum,
731 1921 792 1969 ut
839 1917 1144 1967 contereret
1175 1915 1231 1963 et
1271 1907 1606 1962 subverteret
1646 1901 1932 1972 imperium
1982 1897 2135 1954 stulti
2164 1895 2214 1956 B
2240 1900 2626 1971 cogitantesve,
2650 1900 2769 1970 plus
2789 1901 2855 1955 de
2882 1901 2989 1956 Deo
3009 1917 3170 1971 quam
3191 1917 3498 1971 possumus,
3520 1903 3829 1972 opinemur,

542 2004 709 2076 regis,
755 2002 848 2074 qui
891 2001 942 2056 ei
977 1999 1210 2056 ostendit
1259 1996 1440 2052 omnia
1488 2008 1651 2064 regna
1697 1992 1920 2056 mundi;
1964 2004 2136 2061 coque

541 2096 704 2160 victo,
732 2108 861 2150 vasa
887 2092 1029 2148 illius
1054 2096 1290 2162 caperet,
1321 2096 1376 2144 et
1415 2087 1632 2142 domum
1657 2085 2015 2148 subverteret,
2047 2096 2137 2135 ca-

541 2187 855 2258 ptivamque
912 2183 1208 2254 captivaret
1265 2178 1650 2250 captivitatem.
1719 2175 1953 2230 Puerum
2005 2187 2136 2228 vero

494 2296 502 2304 '
542 2278 708 2351 424
732 2278 1047 2349 prophetico
1067 2277 1260 2346 spiritu
1285 2272 1584 2328 nominavit
1607 2268 1906 2333 Christum,
1933 2275 1989 2322 et
2009 2283 2136 2336 pau-

540 2384 748 2440 perem,
780 2368 920 2423 sicut
944 2366 1148 2421 dictum
1173 2372 1257 2419 est
1283 2379 1297 2416 :
1326 2363 1462 2417 Ecce
1486 2377 1616 2434 puer
1645 2377 1789 2416 meus
1815 2375 1968 2430 quem
2005 2357 2135 2428 elegi

539 2461 759 2534 (Matth.
784 2477 884 2527 xu,
901 2459 1011 2532 l8).
1034 2457 1168 2513 Item
1192 2455 1514 2528 Apostolus:
1549 2453 1653 2520 Qui
1679 2469 1797 2507 cum
1823 2451 1962 2504 dives
1982 2457 2130 2516 esset,

537 2570 739 2626 pauper
768 2552 950 2622 factus
978 2560 1052 2606 est
1084 2566 1177 2621 pro
1228 2548 1375 2603 nobis
1401 2545 1487 2616 (II
1518 2545 1639 2600 Cor.
1683 2561 1803 2610 Vlll,
1833 2543 1909 2614 9).
1952 2542 2019 2596 Et
2042 2557 2131 2596 sa-

537 2646 778 2717 pientem
806 2659 931 2700 eum
957 2642 1320 2713 Evangelista,
1345 2646 1576 2695 testatur
1603 2638 1824 2694 dicens:
1869 2635 1940 2690 Et
1977 2635 2132 2692 Iesus

537 2734 841 2807 proﬁciebat
867 2742 1020 2788 aetate
1046 2741 1095 2787 et
1138 2731 1396 2803 sapientia
1420 2739 1468 2784 et
1495 2730 1666 2800 gratia
1713 2745 1890 2783 coram
1919 2727 2031 2782 Deo
2061 2725 2132 2799 [et

539 2825 860 2898 hominibus]
884 2824 1036 2898 (Luc.
1069 2841 1130 2890 ιι,
1153 2824 1265 2895 59.).
1293 2824 1397 2878 lste
1423 2829 1580 2876 natus
1603 2831 1687 2876 est
1709 2821 1766 2876 in
1797 2835 1964 2891 regno
1986 2818 2134 2875 senis

540 2928 598 2977 et
619 2920 792 2987 stulti,
821 2920 1076 2989 optimus,
1103 2933 1325 2988 pauper,
1355 2925 1410 2972 et
1438 2932 1572 2986 puer
1597 2913 1950 2979 admirabilis,
1984 2921 2046 2967 ut
2065 2913 2132 2968 de

539 3015 700 3070 domo
725 3012 1117 3068 vinculatorum
1155 3012 1470 3083 procederet
1493 3011 1548 3064 in
1590 3023 1833 3080 regnum,
1862 3007 2048 3063 abiens
2076 3007 2132 3061 in

537 3107 815 3180 regionem
839 3105 1205 3176 longinquam,
1222 3103 1378 3173 juxta
1400 3101 1713 3174 parabolam
1740 3099 2126 3170 evangelicam,

537 3199 786 3268 accipere
818 3198 920 3254 sibi
944 3214 1169 3269 regnum
1194 3204 1250 3252 et
1283 3195 1502 3262 reverti,
1533 3209 1626 3248 eos
1649 3200 1770 3264 post
1795 3192 2132 3262 aliquantum

2239 1990 2333 2048 sed
2361 1993 2595 2047 sciamus
2621 1992 3047 2048 imbecillitatem
3077 2003 3338 2048 nostram.
3377 1993 3651 2061 Quantum
3691 1996 3831 2050 enim

2238 2083 2433 2140 omium
2481 2084 2644 2140 distat
2671 2100 2703 2138 a
2733 2092 2898 2151 terra,
2949 2093 3156 2140 tantum
3196 2095 3383 2142 nostra
3412 2088 3656 2157 opinatio
3686 2104 3717 2141 a
3742 2104 3860 2142 na-~

2238 2182 2360 2230 tura
2385 2175 2528 2231 illius
2555 2183 2878 2246 separatur;
2906 2184 2959 2232 et
2980 2175 3190 2234 idcirco'
3211 2179 3411 2234 debere
3434 2181 3605 2235 verba
3639 2190 3827 2236 nostra

2237 2284 2359 2324 esse
2389 2270 2685 2325 moderata.
2723 2268 2874 2326 Sicut
2915 2271 3059 2325 enim
3091 2271 3182 2340 qui
3211 2270 3266 2325 in
3311 2270 3496 2326 multis
3540 2272 3832 2343 cogitatio-

2237 2360 2396 2416 nibus
2425 2369 2525 2426 est,
2557 2375 2622 2416 ea
2660 2361 2896 2417 somniat
2937 2360 3249 2432 frequenter
3288 2363 3353 2417 de
3383 2363 3584 2432 quibus
3611 2364 3858 2436 cogitat,-

2237 2452 2313 2509 ita
2343 2454 2434 2522 qui
2459 2453 2613 2525 plura
2639 2454 2871 2510 voluerit
2904 2455 2971 2510 de
3018 2455 3300 2510 divinitate
3344 2456 3616 2512 disserere
3646 2458 3835 2512 incidit

2237 2549 2292 2604 in
2318 2549 2620 2604 stultitiam.
2653 2549 2750 2605 Vel
2776 2557 2921 2605 certe
2945 2550 3110 2605 verba
3137 2558 3325 2605 nostra
3351 2565 3523 2620 pauca
3563 2551 3688 2606 ideo
3717 2564 3834 2607 esse

2236 2640 2455 2707 debere,
2494 2640 2637 2711 quod
2664 2639 2870 2713 [etiam]
2897 2656 2961 2695 ea
2987 2657 3105 2711 qua:
3143 2657 3303 2696 nosse
3333 2656 3431 2696 nos
3473 2642 3831 2710 aestimamus,

2234 2748 2333 2806 per
2377 2733 2656 2804 speculum
2698 2733 2960 2798 videmus,
3009 2742 3064 2789 et
3106 2733 3161 2788 in
3215 2734 3523 2804 aenigmate,
3571 2743 3628 2790 et
3667 2736 3830 2791 veluti

2233 2824 2505 2880 somnium
2549 2824 3243 2897 comprehendimus'quod
3289 2835 3476 2882 tenere
3532 2843 3636 2883 nos
3692 2829 3829 2883 aesti-

2234 2934 2484 2985 mamus;
2516 2935 2747 2990 cumque
2774 2919 2952 2991 plura,
2983 2927 3044 2976 ut
3067 2920 3244 2974 visum
3271 2919 3430 2975 nobis
3466 2919 3653 2987 fuerit,
3684 2922 3830 2977 dixe-

2234 3013 2426 3077 rimus,
2473 3012 2634 3067 ﬁnem
2679 3013 3056 3085 diSputationis
3099 3023 3298 3070 nostra:
3335 3029 3455 3070 esse
3505 3015 3825 3070 stultitiam:

2232 3120 2300 3159 ex
2325 3105 2672 3175 multiloquio
2706 3107 2852 3161 enim
2881 3122 2981 3161 nos
3008 3121 3115 3161 non
3142 3106 3376 3178 ell‘ugere
3401 3117 3706 3178 peccatum.

2302 3195 2464 3250 Vens.
2503 3196 2557 3260 5,
2584 3195 2638 3249 4.
2663 3225 2733 3235 ——
2761 3194 2823 3251 Si
2849 3196 2976 3267 quid
3002 3197 3185 3250 vovisti
3222 3195 3353 3263 Deo,
3385 3213 3448 3250 ne
3472 3198 3695 3251 moreris
3718 3197 3826 3250 red-

536 3290 819 3358 temporis,
847 3290 940 3358 qui
981 3305 1141 3359 super
1189 3304 1248 3343 se
1282 3303 1407 3342 eum
1453 3299 1682 3356 regnare
1728 3281 2127 3348 noluerunt,'in
2151 3296 2200 3360 ο
2231 3288 2392 3344 dere:
2438 3288 2672 3361 displicet
2699 3290 2838 3344 enim
2868 3291 2915 3344 ei
2962 3290 3190 3359 inﬁdelis
3231 3300 3278 3344 et
3318 3290 3480 3345 stulta
3526 3292 3819 3362 promissio.

534 3379 736 3451 iudicio
762 3383 1133 3437 damnaturus.
1182 3381 1386 3436 Tamen
1412 3384 1572 3435 erunt
1603 3393 1765 3448 quam
1788 3377 2007 3447 plurimi
2033 3375 2126 3446 qui

536 3485 648 3531 non
676 3471 1003 3529 laetabuntur
1039 3473 1092 3527 in
1121 3471 1358 3536 Christo,
1386 3470 1709 3540 recipientes
1730 3468 2128 3524 Antichristum

533 3582 636 3638 pro
677 3581 762 3621 eo.
806 3563 913 3620 Sed
951 3572 1006 3619 et
1038 3563 1114 3618 illi
1139 3579 1247 3618 non
1291 3562 1541 3616 laetantur
1562 3561 1616 3614 in
1645 3575 1731 3626 eo,
1768 3559 1860 3628 qui
1890 3557 2127 3612 carnalia

534 3656 824 3721 desideria,
851 3655 908 3710 id
930 3661 1030 3718 est,
1075 3653 1359 3709 exterioris
1392 3651 1626 3707 hominis
1659 3651 1791 3704 vitia
1831 3656 2131 3718 sequuntur

535 3745 711 3819 magis
745 3761 909 3816 quam
958 3745 1230 3800 interioris
1264 3743 1601 3815 sapientiam.
1655 3741 1723 3796 lli
1764 3749 1891 3797 sunt
1917 3741 2009 3811 qui
2034 3755 2129 3795 na-

535 3846 762 3896 scuntur
789 3853 888 3910 per
907 3837 1134 3908 gratiam
1165 3834 1340 3892 sancti
1366 3834 1624 3906 Spiritus,
1654 3840 1711 3887 et
1731 3841 2128 3888 sacramentum

536 3930 792 4002 baptismi
823 3930 879 3986 in
906 3944 1150 4000 regnum,
1197 3929 1293 3985 sed
1324 3943 1432 3984 non
1479 3933 1801 3998 permanent
1827 3926 1883 3980 in
1926 3940 2010 3992 eo,
2043 3941 2130 3980 re-

531 4030 812 4079 vertentes
861 4022 930 4079 ad
986 4022 1140 4090 vitia,
1215 4021 1336 4078 ideo
1391 4020 1696 4092 consumpti
1748 4018 1930 4090 inopia
1977 4018 2129 4074 tabe-

534 4123 707 4171 scent.

603 4211 766 4267 Vens.
800 4211 888 4266 l7.
909 4241 982 4252 —
1009 4210 1227 4267 Custodi
1251 4211 1435 4282 pedem
1461 4219 1610 4266 tuum
1637 4209 1932 4282 ingrediens
1961 4208 2014 4262 in
2038 4207 2130 4262 do-

530 4320 674 4361 mum
696 4301 818 4370 Dei,
845 4313 893 4357 et
914 4305 1206 4376 propinqua
1238 4312 1295 4357 ut
1326 4302 1534 4359 audias.
1569 4302 1738 4358 Multo
1769 4303 1905 4357 enim
1944 4301 2131 4356 melior

528 4405 606 4452 est
636 4397 929 4453 obedientia
953 4414 1113 4469 quam
1152 4395 1434 4452 stultorum
1479 4397 1722 4461 victimw,
1753 4397 1844 4467 qui
1892 4395 2128 4449 nesciunt

529 4490 660 4562 quid
689 4490 892 4559 faciunt
937 4489 1085 4544 mali.
1131 4489 1410 4559 Praecepta
1458 4489 1551 4543 dat
1599 4489 1743 4554 vitae,
1776 4499 1830 4544 et
1875 4505 1982 4545 non
2011 4487 2128 4544 vult

532 4580 806 4638 oﬂ‘endere
857 4590 1048 4638 euntes
1088 4582 1157 4638 ad
1203 4581 1521 4637 Ecclesiam.
1565 4579 1682 4634 Non
1718 4582 1865 4636 enim
1918 4581 2126 4652 ingredi

2232 3378 2336 3434 Sed
2364 3380 2708 3452 quodcunque
2745 3380 2962 3446 voveris,
3005 3381 3180 3434 redde.
3221 3380 3492 3452 Multoque
3539 3381 3729 3436 melius
3755 3392 3823 3436 est

2232 3489 2337 3526 non
2378 3490 2581 3540 vovere,
2610 3490 2769 3544 quam
2807 3481 2920 3544 post
2949 3482 3126 3528 votum
3169 3474 3427 3545 promissa
3456 3490 3562 3528 non
3594 3475 3820 3528 reddere.

2233 3562 2472 3632 Simplex
2518 3564 2890 3636 intelligentia,
2945 3564 3390 3634 interpretatione
3441 3580 3547 3620 non
3605 3566 3817 3636 indiget.

2231 3653 2420 3710 Melius
2445 3665 2652 3711 estnon
2677 3657 2995 3727 promittere
3023 3672 3184 3726 quam
3205 3658 3471 3727 promissa
3491 3673 3601 3712 non
3629 3657 3814 3718 facere,

2232 3747 2358 3817 quia
2383 3746 2665 3816 displicent
2689 3745 2844 3818 [Ms.,
2869 3747 3200 3820 displiciuut]
3226 3747 3338 3803 Deo
3358 3758 3482 3804 vota
3507 3749 3816 3814 inﬁdelium,

2231 3837 2324 3906 qui
2351 3852 2459 3891 non
2486 3836 2710 3908 implent
2739 3853 2859 3908 quae
2884 3838 3205 3906 promittunt
3249 3839 3379 3896 Deo.
3426 3839 3570 3896 Deus
3603 3842 3706 3896 nisi
3731 3857 3814 3895 ve-

2232 3944 2330 3983 rax
2371 3935 2453 3983 est
2494 3936 2550 3983 et
2593 3927 2814 3996 veritas,
2845 3945 3046 4000 eosque
3075 3938 3221 3985 amat
3249 3931 3342 4001 qui
3384 3933 3635 3988 veritatis
3659 3949 3812 4004 opera

2230 4020 2458 4078 faciunt.
2489 4020 2807 4077 Consideret
2845 4023 3006 4078 homo
3032 4025 3174 4094 quod
3220 4023 3371 4096 [Ms.,
3401 4024 3552 4099 quid]
3597 4029 3708 4083 Deo
3734 4044 3819 4083 vo-

2229 4123 2374 4180 veat,
2397 4130 2467 4169 an
2488 4114 2710 4185 implere
2730 4115 2901 4185 possit
2927 4133 3045 4187 quae
3067 4131 3260 4172 vovere
3283 4118 3504 4188 cogitat.
3536 4118 3646 4175 Sed
3667 4136 3817 4192 gene-

2229 4205 2420 4260 raliter
2445 4205 2592 4260 omni
2638 4207 2950 4277 prwcipitur
2992 4207 3321 4274 Christiano,
3371 4219 3432 4264 ut
3459 4209 3622 4266 ﬁdem
3666 4227 3817 4281 opere

2231 4298 2518 4369 compleat,
2552 4308 2607 4355 et
2635 4315 2742 4355 non
2766 4301 2836 4356 sit
2863 4301 3056 4356 similis
3079 4301 3412 4370 ludasorum,
3436 4304 3531 4374 qui
3559 4301 3816 4374 sp‘bndent

2231 4407 2289 4446 se
2314 4391 2494 4446 omnia
2524 4390 2723 4457 facere,
2761 4407 2880 4462 qua:
2929 4393 3188 4449 Dominus
3224 4395 3488 4463 praecipit,
3538 4395 3811 4450 dicentes:

2233 4483 2426 4539 Omnia
2461 4501 2782 4555 qua’cunque
2823 4485 3067 4556 pra'cepit
3103 4484 3249 4539 nobis
3278 4484 3538 4539 Dominus
3569 4485 3812 4553 faciemus

2231 4577 2429 4650 (Ex-od.
2462 4595 2608 4644 xxnv,
2639 4577 2696 4648 3)
2723 4595 2738 4645 ;
2788 4585 2976 4648 postea
3005 4577 3202 4634 vitulos
3243 4577 3531 4646 facientes,
3564 4579 3812 4635 adorave-

532 4674 752 4728 domum
779 4671 896 4740 Dei,
943 4673 1040 4730 sed
1077 4673 1196 4729 sine
1224 4670 1520 4729 oll'ensione
1564 4672 1772 4744 ingredi
1817 4672 1992 4728 laudis
2020 4681 2124 4728 est.
2155 4686 2210 4748 ι)
2232 4678 2359 4725 runt
2385 4670 2546 4726 idola.

530 4769 599 4824 Et
625 4768 672 4824 si
702 4776 845 4824 esset
867 4769 1109 4824 omnium
1131 4769 1224 4842 qui
1252 4778 1377 4826 sunt
1422 4770 1478 4826 in
1510 4767 1752 4825 Ecclesia
1790 4769 1908 4836 Dei,
1938 4771 2127 4826 audire

529 4873 836 4915 sermonem
861 4868 916 4914 et
955 4859 1134 4914 divina
1164 4861 1442 4932 mysteria,
1489 4874 1766 4930 nunquam
1810 4859 2126 4928 addidisset,

528 4951 903 5024 Appropinqua
928 4959 984 5006 ut
1010 4951 1218 5006 audias.
1269 4952 1508 5022 Denique
1540 4951 1750 5022 Moyses
1774 4951 1918 5006 solus
1958 4968 2127 5024 pr0pe

531 5046 826 5102 accedebat
848 5044 918 5100 ad
944 5044 1270 5100 audiendum
1294 5043 1462 5100 Deum
1489 5062 1502 5098 :
1526 5043 1708 5100 caeteri
1734 5043 1994 5098 accedere
2014 5060 2122 5100 non

525 5139 802 5196 valebant.
846 5137 1000 5207 Quod
1025 5137 1177 5193 stulti
1201 5137 1504 5192 nescientes
1537 5135 1836 5192 remedium
1857 5151 1977 5192 esse
2000 5152 2123 5207 pec-

529 5232 661 5298 cati,
709 5233 1147 5302 aestimantesque
1183 5244 1282 5300 pro
1326 5229 1594 5284 oblatione
1645 5227 1797 5301 [Ms.,
1838 5245 1937 5300 per
1975 5228 2124 5284 obla-

529 5323 757 5396 tionem]
781 5338 1066 5380 munerum
1091 5320 1204 5377 Deo
1225 5318 1540 5377 satisfacere
1561 5335 1620 5376 se
1642 5336 1820 5392 posse,
1849 5319 1946 5394 [et]
1975 5321 2125 5392 igno-

529 5423 654 5472 rant
680 5417 784 5471 hoc
807 5416 1007 5472 malum
1030 5429 1151 5471 esse
1190 5421 1352 5484 amue
1386 5422 1687 5483 peccatum,
1719 5429 1827 5470 non
1870 5411 2125 5468 obedien-

529 5507 607 5566 tia
648 5506 840 5580 [Edit.,
891 5523 1000 5563 non
1045 5507 1116 5562 ob
1161 5504 1545 5578 obedientiam]
1590 5514 1984 5577 praeceptorum
2026 5503 2124 5560 Dei

531 5594 632 5669 [et]
663 5599 818 5654 bonis
845 5597 1118 5669 operibus,
1160 5594 1255 5651 sed
1283 5595 1439 5651 donis
1475 5604 1529 5650 et
1568 5595 1804 5651 victimis
1831 5596 2122 5650 emendare

529 5689 688 5755 velle,
711 5705 831 5759 quze
869 5689 1054 5760 inique
1076 5685 1323 5742 fecerint.
1354 5686 1492 5744 Huic
1518 5689 1767 5761 congruit
1794 5687 1942 5753 illud,
1977 5688 2119 5759 quod

532 5779 589 5834 in
616 5781 905 5852 Evangelia
947 5780 1061 5850 ipsa
1102 5778 1316 5835 Veritas
1343 5780 1456 5835 ait:
1507 5783 1704 5836 Discite
1729 5779 1855 5853 quid
1885 5789 1982 5847 est,
2014 5779 2116 5833 mi-

531 5874 872 5930 sericordiam
895 5872 1030 5942 volo,
1059 5882 1106 5930 et
1137 5890 1240 5931 non
1265 5877 1583 5946 sacriﬁcium
1615 5875 1829 5948 (litauit.
1863 5892 1934 5941 Ix,
1973 5875 2079 5947 l5).

2303 4761 2465 4834 425
2507 4763 2666 4817 Vens.
2708 4762 2761 4817 5.
2798 4793 2869 4802 -—
2908 4762 2992 4818 Ne
3033 4763 3238 4820 dederis
3285 4781 3342 4819 os
3390 4774 3560 4831 tuum,
3609 4776 3665 4820 ut
3692 4781 3802 4837 pec-

2234 4869 2353 4907 care
2375 4843 2545 4923 facias
2569 4870 2779 4907 carnem
2814 4864 2979 4920 tuam,
3012 4870 3174 4924 neque
3205 4855 3351 4910 dicas
3379 4874 3559 4911 coram
3593 4856 3807 4928 angelo:

2233 4945 2359 5000 Non
2385 4954 2461 5000 est
2497 4945 2844 5016 providentia,
2873 4964 2936 5001 ne
2965 4946 3102 5017 forte
3134 4948 3304 5003 iratus
3346 4948 3490 5002 Deus
3526 4966 3683 5012 super
3707 4964 3804 5002 ser-

2230 5053 2382 5092 mone
2411 5047 2522 5104 tuo,
2577 5037 2791 5108 dissipet
2844 5048 3033 5092 cuncta
3080 5055 3238 5110 opera
3283 5057 3537 5094 manuum
3583 5050 3803 5094 tuarum.

2229 5129 2440 5187 Hebraei
2473 5131 2544 5185 ita
2582 5131 2862 5187 sentiunt:
2911 5133 3056 5202 quod
3103 5148 3211 5190 non
3263 5141 3418 5203 potes
3460 5132 3663 5199 facere,
3710 5144 3805 5185 non

2224 5223 2540 5292 promittas;
2576 5239 2683 5278 non
2705 5224 2851 5278 enim
2877 5223 2931 5278 in
2957 5232 3177 5280 ventum
3207 5225 3349 5280 dicta
3377 5232 3682 5290 transeunt,
3720 5219 3804 5278 sed

2226 5333 2258 5373 a
2298 5319 2551 5389 pmsenti
2601 5317 2810 5388 angelo,
2860 5319 2953 5390 qui
3002 5319 3293 5390 unicuique
3339 5319 3583 5374 adhaeret
3615 5330 3801 5377 comes,

2225 5415 2409 5471 statim
2434 5413 2782 5485 proferuntur
2809 5413 2987 5486 [Hier.
3010 5412 3378 5486 perferuntur]
3408 5414 3476 5468 ad
3503 5414 3799 5468 Dominum.

2227 5506 2294 5560 Et
2317 5515 2373 5562 tu
2401 5508 2496 5576 qui
2534 5515 2694 5576 putas
2737 5507 2988 5577 ignorare
3024 5507 3194 5562 Deum
3227 5506 3370 5577 quod
3411 5505 3704 5584 pollicitus
3728 5516 3800 5565 es,

2226 5615 2492 5670 provocas
2518 5616 2642 5656 eum
2685 5601 2754 5656 ad
2800 5601 3156 5667 iracundiam,
3198 5610 3258 5657 ut
3285 5601 3466 5657 omnia
3512 5616 3678 5672 opera
3717 5605 3799 5654 tua

2228 5692 2573 5761 dissipentur.
2607 5691 2715 5748 Nos
2741 5707 2870 5746 vero
2903 5691 2975 5746 ita
3008 5691 3379 5762 intelligimus,
3407 5693 3552 5762 quod
3581 5690 3666 5746 his
3690 5699 3799 5744 ver-

2226 5785 2310 5840 bis
2338 5793 2634 5854 arguantur
2669 5785 2760 5856 qui
2796 5784 3119 5840 necessitate
3132 5786 3311 5842 carnis
3323 5793 3596 5842 etnaturaa
3611 5793 3793 5853 sepec-

2227 5893 2350 5933 care
2390 5878 2737 5943 contendunt,
2785 5876 3136 5946 Creatorique
3192 5876 3515 5944 inscribunt,
3567 5890 3663 5932 cur
3708 5880 3792 5927 θοι
