4072 6340
250 451 347 508 689

1107 448 1518 508 EXEGETICA.
1558 479 1628 540 έ-
1672 447 2028 540 COMMENT.
2070 448 2137 504 1N
2178 436 2715 511 ECCLESIASTEN.

3423 469 3527 529 690

248 567 379 624 tales
399 563 608 630 fecerit,
646 574 706 620 ut
743 564 947 619 carnali
977 564 1245 621 desiderio
1289 567 1528 638 superati
1567 574 1832 635 cogantur
1857 571 1906 630 Α
1937 573 2144 632 segetes
2175 547 2444 620 messores
2473 568 2660 622 venire
2701 567 2952 638 iussurus
2986 581 3089 640 est,
3137 582 3197 630 ut
3243 589 3528 651 separetur

248 673 499 730 peccare;
540 665 594 710 et
619 658 722 712 hoc
747 667 846 721 cst,
893 658 1037 727 quod
1078 659 1195 712 ait:
1240 658 1323 712 Ne
1345 658 1550 712 dederis
1578 675 1633 711 os
1660 667 1826 723 tuum,
1878 672 1880 674 '

246 762 300 806 ut
322 767 538 821 peccare
575 749 743 820 facias
786 756 996 804 carnem
1043 759 1208 803 tuam.
1254 749 1372 805 Noli
1427 751 1630 819 itaque,
1684 749 1827 822 [ait,]

243 858 408 900 vanas
453 843 831 900 excusationes
875 857 1140 911 quaerere,
1201 849 1256 897 et
1305 841 1434 896 dare
1487 842 1828 897 occasionem

242 934 389 991 carni
417 942 522 989 tute
548 932 614 988 ad
637 933 990 1003 peccandum,
1029 941 1084 989 et
1112 932 1291 988 dicere
1320 951 1332 986 :
1364 933 1481 987 Non
1510 949 1611 1005 ego
1633 949 1821 1003 pecco,

242 1029 334 1084 sed
375 1027 519 1099 quod
548 1027 758 1086 habitat
790 1027 847 1082 in
883 1042 1003 1082 mea
1041 1041 1204 1082 carne
1231 1035 1531 1096 peccatum.
1562 1025 1620 1080 Si
1659 1025 1825 1094 enim,

241 1122 430 1191 inquit,
459 1121 574 1176 haec
599 1120 821 1185 dixeris,
860 1121 1029 1175 Deum
1064 1135 1328 1190 provocas
1358 1121 1512 1190 quasi
1547 1128 1827 1176 auctorem

239 1214 366 1270 mali
387 1221 548 1283 atque
582 1213 812 1286 peccati,
840 1221 901 1268 ut
927 1213 1098 1268 iratus
1139 1212 1238 1279 sit;
1273 1219 1328 1266 et
1371 1211 1417 1267 si
1467 1212 1596 1282 quid
1624 1212 1827 1268 videris

236 1310 364 1365 boni
389 1307 608 1374 habere,
633 1306 843 1363 auferet
869 1308 934 1362 de
959 1306 1208 1362 manibus
1233 1305 1372 1371 tuis;
1405 1304 1491 1359 vel
1519 1313 1666 1360 certe
1695 1305 1825 1360 talia

235 1401 576 1466 sentientem,
607 1401 784 1456 tradet
813 1409 866 1456 te
890 1401 945 1456 in
979 1384 1270 1471 reprobum
1298 1413 1540 1466 sensum,
1565 1407 1627 1455 ut
1652 1399 1826 1457 facias

235 1512 292 1550 ea
323 1512 445 1566 quae
473 1511 580 1550 non
603 1496 949 1551 conveniunt.

266 1595 270 1602 ‘
305 1585 468 1640 Vens.
510 1584 561 1638 6.
591 1613 663 1624 -—
691 1583 792 1638 Ubi
830 1583 996 1638 multa
1033 1589 1156 1638 sunt
1182 1583 1412 1651 somnia,
1437 1582 1679 1655 plurimae
1701 1592 1824 1638 sunt

232 1679 486 1732 vanitates
513 1685 561 1731 et
586 1692 847 1731 sermones
883 1675 1167 1731 innumeri.
1211 1673 1291 1729 Tu
1322 1693 1438 1730 vero
1477 1675 1646 1730 Deum
1677 1676 1818 1729 time.

231 1769 295 1822 Et
325 1769 470 1822 hunc
490 1767 669 1835 locum
700 1766 912 1821 Hebraei
936 1766 1014 1820 ita
1043 1765 1349 1821 edisserunt
1379 1785 1390 1820 :
1424 1780 1524 1820 nec
1542 1766 1820 1836 superiora

230 1862 417 1926 facias,
448 1863 516 1917 de
547 1861 742 1932 quibus
764 1859 878 1930 jam
904 1860 1108 1915 dictum
1138 1867 1240 1927 est,
1279 1875 1380 1916 nec
1409 1859 1568 1915 facile
1595 1860 1821 1916 somniis

229 1956 438 2010 credas.
475 1954 609 2010 Cum
656 1953 800 2007 enim
836 1954 1046 2008 diversa
1099 1952 1298 2008 videris
1345 1967 1444 2020 per
1495 1961 1816 2006 nocturnam
1844 1943 1892 2006 Β

227 2047 486 2116 quietem,
515 2054 570 2099 et
600 2044 765 2099 variis
808 2045 988 2098 anima
1026 2042 1191 2098 fuerit
1217 2044 1486 2114 exagitata
1517 2044 1816 2098 terroribus

225 2139 342 2192 sive
375 2137 598 2192 incitata
646 2136 949 2206 promissis,
999 2141 1057 2189 tu
1087 2142 1393 2199 contemne,
1435 2133 1561 2203 quia
1608 2133 1816 2187 somnia

134 2225 141 2235 ’
223 2241 372 2299 sunt,
398 2239 454 2286 et
495 2231 668 2287 solum
699 2231 869 2285 Deum
896 2231 1059 2296 time;
1087 2230 1182 2300 qui
1211 2231 1353 2284 enim
1384 2221 1609 2285 somniis
1642 2230 1818 2284 credi-

221 2323 385 2390 derit,
416 2323 746 2377 vanitatibus
776 2329 833 2374 et
861 2320 1080 2391 ineptiis
1110 2335 1168 2374 se
1208 2319 1404 2374 tradet.
1441 2319 1614 2373 Aliter
1643 2338 1654 2372 :
1689 2321 1817 2388 quia

219 2412 338 2466 dixi
380 2420 541 2481 atque
575 2395 843 2481 praecepi,
876 2425 986 2465 non
1035 2410 1131 2465 des
1163 2423 1226 2464 os
1264 2418 1436 2476 tuum,
1488 2418 1548 2463 ut
1589 2425 1817 2480 peccare

217 2502 400 2560 facias
424 2520 641 2560 carnem
671 2512 840 2570 tuam,
878 2511 933 2559 et
969 2489 1180 2574 quaeras
1205 2519 1374 2558 vanas
1416 2501 1567 2576 [Ms.,
1613 2503 1814 2578 varias]

214 2597 632 2663 excusationes;
663 2598 768 2652 hoc
797 2611 942 2651 nunc
971 2594 1167 2661 infero,
1201 2595 1344 2665 quod
1379 2595 1435 2650 in
1477 2611 1668 2651 somno
1693 2597 1818 2652 vita:

215 2685 402 2752 istius,
431 2695 486 2742 et
531 2688 586 2742 in
636 2687 869 2759 imagine
917 2689 1126 2743 umbrae
1177 2687 1358 2752 nubis,
1415 2703 1520 2758 qua
1565 2689 1815 2760 vivimus,

218 2778 393 2832 multa
421 2793 708 2848 possumus
751 2779 996 2834 invenire
1045 2776 1178 2848 qua!
1201 2779 1360 2835 nobis
1384 2779 1703 2835 verisimilia
1737 2781 1819 2836 vi-

219 2870 456 2925 deantur
476 2878 532 2926 et
566 2879 754 2926 nostra
791 2856 1054 2928 excusare
1101 2880 1344 2942 peccata.
1383 2872 1676 2942 Propterea
1723 2874 1817 2930 ad-

219 2977 435 3028 moneo,
470 2971 530 3018 ut
554 2963 607 3018 id
647 2963 972 3019 omnimodis
1001 2978 1212 3030 caveas,
1245 2978 1313 3017 ne
1349 2971 1508 3033 putes
1537 2966 1814 3020 absentem

219 3057 393 3112 Deum
423 3057 490 3110 ab
522 3056 776 3126 operibus
812 3055 942 3122 tuis,
976 3056 1084 3110 imo
1120 3062 1176 3110 et
1223 3055 1644 3125 cogitationibus
1685 3071 1813 3126 per-

215 3150 416 3214 versis,
447 3149 542 3203 sed
568 3164 688 3202 eum
722 3149 934 3213 timeas,
972 3155 1026 3202 et
1056 3148 1197 3203 scias
1225 3147 1280 3201 in
1316 3147 1527 3202 cunctis
1561 3147 1815 3217 operibus

217 3242 325 3296 tuis
363 3240 482 3311 ejus
515 3241 908 3311 providentiam
958 3255 1094 3304 esse,
1148 3249 1308 3310 teque
1357 3240 1531 3319 libero
1583 3241 1811 3299 arbitrio

1931 656 2173 710 triticum
2203 666 2258 711 et
2285 657 2339 711 in
2384 653 2639 714 horreum
2688 661 2925 718 caelestis
2955 667 3106 738 regni
3133 669 3418 742 condatur,
3445 674 3525 732 lo-

1932 746 2064 802 lium
2100 755 2280 803 autem
2328 757 2534 806 aeterno
2583 752 2828 809 tradatur
2875 746 3153 827 incendio;
3204 762 3326 820 ideo
3379 782 3526 825 nunc

1931 850 2205 911 exspectat
2229 850 2284 898 et
2312 842 2493 899 differt
2531 836 2875 917 sententiam,
2908 851 3080 910 donec
3109 855 3163 910 in
3195 856 3301 914 fine
3331 863 3521 920 mundi

1930 934 2098 1003 iniqui
2129 936 2424 1004 puniantur
2445 946 2499 992 et
2520 937 2651 1007 justi
2685 931 2942 997 coronam
2968 947 3233 1017 recipiant
3260 949 3512 1020 justitiaa.

1947 1052 1950 1056 '
2001 1031 2164 1087 Vens.
2199 1033 2365 1099 9,10.
2391 1026 2686 1092 -ὲΑυανιιδ
2718 1055 2821 1094 non
2846 1039 3146 1111 implebitur
3179 1029 3422 1115 pecunia,
3473 1057 3525 1104 et

1926 1129 2016 1200 qui
2038 1138 2183 1183 amat
2211 1129 2445 1196 divitias,
2490 1132 2694 1202 fructus
2731 1148 2836 1186 non
2881 1133 3046 1203 capiet
3075 1150 3140 1188 ea:
3182 1126 3304 1191 eisi
3349 1147 3396 1191 et
3426 1139 3525 1194 hoc

1926 1236 2048 1292 ergo
2086 1221 2310 1276 vanitas.
2345 1220 2447 1276 Ubi
2485 1223 2664 1277 multa:
2699 1232 2820 1276 sunt
2867 1213 3010 1294 opes,
3055 1225 3208 1281 multi
3236 1215 3284 1281 et
3312 1230 3402 1300 qui
3431 1246 3523 1286 co-

1924 1313 2139 1367 medunt
2166 1329 2294 1368 eas:
2322 1322 2370 1367 et
2395 1313 2522 1384 quid
2550 1314 2760 1384 prodest
2781 1317 3089 1384 possessori,
3121 1319 3223 1372 nisi
3245 1319 3386 1390 quod
3413 1338 3526 1376 cer-

1925 1405 2000 1457 nit
2030 1405 2240 1458 divitias
2271 1403 2437 1458 oculis
2460 1405 2612 1458 suis?
2661 1403 2762 1459 Hic
2789 1420 2919 1461 vero
2948 1421 3143 1463 avarus
3171 1409 3524 1482 describitur,

1925 1497 2017 1568 qui
2047 1513 2321 1566 nunquam
2351 1499 2546 1566 opibus
2569 1497 2850 1568 expletur;
2889 1505 2946 1553 et
2969 1491 3173 1569 quanto
3200 1502 3322 1572 plus
3347 1505 3518 1575 capit,

1924 1595 2076 1645 tanto
2101 1589 2221 1658 plus
2261 1590 2409 1660 cupit
2439 1607 2452 1643 :
2498 1590 2639 1644 sicut
2672 1587 3022 1661 hydropicus,
3055 1600 3256 1662 quanto
3281 1593 3404 1664 plus
3440 1595 3526 1651 bi-

1923 1681 2022 1746 bit,
2054 1690 2264 1735 tantum
2291 1680 2410 1736 sitis
2438 1679 2621 1736 addita
2647 1681 2887 1736 crescit..
2915 1680 3098 1737 Flacci
3115 1675 3330 1755 quoque
3359 1699 3523 1755 super

1922 1772 2027 1827 hoc
2066 1772 2360 1828 concordat
2401 1772 2689 1840 sententia,
2717 1773 2809 1842 qui
2853 1772 2931 1828 ait
2978 1771 3173 1846 (Epist.
3206 1774 3264 1842 1,
3294 1775 3364 1831 ad
3393 1773 3519 1830 Lol—

1922 1862 2073 1934 lium)
2102 1881 2114 1916 :

2322 1954 2534 2018 Semper
2558 1965 2734 2006 avarus
2754 1957 2981 2018 eget.....

1921 2048 2065 2105 Nihil
2095 2048 2298 2104 divitiae
2326 2057 2555 2119 prosunt
2595 2064 2726 2120 ergo
2753 2049 2954 2122 (inquit
2994 2049 3372 2126 Ecclesiastes)
3395 2066 3520 2124 pos-

1920 2142 2138 2208 sidenti,
2179 2144 2284 2199 nisi
2327 2145 2432 2199 hoc
2457 2145 2652 2212 solum,
2684 2152 2746 2199 ut
2769 2145 2952 2200 videat
2981 2147 3127 2216 quod
3156 2145 3322 2219 426
3348 2147 3522 2217 possi-

1919 2236 2029 2290 det.
2055 2235 2266 2302 Quanto
2294 2237 2440 2291 enim
2469 2236 2642 2305 major
2677 2236 2842 2292 fuerit
2866 2237 3188 2306 substantia,
3223 2247 3374 2296 tanto
3399 2241 3521 2310 plu-

1919 2341 2008 2383 res
2028 2320 2307 2384 ministros
2327 2329 2569 2396 habebit,
2586 2331 2678 2400 qui
2693 2345 2823 2400 opes
2839 2331 3099 2387 devorent
3126 2341 3514 2405 congregatas:

1917 2421 2168 2482 dominus
2202 2411 2391 2502 autem
2419 2415 2607 2476 earum
2636 2422 2820 2477 videat
2881 2431 3096 2479 tantum
3137 2425 3266 2494 quid
3292 2426 3514 2494 habeat,

1919 2524 1974 2573 et
1993 2517 2113 2588 plus
2135 2533 2299 2588 quam
2328 2517 2489 2573 unius
2516 2518 2753 2572 hominis
2773 2518 2951 2573 cibum
2975 2533 3170 2590 capere
3191 2534 3300 2574 non
3322 2521 3514 2590 possit.

1992 2602 2158 2659 Vsus.
2192 2603 2280 2657 11.
2313 2632 2385 2644 -—-
2426 2601 2612 2657 Dulcis
2643 2614 2717 2658 est
2759 2620 2974 2658 somnus
3005 2607 3266 2676 aperanti,
3297 2607 3403 2662 sive
3428 2625 3520 2679 pa-

1919 2716 2038 2755 rum
2087 2700 2192 2754 sive
2237 2697 2463 2753 multum
2507 2689 2784 2754 comedat:
2833 2703 3086 2756 saturitas
3118 2710 3293 2756 autem
3336 2703 3516 2759 divitis

1920 2807 2026 2845 non
2055 2790 2179 2844 sinit
2217 2805 2336 2845 eum
2376 2779 2626 2844 dorinire.
2673 2790 2866 2846 Adhuc
2915 2791 2981 2846 de
3031 2789 3198 2846 divite
3240 2800 3296 2846 et
3346 2774 3513 2849 avaro

1917 2897 2097 2938 sermo
2128 2888 2230 2948 est,
2268 2888 2322 2936 et
2342 2888 2726 2951 comparantur
2747 2875 3016 2950 op'eranti,
3043 2891 3097 2937 et
3125 2883 3330 2951 absque
3363 2880 3515 2936 solli-

1917 2975 2157 3032 citudine
2186 2973 2496 3039 dormienti,
2531 2974 2644 3028 sive
2678 2989 2872 3054 parum
2909 2974 3024 3028 sive
3071 2973 3300 3028 multum
3329 2988 3514 3030 come-

1917 3072 2076 3139 derit,
2111 3071 2255 3143 quod
2280 3071 2370 3126 ille
2395 3071 2582 3126 labore
2611 3071 2815 3140 operis,
2857 3077 2914 3127 et
2941 3069 3138 3124 sudore
3165 3067 3411 3137 quemvis
3435 3066 3514 3121 ci-

1914 3167 2046 3221 bum
2090 3167 2305 3238 digerit,
2338 3174 2393 3220 et
2431 3165 2575 3219 dulci
2606 3179 2797 3219 somno
2826 3162 3144 3234 perfruitur.
3191 3159 3351 3214 Dives
3385 3171 3516 3213 vero

1917 3258 2182 3313 distentus
2213 3256 2459 3326 dapibus,
2493 3255 2549 3310 in
2575 3255 2788 3310 diversa
2816 3254 3107 3319 laceratus,
3142 3250 3379 3308 dormire
3405 3265 3516 3305 non

219 3329 380 3403 [Μεθ’
427 3331 850 3425 ῙίΡεΐίίγθτδίῐτίί]
883 3332 1193 3425 Pomm“):
1239 3348 1347 3388 ηοη
1383 3317 1526 3404 cogi,
1559 3332 1810 3425 9&1le-
1840 3306 1888 3373 Ο
1916 3351 2083 3417 valet,
2132 3306 2468 3406 redundante
2506 3349 2746 3417 crapula,
2779 3357 2834 3403 et
2879 3347 3092 3402 incocto
3135 3345 3257 3400 cibo
3299 3344 3356 3399 in
3402 3350 3516 3399 sto—

215 3442 320 3479 om.
359 3423 479 3496 sed]
514 3424 671 3490 velle,
697 3424 844 3494 quod
873 3422 1062 3479 facias.

283 3518 455 3576 Vens.
489 3517 543 3584 '7,
569 3518 622 3572 8.
651 3548 721 3557 —
753 3516 814 3572 Si
860 3517 1050 3572 videris
1097 3516 1391 3571 calumnias
1419 3532 1722 3589 egenorum,
1763 3527 1814 3575 et

212 3611 446 3669 violenta
477 3610 622 3684 [Ms.,
656 3610 873 3683 violata]
890 3611 1120 3681 judicia,
1148 3619 1195 3665 et
1219 3611 1446 3664 subverti
1467 3611 1736 3680 justitiam
1753 3613 1811 3668 in

214 3704 506 3774 provincia,
553 3719 658 3757 non
683 3704 889 3758 mireris
913 3720 1068 3774 super
1093 3704 1190 3757 hoc
1213 3704 1440 3774 negotio,
1469 3705 1592 3775 quia
1620 3703 1813 3777 [excel-

215 3793 294 3868 so]
322 3794 584 3850 excelsior
605 3804 679 3850 est
725 3794 884 3860 alius,
931 3804 978 3848 et
1024 3811 1180 3865 super
1228 3795 1320 3848 hos
1348 3811 1548 3866 quoque
1577 3794 1722 3867 [Ms.,
1762 3804 1812 3850 et

215 3891 308 3945 hoc
331 3890 561 3963 quoque]
584 3891 946 3945 eminentiores
964 3897 1085 3943 sunt
1107 3887 1222 3955 alii,
1249 3898 1296 3942 et
1322 3889 1534 3959 insuper
1555 3889 1810 3943 universa:

214 3994 371 4039 terra:
401 4001 494 4037 rea:
537 3985 755 4055 imperat
782 3983 1044 4038 servienti.
1082 3981 1259 4037 Unum
1289 3981 1668 4050 disputationis
1697 3995 1811 4036 ser-

215 4090 408 4130 vemus
446 4082 674 4141 textum,
706 4083 759 4128 et
806 4075 1056 4130 eumdem
1100 4087 1320 4128 sensum
1348 4080 1404 4128 et
1439 4074 1682 4128 ordinem
1726 4089 1811 4128 se-

215 4181 471 4236 quamur.
510 4166 685 4237 Supra
711 4167 882 4222 dixit:
916 4165 998 4220 Ne
1029 4166 1224 4220 dixeris
1255 4181 1432 4219 coram
1469 4155 1674 4234 angelo,
1704 4181 1808 4220 non

211 4267 285 4312 est
311 4259 662 4331 providentia,
692 4275 756 4312 ne
780 4257 914 4328 forte
945 4258 1208 4311 irascatur
1256 4254 1399 4310 Deus
1440 4271 1596 4325 super
1634 4271 1808 4310 vocem

213 4357 358 4404 tuam
390 4359 448 4404 et
476 4351 704 4420 reliqua.
734 4349 1116 4419 Adversusque
1161 4363 1254 4404 eos
1298 4346 1512 4403 locutus
1562 4354 1667 4412 est,
1713 4345 1807 4416 qui

212 4453 482 4518 negarent
505 4442 612 4515 per
643 4443 1033 4515 providentiam
1084 4442 1180 4499 Dei
1231 4454 1320 4498 res
1367 4441 1632 4496 humanas
1669 4439 1804 4511 regi.

215 4533 321 4591 Sed
348 4537 443 4592 hic
497 4536 761 4591 intellexit
807 4535 941 4591 oriri
987 4549 1146 4607 posse
1192 4531 1502 4603 bujusmodi
1561 4532 1809 4603 quaestio-

213 4642 337 4682 nem
367 4645 382 4681 :
419 4626 466 4681 si
496 4641 527 4680 a
576 4626 687 4681 Deo
722 4634 943 4681 auctore
988 4639 1076 4679 res
1125 4623 1330 4695 regitur
1364 4623 1599 4678 humana
1648 4621 1804 4694 [Ms.,

166 4738 171 4745 ·
213 4735 300 4774 res
336 4725 602 4789 reguntur
644 4713 936 4787 humanae],
969 4728 1137 4786 quare
1185 4711 1318 4782 justi
1363 4712 1688 4768 calumniam
1717 4727 1808 4782 pa-

214 4810 448 4874 tiuntur,
477 4817 531 4864 et
559 4821 728 4879 quare
755 4807 925 4876 iniqui
969 4812 1094 4861 sunt
1130 4804 1360 4877 judices,
1410 4813 1466 4860 et
1515 4821 1624 4860 non
1658 4805 1803 4861 Deus

212 4902 502 4959 ulciscitur
523 4903 577 4958 in
603 4918 695 4957 eos
721 4901 812 4971 qui
839 4900 1021 4970 iniqua
1051 4898 1252 4954 faciunt
1279 4897 1626 4968 etjudicant?
1653 4898 1809 4954 Nunc

214 4977 401 5060 infert,
431 5000 484 5048 et
513 4992 672 5049 solvit
713 4991 1065 5062 quaestionem
1095 5004 1214 5061 quae
1246 4995 1457 5060 poterat
1483 4990 1700 5061 opponi,
1729 4990 1809 5045 di-

215 5101 387 5144 cens:
423 5086 485 5144 Si
516 5087 705 5143 videris
747 5087 1067 5142 calumniam
1094 5088 1358 5158 pauperis,
1391 5088 1483 5157 qui
1527 5088 1716 5144 beatus
1753 5088 1809 5143 in

214 5179 515 5252 Evangelia
542 5180 886 5251 praedicatur,
917 5187 972 5234 et
1013 5193 1101 5232 res
1140 5177 1344 5249 vigere,
1393 5167 1511 5233 non
1540 5176 1810 5246 justitiam

217 5271 427 5344 [Hier.,
455 5280 508 5328 et
530 5288 618 5329 res
639 5272 810 5343 vigeri
842 5288 950 5328 non
971 5269 1230 5342 justitia],
1267 5287 1375 5326 non
1399 5270 1556 5343 [Ms.,
1584 5271 1675 5344 ne]
1703 5271 1810 5326 mi-

215 5364 382 5430 reris,
417 5380 518 5419 nec
541 5364 638 5420 tibi
662 5379 860 5419 novum
892 5363 1094 5434 aliquid
1122 5377 1244 5418 esse
1268 5362 1532 5428 videatur,
1559 5364 1687 5434 quia
1716 5379 1811 5419 ex-

215 5456 369 5512 celso
391 5456 528 5512 alius
552 5455 819 5512 excelsior
847 5463 950 5523 est,
981 5462 1036 5510 et
1074 5454 1256 5511 omnia
1285 5455 1505 5523 respicit
1524 5453 1688 5522 Deus,
1717 5455 1809 5526 qui

215 5550 444 5618 angelos
470 5565 597 5606 suos
624 5565 785 5620 super
798 5548 1010 5619 judices
1036 5557 1090 5604 et
1121 5564 1277 5619 reges
1305 5556 1466 5604 terrae
1490 5552 1804 5620 praeposuit,

214 5643 312 5710 qui
344 5649 571 5711 possunt
600 5643 789 5711 utique
826 5641 1119 5711 prohibere
1161 5640 1504 5711 injustitiam,
1546 5648 1600 5695 et
1640 5643 1811 5712 magis

216 5730 276 5785 in
309 5739 458 5786 terra
481 5731 662 5787 valere
674 5748 838 5803 quam
861 5733 1065 5803 quaevis
1085 5729 1365 5787 hominum
1390 5739 1631 5802 potestas
1655 5731 1806 5805 [Ms.,

213 5823 563 5897 potestates].
595 5824 701 5880 Sed
730 5826 984 5895 quoniam
1012 5832 1192 5879 servat
1233 5825 1287 5879 in
1317 5823 1480 5880 finem
1523 5825 1807 5896 judicium,

215 5929 275 5976 et
309 5922 372 5976 in
399 5925 915 5981 consummationem
956 5923 1172 5989 mundi,
1220 5922 1436 5992 quando
1465 5923 1520 5978 in
1567 5935 1812 5979 maturas

1915 3443 2097 3498 machi
2126 3441 2392 3513 angustiis
2417 3447 2703 3495 aestuante.
2732 3439 2904 3494 Porro
2932 3437 3057 3507 quia
3086 3446 3326 3500 somnus,
3365 3449 3519 3490 com-

1914 3533 2094 3588 munis
2129 3532 2193 3587 de
2223 3532 2324 3586 hac
2354 3532 2462 3585 vita
2503 3530 2683 3584 exitus
2725 3529 3046 3600 appellatur,
3075 3527 3269 3584 melior
3295 3525 3402 3580 erit
3429 3539 3519 3582 re-

1913 3625 2067 3695 quies
2095 3622 2211 3692 ejus
2257 3623 2350 3693 qui
2385 3630 2644 3692 operatur
2690 3621 2748 3676 in
2786 3619 3064 3691 praesenti,
3108 3627 3164 3677 et
3214 3617 3513 3675 secundum

1913 3719 2057 3774 vires
2084 3734 2209 3773 suas
2253 3717 2310 3772 in
2335 3716 2492 3771 bonis
2526 3715 2784 3785 operibus
2820 3721 3191 3779 conversatur,
3224 3727 3386 3782 quam
3416 3724 3513 3766 eo-

1912 3825 2033 3865 rum
2063 3809 2264 3865 divitiae
2287 3809 2354 3863 de
2383 3808 2579 3878 quibus
2609 3807 2866 3863 scribitur
2893 3825 2906 3860 :
2950 3803 3043 3859 Vte
3071 3804 3214 3859 vobis
3241 3803 3512 3868 divitibus,

1910 3902 2035 3972 quia
2063 3901 2328 3970 recepistis
2361 3899 2772 3953 consolationem
2798 3905 3021 3952 vestram
3049 3895 3200 3967 (Luc.
3224 3909 3299 3958 vr,
3323 3892 3438 3965 24).

1920 4004 1924 4009 '
1983 3991 2153 4047 Vens.
2194 3989 2380 4044 12-16.
2414 4020 2485 4030 —
2532 3989 2628 4043 Est
2672 3999 2721 4043 et
2772 3988 2882 4042 alia
2928 3988 3214 4057 inﬁrmitas
3263 3987 3510 4058 pessima,

1909 4100 2069 4156 quam
2095 4082 2199 4138 vidi
2233 4083 2326 4137 sub
2348 4080 2455 4136 sole
2484 4098 2502 4135 :
2533 4081 2726 4136 divitia:
2755 4065 3072 4136 conservata:
3104 4081 3160 4133 in
3193 4079 3392 4133 malum
3416 4079 3512 4133 do—

1910 4175 2040 4228 mini
2065 4175 2167 4228 sui.
2199 4173 2427 4228 Pereunt
2455 4174 2593 4228 enim
2629 4174 2685 4226 in
2734 4172 3010 4244 afﬂictione
3053 4171 3306 4242 pessima.
3340 4169 3513 4226 Geneo

1910 4268 2042 4322 ravit
2068 4265 2259 4336 ﬁlium,
2290 4267 2380 4338 qui
2405 4283 2608 4320 summa
2632 4267 2686 4319 in
2707 4272 2932 4336 egestate
2947 4253 3082 4329 erit;
3113 4264 3248 4318 sicut
3269 4279 3509 4335 egressus

1910 4369 1985 4415 est
2016 4359 2189 4414 nudus
2238 4359 2302 4413 de
2352 4367 2502 4414 utero
2551 4360 2736 4414 matris
2780 4373 2912 4425 suat,
2962 4358 3038 4412 sic
3094 4365 3395 4424 revertetur,
3453 4364 3504 4412 et

1911 4450 2042 4506 nihil
2080 4449 2281 4520 auferet
2311 4467 2487 4505 secum
2515 4451 2576 4505 de
2623 4449 2800 4505 labore
2841 4445 2959 4504 suo.
2993 4446 3314 4502 Miserabilis
3352 4463 3508 4519 pror-

1909 4560 1999 4598 sus
2044 4541 2326 4611 in/irmitas
2352 4559 2370 4608 ;
2399 4541 2654 4613 quomodo
2704 4527 2865 4606 venit,
2910 4539 2986 4594 sic
3025 4527 3330 4594 revertetur.
3363 4537 3506 4605 Quid

1910 4653 2030 4708 ergo
2054 4636 2264 4708 prodest
2287 4635 2332 4689 ei
2359 4634 2498 4705 quod
2527 4633 2780 4687 laboravit
2808 4633 2865 4687 in
2887 4631 3133 4686 ventum?
3158 4628 3374 4685 Cunctis
3395 4630 3506 4685 die-

1911 4728 2004 4783 bus
2030 4728 2148 4782 vita:
2176 4743 2286 4781 sua:
2307 4726 2528 4780 comedit
2549 4727 2605 4778 in
2633 4724 2879 4790 tenebris,
2904 4724 3032 4778 etin
3051 4723 3192 4778 curis
3223 4723 3426 4790 multis,
3457 4731 3510 4779 et

1907 4821 1965 4875 in
1994 4835 2233 4875 aerumna
2262 4827 2416 4890 atque
2436 4819 2672 4873 tristitia.
2707 4817 2843 4873 Cum
2875 4819 3140 4889 superiori
3160 4816 3332 4891 junge
3359 4818 3508 4888 quod

1911 4911 2177 4982 sequitur.
2214 4909 2544 4965 Ecclesiaste
2571 4907 2796 4965 divitem
2826 4906 3182 4974 describente,
3217 4894 3506 4980 quodnec

1910 5006 2025 5076 ipse
2047 5004 2222 5075 possit
2247 5003 2360 5059 suis
2380 5001 2583 5058 divitiis
2610 5001 2839 5073 perfrui,
2873 5011 2928 5058 et
2949 5004 3141 5059 crebro
3161 5008 3385 5073 propter
3408 5015 3505 5056 eas

1913 5097 1968 5151 in
1999 5096 2289 5152 discrimen
2334 5094 2538 5160 veniat,
2567 5109 2669 5150 nec
2700 5095 2902 5151 haeredi
2942 5096 3087 5166 quod
3131 5092 3504 5164 congregavit,

1913 5189 2206 5258 relinquat,
2239 5187 2334 5242 sed
2367 5194 2423 5242 et
2449 5186 2566 5256 ipse
2605 5194 2660 5242 et
2690 5187 2836 5244 ﬁlius
2879 5203 3030 5254 suus,
3069 5188 3211 5243 sicut
3238 5190 3505 5242 venerunt

1911 5280 2063 5344 nudi,
2092 5280 2164 5334 ita
2189 5279 2318 5333 nudi
2345 5284 2691 5334 revertantur
2722 5279 2776 5333 in
2802 5287 3022 5345 terram,
3051 5286 3106 5332 et
3140 5276 3274 5332 nihil
3303 5291 3398 5332 eos
3421 5275 3506 5330 la-

1912 5374 2106 5428 borum
2135 5387 2357 5427 suorum
2400 5372 2711 5428 comitetur.
2744 5370 2935 5428 Nonne
2976 5372 3120 5427 enim
3161 5371 3390 5443 languor
3423 5375 3508 5426 est

1911 5463 2198 5535 pessimus,
2228 5479 2329 5535 pro
2359 5464 2562 5519 divitiis
2599 5463 2926 5535 cogitatione
2969 5461 3232 5532 torqueri,
3271 5468 3326 5517 et
3353 5460 3504 5532 peri-

1914 5566 2063 5613 turas
2105 5573 2253 5628 opes,
2296 5574 2430 5629 quas
2468 5557 2751 5614 nobiscum
2797 5572 2905 5610 non
2949 5571 3239 5625 possumus
3283 5552 3504 5611 auferre

1913 5650 2229 5716 morientes,
2263 5650 2314 5704 in
2360 5650 2601 5713 tristitia,
2654 5648 2709 5702 in
2753 5646 2975 5719 gemitu,
3013 5645 3069 5701 in
3111 5646 3503 5715 indignatione,

1915 5741 1969 5795 in
1995 5742 2203 5806 litibus,
2247 5756 2402 5796 casso
2445 5740 2629 5795 labore
2673 5739 3015 5809 conquirere.
3049 5738 3344 5794 Possumus
3380 5737 3501 5792 haec

1913 5836 2100 5890 eadem
2128 5836 2289 5890 verba
2318 5837 2384 5890 de
2410 5834 2853 5904 phil050phorum
2885 5834 3224 5906 dogmatibus
3264 5834 3350 5890 vel
3383 5834 3500 5893 hae-

1914 5927 2207 5981 reticorum
2239 5925 2686 5995 perversitatibns
2723 5925 3042 5998 intelligere,
3081 5927 3172 5998 qui
3218 5927 3270 5982 in
3295 5925 3500 5983 malum
