4072 6340
554 527 653 586 691

1394 514 1453 568 Β.
1495 511 1556 566 F.
1597 509 1819 564 ALBINI
1858 508 1991 565 SEU
2028 509 2304 566 ALCUINI
2340 507 2624 567 OPERUM
2662 508 2841 565 PARS
2877 510 2939 566 ll.

3697 509 3804 564 692

552 642 636 698 sui
666 637 877 693 divitias
915 634 1249 690 diversorum
1289 632 1618 696 congregant
1661 625 1985 694 dogmatum,
2025 637 2128 676 nec
2153 614 2198 674 Δ
2227 629 2282 676 et
2312 620 2662 676 nihilominus
2690 620 3007 676 stultissima
3043 621 3302 692 parcitate
3327 634 3386 676 se
3414 619 3654 686 cruciat,
3685 622 3804 676 aliis

554 735 790 804 aliquam
815 730 870 784 in
894 727 973 782 eis
1003 723 1292 780 utilitatem
1339 719 1540 774 habent
1588 716 1739 790 μίση
1793 714 2125 787 habebunt];

554 840 657 881 nec
680 820 1035 880 sectatoribus
1059 816 1172 872 suis
1191 813 1424 868 fructum
1453 811 1760 880 relinquunt
1787 816 2129 878 perpetuum,

555 917 652 974 sed
678 923 732 971 et
757 913 878 983 ipsi,
920 918 974 966 et
1020 907 1269 978 discipuli
1319 920 1505 960 eorum
1556 903 1704 967 nudi,
1754 903 1957 970 absque
2006 899 2131 957 ullis

555 1007 764 1064 meritis
804 1003 956 1078 μὴ,
999 1001 1158 1057 bonis
1194 996 1422 1070 meritis]
1451 1003 1789 1052 revertentur
1827 995 1880 1048 in
1908 1003 2124 1056 terram,

555 1117 661 1158 non
684 1099 941 1154 habentes
965 1095 1138 1150 lucem
1167 1108 1308 1148 vera:
1337 1090 1632 1162 sapientizc,
1672 1089 1768 1143 sed
1811 1087 1865 1141 in
1895 1086 2131 1141 tenebris

553 1191 888 1264 ignorantiae,
911 1190 1132 1258 verique
1157 1186 1378 1241 luminis
1408 1191 1674 1254 expertes,
1702 1198 1890 1238 omnes
1917 1182 2130 1238 labores

554 1299 682 1340 suos
708 1283 935 1353 perdent
967 1279 1108 1334 illius
1144 1277 1348 1347 judicio
1375 1276 1466 1348 qui
1513 1275 1625 1329 ait:
1663 1274 1890 1328 Perdant
1925 1274 2131 1345 sapien-

555 1378 683 1432 tiam
701 1375 1032 1446 sapientium,
1058 1381 1108 1427 et
1131 1369 1459 1442 prudentiam
1493 1366 1823 1438 prudentium
1850 1365 2130 1436 reprobabo

559 1470 610 1543 (Ι
640 1469 764 1524 Cor.
795 1484 846 1536 ι,
888 1466 998 1537 19).

626 1561 788 1617 Vens.
820 1559 1007 1614 17-19.
1034 1588 1105 1599 —-
1133 1555 1247 1611 Hoc
1276 1556 1448 1627 itaque
1475 1555 1601 1610 mihi
1621 1554 1789 1608 visum
1817 1562 1890 1608 est
1915 1553 2128 1618 bonum,

553 1662 612 1708 ut
633 1652 867 1710 comedat
889 1652 1004 1724 quis
1023 1692 1038 1718 ,
1071 1659 1119 1706 et
1145 1649 1307 1715 bibat,
1335 1658 1383 1703 et
1424 1648 1637 1718 fruatur
1657 1646 1838 1701 latitia
1864 1662 1928 1700 ea;
1956 1644 2132 1700 labore

552 1755 673 1810 suo,
701 1761 804 1816 quo
827 1743 1078 1798 laboravit
1105 1743 1213 1813 ipse
1242 1741 1335 1796 sub
1363 1739 1490 1805 sole,
1523 1756 1738 1793 numero
1775 1738 1980 1792 dierum
2015 1737 2132 1790 vitm

553 1851 685 1899 sure,
713 1850 840 1906 quos
885 1833 1026 1887 dedit
1056 1831 1134 1886 illi
1179 1831 1343 1886 Deus.
1377 1830 1441 1884 Et
1481 1831 1592 1884 huic
1618 1839 1690 1883 est
1732 1847 1853 1900 pars
1890 1827 2052 1894 illius,
2083 1837 2131 1882 et

555 1925 698 1981 omni
723 1923 919 1978 homini
961 1923 1045 1976 cui
1089 1922 1230 1978 dedit
1257 1921 1398 1975 Deus
1441 1920 1669 1985 divitias,
1703 1929 1856 1990 atque
1891 1918 2132 1972 substan-

555 2019 704 2084 tiam,
732 2026 1134 2089 potestatemque
1161 2018 1208 2070 ei
1254 2016 1456 2083 tribuit,
1497 2026 1551 2069 ut
1591 2015 1825 2070 comedat
1857 2030 1921 2069 ea:
1949 2016 2056 2080 eis;
2083 2025 2130 2068 et

557 2108 770 2177 fruatur
795 2117 943 2180 parte
964 2125 1080 2172 sua,
1121 2116 1169 2161 et
1199 2105 1403 2160 la’tetur
1443 2106 1508 2159 de
1550 2104 1726 2159 labore
1763 2121 1880 2170 suo,
1921 2104 2016 2158 hoc
2057 2111 2132 2158 est

516 2195 527 2205 ’
555 2200 750 2256 donum
779 2199 897 2254 Dei.
928 2199 1050 2254 Non
1076 2200 1211 2253 enim
1243 2199 1371 2253 satis
1397 2196 1753 2252 recordabitur
1781 2196 1986 2249 dierum
2014 2196 2131 2248 vita

553 2309 686 2358 suw,
718 2309 778 2346 eo
819 2291 958 2364 quod
987 2290 1127 2344 Deus
1157 2298 1364 2361 occupet
1394 2287 1593 2342 deliciis
1639 2303 1728 2340 cor
1767 2286 1900 2356 ejus.
1929 2285 2029 2352 Qui
2057 2284 2133 2337 la-

555 2382 775 2439 boribus
805 2382 916 2437 suis
953 2381 1007 2435 in
1044 2395 1295 2435 curarum
1341 2379 1577 2434 tenebris
1625 2379 1880 2441 vescitur,
1927 2385 2132 2432 etcum

556 2474 744 2545 grandi
770 2474 892 2528 vita
915 2472 1072 2528 ttedio
1100 2471 1342 2542 peritura
1380 2476 1707 2541 comportat,
1739 2467 2016 2522 meliorem
2046 2467 2129 2520 di-

557 2568 631 2622 cit
654 2581 777 2622 eum
798 2581 936 2632 esse,
964 2566 1057 2636 qui
1096 2565 1452 2636 praesentibus
1489 2563 1690 2618 fruitur
1729 2562 1887 2617 bonis
1915 2562 1968 2614 in
1999 2559 2134 2614 laeti-

556 2659 632 2714 tia
657 2669 712 2714 et
737 2657 1092 2728 iucunditate.
1137 2656 1232 2710 llic
1277 2656 1421 2710 enim
1464 2654 1549 2709 vel
1574 2668 1739 2724 parva
1766 2653 2012 2722 voluptas
2041 2659 2129 2705 est

555 2749 612 2804 in
645 2748 891 2814 fruendo,
934 2750 1007 2804 ibi
1042 2764 1171 2804 vero
1198 2748 1575 2804 sollicitudinis
1615 2746 1984 2801 tantummodo
2011 2761 2130 2816 rna-

559 2841 801 2912 gnitudo.
847 2841 914 2894 Et
961 2841 1135 2895 reddit
1189 2855 1381 2895 causas
1436 2854 1604 2910 quare
1654 2840 1850 2894 donum
1897 2838 1990 2892 Dei
2041 2837 2128 2902 sit,

461 2923 466 2927 ’
554 2930 664 2989 frui
697 2947 854 3003 posse
874 2933 1103 2998 divitiis;
1143 2933 1396 3002 quoniam
1422 2946 1531 2987 non
1564 2932 1790 2986 multum
1819 2930 2130 2987 recordabi-

555 3031 648 3084 tur
688 3027 893 3082 dierum
934 3025 1133 3080 laboris
1182 3025 1287 3090 sui,
1321 3025 1441 3080 ideo
1483 3040 1590 3080 non
1642 3025 1745 3080 erit
1794 3025 1848 3079 in
1889 3024 2128 3088 tristitia,

560 3134 666 3175 non
703 3113 1026 3188 cogitatione
1067 3115 1366 3180 vexabitur,
1412 3116 1673 3171 abductus
1707 3111 1892 3170 laetitia
1938 3121 1992 3168 et
2038 3130 2132 3168 vo—

560 3213 763 3281 luptate
803 3212 1075 3282 presenti.
1109 3210 1215 3266 Sed
1266 3210 1458 3267 melius
1504 3219 1584 3266 est
1623 3209 1776 3280 juxta
1814 3207 2128 3279 Apostolurn

564 3303 615 3375 (I
647 3304 767 3358 Cor.
801 3321 852 3368 χ,
881 3305 936 3372 5)
972 3305 1266 3376 spiritalem
1305 3321 1485 3362 eseam
1514 3313 1568 3359 et
1609 3304 1903 3374 spiritalem
1939 3313 2124 3374 potum
2155 3335 2202 3400 ο

561 3395 962 3465 spiritalemque
987 3397 1225 3451 laetitiam
1255 3412 1284 3450 a
1316 3398 1426 3452 Deo
1458 3397 1573 3450 dari
1600 3396 1842 3466 intelligi,
1869 3405 1923 3451 et
1950 3397 2132 3451 videre

562 3487 855 3541 bonitatem
898 3487 1011 3551 Dei,
1060 3496 1114 3542 et
1149 3487 1535 3556 jucunditatem
1568 3488 1747 3542 cordis
1775 3487 1856 3540 sui
1894 3487 1946 3541 in
1984 3487 2131 3542 omni

565 3579 751 3634 labore
779 3595 899 3646 suo,
931 3596 1036 3648 quo
1082 3581 1394 3650 spiritaliter
1423 3582 1477 3635 in
1518 3580 1673 3636 bonis
1716 3582 1926 3635 laborat
1959 3582 2134 3652 operi-

567 3672 687 3737 bus,
729 3687 823 3743 spe
866 3671 1171 3727 consolatus
1220 3671 1410 3726 futurze
1449 3672 1818 3727 retributionis
1852 3690 1864 3725 :
1919 3680 1971 3727 et
2019 3673 2135 3727 huic

563 3772 648 3819 est
673 3778 802 3833 pars
826 3773 1030 3829 nostra,
1065 3775 1125 3819 ut
1158 3765 1402 3820 laetemur
1425 3765 1477 3820 in
1515 3766 1691 3821 studio
1717 3767 1978 3821 bonorum
2010 3781 2136 3836 ope-

569 3871 720 3923 rum;
767 3872 884 3927 qua:
913 3858 1118 3924 lmtitia,
1155 3858 1278 3914 licet
1314 3858 1451 3914 bona
1489 3859 1580 3924 sit,
1617 3873 1715 3913 nec
1759 3869 1934 3914 tamen
1980 3859 2136 3929 plene

564 3947 706 4004 bona
746 3957 846 4016 est,
897 3951 1066 4005 donec
1112 3950 1484 4005 manifestetur
1524 3949 1786 4014 Christus,
1818 3950 1969 4020 cujus
2000 3953 2134 4006 visio

560 4044 802 4115 perfecta
848 4045 1064 4101 bonitas
1091 4055 1171 4101 est
1201 4055 1256 4102 et
1279 4045 1608 4116 jucunditas.
1655 4044 1960 4100 Notandum
2006 4061 2135 4116 quo-

549 4153 664 4208 que
688 4147 771 4194 est
795 4139 936 4209 quod
979 4140 1260 4210 occupatio
1287 4140 1338 4194 in
1372 4140 1476 4193 hoc
1505 4139 1622 4192 loco
1647 4138 1699 4192 in
1743 4139 1883 4193 bono
1911 4136 2134 4207 intelligi

559 4233 739 4298 debet,
764 4248 862 4302 pro
897 4234 1193 4290 intentione
1215 4233 1441 4303 spiritali
1477 4247 1711 4302 veraque
1737 4232 1939 4297 laetitia,
1971 4247 2134 4301 quam

558 4324 739 4380 divina
756 4325 979 4396 inspirat
993 4327 1162 4397 gratia
1176 4327 1263 4382 hic
1277 4327 1328 4380 in
1343 4328 1622 4396 prmceptis
1636 4327 2003 4381 laborantibus
2020 4325 2131 4380 Dei.

1069 4426 1229 4497 427
1267 4426 1492 4481 CAPUT
1533 4427 1618 4479 vi.

633 4506 798 4561 Vnus.
824 4505 940 4560 1-6.
955 4536 1024 4544 -
1045 4505 1136 4559 Est
1161 4515 1208 4558 et
1228 4505 1372 4558 aliud
1392 4505 1588 4558 malum
1609 4505 1747 4576 quod
1767 4506 1868 4560 vidi
1889 4506 1983 4560 sub
2004 4505 2134 4572 sole,

561 4609 611 4653 et
637 4597 844 4669 quidem
872 4599 1111 4669 frequens
1139 4599 1278 4668 apud
1304 4599 1555 4653 homines.
1594 4597 1684 4652 Vir
1712 4601 1796 4653 cui
1827 4600 1968 4653 dedit
1993 4600 2135 4654 Deus

563 4689 800 4752 divitias,
835 4698 882 4742 et
929 4689 1303 4756 substantiam,
1337 4700 1385 4744 et
1421 4690 1701 4756 honorem,
1738 4701 1784 4744 et
1821 4692 1950 4745 nihil
1993 4693 2131 4746 deest
2163 4719 2212 4781 ι)

563 4781 755 4835 anima:
781 4780 894 4850 ejus
923 4797 987 4834 ea:
1012 4783 1247 4836 omnibus
1278 4799 1394 4852 quae
1422 4781 1678 4836 desiderat
1705 4799 1724 4847 ;
1756 4800 1846 4837 nec
1877 4783 2056 4837 tribuit
2083 4784 2131 4838 ei

562 4869 705 4925 Deus
722 4881 1024 4942 potestatem
1046 4883 1099 4926 ut
1119 4874 1352 4928 comedat
1379 4890 1442 4928 ea:
1467 4890 1546 4939 eo,
1570 4875 1657 4928 sed
1681 4875 1832 4929 homo
1853 4885 2128 4929 extraneas

558 4963 756 5018 vorabit
778 4963 929 5018 illud.
958 4963 1071 5018 Hoc
1089 4967 1309 5030 uanitas,
1331 4978 1377 5020 et
1401 4984 1588 5038 magna
1611 4969 1820 5022 miseria
1845 4977 1938 5022 est.
1965 4967 2025 5023 Si
2047 4985 2132 5038 ge-

562 5055 730 5108 nuerit
751 5056 1008 5125 quispiam
1031 5065 1231 5108 centum
1255 5055 1458 5120 liberos,
1482 5067 1527 5110 et
1542 5060 1721 5112 vixerit
1741 5058 1930 5112 multos
1944 5075 2129 5124 annos,

559 5155 607 5198 et
631 5144 803 5214 plures
832 5147 941 5200 dies
971 5147 1139 5200 (elatis
1165 5147 1428 5211 habuerit,
1453 5158 1500 5200 et
1527 5150 1701 5202 anima
1725 5148 1868 5202 illius
1892 5166 1993 5202 non
2017 5160 2134 5202 uta-

562 5245 648 5288 tur
675 5235 818 5289 bonis
845 5237 1150 5292 substantia:
1172 5254 1310 5300 sure,
1333 5238 1692 5309 sepulturaque
1717 5250 1924 5305 careat,
1953 5242 2016 5295 de
2035 5243 2132 5295 hoc

560 5341 653 5396 ego
681 5330 958 5397 pronuntio
992 5329 1130 5399 quod
1159 5328 1340 5383 melior
1369 5329 1459 5382 illo
1487 5331 1552 5382 sit
1594 5332 1870 5385 abortivus.
1907 5330 2132 5386 Frustra

561 5419 698 5474 enim
724 5422 854 5474 venit
873 5461 888 5486 ,
913 5431 960 5474 et
982 5425 1145 5492 pergit
1171 5423 1237 5475 ad
1261 5423 1515 5488 tenebras,
1538 5432 1583 5476 et
1607 5423 1856 5477 oblivione
1880 5425 2134 5479 delebitur

563 5527 748 5565 nomen
784 5513 917 5583 ejus.
953 5512 1075 5568 Non
1112 5515 1235 5568 vidit
1261 5513 1450 5580 solem,
1486 5531 1644 5584 neque
1673 5517 1903 5584 cognovit
1933 5516 2134 5570 distan-

560 5605 690 5659 tiam
717 5607 834 5661 boni
858 5618 904 5661 et
929 5609 1052 5662 mali
1075 5625 1094 5674 ;
1118 5617 1164 5662 et
1190 5610 1235 5662 si
1261 5607 1462 5662 duobus
1485 5605 1713 5661 millibus
1738 5608 1889 5661 annis
1915 5609 2130 5675 vixerit,

562 5706 612 5752 et
644 5715 745 5752 non
773 5700 930 5767 fuerit
955 5702 1241 5771 perfruitus
1270 5701 1414 5756 bonis
1435 5719 1452 5755 :
1475 5718 1644 5755 nonne
1671 5700 1737 5753 ad
1771 5717 1931 5753 unum
1960 5699 2131 5755 locum

563 5801 838 5858 properant
867 5793 1041 5845 omnia
1063 5793 1088 5845 7
1114 5793 1378 5847 Describit
1416 5808 1636 5847 avarum
1671 5793 1921 5859 divitem,
1950 5803 2003 5848 et
2031 5795 2134 5850 hoc

564 5881 766 5936 malum
812 5881 1064 5952 frequens
1109 5901 1226 5941 esse
1271 5887 1323 5940 in
1364 5888 1669 5942 hominibus
1715 5888 1944 5953 asserit,
1995 5889 2136 5957 quod

566 5973 698 6031 nihil
725 5989 911 6030 eorum
939 5992 1058 6047 quae
1088 5977 1142 6032 in
1170 5979 1368 6034 mundo
1403 5987 1660 6050 putantur
1700 5981 1837 6035 bona
1877 5981 1928 6036 ei
1967 5981 2132 6048 desit,

2229 716 2607 772 devorantibus
2633 715 2832 787 [Hier.,
2853 714 3176 788 devoranda]
3203 730 3550 771 conservans.
3580 715 3805 772 Necnon

2227 816 2281 864 et
2305 807 2435 862 illud
2459 808 2799 880 hyperbolice
2839 809 3070 874 addidit,
3112 809 3256 880 quod
3292 808 3395 864 etsi
3435 808 3634 865 liberos
3676 826 3803 866 cen-

2231 907 2761 976 tumprocreaverit,
2795 913 2849 961 et
2887 921 2994 962 non
3022 914 3082 961 ut
3105 905 3275 960 Adam
3303 921 3468 978 prope
3497 907 3675 973 mille,
3708 909 3805 964 sed

2230 997 2436 1052 duobus
2465 997 2700 1054 millibus
2726 998 2920 1053 vixerit
2948 999 3132 1064 annis,
3162 1006 3216 1053 et
3241 999 3416 1053 anima
3445 997 3562 1067 ejus
3589 1000 3801 1070 cupidi-

2231 1095 2340 1144 tate
2368 1097 2421 1143 et
2449 1090 2673 1144 avaritia
2700 1091 3075 1156 contabescat,
3110 1090 3278 1143 multo
3306 1090 3594 1146 deterioris
3617 1091 3805 1145 condi-

2231 1181 2392 1237 tionis
2426 1183 2497 1237 sit
2531 1183 2774 1238 abortivo
2804 1183 2894 1239 illo
2921 1183 3012 1254 qui
3043 1183 3228 1239 statim
3262 1191 3321 1237 ut
3356 1193 3516 1239 natus
3552 1192 3638 1239 est
3669 1185 3806 1240 inte-

2231 1273 2356 1327 riit:
2387 1273 2477 1328 ille
2505 1273 2649 1328 enim
2685 1290 2783 1330 nec
2821 1275 2959 1330 mala
2998 1275 3131 1330 vidit
3165 1291 3265 1331 nec
3298 1276 3476 1343 bona;
3523 1277 3628 1333 iste
3674 1292 3804 1333 vero

2230 1382 2350 1421 cum
2380 1369 2518 1421 bona
2548 1367 2875 1437 possederit,
2919 1382 3131 1438 semper
3172 1368 3342 1424 tristis
3380 1378 3434 1424 et
3475 1371 3802 1441 cogitatione

2230 1459 2568 1515 excruciatus
2609 1469 2730 1525 est;
2780 1460 3054 1531 magisque
3094 1461 3332 1530 requiem
3379 1461 3598 1517 habebit
3643 1464 3801 1518 abor-

2232 1554 2374 1608 tivus
2409 1568 2571 1623 quam
2607 1569 2801 1608 avarus
2834 1553 2924 1608 ille
2957 1554 3262 1624 longaevus;
3314 1561 3370 1608 et
3416 1563 3596 1611 tamen
3639 1557 3801 1612 ambo

2231 1644 2422 1714 aequali
2447 1645 2552 1698 line
2574 1645 2868 1714 rapientur,
2892 1645 3016 1699 dum
3038 1654 3092 1700 et
3116 1646 3203 1700 hic
3223 1655 3279 1701 et
3300 1646 3390 1702 ille
3413 1647 3802 1703 subtrahuntur

2233 1735 2396 1789 simili
2426 1744 2615 1790 morte.
2655 1733 2837 1790 Potest
2865 1735 2967 1790 hoc
2996 1733 3093 1808 [et]
3124 1737 3189 1792 de
3222 1737 3386 1792 Israel
3418 1738 3620 1810 accipi,
3659 1741 3803 1810 quod

2233 1823 2440 1880 dederit
2463 1825 2539 1880 illi
2563 1827 2702 1882 Deus
2723 1825 2893 1898 legem
2917 1836 2971 1883 et
2987 1829 3306 1899 prophetas,
3339 1838 3724 1886 testamentum
3751 1840 3803 1887 et

2234 1919 2701 1987 repromissionem
2721 1959 2735 1985 ,
2769 1918 3050 1975 Salvatore
3075 1921 3322 1977 dicente:
3352 1922 3639 1992 Auferetur
3666 1941 3701 1976 a
3727 1939 3808 1978 eo-

2236 2010 2312 2064 bis
2341 2027 2549 2080 regnum
2581 2009 2706 2075 Dei,
2738 2019 2785 2064 et
2815 2011 3026 2065 dabitur
3047 2013 3184 2082 genti
3205 2013 3416 2082 facienti
3441 2013 3676 2084 fructum
3698 2015 3803 2084 ejus

2235 2100 2457 2174 (Matth.
2485 2119 2573 2156 xxr
2594 2141 2608 2168 ,
2634 2102 2760 2174 45).
2790 2102 2915 2160 Haec
2941 2104 3215 2160 omniaad
3240 2106 3473 2162 alienum
3498 2114 3553 2162 et
3578 2107 3806 2178 peregri-

2236 2210 2363 2248 num
2387 2194 2624 2265 gentium
2652 2196 2911 2250 translata
2940 2206 3062 2252 sunt
3087 2199 3340 2268 populum
3359 2240 3372 2263 ,
3404 2207 3463 2253 ut
3488 2199 3708 2254 videant
3734 2197 3803 2254 illi
3856 2187 3860 2189 λ

2236 2287 2376 2342 bona
2407 2302 2501 2340 sua
2518 2326 2532 2352 ,
2563 2294 2620 2341 et
2642 2302 2748 2342 non
2772 2286 3039 2343 fruantur.
3068 2289 3336 2361 Multoque
3360 2306 3459 2346 nos
3483 2291 3802 2346 conditionis

2234 2395 2354 2436 esse
2385 2379 2654 2446 melioris,
2687 2381 2780 2452 qui
2814 2383 2968 2452 quasi
3001 2383 3232 2438 abortivi
3264 2393 3320 2439 et
3355 2385 3552 2440 novelli
3587 2386 3810 2454 putaba-

2234 2487 2356 2527 mur
2385 2473 2452 2527 ab
2481 2473 2584 2537 eis,
2613 2489 2775 2543 quam
2801 2475 2875 2529 illi
2904 2477 2994 2546 qui
3027 2475 3128 2532 sibi
3159 2477 3212 2530 in
3239 2478 3561 2550 antiquitate
3591 2479 3804 2550 applau-

2234 2563 2460 2630 debant,
2489 2565 2554 2620 de
2581 2566 2823 2634 patribus
2848 2567 3139 2636 gloriantes
3163 2578 3324 2639 atque
3347 2569 3593 2624 dicentes
3619 2588 3632 2622 :
3664 2569 3811 2624 Pater

2244 2666 2420 2711 noster
2448 2657 2713 2711 Abraham
2741 2658 2922 2730 (Joan.
2951 2675 3046 2714 vul
3065 2699 3079 2724 ,
3106 2660 3218 2732 39).
3251 2661 3317 2715 Et
3347 2669 3527 2716 tamen
3554 2661 3627 2716 ad
3655 2677 3808 2716 unum

2235 2748 2411 2804 locum
2437 2758 2491 2803 et
2517 2765 2618 2805 nos
2646 2759 2700 2805 et
2729 2751 2848 2807 illos
2881 2768 3171 2822 properare
3189 2794 3202 2818 ,
3246 2753 3300 2808 id
3337 2763 3422 2810 est
3449 2755 3520 2810 ad
3549 2754 3805 2823 judicium

2235 2842 2350 2898 Dei.
2378 2841 2531 2909 Quod
2557 2853 2738 2898 autem
2769 2844 2823 2898 in
2851 2845 3029 2900 medio
3055 2845 3131 2900 ait
3156 2863 3170 2900 :
3195 2845 3263 2900 Et
3288 2846 3498 2916 quidem
3525 2846 3812 2916 sepulcrum

2235 2951 2337 2989 non
2361 2934 2462 3004 fuit
2492 2935 2576 3000 ei,
2603 2935 2714 2990 sive
2741 2935 2842 2990 hoc
2871 2935 3136 3007 signiﬁcat
3161 2937 3304 3007 quod
3331 2937 3481 2992 dives
3510 2936 3601 2992 ille
3628 2937 3695 2992 de
3723 2952 3809 2992 sua

2233 3033 2408 3080 morte
2436 3040 2542 3079 non
2569 3026 2792 3096 cogitet,
2827 3034 2881 3080 ct
2906 3042 3028 3081 eum
3059 3028 3238 3082 omnia
3264 3028 3569 3098 possideat,
3607 3025 3810 3102 [etiam]

2232 3117 2289 3172 in
2317 3117 2680 3173 exstructione
2709 3118 2938 3188 sepulcri
2966 3134 3162 3175 avarus
3190 3120 3304 3186 sit;
3337 3120 3450 3175 sive
3491 3120 3640 3191 quod
3679 3133 3812 3190 saepe

2233 3220 2454 3284 propter
2507 3213 2638 3269 istas
2688 3213 2902 3268 divitias
2949 3215 3160 3270 occisus
3210 3213 3459 3281 insidiis,
3514 3213 3810 3284 insepultus

2233 3303 2552 3373 abjiciatur;
2605 3305 2750 3371 sive,
2797 3306 2938 3376 quod
2989 3306 3179 3362 melius
3223 3317 3385 3378 puto,
3437 3305 3569 3360 nihil
3616 3307 3809 3361 bonum

2234 3396 2657 3453 honoriﬁcumve
2680 3395 2831 3468 [Ms.,
2849 3397 2983 3451 nihil
3004 3397 3128 3452 boni
3153 3397 3283 3452 facti
3311 3395 3669 3469 honorisque]
3701 3411 3809 3467 ege-

2232 3488 2324 3555 rit,
2357 3505 2423 3543 ex
2437 3503 2544 3558 quo
2568 3487 2671 3543 sibi
2684 3496 2846 3557 queat
2859 3489 2997 3558 apud
3010 3496 3254 3559 posteros
3268 3488 3582 3544 memoriam
3598 3503 3807 3557 compa-

2234 3594 2376 3642 rare,
2400 3579 2562 3632 vitam
2586 3577 2798 3633 silentio
2821 3577 3137 3650 velutpeeus
3155 3579 3444 3644 transiens,
3473 3594 3598 3633 curn
3615 3579 3807 3634 habue-

2233 3671 2307 3726 rit
2317 3671 2596 3724 materiam
2611 3685 2708 3739 per
2721 3686 2880 3741 quam
2893 3671 3129 3740 potuerit
3152 3686 3408 3740 apparere
3425 3669 3570 3741 quod
3594 3670 3803 3724 vixerit.

2305 3765 2466 3818 Vnus.
2508 3763 2561 3828 7,
2588 3762 2716 3816 8.—
2739 3761 2920 3818 Omnis
2939 3763 3086 3818 labor
3104 3764 3329 3818 hominis
3358 3765 3413 3818 in
3437 3781 3525 3818 ore
3553 3764 3694 3834 ejus,
3721 3762 3804 3816 sed

2237 3858 2414 3912 anima
2443 3857 2557 3928 ejus
2589 3873 2690 3910 non
2718 3856 3015 3928 implebitur
3043 3857 3208 3911 bonis.
3239 3856 3378 3923 Quid
3406 3857 3557 3911 habet
3589 3856 3807 3927 amplius

2237 3950 2443 4018 sapiens
2473 3967 2503 4001 a
2533 3947 2712 4015 stulto,
2734 3958 2779 4001 et
2803 3949 2926 4019 quid
2949 3965 3144 4019 pauper
3169 3949 3267 4002 nisi
3293 3958 3343 4001 ut
3365 3958 3544 4018 pergat
3573 3946 3700 4001 illuc
3726 3947 3805 3999 ubi

2236 4049 2308 4094 est
2339 4039 2442 4093 vita
2465 4040 2489 4091 ?
2516 4037 2684 4094 Omne
2712 4038 2855 4108 quod
2881 4037 3127 4092 laborant
3156 4038 3399 4093 homines
3427 4038 3482 4092 in
3520 4038 3625 4092 hoc
3658 4052 3805 4091 mun-

2239 4131 2338 4196 do,
2371 4146 2464 4186 ore
2506 4130 2864 4196 consumitur,
2903 4137 2985 4192 et,
3029 4129 3272 4184 attritum
3310 4128 3588 4192 dentibus,
3639 4126 3806 4180 ventri

2239 4222 2468 4277 traditur
2499 4220 2881 4289 digerendum:
2913 4220 3004 4274 sed
3033 4234 3138 4274 non
3170 4219 3477 4288 implebitur
3502 4218 3684 4272 anima
3716 4232 3808 4271 eo-

2238 4314 2501 4369 medentis
2526 4353 2541 4380 ,
2573 4313 2697 4382 quia
2726 4328 2940 4367 rursum
2965 4311 3233 4366 desiderat
3262 4312 3401 4382 quod
3440 4312 3708 4368 comedat.
3751 4310 3814 4366 Et

2239 4418 2360 4457 cum
2393 4413 2498 4457 tam
2527 4402 2741 4474 sapiens
2767 4417 2929 4472 quam
2954 4401 3147 4456 stultus
3173 4403 3374 4472 absque
3399 4401 3519 4456 cibo
3542 4409 3815 4471 nequeant

2238 4495 2449 4558 vivere,
2478 4503 2534 4548 et
2563 4509 2764 4564 pauper
2791 4493 2923 4548 nihil
2965 4493 3108 4548 aliud
3147 4501 3353 4564 quaerat
3394 4494 3496 4549 nisi
3543 4491 3815 4563 quomodo

2238 4587 2407 4658 possit
2437 4602 2697 4658 organum
2729 4587 2812 4642 sui
2838 4586 3141 4656 corpusculi
3169 4595 3501 4648 sustentare,
3536 4586 3658 4641 ideo
3690 4586 3817 4640 illuc

2238 4689 2490 4751 properat
2514 4695 2736 4756 pauper,
2768 4681 2859 4734 ubi
2884 4695 3012 4750 opes
3037 4695 3156 4735 esse
3180 4680 3537 4750 perspexerit.
3568 4677 3673 4733 Sed
3706 4695 3816 4734 me-

2236 4773 2338 4828 lius
2377 4782 2460 4827 cst
2498 4773 2599 4827 hoc
2633 4771 2932 4840 intelligere
2959 4773 3024 4827 de
3051 4771 3420 4826 ecclesiastico
3449 4772 3566 4824 viro
3602 4771 3731 4840 qui,
3762 4770 3815 4824 in

2237 4866 2529 4936 Scripturis
2559 4865 2868 4920 caelestibus
2896 4866 3167 4930 eruditus,
3199 4881 3410 4920 omnem
3447 4865 3685 4920 laborem
3723 4867 3816 4920 ha-

2235 4961 2326 5016 bet
2357 4962 2410 5015 in
2441 4977 2535 5017 ore
2564 4978 2661 5017 suo
2679 5003 2693 5028 ,
2719 4963 2774 5016 id
2797 4971 2878 5017 est
2905 4963 2957 5016 in
2990 4961 3235 5016 doctrina
3264 4961 3521 5031 spiritali;
3550 4970 3605 5016 et
3630 4963 3816 5018 anima

2236 5051 2352 5121 ejus
2377 5067 2484 5106 non
2513 5051 2840 5122 implebitur,
2869 5054 2992 5108 dum
3020 5068 3234 5124 semper
3254 5053 3401 5122 cupit
3431 5053 3638 5108 discere
3668 5053 3818 5123 quod

2239 5145 2426 5199 doceat
2451 5161 2464 5210 ;
2495 5153 2549 5198 et
2576 5144 2632 5198 in
2660 5159 2724 5198 eo
2752 5144 2872 5213 plus
2899 5145 3059 5199 habet
3087 5146 3299 5213 sapiens
3326 5160 3486 5213 quam
3519 5144 3781 5213 insipiens
3800 5185 3816 5210 ,

2241 5238 2364 5308 quia
2397 5255 2516 5293 cum
2544 5252 2777 5307 paupere
2807 5237 2895 5291 illo
2924 5237 3014 5306 qui
3051 5237 3104 5290 in
3145 5237 3431 5307 Evangelia
3459 5237 3650 5291 beatus
3685 5238 3825 5292 dici-

2243 5337 2350 5394 tur,
2378 5337 2629 5399 properat
2654 5329 2720 5383 ad
2745 5343 2808 5382 ea
2838 5328 3335 5398 comprehendenda
3366 5344 3484 5396 qua:
3514 5328 3636 5382 vitae
3662 5338 3815 5394 sunt,

2240 5430 2293 5477 et
2321 5421 2558 5476 ambulat
2590 5428 2794 5475 arctam
2825 5429 2878 5476 et
2916 5428 3198 5491 augustam
3227 5420 3369 5473 viam
3408 5435 3528 5490 qua=
3563 5420 3715 5475 ducit
3756 5421 3824 5474 ad

2238 5514 2422 5568 vitam.
2460 5513 2527 5567 Et
2571 5529 2772 5583 pauper
2797 5521 2880 5568 est
2907 5521 3130 5566 ornatus
3155 5513 3407 5582 operibus
3434 5511 3584 5584 [Ms.,
3609 5522 3663 5567 et
3680 5530 3819 5585 pau-

2233 5620 2331 5676 per
2359 5614 2441 5661 est
2466 5622 2496 5660 a
2521 5606 2675 5662 malis
2700 5605 2990 5680 operibus]
3016 5646 3031 5672 ,
3063 5615 3116 5662 et
3149 5607 3248 5662 scit
3287 5607 3375 5663 ubi
3410 5605 3689 5675 Christus,
3727 5609 3825 5682 qui

2234 5703 2343 5758 vita
2372 5711 2480 5769 est,
2507 5711 2888 5758 commoretur.

2307 5797 2468 5850 Vsus.
2507 5797 2560 5851 9.
2601 5827 2671 5836 —
2700 5796 2891 5851 Helius
2935 5805 3009 5850 est
3038 5796 3209 5850 videre
3235 5796 3374 5866 quod
3404 5796 3584 5866 cupias
3612 5837 3630 5864 ,
3659 5812 3825 5866 quam

2237 5889 2533 5944 desiderare
2571 5890 2708 5960 quod
2751 5891 2970 5944 nescias.
3016 5889 3122 5945 Sed
3163 5899 3209 5944 et
3249 5890 3346 5943 hoc
3385 5891 3586 5945 vanitas
3621 5900 3730 5954 est,
3774 5899 3827 5944 et

2238 5984 2572 6064 prtesumptio
2595 5983 2828 6053 spiritus.
2860 5982 3048 6038 Melius
3071 5990 3153 6038 est
3171 6022 3186 6046 ,
3203 5979 3356 6051 juxta
3383 5998 3599 6037 sensum
3623 5991 3676 6037 et
3697 5997 3828 6052 pro.
