4072 6340
271 384 370 449 695

1095 380 1519 477 (maenaa.
1555 428 1627 442 --
1660 390 2016 458 COMMENT.
2057 384 2124 460 ΙΝ
2163 390 2694 465 ECCLESIASTEN.

3426 419 3529 475 694

266 507 557 564 videntiam
585 516 778 566 cuncta
807 523 996 582 agere,
1028 512 1156 583 quia
1184 527 1378 573 sensus
1400 514 1588 572 oculus
1616 521 1700 572 est
1726 515 1843 571 ani-
1867 518 1923 580 Α
1946 515 2150 574 habere
2175 518 2457 596 videamur
2481 521 2567 576 vel
2596 522 3025 594 compunctionis
3060 525 3117 581 in
3142 527 3303 583 corde
3321 568 3337 596 ,
3370 531 3530 587 amit-

265 610 397 668 mas,
434 606 602 672 quam
640 600 973 658 voluntatem
1011 602 1193 662 carnis
1224 604 1410 678 sequi,
1442 621 1562 678 quae
1600 605 1884 673 nescien-,

264 700 374 755 tem
419 698 568 754 ducit
610 694 680 754 ad
723 696 1099 771 perditionem.
1142 694 1242 757 Vel
1282 708 1429 758 certe
1463 699 1755 773 superbum
1792 706 1850 756 et

264 791 367 849 sibi
406 791 712 863 placentem
750 792 960 864 arguit,
991 799 1046 847 et
1089 790 1366 849 meliorem
1404 792 1534 849 dicit
1576 808 1693 849 esse
1721 808 1848 850 eum

264 885 355 957 qui
385 890 578 941 cuneta
606 882 929 955 providerit,
960 900 1121 955 quam
1153 883 1303 941 illum
1331 884 1419 942 cui
1458 883 1594 941 nihil
1629 884 1849 957 prodest

264 976 443 1053 [Hien
465 1017 482 1044 ,
513 976 600 1032 cui
626 974 763 1032 nihil
786 964 994 1050 piaret]
1023 978 1124 1033 nisi
1152 976 1297 1048 quod
1325 976 1439 1048 ipse
1466 974 1690 1047 fecerit,
1718 978 1846 1050 quia

260 1070 381 1127 haec
416 1075 501 1124 est
537 1068 680 1123 mala
711 1069 909 1125 mentis
935 1066 1150 1125 amictio
1176 1110 1191 1137 ,
1223 1077 1278 1125 et
1303 1070 1651 1142 praesumptio
1676 1071 1849 1142 pessi-

264 1181 348 1220 ma
374 1206 389 1232 ,
441 1180 508 1221 eo
554 1165 699 1235 quod
737 1163 881 1220 Deus
921 1163 1145 1237 dissipat
1179 1160 1356 1239 [Ms.,
1382 1162 1685 1240 despiciat]
1723 1182 1846 1224 ossa

264 1250 543 1315 hominum
585 1255 688 1313 sibi
716 1252 1063 1329 placentium.

329 1348 499 1426 428
536 1352 701 1408 Vsus.
745 1348 830 1407 10.
860 1384 931 1395 -
962 1346 1067 1421 Qui
1093 1354 1307 1425 futurus
1332 1362 1439 1423 est,
1458 1355 1577 1426 jam
1607 1364 1845 1411 vocatum

257 1452 336 1500 est
378 1461 563 1499 nomen
588 1444 723 1516 ejus,
750 1453 795 1499 et
822 1445 989 1500 scitur
1012 1445 1151 1518 quod
1176 1447 1246 1501 sit
1273 1446 1447 1513 homo,
1475 1456 1523 1501 et
1555 1463 1656 1501 non
1685 1449 1848 1518 possit

257 1545 445 1592 contra
467 1535 735 1607 fortiorem
756 1552 810 1591 se
825 1536 1031 1608 judicio
1057 1534 1385 1594 contendere.
1412 1532 1613 1608 Aperte
1636 1535 1703 1590 de
1729 1535 1850 1592 Sal-

256 1628 465 1687 vatoris
498 1629 826 1700 praedicatur
850 1631 1081 1687 adventu
1104 1672 1120 1699 ,
1153 1631 1277 1703 quia
1306 1629 1444 1706 [qui]
1493 1630 1705 1687 futurus
1732 1639 1845 1700 est,

254 1730 551 1792 antequam
596 1722 652 1777 in
695 1736 925 1794 corpore
971 1728 1303 1788 cerneretur,
1343 1720 1460 1791 jam
1502 1730 1750 1777 vocatum
1790 1722 1847 1778 in

256 1812 561 1884 Scripturis
589 1828 787 1870 nomen
831 1814 985 1886 ejus;
1036 1823 1092 1870 et
1137 1814 1409 1884 cognitum
1450 1823 1532 1869 est
1571 1814 1847 1887 prophetis

254 1916 315 1963 et
344 1906 545 1963 sanctis
571 1900 667 1962 Dei
693 1916 753 1962 ut
776 1907 938 1962 homo
965 1907 1069 1973 sit,
1099 1916 1154 1962 et
1176 1906 1329 1979 juxta
1367 1907 1471 1964 hoc
1512 1908 1653 1978 quod
1683 1909 1845 1963 homo

254 2007 371 2063 est,
401 2014 507 2054 non
532 1999 705 2069 possit
733 2015 792 2056 se
819 1998 1068 2055 conferre
1097 2015 1221 2056 cum
1252 1999 1440 2067 Patre,
1472 2007 1533 2055 ut
1572 2001 1627 2056 in
1668 2001 1844 2056 Evan-

252 2092 399 2165 gelio
444 2092 561 2164 ipse
602 2092 717 2148 ait:
768 2090 932 2148 Pater
966 2092 1055 2165 qui
1093 2108 1174 2147 me
1219 2093 1392 2160 misit,
1432 2093 1607 2164 major
1645 2110 1727 2149 me
1768 2102 1843 2149 est

254 2170 456 2258 (Joan.
480 2202 603 2251 11v,
633 2180 760 2257 28).
796 2180 965 2241 Verba
993 2194 1114 2241 sunt
1149 2184 1376 2257 plurima
1395 2226 1412 2253 ,
1442 2185 1761 2259 multamque
1787 2186 1844 2241 in

253 2278 577 2351 disputando
606 2278 850 2335 habentia
875 2279 1179 2335 vanitatem.

861 2388 1089 2446 CAPUT
1144 2389 1256 2445 VII.
1306 2450 1311 2455 ,

332 2459 498 2516 Vsus.
540 2459 591 2513 l.
632 2490 702 2500 —
736 2456 878 2526 Quid
928 2478 1130 2516 necesse
1181 2469 1254 2515 est
1296 2461 1495 2516 homini
1536 2462 1744 2534 majora
1790 2479 1846 2519 se

248 2566 526 2623 quterere,
557 2568 676 2606 cum
704 2550 904 2624 ignoret
930 2552 1055 2625 quid
1084 2553 1341 2609 conducat
1370 2554 1471 2608 sibi
1498 2555 1555 2609 in
1580 2555 1690 2610 vita
1714 2572 1843 2623 sua,

250 2659 482 2699 numero
512 2642 719 2699 dierum
743 2646 1175 2717 peregrinationis
1202 2664 1313 2702 sua:
1335 2688 1350 2714 ,
1382 2656 1429 2701 et
1459 2658 1713 2719 tempore,
1742 2666 1845 2721 quo

250 2744 320 2790 ut
349 2735 537 2791 umbra
564 2739 835 2809 prwteriit.
880 2738 985 2793 Aut
1010 2740 1129 2811 quis
1156 2739 1204 2794 ei
1228 2741 1417 2810 poterit
1445 2740 1680 2795 indicare
1718 2742 1846 2814 quid

248 2834 377 2898 post
421 2842 540 2881 eum
581 2824 822 2898 futurum
863 2829 931 2883 sit
973 2828 1068 2884 sub
1108 2828 1267 2885 sole?
1296 2814 1520 2889 Videtur
1562 2830 1739 2888 adhuc
1779 2830 1848 2888 de

259 2912 552 2976 Salvatore
576 2919 757 2977 dicere
775 2959 790 2989 ,
815 2930 870 2978 et
893 2923 1182 2994 prohibere
1204 2940 1273 2981 ne
1303 2925 1516 2980 curiose
1543 2940 1847 2996 quaeramus

224 3012 468 3084 qualis,
496 3013 578 3067 vel
611 3021 878 3084 quantus,
904 3014 989 3070 vel
1011 3015 1278 3085 quomodo
1307 3016 1576 3081 venisset,
1605 3015 1700 3071 sed
1727 3024 1848 3071 tan-

257 3114 388 3160 tum
426 3106 647 3162 credere
685 3107 827 3176 quod
864 3103 1143 3178 Scriptura
1178 3115 1365 3163 sancta
1396 3108 1462 3163 de
1495 3122 1560 3162 eo
1591 3115 1845 3163 testatur.

256 3196 405 3255 Cum
434 3199 578 3255 enim
607 3198 671 3255 de
698 3206 840 3254 statu
869 3208 1054 3255 nostro
1079 3199 1407 3270 ignoremus,
1438 3207 1495 3254 et
1521 3200 1633 3255 vita
1659 3209 1845 3257 nostra

255 3288 424 3360 quasi
468 3288 660 3344 umbra
705 3297 1078 3361 pertranseat,
1130 3297 1184 3344 et
1225 3289 1406 3344 futura
1448 3289 1669 3363 incerta,
1702 3290 1844 3359 sint,

258 3397 376 3438 non
407 3383 563 3438 nobis
588 3383 805 3452 expedit
830 3391 891 3438 ut
916 3380 1119 3465 majora
1148 3398 1312 3454 quam
1347 3399 1634 3454 possumus
1672 3384 1850 3455 inqui-

255 3474 478 3539 ramus,
525 3474 619 3530 sed
654 3464 928 3531 silentium
965 3464 1303 3547 imponamus
1347 3476 1430 3533 ori
1472 3468 1681 3545 nostro,
1730 3493 1852 3536 cre-

255 3556 459 3624 dentes
483 3582 607 3623 eum
638 3568 852 3624 venisse
882 3569 972 3639 qui
1002 3570 1294 3640 praedictus
1322 3578 1423 3627 est.

337 3656 501 3717 Vens.
541 3661 595 3715 2.
630 3692 701 3701 —
735 3646 924 3717 Melius
962 3668 1037 3717 est
1071 3663 1209 3717 enim
1248 3681 1436 3720 nomen
1468 3664 1659 3721 bonum
1691 3684 1850 3739 quam

254 3752 533 3826 unguenta
560 3754 787 3825 pretiosa
806 3795 821 3820 ,
850 3763 898 3808 et
922 3754 1031 3809 dies
1058 3756 1239 3810 mortis
1269 3755 1352 3811 die
1378 3757 1685 3813 nativitatis.
1710 3758 1849 3814 Con-

257 3842 450 3900 sidera
475 3885 488 3907 ,
532 3842 738 3915 inquit,
775 3859 808 3898 ο
841 3842 1035 3911 homo,
1076 3845 1190 3901 dies
1220 3852 1343 3901 tuos
1374 3847 1594 3913 breves,
1628 3856 1685 3927 et
1722 3847 1849 3917 quia

255 3943 377 3997 cito
403 3934 644 3995 sublatus
669 3954 829 3995 carne
854 3939 908 3994 in
936 3940 1036 3996 hac
1060 3941 1169 3995 vita
1193 3954 1311 3997 esse
1337 3942 1593 3997 cessabis.
1622 3941 1729 3996 Fac
1752 3940 1849 3997 tibi

255 4034 318 4090 in
366 4031 523 4088 bonis
564 4033 819 4103 operibus
865 4028 1063 4088 famam
1106 4033 1440 4105 longiorem,
1481 4043 1541 4088 ut
1580 4035 1849 4103 quomodo

258 4141 431 4181 nares
463 4132 858 4195 unguentorum
889 4120 1053 4179 odore
1082 4124 1435 4191 delectantur,
1474 4126 1553 4180 sic
1587 4126 1653 4180 ad
1694 4134 1845 4182 tuum

258 4228 462 4270 nomen
515 4210 688 4288 [Ms.,
728 4212 1088 4289 vocabulum]
1124 4224 1318 4272 cuncta
1366 4218 1653 4288 posteritas
1704 4218 1850 4273 dele-

259 4314 465 4363 ctetur.
504 4306 584 4369 Et,
608 4306 713 4364 hoc
750 4315 833 4363 est
869 4300 1011 4378 quod
1047 4306 1101 4363 in
1135 4307 1444 4365 Proverbiis
1471 4310 1703 4364 dicitur:
1739 4307 1852 4364 Με-

258 4399 436 4455 moria
455 4399 725 4470 justorum
754 4416 874 4454 cum
901 4396 1059 4454 laude
1079 4440 1094 4465 ,
1137 4416 1323 4455 nomen
1360 4409 1533 4455 autem
1570 4401 1851 4472 impiorum

256 4490 514 4564 putrescit
567 4490 761 4564 (Prov.
790 4508 854 4558 ι,
887 4489 973 4563 7).
1025 4490 1178 4560 Quod
1224 4500 1405 4546 autem
1453 4492 1569 4546 ait:
1622 4491 1689 4546 Et
1739 4492 1849 4547 dies

1949 606 2115 663 timus
2136 649 2152 676 ,
2183 616 2237 664 et
2264 610 2393 681 quid
2412 594 2589 667 'futnri
2619 612 2789 669 simus
2818 629 2925 671 non
2954 614 3280 689 cogitamus.

2020 697 2183 756 Vsus.
2218 699 2272 755 4.
2300 731 2372 742 -
2399 692 2590 757 Melior
2608 714 2681 758 est
2710 703 2791 759 ira
2822 705 2933 760 risu
2950 748 2966 773 ,
2993 707 3118 779 quia
3144 724 3237 780 per
3265 708 3533 766 tristitiam

1948 782 2121 846 vultus
2148 791 2431 864 corrigitur
2457 794 2665 850 animus
2690 795 3058 869 delinquentis.
3098 786 3261 857 Risus
3286 786 3535 858 dissolvit

1949 883 2277 953 sapientem,
2308 886 2388 941 ira
2417 888 2640 959 corripit
2669 897 2723 944 et
2750 891 3001 946 emendat
3036 890 3373 962 peccantem.
3412 891 3527 949 Ira-

1949 990 2167 1031 scamur
2192 986 2247 1032 et
2275 972 2463 1046 nobis,
2494 979 2620 1051 quia
2650 984 3030 1052 peccavimus;
3065 984 3365 1041 irascamur
3400 984 3523 1043 aliis

1949 1084 2161 1140 quoque
2188 1072 2565 1141 peccantibus,
2596 1073 2662 1128 ad
2690 1072 3123 1133 emendationem
3165 1077 3283 1144 sui,
3310 1091 3419 1135 non
3459 1077 3531 1135 ad

1951 1159 2216 1215 ultionem
2242 1162 2436 1217 nostri.

2018 1250 2182 1311 Vsus.
2221 1254 2274 1309 5.
2305 1286 2377 1295 —
2414 1252 2523 1311 Cor
2563 1254 2878 1331 sapientium
2922 1258 3012 1314 ubi
3056 1260 3301 1328 tristitia,
3349 1270 3398 1317 et
3442 1277 3535 1318 cor

1946 1349 2228 1407 stultorum
2258 1350 2346 1407 ubi
2376 1350 2583 1408 laetitia.
2625 1352 2808 1420 Beati,
2837 1354 3011 1425 inquit
3048 1354 3317 1424 Salvator,
3349 1356 3535 1427 lugen-

1949 1450 2052 1508 tes,
2080 1443 2335 1513 quoniam
2363 1443 2465 1516 ipsi
2492 1444 2915 1500 consolabuntur
2944 1446 3159 1517 (Matth.
3178 1446 3307 1520 v,5)
3336 1447 3536 1519 :igitur

1949 1534 2164 1606 sapiens
2208 1535 2295 1590 vir
2336 1536 2501 1593 vadat
2544 1537 2613 1591 ad
2654 1538 2870 1592 domum
2911 1537 3171 1609 lugentis,
3200 1548 3257 1595 et
3293 1540 3553 1611 seipsum,

1950 1627 2272 1699 corrigentis
2300 1626 2540 1700 aliosque
2565 1630 2922 1699 admonentis,
2948 1641 3009 1688 ut
3032 1633 3287 1705 plangant
3308 1642 3533 1705 peccata

1950 1732 2047 1771 sua
2071 1734 2085 1784 ;
2119 1734 2227 1773 non
2256 1717 2324 1774 ad
2353 1719 2572 1776 domum
2602 1720 2929 1789 adulatoris,
2960 1723 3051 1792 qui
3090 1724 3311 1794 plausus
3338 1724 3534 1795 quaerit

1950 1809 2289 1866 audientium
2308 1850 2323 1877 ,
2356 1826 2463 1866 non
2494 1810 2762 1884 lacrymas
2789 1812 3233 1885 delinquentium.
3263 1815 3408 1872 Talis
3440 1816 3535 1872 do-

1873 1872 1923 1938 B
1949 1906 2068 1955 ctor
2101 1898 2374 1971 plangitur
2408 1901 2558 1957 dives
2599 1902 2650 1956 in
2690 1918 2971 1971 sermone,
3007 1921 3114 1959 non
3143 1906 3293 1960 dives
3324 1906 3380 1960 in
3405 1919 3534 1977 ope-

1945 2008 2023 2048 re.
2053 1988 2180 2048 Ideo
2206 2009 2333 2049 mox
2366 1992 2421 2048 in
2451 1993 2697 2063 sequenti
2725 1995 2994 2051 versiculo
3032 1994 3310 2067 adjuugit:

2016 2089 2177 2144 Vsus.
2216 2088 2278 2153 6,
2321 2088 2373 2142 7.
2406 2119 2478 2130 —
2505 2088 2697 2144 Melius
2727 2099 2800 2144 est
2829 2108 2861 2145 a
2890 2091 3121 2162 sapiente
3150 2089 3345 2162 corrigi
3369 2096 3529 2161 quam

1943 2181 2224 2237 stultorum
2252 2181 2557 2237 adulatione
2582 2182 2782 2253 decipi,
2809 2182 2934 2254 quia
2959 2183 3094 2236 sicut
3123 2182 3324 2237 sonitus
3348 2181 3533 2253 spina-

1945 2287 2064 2326 rum
2094 2271 2395 2326 ardentium
2422 2271 2517 2326 sub
2550 2272 2688 2339 olla,
2717 2273 2792 2327 sic
2834 2275 2970 2328 risus
3015 2272 3179 2328 stulti.
3213 2260 3317 2328 Sed
3350 2281 3399 2327 et
3432 2271 3532 2327 hoc

1946 2361 2165 2416 vanitas.
2188 2360 2324 2416 Huic
2347 2364 2627 2419 sententiae
2651 2362 2827 2420 simile
2849 2374 2933 2421 est
2956 2365 3087 2421 illud
3111 2381 3125 2419 :
3154 2364 3378 2420 Meliora
3403 2373 3528 2420 sunt

1946 2450 2161 2507 vulnera
2180 2453 2358 2521 amici,
2382 2471 2537 2525 quam
2562 2454 2898 2525 fraudulenta
2922 2455 3099 2511 oscula
3121 2456 3319 2511 inimici
3343 2455 3528 2530 (Prov.

1945 2558 2094 2598 xxvu
2114 2582 2130 2611 ,
2158 2543 2233 2615 6).
2269 2543 2420 2600 Sicut
2446 2546 2590 2602 enim
2623 2548 2830 2603 sonitus
2861 2548 3138 2619 spinarum
3166 2549 3266 2605 sub
3298 2548 3405 2605 olla
3433 2563 3527 2605 ar-

1947 2636 2223 2703 dentium,
2265 2637 2550 2709 strepitum
2586 2638 2815 2694 reddunt
2853 2638 3161 2707 insuavem,
3213 2638 3294 2695 sic
3322 2646 3379 2696 et
3407 2635 3531 2711 pal-

1945 2728 2124 2798 pantis
2150 2729 2397 2800 magistri
2421 2731 2583 2785 verba
2613 2745 2721 2786 non
2747 2731 3026 2801 proderint
3048 2716 3287 2788 audienti
3307 2771 3324 2798 ,
3350 2729 3437 2787 vel
3463 2729 3535 2788 ad

1948 2832 2111 2877 curas
2148 2820 2333 2877 saeculi
2356 2863 2371 2888 ,
2408 2837 2527 2893 qua:
2564 2823 2733 2894 spinae
2765 2823 3211 2893 interpretantur,
3251 2823 3528 2879 auditores

1948 2930 2074 2971 suos
2092 2915 2443 2981 cohortantis,
2467 2915 2554 2970 vel
2576 2916 2754 2971 futuro
2773 2930 2864 2971 eos
2887 2915 3138 2972 incendio
3151 2914 3531 2988 praaparantis.

2020 3004 2183 3062 Vsus.
2223 3007 2277 3062 8.
2309 3037 2381 3046 —
2404 3003 2682 3063 Calumnia
2707 3004 2980 3062 conturbat
3007 3006 3322 3079 sapientem,
3345 3014 3395 3062 et
3416 3012 3536 3079 per-

1946 3094 2025 3153 dit
2074 3095 2234 3152 robur
2284 3094 2457 3153 cordis
2502 3095 2667 3154 illius.
2722 3090 2952 3155 Utamur
2993 3099 3097 3155 hoc
3136 3097 3437 3163 versiculo,
3481 3094 3529 3154 si

1950 3206 2110 3262 quem
2133 3187 2342 3259 justum
2380 3188 2557 3243 virum
2603 3198 2766 3261 atque
2790 3191 3086 3261 sapientem
3128 3188 3409 3246 videamus
3437 3203 3530 3244 ca-

1954 3275 2189 3338 lumnias
2217 3280 2517 3347 sustinere,
2545 3286 2601 3336 et
2628 3281 2838 3336 turbari
2869 3279 2938 3337 de
2963 3279 3250 3351 iniquitate
3295 3278 3532 3349 judicis,

1949 3390 2050 3431 nec
2075 3366 2243 3429 Deum
2271 3370 2501 3446 [statim]
2525 3371 2851 3442 periclitanti
2875 3372 3162 3429 subvenire
3184 3379 3529 3443 praesentem.

1950 3466 2129 3522 Multa:
2158 3464 2536 3521 tribulationes
2564 3472 2688 3520 sunt
2709 3461 3014 3535 iustorum,
3061 3466 3189 3536 quia
3227 3461 3536 3534 refrigescit

1949 3559 2194 3616 cha‘ritas
2224 3558 2548 3624 multorum,
2594 3565 2649 3613 et
2685 3540 2922 3614 abundat
2958 3556 3243 3629 iniquitas,
3285 3572 3385 3629 pro
3424 3569 3534 3629 qua

1950 3650 2363 3729 conturbabitur
2391 3665 2487 3705 cor
2515 3650 2776 3721 sapientis
2803 3650 3082 3723 Deumque
3108 3651 3371 3709 timentis.

2018 3740 2184 3816 429
2215 3741 2378 3797 Vsus.
2410 3739 2463 3796 9.
2503 3772 2575 3782 —
2605 3738 2797 3797 Melior
2818 3751 2894 3797 est
2921 3738 3045 3812 ﬁnis
3084 3744 3339 3798 orationis
3375 3758 3536 3815 quam

1948 3834 2281 3907 principium.
2333 3826 2581 3889 Meliores
2625 3832 2833 3889 suntin
2872 3832 3101 3889 dicendo
3149 3832 3344 3906 epilogi
3372 3849 3542 3905 quam

1948 3927 2188 3993 exordia,
2220 3925 2343 3996 quia
2376 3926 2429 3980 in
2454 3925 2573 3983 istis
2598 3922 2870 3980 inchoatio
2900 3930 2981 3979 est
3007 3923 3312 3989 locutionis,
3344 3924 3398 3979 in
3428 3922 3537 3981 illis

1950 4018 2362 4076 consummatio.
2396 4016 2499 4086 Qui
2522 4018 2591 4072 ad
2626 4023 3016 4088 praeceptorem
3058 4013 3227 4082 vadit,
3254 4012 3449 4070 melius
3476 4010 3536 4070 in

1950 4109 2058 4166 ﬁne
2091 4108 2243 4164 verbi
2288 4107 2540 4178 intelligit
2570 4123 2688 4176 quae
2716 4102 2990 4173 dicuntur,
3022 4121 3184 4175 quam
3224 4105 3279 4160 in
3323 4102 3532 4177 princi-

1950 4200 2040 4273 pio
2070 4218 2082 4254 :
2133 4199 2208 4255 ita
2238 4197 2429 4253 melior
2458 4206 2541 4253 est
2569 4205 2941 4253 consummata
2982 4193 3189 4266 iustitia
3234 4210 3397 4267 quam
3443 4192 3534 4252 in-

1952 4294 2178 4357 choata;
2230 4288 2321 4346 illa
2352 4290 2636 4346 victoriam
2665 4290 2906 4359 praestat,
2938 4288 3041 4343 ista
3065 4294 3276 4343 certare
3320 4285 3531 4357 incipit.

1953 4380 2051 4441 Hic
2063 4384 2209 4440 enim
2219 4399 2287 4439 ex
2301 4392 2453 4454 parte
2467 4379 2830 4453 cognoscitur;
2846 4395 2969 4462 cum
2984 4388 3164 4435 autem
3173 4376 3380 4435 venerit
3391 4377 3535 4448 quod

1953 4476 2249 4548 perfectum
2264 4483 2367 4543 est,
2388 4491 2494 4530 non
2511 4472 2617 4529 erit
2634 4487 2853 4529 necesse
2870 4470 3002 4528 illud
3018 4473 3161 4544 quod
3176 4488 3241 4527 ex
3253 4474 3408 4542 parte
3423 4464 3529 4528 est.

253 4560 451 4640 inortis
498 4560 656 4655 super
699 4582 836 4639 diem
887 4560 1172 4640 natiuitatis
1222 4583 1369 4656 ejus,
1424 4583 1528 4640 hoc
1571 4585 1840 4649 ostendit,

2026 4560 2217 4622 Melior
2242 4572 2317 4622 est
2358 4567 2560 4639 patiens
2600 4573 2900 4636 arrogante.
2949 4560 3085 4632 Quia
3114 4562 3364 4634 superius
3391 4560 3534 4617 iram

261 4676 467 4736 melius
501 4654 622 4736 esse
660 4679 739 4736 ire
773 4690 841 4735 ex
874 4676 979 4736 hoc
1015 4676 1211 4735 szeculo
1230 4654 1255 4745 ,ν
1275 4685 1330 4733 et
1357 4694 1542 4735 carere
1571 4679 1848 4736 laboribus
1878 4654 1923 4669 υ
1950 4666 2316 4725 concesserat,
2341 4657 2549 4724 (Ῐίοθηε,
2573 4656 2853 4712 meliorem
2883 4654 3021 4710 iram
3047 4670 3210 4727 quam
3240 4654 3442 4721 Pisum;
3466 4654 3537 4710 De

256 4770 427 4841 hujus
467 4772 621 4839 vitm,
652 4787 813 4842 quam
854 4770 922 4827 ad
961 4768 1333 4827 tribulationes
1371 4768 1691 4841 laboresque
1730 4779 1850 4825 tan-

258 4864 546 4923 tummodo
573 4866 756 4933 nasci,
788 4874 843 4923 et
871 4867 1051 4922 omnia
1082 4863 1237 4940 [Ms.,
1258 4873 1313 4921 et
1335 4865 1450 4922 hzec
1469 4866 1650 4922 omnia
1681 4864 1844 4935 mala]

260 4961 535 5016 sustinere
563 4976 683 5032 qua:
712 4960 767 5014 in
797 4959 899 5016 hoc
928 4959 1128 5014 mundo
1154 4956 1463 5014 hominibus
1502 4958 1848 5028 supervenire

260 5044 540 5105 videntur.
572 5051 672 5106 Vel
698 5059 845 5105 certe
884 5050 1011 5120 quia
1057 5049 1114 5104 in
1160 5057 1367 5116 morte,
1414 5051 1599 5120 quales
1641 5049 1842 5115 simus,

261 5152 455 5199 notum
490 5143 561 5197 sit
586 5143 689 5206 ;'in
724 5134 944 5198 exordio
970 5156 1100 5197 vero
1127 5140 1417 5208 nascendi,
1464 5142 1651 5212 quales
1678 5140 1846 5197 futuri

262 5237 441 5294 simus
458 5278 472 5304 ,
506 5237 804 5310 ignoretur.

338 5329 504 5386 Vens.
546 5328 599 5386 5.
629 5362 701 5370 -
733 5326 922 5383 Melius
950 5337 1025 5383 est
1051 5328 1128 5383 ire
1154 5327 1222 5381 ad
1251 5327 1465 5383 domum
1493 5327 1663 5382 luctus
1690 5344 1848 5399 quam

259 5412 335 5476 ad
365 5419 578 5477 domum
604 5422 853 5488 convivii;
878 5416 933 5474 in
961 5418 1055 5474 illa
1082 5419 1219 5474 enim
1258 5419 1379 5489 ﬁnis
1413 5428 1722 5474 cunctorum
1751 5419 1848 5472 ad-

259 5522 509 5568 monetur
535 5515 803 5570 hominum
821 5555 836 5580 ,
861 5529 909 5569 et
929 5498 1096 5568 uiuens
1125 5514 1314 5583 cogitat
1338 5512 1463 5583 quid
1490 5511 1729 5582 futurum
1751 5513 1839 5568 sit.

261 5605 470 5664 Utilius
496 5616 579 5664 est
608 5608 675 5664 ad
704 5607 987 5677 exsequias
1010 5604 1214 5661 funeris
1242 5606 1323 5660 ire
1348 5620 1509 5675 quam
1534 5607 1600 5662 ad
1628 5607 1844 5662 domum

256 5684 529 5764 (convivii,
559 5699 684 5770 quia
714 5699 787 5756 ibi
816 5698 1187 5756 recordatione
1216 5698 1541 5755 conditionis
1570 5706 1767 5754 nostrae
1793 5706 1849 5754 et

258 5787 578 5863 fragilitatis
606 5791 853 5847 humanm
879 5805 945 5846 ex
972 5790 1225 5862 praesenti
1254 5788 1514 5846 cadavere
1540 5806 1848 5847 commone-

260 5898 410 5940 mur.
442 5883 500 5939 lu
529 5885 789 5941 conviviis
815 5890 996 5941 autem
1023 5892 1078 5941 et
1102 5882 1319 5949 laetitia,
1348 5882 1453 5940 etsi
1481 5881 1611 5954 quid
1639 5882 1850 5940 timoris

1947 4758 2266 4820 putaremus
2315 4747 2453 4803 iram
2480 4763 2599 4818 qua:
2631 4755 2715 4803 est
2740 4746 2793 4801 in
2821 4747 3071 4817 passione
3098 4745 3347 4812 laudari,
3384 4759 3530 4802 nunc

1947 4843 2192 4917 praecipit
2243 4842 2381 4898 iram
2428 4840 2689 4915 patientia
2733 4855 2853 4897 esse
2906 4840 3220 4897 tollendam.
3259 4838 3339 4896 ibi
3385 4838 3533 4894 enim

1945 4955 2045 5010 pro
2075 4935 2411 4994 correctione
2443 4933 2495 4989 in
2525 4940 2832 5005 peccantes,
2863 4940 2920 4988 et
2947 4932 3251 4989 eruditione
3281 4930 3336 4985 in
3360 4929 3532 4983 mino-

1948 5045 2038 5085 res
2063 5028 2200 5084 iram
2224 5024 2453 5099 posuisti
2488 5022 2643 5098 [Ms.,
2668 5022 2894 5097 pesuit],
2924 5023 3013 5080 hic
3037 5039 3166 5079 vero
3190 5019 3530 5094 patientiam,

1947 5120 2069 5192 qua:
2094 5136 2201 5175 non
2228 5117 2402 5175 solum
2430 5115 2487 5172 in
2513 5116 2800 5187 angustiis,
2837 5116 2932 5172 sed
2960 5125 3013 5171 et
3039 5116 3094 5170 in
3119 5112 3416 5170 laetioribus
3435 5114 3531 5167 ne-

1906 5234 1917 5245 ο
1947 5211 2183 5269 cessaria
2208 5217 2307 5276 est,
2337 5218 2404 5264 ne
2432 5206 2551 5280 plus
2576 5220 2738 5279 quam
2762 5208 2915 5265 decet
2941 5204 3258 5262 exaltemur.

2020 5325 2183 5381 Vsus.
2222 5322 2304 5379 10.
2333 5353 2403 5364 -
2423 5321 2507 5377 Ne
2530 5323 2603 5379 sis
2625 5319 2772 5379 velox
2796 5320 2868 5376 ad
2899 5318 3253 5385 irascendum,
3292 5317 3420 5391 quia
3445 5318 3529 5373 ira

1945 5420 2003 5474 in
2029 5419 2148 5474 sinu
2189 5417 2337 5473 stulti
2368 5417 2659 5489 requiescit.
2707 5413 3112 5470 Incousiderate
3147 5411 3309 5468 irasci
3345 5416 3527 5477 vetat,

1950 5512 2079 5582 quia
2107 5510 2420 5583 repentinus
2463 5510 2614 5566 furor
2639 5506 2923 5565 consilium
2950 5521 3059 5561 non
3089 5507 3271 5571 habet,
3306 5512 3362 5559 et
3393 5500 3531 5560 nihil

1951 5608 2068 5664 viro
2097 5608 2323 5677 sapienti
2344 5608 2458 5662 sine
2487 5607 2692 5661 ratione
2712 5603 2976 5674 agendum
3005 5611 3108 5659 est.
3139 5603 3344 5659 Idcirco
3365 5601 3532 5659 comi-

1952 5717 2049 5756 cus
2072 5701 2288 5770 quidam
2332 5700 2448 5754 ait:
2483 5698 2564 5753 Ne
2590 5697 2929 5769 quidonimis,
2959 5697 3083 5767 quia
3126 5697 3303 5752 omnis
3336 5697 3528 5753 intem-

1952 5790 2193 5863 perantia
2219 5788 2362 5844 cadit
2386 5788 2439 5843 in
2468 5787 2674 5842 vitium.
2708 5785 2739 5840 Ι
2743 5804 2802 5841 ra
2828 5787 2881 5842 in
2911 5787 3032 5841 sinu
3061 5787 3209 5843 stulti
3236 5787 3527 5861 requiescit.

1957 5882 2182 5951 Semper
2210 5878 2490 5964 iracundia
2517 5877 2782 5947 superbiae
2802 5877 2992 5947 juncta
3018 5878 3281 5936 ultionem
3301 5879 3525 5957 quaerit,
