  <div class='ocr_page' id='page_1' title='image "/cluster/home/n/w/nwhite01/storage/ocr_20150623/100/hvd.32044024239972/353.png"; bbox 0 0 4072 6340; ppageno 0'>
   <div class='ocr_carea' id='block_1_1' title="bbox 563 328 666 388">
    <p class='ocr_par' dir='ltr' id='par_1_1' title="bbox 563 328 666 388">
     <span class='ocr_line' id='line_1_1' title="bbox 563 328 666 388; baseline 0.019 -3"><span class='ocrx_word' id='word_1_1' title='bbox 563 328 666 388; x_wconf 85' lang='lat'><strong>695</strong></span> 
     </span>
    </p>
   </div>
   <div class='ocr_carea' id='block_1_2' title="bbox 1415 320 2963 381">
    <p class='ocr_par' dir='ltr' id='par_1_2' title="bbox 1415 320 2963 381">
     <span class='ocr_line' id='line_1_2' title="bbox 1415 320 2963 381; baseline 0 -3"><span class='ocrx_word' id='word_1_2' title='bbox 1415 323 1474 378; x_wconf 89' lang='lat' dir='ltr'><strong>B.</strong></span> <span class='ocrx_word' id='word_1_3' title='bbox 1516 322 1578 378; x_wconf 88' lang='lat' dir='ltr'><strong>F.</strong></span> <span class='ocrx_word' id='word_1_4' title='bbox 1618 321 1842 378; x_wconf 86' lang='lat' dir='ltr'><strong>ALBlNl</strong></span> <span class='ocrx_word' id='word_1_5' title='bbox 1879 321 2011 380; x_wconf 90' lang='lat' dir='ltr'><strong>SEU</strong></span> <span class='ocrx_word' id='word_1_6' title='bbox 2049 321 2325 381; x_wconf 83' lang='lat' dir='ltr'><strong>ALCUINI</strong></span> <span class='ocrx_word' id='word_1_7' title='bbox 2361 320 2648 381; x_wconf 79' lang='lat' dir='ltr'><strong>OPERUM</strong></span> <span class='ocrx_word' id='word_1_8' title='bbox 2684 321 2867 378; x_wconf 83' lang='lat' dir='ltr'><strong>PARS</strong></span> <span class='ocrx_word' id='word_1_9' title='bbox 2902 321 2963 378; x_wconf 85' lang='lat' dir='ltr'><strong>Il.</strong></span> 
     </span>
    </p>
   </div>
   <div class='ocr_carea' id='block_1_3' title="bbox 3719 329 3826 385">
    <p class='ocr_par' dir='ltr' id='par_1_3' title="bbox 3719 329 3826 385">
     <span class='ocr_line' id='line_1_3' title="bbox 3719 329 3826 385; baseline 0.009 -1"><span class='ocrx_word' id='word_1_10' title='bbox 3719 329 3826 385; x_wconf 85' lang='lat'><strong>696</strong></span> 
     </span>
    </p>
   </div>
   <div class='ocr_carea' id='block_1_4' title="bbox 562 423 3831 521">
    <p class='ocr_par' dir='ltr' id='par_1_4' title="bbox 562 423 3831 521">
     <span class='ocr_line' id='line_1_4' title="bbox 562 423 3831 521; baseline 0.002 -19"><span class='ocrx_word' id='word_1_11' title='bbox 562 447 690 521; x_wconf 86' lang='lat' dir='ltr'><strong>quia</strong></span> <span class='ocrx_word' id='word_1_12' title='bbox 708 443 958 517; x_wconf 83' lang='lat' dir='ltr'><strong>quamvis</strong></span> <span class='ocrx_word' id='word_1_13' title='bbox 980 441 1172 516; x_wconf 77' lang='lat' dir='ltr'><strong>aliquis</strong></span> <span class='ocrx_word' id='word_1_14' title='bbox 1189 449 1379 515; x_wconf 91' lang='lat' dir='ltr'><strong>potens</strong></span> <span class='ocrx_word' id='word_1_15' title='bbox 1400 442 1665 508; x_wconf 88' lang='lat' dir='ltr'><strong>videatur,</strong></span> <span class='ocrx_word' id='word_1_16' title='bbox 1687 451 1742 498; x_wconf 90' lang='lat' dir='ltr'><strong>et</strong></span> <span class='ocrx_word' id='word_1_17' title='bbox 1767 442 1982 512; x_wconf 79' lang='lat' dir='ltr'><strong>sapiens</strong></span> <span class='ocrx_word' id='word_1_18' title='bbox 1999 443 2142 498; x_wconf 69' lang='lat' dir='ltr'><strong>:esti-</strong></span> <span class='ocrx_word' id='word_1_19' title='bbox 2169 445 2221 504; x_wconf 77' lang='grc' dir='ltr'>Α</span> <span class='ocrx_word' id='word_1_20' title='bbox 2259 423 2262 426; x_wconf 45' lang='grc'><em>’</em></span> <span class='ocrx_word' id='word_1_21' title='bbox 2313 439 2476 512; x_wconf 70' lang='grc'><strong>430</strong></span> <span class='ocrx_word' id='word_1_22' title='bbox 2497 442 2657 496; x_wconf 73' lang='lat' dir='ltr'><strong>Vens.</strong></span> <span class='ocrx_word' id='word_1_23' title='bbox 2678 441 2763 495; x_wconf 85' lang='grc'><strong>16.</strong></span> <span class='ocrx_word' id='word_1_24' title='bbox 2788 471 2854 480; x_wconf 94' lang='grc'><strong><em>-</em></strong></span> <span class='ocrx_word' id='word_1_25' title='bbox 2881 439 3011 496; x_wconf 71' lang='lat' dir='ltr'><strong>Haec</strong></span> <span class='ocrx_word' id='word_1_26' title='bbox 3039 456 3241 512; x_wconf 81' lang='lat' dir='ltr'><strong>quoque</strong></span> <span class='ocrx_word' id='word_1_27' title='bbox 3261 440 3365 497; x_wconf 78' lang='lat' dir='ltr'><strong>vidi</strong></span> <span class='ocrx_word' id='word_1_28' title='bbox 3384 441 3565 497; x_wconf 76' lang='lat' dir='ltr'><strong>diebus</strong></span> <span class='ocrx_word' id='word_1_29' title='bbox 3586 446 3831 503; x_wconf 77' lang='lat' dir='ltr'><strong>vanitatis</strong></span> 
     </span>
    </p>
   </div>
   <div class='ocr_carea' id='block_1_5' title="bbox 557 535 2145 606">
    <p class='ocr_par' dir='ltr' id='par_1_5' title="bbox 557 535 2145 606">
     <span class='ocr_line' id='line_1_5' title="bbox 557 535 2145 606; baseline -0.006 -8"><span class='ocrx_word' id='word_1_30' title='bbox 557 547 763 606; x_wconf 86' lang='lat' dir='ltr'><strong>metur,</strong></span> <span class='ocrx_word' id='word_1_31' title='bbox 793 537 838 594; x_wconf 87' lang='lat' dir='ltr'><strong>si</strong></span> <span class='ocrx_word' id='word_1_32' title='bbox 863 536 1151 592; x_wconf 90' lang='lat' dir='ltr'><strong>iracundus</strong></span> <span class='ocrx_word' id='word_1_33' title='bbox 1178 536 1293 591; x_wconf 86' lang='lat' dir='ltr'><strong>sine</strong></span> <span class='ocrx_word' id='word_1_34' title='bbox 1319 535 1527 589; x_wconf 76' lang='lat' dir='ltr'><strong>ratione</strong></span> <span class='ocrx_word' id='word_1_35' title='bbox 1547 542 1650 600; x_wconf 89' lang='lat' dir='ltr'><strong>est,</strong></span> <span class='ocrx_word' id='word_1_36' title='bbox 1681 535 1939 605; x_wconf 87' lang='lat' dir='ltr'><strong>insipiens</strong></span> <span class='ocrx_word' id='word_1_37' title='bbox 1966 535 2145 605; x_wconf 91' lang='lat' dir='ltr'><strong>argui-</strong></span> 
     </span>
    </p>
   </div>
   <div class='ocr_carea' id='block_1_6' title="bbox 568 628 2143 702">
    <p class='ocr_par' dir='ltr' id='par_1_6' title="bbox 568 628 2143 702">
     <span class='ocr_line' id='line_1_6' title="bbox 568 628 2143 702; baseline -0.005 -11"><span class='ocrx_word' id='word_1_38' title='bbox 568 645 675 692; x_wconf 89' lang='lat' dir='ltr'><strong>tur.</strong></span> <span class='ocrx_word' id='word_1_39' title='bbox 718 635 793 689; x_wconf 88' lang='lat' dir='ltr'><strong>‘Et</strong></span> <span class='ocrx_word' id='word_1_40' title='bbox 824 633 880 688; x_wconf 90' lang='lat' dir='ltr'><strong>in</strong></span> <span class='ocrx_word' id='word_1_41' title='bbox 920 629 1249 702; x_wconf 80' lang='lat' dir='ltr'><strong>Evangelia:</strong></span> <span class='ocrx_word' id='word_1_42' title='bbox 1298 629 1402 696; x_wconf 87' lang='lat' dir='ltr'><strong>Qui</strong></span> <span class='ocrx_word' id='word_1_43' title='bbox 1430 631 1679 684; x_wconf 78' lang='lat' dir='ltr'><strong>irascitur</strong></span> <span class='ocrx_word' id='word_1_44' title='bbox 1707 629 1862 700; x_wconf 78' lang='lat' dir='ltr'><strong>fratri</strong></span> <span class='ocrx_word' id='word_1_45' title='bbox 1886 647 2002 694; x_wconf 91' lang='lat' dir='ltr'><strong>suo,</strong></span> <span class='ocrx_word' id='word_1_46' title='bbox 2053 628 2143 683; x_wconf 90' lang='lat' dir='ltr'><strong>illa</strong></span> 
     </span>
    </p>
   </div>
   <div class='ocr_carea' id='block_1_7' title="bbox 563 719 2138 797">
    <p class='ocr_par' dir='ltr' id='par_1_7' title="bbox 563 719 2138 797">
     <span class='ocr_line' id='line_1_7' title="bbox 563 719 2138 797; baseline -0.003 -18"><span class='ocrx_word' id='word_1_47' title='bbox 563 727 648 782; x_wconf 92' lang='lat' dir='ltr'><strong>vel</strong></span> <span class='ocrx_word' id='word_1_48' title='bbox 676 726 779 780; x_wconf 89' lang='lat' dir='ltr'><strong>alia</strong></span> <span class='ocrx_word' id='word_1_49' title='bbox 809 723 936 797; x_wconf 75' lang='grc' dir='ltr'><strong>[Με.</strong></span> <span class='ocrx_word' id='word_1_50' title='bbox 958 721 1070 794; x_wconf 92' lang='lat' dir='ltr'><strong>illa]</strong></span> <span class='ocrx_word' id='word_1_51' title='bbox 1088 721 1442 776; x_wconf 63' lang='lat' dir='ltr'><strong>aestimatione</strong></span> <span class='ocrx_word' id='word_1_52' title='bbox 1449 719 1640 791; x_wconf 90' lang='lat' dir='ltr'><strong>judicii</strong></span> <span class='ocrx_word' id='word_1_53' title='bbox 1657 721 1848 790; x_wconf 87' lang='lat' dir='ltr'><strong>dignus</strong></span> <span class='ocrx_word' id='word_1_54' title='bbox 1860 720 2138 776; x_wconf 77' lang='lat' dir='ltr'><strong>efﬁcietur.</strong></span> 
     </span>
    </p>
   </div>
   <div class='ocr_carea' id='block_1_8' title="bbox 634 811 2143 889">
    <p class='ocr_par' dir='ltr' id='par_1_8' title="bbox 634 811 2143 889">
     <span class='ocr_line' id='line_1_8' title="bbox 634 811 2143 889; baseline -0.005 -16"><span class='ocrx_word' id='word_1_55' title='bbox 634 819 797 873; x_wconf 74' lang='lat' dir='ltr'><strong>Vens.</strong></span> <span class='ocrx_word' id='word_1_56' title='bbox 833 816 925 889; x_wconf 52' lang='lat' dir='ltr'><strong>il,</strong></span> <span class='ocrx_word' id='word_1_57' title='bbox 948 845 1019 855; x_wconf 95' lang='lat'><strong><em>-—</em></strong></span> <span class='ocrx_word' id='word_1_58' title='bbox 1046 813 1128 868; x_wconf 87' lang='lat' dir='ltr'><strong>Ne</strong></span> <span class='ocrx_word' id='word_1_59' title='bbox 1152 813 1298 868; x_wconf 87' lang='lat' dir='ltr'><strong>dicas</strong></span> <span class='ocrx_word' id='word_1_60' title='bbox 1325 828 1342 866; x_wconf 90' lang='lat'><strong>:</strong></span> <span class='ocrx_word' id='word_1_61' title='bbox 1368 811 1508 878; x_wconf 84' lang='lat' dir='ltr'><strong>Quid</strong></span> <span class='ocrx_word' id='word_1_62' title='bbox 1536 822 1688 881; x_wconf 89' lang='lat' dir='ltr'><strong>putas</strong></span> <span class='ocrx_word' id='word_1_63' title='bbox 1716 828 1876 865; x_wconf 90' lang='lat' dir='ltr'><strong>causa</strong></span> <span class='ocrx_word' id='word_1_64' title='bbox 1911 812 2143 884; x_wconf 84' lang='lat' dir='ltr'><strong>estquod</strong></span> 
     </span>
    </p>
   </div>
   <div class='ocr_carea' id='block_1_9' title="bbox 560 903 2142 984">
    <p class='ocr_par' dir='ltr' id='par_1_9' title="bbox 560 903 2142 984">
     <span class='ocr_line' id='line_1_9' title="bbox 560 903 2142 984; baseline -0.004 -18"><span class='ocrx_word' id='word_1_65' title='bbox 560 912 740 984; x_wconf 80' lang='lat' dir='ltr'><strong>priora</strong></span> <span class='ocrx_word' id='word_1_66' title='bbox 769 918 1001 979; x_wconf 87' lang='lat' dir='ltr'><strong>tempora</strong></span> <span class='ocrx_word' id='word_1_67' title='bbox 1028 905 1246 961; x_wconf 84' lang='lat' dir='ltr'><strong>meliora</strong></span> <span class='ocrx_word' id='word_1_68' title='bbox 1269 906 1415 976; x_wconf 79' lang='lat' dir='ltr'><strong>fuere</strong></span> <span class='ocrx_word' id='word_1_69' title='bbox 1432 922 1590 977; x_wconf 88' lang='lat' dir='ltr'><strong>quam</strong></span> <span class='ocrx_word' id='word_1_70' title='bbox 1621 921 1758 959; x_wconf 86' lang='lat' dir='ltr'><strong>nunc</strong></span> <span class='ocrx_word' id='word_1_71' title='bbox 1783 905 1942 958; x_wconf 85' lang='lat' dir='ltr'><strong>sunt?</strong></span> <span class='ocrx_word' id='word_1_72' title='bbox 1965 903 2142 960; x_wconf 89' lang='lat' dir='ltr'><strong>Stulta</strong></span> 
     </span>
    </p>
   </div>
   <div class='ocr_carea' id='block_1_10' title="bbox 558 998 2141 1074">
    <p class='ocr_par' dir='ltr' id='par_1_10' title="bbox 558 998 2141 1074">
     <span class='ocr_line' id='line_1_10' title="bbox 558 998 2141 1074; baseline -0.005 -13"><span class='ocrx_word' id='word_1_73' title='bbox 558 1006 697 1061; x_wconf 80' lang='lat' dir='ltr'><strong>enim</strong></span> <span class='ocrx_word' id='word_1_74' title='bbox 719 1013 793 1058; x_wconf 87' lang='lat' dir='ltr'><strong>est</strong></span> <span class='ocrx_word' id='word_1_75' title='bbox 815 1001 1117 1074; x_wconf 77' lang='lat' dir='ltr'><strong>hujusmodi</strong></span> <span class='ocrx_word' id='word_1_76' title='bbox 1144 1001 1503 1068; x_wconf 76' lang='lat' dir='ltr'><strong>interrogatio.</strong></span> <span class='ocrx_word' id='word_1_77' title='bbox 1528 998 1605 1054; x_wconf 88' lang='lat' dir='ltr'><strong>Ne</strong></span> <span class='ocrx_word' id='word_1_78' title='bbox 1632 1000 1780 1054; x_wconf 90' lang='lat' dir='ltr'><strong>dicas</strong></span> <span class='ocrx_word' id='word_1_79' title='bbox 1802 1012 1930 1069; x_wconf 90' lang='lat' dir='ltr'><strong>ergo</strong></span> <span class='ocrx_word' id='word_1_80' title='bbox 1955 999 2141 1054; x_wconf 84' lang='lat' dir='ltr'><strong>melio-</strong></span> 
     </span>
    </p>
   </div>
   <div class='ocr_carea' id='block_1_11' title="bbox 558 1091 2139 1164">
    <p class='ocr_par' dir='ltr' id='par_1_11' title="bbox 558 1091 2139 1164">
     <span class='ocr_line' id='line_1_11' title="bbox 558 1091 2139 1164; baseline -0.003 -12"><span class='ocrx_word' id='word_1_81' title='bbox 558 1112 647 1152; x_wconf 90' lang='lat' dir='ltr'><strong>res</strong></span> <span class='ocrx_word' id='word_1_82' title='bbox 671 1095 839 1151; x_wconf 86' lang='lat' dir='ltr'><strong>fuisse</strong></span> <span class='ocrx_word' id='word_1_83' title='bbox 863 1094 980 1150; x_wconf 87' lang='lat' dir='ltr'><strong>dies</strong></span> <span class='ocrx_word' id='word_1_84' title='bbox 1007 1094 1106 1149; x_wconf 85' lang='lat' dir='ltr'><strong>sub</strong></span> <span class='ocrx_word' id='word_1_85' title='bbox 1136 1092 1316 1164; x_wconf 85' lang='lat' dir='ltr'><strong>Moyse</strong></span> <span class='ocrx_word' id='word_1_86' title='bbox 1342 1101 1397 1148; x_wconf 91' lang='lat' dir='ltr'><strong>et</strong></span> <span class='ocrx_word' id='word_1_87' title='bbox 1420 1093 1520 1148; x_wconf 90' lang='lat' dir='ltr'><strong>sub</strong></span> <span class='ocrx_word' id='word_1_88' title='bbox 1549 1092 1764 1148; x_wconf 83' lang='lat' dir='ltr'><strong>Christo</strong></span> <span class='ocrx_word' id='word_1_89' title='bbox 1789 1108 1951 1162; x_wconf 91' lang='lat' dir='ltr'><strong>quam</strong></span> <span class='ocrx_word' id='word_1_90' title='bbox 1978 1091 2139 1148; x_wconf 91' lang='lat' dir='ltr'><strong>modo</strong></span> 
     </span>
    </p>
   </div>
   <div class='ocr_carea' id='block_1_12' title="bbox 558 1181 2135 1253">
    <p class='ocr_par' dir='ltr' id='par_1_12' title="bbox 558 1181 2135 1253">
     <span class='ocr_line' id='line_1_12' title="bbox 558 1181 2135 1253; baseline -0.002 -12"><span class='ocrx_word' id='word_1_91' title='bbox 558 1196 706 1242; x_wconf 89' lang='lat' dir='ltr'><strong>sunt.</strong></span> <span class='ocrx_word' id='word_1_92' title='bbox 739 1185 873 1240; x_wconf 91' lang='lat' dir='ltr'><strong>Nam</strong></span> <span class='ocrx_word' id='word_1_93' title='bbox 902 1192 957 1240; x_wconf 88' lang='lat' dir='ltr'><strong>et</strong></span> <span class='ocrx_word' id='word_1_94' title='bbox 987 1183 1080 1240; x_wconf 91' lang='lat' dir='ltr'><strong>illo</strong></span> <span class='ocrx_word' id='word_1_95' title='bbox 1107 1190 1348 1253; x_wconf 90' lang='lat' dir='ltr'><strong>tempore</strong></span> <span class='ocrx_word' id='word_1_96' title='bbox 1375 1181 1557 1252; x_wconf 89' lang='lat' dir='ltr'><strong>plures</strong></span> <span class='ocrx_word' id='word_1_97' title='bbox 1584 1181 1800 1237; x_wconf 90' lang='lat' dir='ltr'><strong>fuerunt</strong></span> <span class='ocrx_word' id='word_1_98' title='bbox 1843 1182 2135 1249; x_wconf 81' lang='lat' dir='ltr'><strong>increduli,</strong></span> 
     </span>
    </p>
   </div>
   <div class='ocr_carea' id='block_1_13' title="bbox 553 1272 2139 1338">
    <p class='ocr_par' dir='ltr' id='par_1_13' title="bbox 553 1272 2139 1338">
     <span class='ocr_line' id='line_1_13' title="bbox 553 1272 2139 1338; baseline -0.002 -6"><span class='ocrx_word' id='word_1_99' title='bbox 553 1286 608 1332; x_wconf 87' lang='lat' dir='ltr'><strong>et</strong></span> <span class='ocrx_word' id='word_1_100' title='bbox 649 1277 767 1332; x_wconf 89' lang='lat' dir='ltr'><strong>dies</strong></span> <span class='ocrx_word' id='word_1_101' title='bbox 793 1292 981 1332; x_wconf 90' lang='lat' dir='ltr'><strong>eorum</strong></span> <span class='ocrx_word' id='word_1_102' title='bbox 1031 1273 1158 1329; x_wconf 90' lang='lat' dir='ltr'><strong>mali</strong></span> <span class='ocrx_word' id='word_1_103' title='bbox 1207 1272 1336 1328; x_wconf 88' lang='lat' dir='ltr'><strong>facti</strong></span> <span class='ocrx_word' id='word_1_104' title='bbox 1376 1281 1532 1338; x_wconf 91' lang='lat' dir='ltr'><strong>sunt;</strong></span> <span class='ocrx_word' id='word_1_105' title='bbox 1583 1281 1636 1328; x_wconf 92' lang='lat' dir='ltr'><strong>et</strong></span> <span class='ocrx_word' id='word_1_106' title='bbox 1665 1289 1809 1328; x_wconf 92' lang='lat' dir='ltr'><strong>nunc</strong></span> <span class='ocrx_word' id='word_1_107' title='bbox 1855 1275 2139 1329; x_wconf 86' lang='lat' dir='ltr'><strong>credentes</strong></span> 
     </span>
    </p>
   </div>
   <div class='ocr_carea' id='block_1_14' title="bbox 552 1363 2138 1438">
    <p class='ocr_par' dir='ltr' id='par_1_14' title="bbox 552 1363 2138 1438">
     <span class='ocr_line' id='line_1_14' title="bbox 552 1363 2138 1438; baseline 0 -15"><span class='ocrx_word' id='word_1_108' title='bbox 552 1369 711 1423; x_wconf 90' lang='lat' dir='ltr'><strong>multi</strong></span> <span class='ocrx_word' id='word_1_109' title='bbox 740 1368 1102 1438; x_wconf 89' lang='lat' dir='ltr'><strong>reperiuntur,</strong></span> <span class='ocrx_word' id='word_1_110' title='bbox 1134 1367 1202 1423; x_wconf 89' lang='lat' dir='ltr'><strong>de</strong></span> <span class='ocrx_word' id='word_1_111' title='bbox 1222 1366 1420 1436; x_wconf 84' lang='lat' dir='ltr'><strong>quibus</strong></span> <span class='ocrx_word' id='word_1_112' title='bbox 1443 1365 1519 1420; x_wconf 87' lang='lat' dir='ltr'><strong>ait</strong></span> <span class='ocrx_word' id='word_1_113' title='bbox 1548 1363 1836 1420; x_wconf 88' lang='lat' dir='ltr'><strong>Salvator:</strong></span> <span class='ocrx_word' id='word_1_114' title='bbox 1861 1365 2138 1423; x_wconf 90' lang='lat' dir='ltr'><strong>Beatiores</strong></span> 
     </span>
    </p>
   </div>
   <div class='ocr_carea' id='block_1_15' title="bbox 551 1459 2134 1532">
    <p class='ocr_par' dir='ltr' id='par_1_15' title="bbox 551 1459 2134 1532">
     <span class='ocr_line' id='line_1_15' title="bbox 551 1459 2134 1532; baseline -0.003 -14"><span class='ocrx_word' id='word_1_115' title='bbox 551 1470 696 1528; x_wconf 91' lang='lat' dir='ltr'><strong>sunt,</strong></span> <span class='ocrx_word' id='word_1_116' title='bbox 729 1462 820 1532; x_wconf 91' lang='lat' dir='ltr'><strong>qui</strong></span> <span class='ocrx_word' id='word_1_117' title='bbox 843 1477 929 1518; x_wconf 90' lang='lat' dir='ltr'><strong>me</strong></span> <span class='ocrx_word' id='word_1_118' title='bbox 950 1477 1057 1517; x_wconf 94' lang='lat' dir='ltr'><strong>non</strong></span> <span class='ocrx_word' id='word_1_119' title='bbox 1086 1460 1358 1524; x_wconf 90' lang='lat' dir='ltr'><strong>viderunt,</strong></span> <span class='ocrx_word' id='word_1_120' title='bbox 1387 1467 1441 1515; x_wconf 92' lang='lat' dir='ltr'><strong>et</strong></span> <span class='ocrx_word' id='word_1_121' title='bbox 1463 1459 1810 1514; x_wconf 88' lang='lat' dir='ltr'><strong>crediderunt</strong></span> <span class='ocrx_word' id='word_1_122' title='bbox 1831 1459 2013 1532; x_wconf 85' lang='lat' dir='ltr'><strong>(Joan.</strong></span> <span class='ocrx_word' id='word_1_123' title='bbox 2040 1476 2134 1526; x_wconf 82' lang='lat' dir='ltr'><strong>xx,</strong></span> 
     </span>
    </p>
   </div>
   <div class='ocr_carea' id='block_1_16' title="bbox 548 1551 2136 1623">
    <p class='ocr_par' dir='ltr' id='par_1_16' title="bbox 548 1551 2136 1623">
     <span class='ocr_line' id='line_1_16' title="bbox 548 1551 2136 1623; baseline -0.001 -17"><span class='ocrx_word' id='word_1_124' title='bbox 548 1551 661 1623; x_wconf 76' lang='lat'><strong>29).</strong></span> <span class='ocrx_word' id='word_1_125' title='bbox 695 1551 902 1606; x_wconf 81' lang='lat' dir='ltr'><strong>Aliter:</strong></span> <span class='ocrx_word' id='word_1_126' title='bbox 939 1551 1105 1606; x_wconf 89' lang='lat' dir='ltr'><strong>debes</strong></span> <span class='ocrx_word' id='word_1_127' title='bbox 1151 1551 1230 1606; x_wconf 90' lang='lat' dir='ltr'><strong>sic</strong></span> <span class='ocrx_word' id='word_1_128' title='bbox 1255 1551 1458 1615; x_wconf 86' lang='lat' dir='ltr'><strong>vivere,</strong></span> <span class='ocrx_word' id='word_1_129' title='bbox 1487 1558 1548 1604; x_wconf 94' lang='lat' dir='ltr'><strong>ut</strong></span> <span class='ocrx_word' id='word_1_130' title='bbox 1586 1563 1799 1620; x_wconf 87' lang='lat' dir='ltr'><strong>semper</strong></span> <span class='ocrx_word' id='word_1_131' title='bbox 1842 1558 2136 1619; x_wconf 86' lang='lat' dir='ltr'><strong>praesentes</strong></span> 
     </span>
    </p>
   </div>
   <div class='ocr_carea' id='block_1_17' title="bbox 549 1641 2136 1712">
    <p class='ocr_par' dir='ltr' id='par_1_17' title="bbox 549 1641 2136 1712">
     <span class='ocr_line' id='line_1_17' title="bbox 549 1641 2136 1712; baseline -0.003 -14"><span class='ocrx_word' id='word_1_132' title='bbox 549 1644 664 1698; x_wconf 86' lang='lat' dir='ltr'><strong>dies</strong></span> <span class='ocrx_word' id='word_1_133' title='bbox 689 1643 941 1697; x_wconf 88' lang='lat' dir='ltr'><strong>meliores</strong></span> <span class='ocrx_word' id='word_1_134' title='bbox 965 1642 1062 1696; x_wconf 90' lang='lat' dir='ltr'><strong>tibi</strong></span> <span class='ocrx_word' id='word_1_135' title='bbox 1107 1641 1216 1696; x_wconf 90' lang='lat' dir='ltr'><strong>sint</strong></span> <span class='ocrx_word' id='word_1_136' title='bbox 1239 1657 1400 1712; x_wconf 90' lang='lat' dir='ltr'><strong>quam</strong></span> <span class='ocrx_word' id='word_1_137' title='bbox 1428 1641 1708 1711; x_wconf 62' lang='lat' dir='ltr'><strong>praeteriti,</strong></span> <span class='ocrx_word' id='word_1_138' title='bbox 1753 1656 1820 1694; x_wconf 91' lang='lat' dir='ltr'><strong>ne</strong></span> <span class='ocrx_word' id='word_1_139' title='bbox 1848 1656 1971 1696; x_wconf 91' lang='lat' dir='ltr'><strong>cum</strong></span> <span class='ocrx_word' id='word_1_140' title='bbox 2004 1656 2136 1710; x_wconf 83' lang='lat' dir='ltr'><strong>pau-</strong></span> 
     </span>
    </p>
   </div>
   <div class='ocr_carea' id='block_1_18' title="bbox 549 1730 2135 1804">
    <p class='ocr_par' dir='ltr' id='par_1_18' title="bbox 549 1730 2135 1804">
     <span class='ocr_line' id='line_1_18' title="bbox 549 1730 2135 1804; baseline 0 -17"><span class='ocrx_word' id='word_1_141' title='bbox 549 1733 699 1788; x_wconf 87' lang='lat' dir='ltr'><strong>latim</strong></span> <span class='ocrx_word' id='word_1_142' title='bbox 746 1735 1059 1790; x_wconf 85' lang='lat' dir='ltr'><strong>decrescere</strong></span> <span class='ocrx_word' id='word_1_143' title='bbox 1099 1733 1345 1804; x_wconf 72' lang='lat' dir='ltr'><strong>coeperis,</strong></span> <span class='ocrx_word' id='word_1_144' title='bbox 1400 1733 1612 1788; x_wconf 84' lang='lat' dir='ltr'><strong>dicatur</strong></span> <span class='ocrx_word' id='word_1_145' title='bbox 1644 1733 1740 1787; x_wconf 93' lang='lat' dir='ltr'><strong>tibi</strong></span> <span class='ocrx_word' id='word_1_146' title='bbox 1785 1747 1800 1786; x_wconf 92' lang='lat'><strong>:</strong></span> <span class='ocrx_word' id='word_1_147' title='bbox 1833 1730 2135 1787; x_wconf 78' lang='lat' dir='ltr'><strong>Currebatis</strong></span> 
     </span>
    </p>
   </div>
   <div class='ocr_carea' id='block_1_19' title="bbox 2245 534 3832 606">
    <p class='ocr_par' dir='ltr' id='par_1_19' title="bbox 2245 534 3832 606">
     <span class='ocr_line' id='line_1_19' title="bbox 2245 534 3832 606; baseline 0.004 -18"><span class='ocrx_word' id='word_1_148' title='bbox 2245 549 2406 598; x_wconf 76' lang='lat' dir='ltr'><strong>mete;</strong></span> <span class='ocrx_word' id='word_1_149' title='bbox 2417 534 2594 603; x_wconf 88' lang='lat' dir='ltr'><strong>justus</strong></span> <span class='ocrx_word' id='word_1_150' title='bbox 2615 535 2746 605; x_wconf 89' lang='lat' dir='ltr'><strong>perit</strong></span> <span class='ocrx_word' id='word_1_151' title='bbox 2773 534 2827 588; x_wconf 92' lang='lat' dir='ltr'><strong>in</strong></span> <span class='ocrx_word' id='word_1_152' title='bbox 2842 534 3054 604; x_wconf 85' lang='lat' dir='ltr'><strong>justitia</strong></span> <span class='ocrx_word' id='word_1_153' title='bbox 3079 551 3198 599; x_wconf 88' lang='lat' dir='ltr'><strong>sua,</strong></span> <span class='ocrx_word' id='word_1_154' title='bbox 3223 545 3270 589; x_wconf 89' lang='lat' dir='ltr'><strong>et</strong></span> <span class='ocrx_word' id='word_1_155' title='bbox 3293 536 3482 606; x_wconf 87' lang='lat' dir='ltr'><strong>impius</strong></span> <span class='ocrx_word' id='word_1_156' title='bbox 3507 536 3674 592; x_wconf 86' lang='lat' dir='ltr'><strong>multo</strong></span> <span class='ocrx_word' id='word_1_157' title='bbox 3709 540 3832 595; x_wconf 72' lang='lat' dir='ltr'><strong>vivit</strong></span> 
     </span>
    </p>
   </div>
   <div class='ocr_carea' id='block_1_20' title="bbox 2244 624 3833 700">
    <p class='ocr_par' dir='ltr' id='par_1_20' title="bbox 2244 624 3833 700">
     <span class='ocr_line' id='line_1_20' title="bbox 2244 624 3833 700; baseline 0 -19"><span class='ocrx_word' id='word_1_158' title='bbox 2244 637 2468 698; x_wconf 86' lang='lat' dir='ltr'><strong>tempore</strong></span> <span class='ocrx_word' id='word_1_159' title='bbox 2496 629 2549 680; x_wconf 89' lang='lat' dir='ltr'><strong>in</strong></span> <span class='ocrx_word' id='word_1_160' title='bbox 2571 626 2775 680; x_wconf 90' lang='lat' dir='ltr'><strong>malitia</strong></span> <span class='ocrx_word' id='word_1_161' title='bbox 2796 643 2914 680; x_wconf 88' lang='lat' dir='ltr'><strong>sua.</strong></span> <span class='ocrx_word' id='word_1_162' title='bbox 2939 624 3053 680; x_wconf 79' lang='lat' dir='ltr'><strong>Hoc</strong></span> <span class='ocrx_word' id='word_1_163' title='bbox 3082 626 3223 681; x_wconf 90' lang='lat' dir='ltr'><strong>idem</strong></span> <span class='ocrx_word' id='word_1_164' title='bbox 3249 635 3306 681; x_wconf 90' lang='lat' dir='ltr'><strong>et</strong></span> <span class='ocrx_word' id='word_1_165' title='bbox 3324 627 3596 696; x_wconf 83' lang='lat' dir='ltr'><strong>Propheta</strong></span> <span class='ocrx_word' id='word_1_166' title='bbox 3617 629 3673 682; x_wconf 91' lang='lat' dir='ltr'><strong>in</strong></span> <span class='ocrx_word' id='word_1_167' title='bbox 3703 645 3833 700; x_wconf 83' lang='lat' dir='ltr'><strong>sep-</strong></span> 
     </span>
    </p>
   </div>
   <div class='ocr_carea' id='block_1_21' title="bbox 2245 719 3834 789">
    <p class='ocr_par' dir='ltr' id='par_1_21' title="bbox 2245 719 3834 789">
     <span class='ocr_line' id='line_1_21' title="bbox 2245 719 3834 789; baseline 0.004 -16"><span class='ocrx_word' id='word_1_168' title='bbox 2245 721 2540 789; x_wconf 90' lang='lat' dir='ltr'><strong>tuagesimo</strong></span> <span class='ocrx_word' id='word_1_169' title='bbox 2560 719 2796 774; x_wconf 90' lang='lat' dir='ltr'><strong>secundo</strong></span> <span class='ocrx_word' id='word_1_170' title='bbox 2815 719 3024 788; x_wconf 88' lang='lat' dir='ltr'><strong>psalmo</strong></span> <span class='ocrx_word' id='word_1_171' title='bbox 3044 719 3359 775; x_wconf 90' lang='lat' dir='ltr'><strong>detestando</strong></span> <span class='ocrx_word' id='word_1_172' title='bbox 3384 721 3614 777; x_wconf 87' lang='lat' dir='ltr'><strong>miratus</strong></span> <span class='ocrx_word' id='word_1_173' title='bbox 3637 731 3742 778; x_wconf 89' lang='lat' dir='ltr'><strong>est.</strong></span> <span class='ocrx_word' id='word_1_174' title='bbox 3767 724 3834 780; x_wconf 84' lang='lat' dir='ltr'><strong>Et</strong></span> 
     </span>
    </p>
   </div>
   <div class='ocr_carea' id='block_1_22' title="bbox 2245 808 3835 885">
    <p class='ocr_par' dir='ltr' id='par_1_22' title="bbox 2245 808 3835 885">
     <span class='ocr_line' id='line_1_22' title="bbox 2245 808 3835 885; baseline 0.003 -20"><span class='ocrx_word' id='word_1_175' title='bbox 2245 810 2496 866; x_wconf 82' lang='lat' dir='ltr'><strong>Habacuc</strong></span> <span class='ocrx_word' id='word_1_176' title='bbox 2540 811 2801 880; x_wconf 89' lang='lat' dir='ltr'><strong>propheta</strong></span> <span class='ocrx_word' id='word_1_177' title='bbox 2838 808 2990 882; x_wconf 80' lang='lat' dir='ltr'><strong>[Ms.,</strong></span> <span class='ocrx_word' id='word_1_178' title='bbox 3023 810 3076 864; x_wconf 88' lang='lat' dir='ltr'><strong>in</strong></span> <span class='ocrx_word' id='word_1_179' title='bbox 3105 811 3385 882; x_wconf 88' lang='lat' dir='ltr'><strong>prophetia</strong></span> <span class='ocrx_word' id='word_1_180' title='bbox 3420 811 3541 885; x_wconf 92' lang='lat' dir='ltr'><strong>sua]</strong></span> <span class='ocrx_word' id='word_1_181' title='bbox 3584 813 3835 884; x_wconf 87' lang='lat' dir='ltr'><strong>deplorat</strong></span> 
     </span>
    </p>
   </div>
   <div class='ocr_carea' id='block_1_23' title="bbox 2244 891 3834 982">
    <p class='ocr_par' dir='ltr' id='par_1_23' title="bbox 2244 891 3834 982">
     <span class='ocr_line' id='line_1_23' title="bbox 2244 891 3834 982; baseline 0.005 -26"><span class='ocrx_word' id='word_1_182' title='bbox 2244 919 2411 974; x_wconf 89' lang='lat' dir='ltr'><strong>quare</strong></span> <span class='ocrx_word' id='word_1_183' title='bbox 2441 903 2589 972; x_wconf 90' lang='lat' dir='ltr'><strong>impii</strong></span> <span class='ocrx_word' id='word_1_184' title='bbox 2621 902 2817 982; x_wconf 77' lang='lat' dir='ltr'><strong>felicia</strong></span> <span class='ocrx_word' id='word_1_185' title='bbox 2862 903 3096 958; x_wconf 89' lang='lat' dir='ltr'><strong>habeant</strong></span> <span class='ocrx_word' id='word_1_186' title='bbox 3146 913 3409 974; x_wconf 89' lang='lat' dir='ltr'><strong>tempora,</strong></span> <span class='ocrx_word' id='word_1_187' title='bbox 3442 913 3496 961; x_wconf 86' lang='lat' dir='ltr'><strong>et</strong></span> <span class='ocrx_word' id='word_1_188' title='bbox 3529 904 3667 974; x_wconf 84' lang='lat' dir='ltr'><strong>justi</strong></span> <span class='ocrx_word' id='word_1_189' title='bbox 3714 891 3834 978; x_wconf 78' lang='lat' dir='ltr'><strong>plu-</strong></span> 
     </span>
    </p>
   </div>
   <div class='ocr_carea' id='block_1_24' title="bbox 2243 993 3836 1069">
    <p class='ocr_par' dir='ltr' id='par_1_24' title="bbox 2243 993 3836 1069">
     <span class='ocr_line' id='line_1_24' title="bbox 2243 993 3836 1069; baseline 0.003 -19"><span class='ocrx_word' id='word_1_190' title='bbox 2243 994 2396 1050; x_wconf 85' lang='lat' dir='ltr'><strong>rimis</strong></span> <span class='ocrx_word' id='word_1_191' title='bbox 2424 1002 2778 1068; x_wconf 85' lang='lat' dir='ltr'><strong>torqueantur</strong></span> <span class='ocrx_word' id='word_1_192' title='bbox 2804 995 3065 1050; x_wconf 86' lang='lat' dir='ltr'><strong>adversis.</strong></span> <span class='ocrx_word' id='word_1_193' title='bbox 3097 993 3250 1066; x_wconf 85' lang='lat' dir='ltr'><strong>[Sed]</strong></span> <span class='ocrx_word' id='word_1_194' title='bbox 3284 995 3380 1050; x_wconf 91' lang='lat' dir='ltr'><strong>Dei</strong></span> <span class='ocrx_word' id='word_1_195' title='bbox 3407 997 3461 1050; x_wconf 90' lang='lat' dir='ltr'><strong>in</strong></span> <span class='ocrx_word' id='word_1_196' title='bbox 3491 998 3709 1054; x_wconf 89' lang='lat' dir='ltr'><strong>occulto</strong></span> <span class='ocrx_word' id='word_1_197' title='bbox 3741 1015 3836 1069; x_wconf 83' lang='lat' dir='ltr'><strong>pa-</strong></span> 
     </span>
    </p>
   </div>
   <div class='ocr_carea' id='block_1_25' title="bbox 2244 1085 3834 1161">
    <p class='ocr_par' dir='ltr' id='par_1_25' title="bbox 2244 1085 3834 1161">
     <span class='ocr_line' id='line_1_25' title="bbox 2244 1085 3834 1161; baseline 0.005 -22"><span class='ocrx_word' id='word_1_198' title='bbox 2244 1085 2430 1139; x_wconf 87' lang='lat' dir='ltr'><strong>tientia</strong></span> <span class='ocrx_word' id='word_1_199' title='bbox 2460 1093 2562 1150; x_wconf 89' lang='lat' dir='ltr'><strong>est,</strong></span> <span class='ocrx_word' id='word_1_200' title='bbox 2591 1085 2840 1142; x_wconf 88' lang='lat' dir='ltr'><strong>tribulari</strong></span> <span class='ocrx_word' id='word_1_201' title='bbox 2863 1102 3006 1141; x_wconf 90' lang='lat' dir='ltr'><strong>nunc</strong></span> <span class='ocrx_word' id='word_1_202' title='bbox 3036 1097 3271 1153; x_wconf 85' lang='lat' dir='ltr'><strong>sanctos,</strong></span> <span class='ocrx_word' id='word_1_203' title='bbox 3302 1095 3361 1142; x_wconf 92' lang='lat' dir='ltr'><strong>ut</strong></span> <span class='ocrx_word' id='word_1_204' title='bbox 3401 1089 3668 1161; x_wconf 89' lang='lat' dir='ltr'><strong>recipiant</strong></span> <span class='ocrx_word' id='word_1_205' title='bbox 3691 1093 3834 1148; x_wconf 89' lang='lat' dir='ltr'><strong>mala</strong></span> 
     </span>
    </p>
   </div>
   <div class='ocr_carea' id='block_1_26' title="bbox 2242 1175 3834 1254">
    <p class='ocr_par' dir='ltr' id='par_1_26' title="bbox 2242 1175 3834 1254">
     <span class='ocr_line' id='line_1_26' title="bbox 2242 1175 3834 1254; baseline 0.007 -24"><span class='ocrx_word' id='word_1_206' title='bbox 2242 1175 2296 1230; x_wconf 94' lang='lat' dir='ltr'><strong>in</strong></span> <span class='ocrx_word' id='word_1_207' title='bbox 2325 1177 2436 1231; x_wconf 91' lang='lat' dir='ltr'><strong>vita</strong></span> <span class='ocrx_word' id='word_1_208' title='bbox 2484 1192 2602 1242; x_wconf 91' lang='lat' dir='ltr'><strong>sua,</strong></span> <span class='ocrx_word' id='word_1_209' title='bbox 2650 1185 2704 1232; x_wconf 90' lang='lat' dir='ltr'><strong>et</strong></span> <span class='ocrx_word' id='word_1_210' title='bbox 2733 1187 3046 1248; x_wconf 89' lang='lat' dir='ltr'><strong>peccatores</strong></span> <span class='ocrx_word' id='word_1_211' title='bbox 3085 1196 3194 1234; x_wconf 90' lang='lat' dir='ltr'><strong>non</strong></span> <span class='ocrx_word' id='word_1_212' title='bbox 3224 1181 3447 1236; x_wconf 87' lang='lat' dir='ltr'><strong>visitare</strong></span> <span class='ocrx_word' id='word_1_213' title='bbox 3488 1199 3590 1254; x_wconf 92' lang='lat' dir='ltr'><strong>pro</strong></span> <span class='ocrx_word' id='word_1_214' title='bbox 3627 1185 3834 1242; x_wconf 88' lang='lat' dir='ltr'><strong>scelere</strong></span> 
     </span>
    </p>
   </div>
   <div class='ocr_carea' id='block_1_27' title="bbox 2245 1267 3833 1342">
    <p class='ocr_par' dir='ltr' id='par_1_27' title="bbox 2245 1267 3833 1342">
     <span class='ocr_line' id='line_1_27' title="bbox 2245 1267 3833 1342; baseline 0.006 -20"><span class='ocrx_word' id='word_1_215' title='bbox 2245 1282 2343 1322; x_wconf 92' lang='lat' dir='ltr'><strong>suo</strong></span> <span class='ocrx_word' id='word_1_216' title='bbox 2367 1267 2420 1321; x_wconf 93' lang='lat' dir='ltr'><strong>in</strong></span> <span class='ocrx_word' id='word_1_217' title='bbox 2450 1267 2555 1323; x_wconf 91' lang='lat' dir='ltr'><strong>hoc</strong></span> <span class='ocrx_word' id='word_1_218' title='bbox 2583 1267 2780 1323; x_wconf 76' lang='lat' dir='ltr'><strong>saeculo</strong></span> <span class='ocrx_word' id='word_1_219' title='bbox 2805 1269 3092 1338; x_wconf 75' lang='lat' dir='ltr'><strong>przesenti;</strong></span> <span class='ocrx_word' id='word_1_220' title='bbox 3120 1278 3182 1324; x_wconf 92' lang='lat' dir='ltr'><strong>ut</strong></span> <span class='ocrx_word' id='word_1_221' title='bbox 3211 1279 3267 1326; x_wconf 90' lang='lat' dir='ltr'><strong>et</strong></span> <span class='ocrx_word' id='word_1_222' title='bbox 3291 1271 3394 1326; x_wconf 92' lang='lat' dir='ltr'><strong>illis</strong></span> <span class='ocrx_word' id='word_1_223' title='bbox 3423 1273 3598 1342; x_wconf 88' lang='lat' dir='ltr'><strong>possit</strong></span> <span class='ocrx_word' id='word_1_224' title='bbox 3629 1283 3833 1332; x_wconf 72' lang='lat' dir='ltr'><strong>aeterna</strong></span> 
     </span>
    </p>
   </div>
   <div class='ocr_carea' id='block_1_28' title="bbox 2240 1361 3831 1441">
    <p class='ocr_par' dir='ltr' id='par_1_28' title="bbox 2240 1361 3831 1441">
     <span class='ocr_line' id='line_1_28' title="bbox 2240 1361 3831 1441; baseline 0.005 -27"><span class='ocrx_word' id='word_1_225' title='bbox 2240 1361 2382 1414; x_wconf 91' lang='lat' dir='ltr'><strong>bona</strong></span> <span class='ocrx_word' id='word_1_226' title='bbox 2411 1361 2717 1425; x_wconf 87' lang='lat' dir='ltr'><strong>restituere,</strong></span> <span class='ocrx_word' id='word_1_227' title='bbox 2745 1369 2802 1417; x_wconf 92' lang='lat' dir='ltr'><strong>et</strong></span> <span class='ocrx_word' id='word_1_228' title='bbox 2847 1362 2934 1416; x_wconf 92' lang='lat' dir='ltr'><strong>his</strong></span> <span class='ocrx_word' id='word_1_229' title='bbox 2963 1361 3103 1417; x_wconf 90' lang='lat' dir='ltr'><strong>mala</strong></span> <span class='ocrx_word' id='word_1_230' title='bbox 3135 1371 3337 1418; x_wconf 65' lang='lat' dir='ltr'><strong>aeterna</strong></span> <span class='ocrx_word' id='word_1_231' title='bbox 3365 1364 3520 1436; x_wconf 79' lang='lat' dir='ltr'><strong>[Ms.,</strong></span> <span class='ocrx_word' id='word_1_232' title='bbox 3546 1368 3831 1441; x_wconf 88' lang='lat' dir='ltr'><strong>perpetua]</strong></span> 
     </span>
    </p>
   </div>
   <div class='ocr_carea' id='block_1_29' title="bbox 2240 1453 3835 1528">
    <p class='ocr_par' dir='ltr' id='par_1_29' title="bbox 2240 1453 3835 1528">
     <span class='ocr_line' id='line_1_29' title="bbox 2240 1453 3835 1528; baseline 0.005 -19"><span class='ocrx_word' id='word_1_233' title='bbox 2240 1453 2461 1520; x_wconf 86' lang='lat' dir='ltr'><strong>inferre,</strong></span> <span class='ocrx_word' id='word_1_234' title='bbox 2493 1455 2634 1509; x_wconf 90' lang='lat' dir='ltr'><strong>sicut</strong></span> <span class='ocrx_word' id='word_1_235' title='bbox 2662 1455 2728 1509; x_wconf 91' lang='lat' dir='ltr'><strong>de</strong></span> <span class='ocrx_word' id='word_1_236' title='bbox 2754 1453 2961 1510; x_wconf 88' lang='lat' dir='ltr'><strong>Lazaro</strong></span> <span class='ocrx_word' id='word_1_237' title='bbox 2983 1463 3039 1511; x_wconf 93' lang='lat' dir='ltr'><strong>et</strong></span> <span class='ocrx_word' id='word_1_238' title='bbox 3059 1457 3125 1511; x_wconf 91' lang='lat' dir='ltr'><strong>de</strong></span> <span class='ocrx_word' id='word_1_239' title='bbox 3152 1457 3318 1512; x_wconf 88' lang='lat' dir='ltr'><strong>divite</strong></span> <span class='ocrx_word' id='word_1_240' title='bbox 3343 1457 3561 1528; x_wconf 84' lang='lat' dir='ltr'><strong>legitur.</strong></span> <span class='ocrx_word' id='word_1_241' title='bbox 3602 1460 3754 1516; x_wconf 90' lang='lat' dir='ltr'><strong>Unde</strong></span> <span class='ocrx_word' id='word_1_242' title='bbox 3782 1472 3835 1517; x_wconf 87' lang='lat' dir='ltr'><strong>et</strong></span> 
     </span>
    </p>
   </div>
   <div class='ocr_carea' id='block_1_30' title="bbox 2239 1543 3830 1622">
    <p class='ocr_par' dir='ltr' id='par_1_30' title="bbox 2239 1543 3830 1622">
     <span class='ocr_line' id='line_1_30' title="bbox 2239 1543 3830 1622; baseline 0.006 -23"><span class='ocrx_word' id='word_1_243' title='bbox 2239 1543 2495 1614; x_wconf 62' lang='lat' dir='ltr'><strong>praefatus</strong></span> <span class='ocrx_word' id='word_1_244' title='bbox 2543 1544 2829 1600; x_wconf 87' lang='lat' dir='ltr'><strong>Psalmista</strong></span> <span class='ocrx_word' id='word_1_245' title='bbox 2872 1546 3168 1616; x_wconf 87' lang='lat' dir='ltr'><strong>respiciens</strong></span> <span class='ocrx_word' id='word_1_246' title='bbox 3195 1547 3356 1603; x_wconf 80' lang='lat' dir='ltr'><strong>finem</strong></span> <span class='ocrx_word' id='word_1_247' title='bbox 3395 1550 3683 1616; x_wconf 90' lang='lat' dir='ltr'><strong>malorum,</strong></span> <span class='ocrx_word' id='word_1_248' title='bbox 3734 1555 3830 1622; x_wconf 91' lang='lat' dir='ltr'><strong>qui</strong></span> 
     </span>
    </p>
   </div>
   <div class='ocr_carea' id='block_1_31' title="bbox 2239 1637 3832 1703">
    <p class='ocr_par' dir='ltr' id='par_1_31' title="bbox 2239 1637 3832 1703">
     <span class='ocr_line' id='line_1_31' title="bbox 2239 1637 3832 1703; baseline 0.005 -12"><span class='ocrx_word' id='word_1_249' title='bbox 2239 1637 2329 1692; x_wconf 90' lang='lat' dir='ltr'><strong>hic</strong></span> <span class='ocrx_word' id='word_1_250' title='bbox 2376 1637 2604 1692; x_wconf 83' lang='lat' dir='ltr'><strong>feliciter</strong></span> <span class='ocrx_word' id='word_1_251' title='bbox 2641 1637 2844 1703; x_wconf 90' lang='lat' dir='ltr'><strong>vivunt,</strong></span> <span class='ocrx_word' id='word_1_252' title='bbox 2879 1639 3203 1695; x_wconf 82' lang='lat' dir='ltr'><strong>exclamavit</strong></span> <span class='ocrx_word' id='word_1_253' title='bbox 3251 1641 3436 1697; x_wconf 89' lang='lat' dir='ltr'><strong>dicens</strong></span> <span class='ocrx_word' id='word_1_254' title='bbox 3487 1661 3498 1696; x_wconf 94' lang='lat'><strong>:</strong></span> <span class='ocrx_word' id='word_1_255' title='bbox 3536 1641 3832 1699; x_wconf 75' lang='lat' dir='ltr'><strong>Existima-</strong></span> 
     </span>
    </p>
   </div>
   <div class='ocr_carea' id='block_1_32' title="bbox 2240 1730 3831 1800">
    <p class='ocr_par' dir='ltr' id='par_1_32' title="bbox 2240 1730 3831 1800">
     <span class='ocr_line' id='line_1_32' title="bbox 2240 1730 3831 1800; baseline 0.002 -17"><span class='ocrx_word' id='word_1_256' title='bbox 2240 1731 2357 1784; x_wconf 92' lang='lat' dir='ltr'><strong>bam</strong></span> <span class='ocrx_word' id='word_1_257' title='bbox 2387 1741 2443 1783; x_wconf 90' lang='lat' dir='ltr'><strong>ut</strong></span> <span class='ocrx_word' id='word_1_258' title='bbox 2489 1745 2848 1800; x_wconf 81' lang='lat' dir='ltr'><strong>cognoscerem</strong></span> <span class='ocrx_word' id='word_1_259' title='bbox 2896 1731 3012 1795; x_wconf 86' lang='lat' dir='ltr'><strong>hoc,</strong></span> <span class='ocrx_word' id='word_1_260' title='bbox 3065 1730 3216 1784; x_wconf 90' lang='lat' dir='ltr'><strong>labor</strong></span> <span class='ocrx_word' id='word_1_261' title='bbox 3253 1739 3327 1785; x_wconf 86' lang='lat' dir='ltr'><strong>est</strong></span> <span class='ocrx_word' id='word_1_262' title='bbox 3385 1741 3630 1797; x_wconf 86' lang='lat' dir='ltr'><strong>anteme,</strong></span> <span class='ocrx_word' id='word_1_263' title='bbox 3663 1733 3831 1787; x_wconf 85' lang='lat' dir='ltr'><strong>donec</strong></span> 
     </span>
    </p>
   </div>
   <div class='ocr_carea' id='block_1_33' title="bbox 549 1807 3900 1897">
    <p class='ocr_par' dir='ltr' id='par_1_33' title="bbox 549 1807 3900 1897">
     <span class='ocr_line' id='line_1_33' title="bbox 549 1807 3900 1897; baseline 0 -19"><span class='ocrx_word' id='word_1_264' title='bbox 549 1824 693 1892; x_wconf 86' lang='lat' dir='ltr'><strong>bene,</strong></span> <span class='ocrx_word' id='word_1_265' title='bbox 715 1827 831 1897; x_wconf 88' lang='lat' dir='ltr'><strong>quis</strong></span> <span class='ocrx_word' id='word_1_266' title='bbox 853 1843 939 1880; x_wconf 85' lang='lat' dir='ltr'><strong>vos</strong></span> <span class='ocrx_word' id='word_1_267' title='bbox 965 1825 1227 1896; x_wconf 84' lang='lat' dir='ltr'><strong>impedivit</strong></span> <span class='ocrx_word' id='word_1_268' title='bbox 1244 1825 1446 1879; x_wconf 83' lang='lat' dir='ltr'><strong>veritati</strong></span> <span class='ocrx_word' id='word_1_269' title='bbox 1462 1841 1564 1878; x_wconf 89' lang='lat' dir='ltr'><strong>non</strong></span> <span class='ocrx_word' id='word_1_270' title='bbox 1578 1824 1784 1878; x_wconf 90' lang='lat' dir='ltr'><strong>obedire</strong></span> <span class='ocrx_word' id='word_1_271' title='bbox 1802 1822 1945 1895; x_wconf 86' lang='lat' dir='ltr'><strong>(Gal.</strong></span> <span class='ocrx_word' id='word_1_272' title='bbox 1966 1840 2020 1890; x_wconf 91' lang='lat' dir='ltr'><strong>v,</strong></span> <span class='ocrx_word' id='word_1_273' title='bbox 2044 1823 2138 1895; x_wconf 91' lang='lat'><strong>7)?</strong></span> <span class='ocrx_word' id='word_1_274' title='bbox 2168 1807 2214 1868; x_wconf 73' lang='grc' dir='ltr'><strong>Β</strong></span> <span class='ocrx_word' id='word_1_275' title='bbox 2241 1821 2429 1875; x_wconf 90' lang='lat' dir='ltr'><strong>intrem</strong></span> <span class='ocrx_word' id='word_1_276' title='bbox 2461 1821 2514 1874; x_wconf 89' lang='lat' dir='ltr'><strong>in</strong></span> <span class='ocrx_word' id='word_1_277' title='bbox 2551 1821 2911 1874; x_wconf 88' lang='lat' dir='ltr'><strong>sanctuarium</strong></span> <span class='ocrx_word' id='word_1_278' title='bbox 2943 1820 3076 1887; x_wconf 91' lang='lat' dir='ltr'><strong>Dei,</strong></span> <span class='ocrx_word' id='word_1_279' title='bbox 3125 1831 3173 1876; x_wconf 89' lang='lat' dir='ltr'><strong>et</strong></span> <span class='ocrx_word' id='word_1_280' title='bbox 3208 1821 3500 1892; x_wconf 78' lang='lat' dir='ltr'><strong>intelligam</strong></span> <span class='ocrx_word' id='word_1_281' title='bbox 3553 1823 3831 1879; x_wconf 77' lang='lat' dir='ltr'><strong>novissima</strong></span> <span class='ocrx_word' id='word_1_282' title='bbox 3853 1825 3900 1888; x_wconf 67' lang='grc' dir='ltr'>λ</span> 
     </span>
    </p>
   </div>
   <div class='ocr_carea' id='block_1_34' title="bbox 619 1916 2136 1990">
    <p class='ocr_par' dir='ltr' id='par_1_34' title="bbox 619 1916 2136 1990">
     <span class='ocr_line' id='line_1_34' title="bbox 619 1916 2136 1990; baseline -0.006 -11"><span class='ocrx_word' id='word_1_283' title='bbox 619 1924 783 1979; x_wconf 74' lang='lat' dir='ltr'><strong>Vens.</strong></span> <span class='ocrx_word' id='word_1_284' title='bbox 815 1922 902 1988; x_wconf 73' lang='lat'><strong>1‘2,</strong></span> <span class='ocrx_word' id='word_1_285' title='bbox 925 1919 1283 1978; x_wconf 77' lang='lat' dir='ltr'><strong>l5.—Utilior</strong></span> <span class='ocrx_word' id='word_1_286' title='bbox 1309 1929 1383 1973; x_wconf 88' lang='lat' dir='ltr'><strong>est</strong></span> <span class='ocrx_word' id='word_1_287' title='bbox 1405 1920 1660 1989; x_wconf 79' lang='lat' dir='ltr'><strong>sapientia</strong></span> <span class='ocrx_word' id='word_1_288' title='bbox 1686 1916 2069 1990; x_wconf 72' lang='lat' dir='ltr'><strong>quam&#39;divitire,</strong></span> <span class='ocrx_word' id='word_1_289' title='bbox 2087 1927 2136 1972; x_wconf 94' lang='lat' dir='ltr'><strong>et</strong></span> 
     </span>
    </p>
   </div>
   <div class='ocr_carea' id='block_1_35' title="bbox 548 2009 2136 2088">
    <p class='ocr_par' dir='ltr' id='par_1_35' title="bbox 548 2009 2136 2088">
     <span class='ocr_line' id='line_1_35' title="bbox 548 2009 2136 2088; baseline -0.007 -17"><span class='ocrx_word' id='word_1_290' title='bbox 548 2017 712 2088; x_wconf 88' lang='lat' dir='ltr'><strong>magis</strong></span> <span class='ocrx_word' id='word_1_291' title='bbox 761 2015 972 2086; x_wconf 80' lang='lat' dir='ltr'><strong>prodest</strong></span> <span class='ocrx_word' id='word_1_292' title='bbox 1025 2011 1314 2068; x_wconf 79' lang='lat' dir='ltr'><strong>videntibus</strong></span> <span class='ocrx_word' id='word_1_293' title='bbox 1343 2009 1524 2065; x_wconf 91' lang='lat' dir='ltr'><strong>solem.</strong></span> <span class='ocrx_word' id='word_1_294' title='bbox 1573 2009 1722 2065; x_wconf 89' lang='lat' dir='ltr'><strong>Sicut</strong></span> <span class='ocrx_word' id='word_1_295' title='bbox 1753 2011 1891 2063; x_wconf 88' lang='lat' dir='ltr'><strong>enim</strong></span> <span class='ocrx_word' id='word_1_296' title='bbox 1915 2009 2136 2080; x_wconf 90' lang='lat' dir='ltr'><strong>protegit</strong></span> 
     </span>
    </p>
   </div>
   <div class='ocr_carea' id='block_1_36' title="bbox 549 2099 2137 2181">
    <p class='ocr_par' dir='ltr' id='par_1_36' title="bbox 549 2099 2137 2181">
     <span class='ocr_line' id='line_1_36' title="bbox 549 2099 2137 2181; baseline -0.006 -17"><span class='ocrx_word' id='word_1_297' title='bbox 549 2110 827 2181; x_wconf 83' lang='lat' dir='ltr'><strong>sapientia,</strong></span> <span class='ocrx_word' id='word_1_298' title='bbox 883 2110 958 2161; x_wconf 84' lang='lat' dir='ltr'><strong>sic</strong></span> <span class='ocrx_word' id='word_1_299' title='bbox 988 2107 1210 2178; x_wconf 83' lang='lat' dir='ltr'><strong>protegit</strong></span> <span class='ocrx_word' id='word_1_300' title='bbox 1259 2105 1504 2176; x_wconf 86' lang='lat' dir='ltr'><strong>pecunia.</strong></span> <span class='ocrx_word' id='word_1_301' title='bbox 1559 2101 1675 2156; x_wconf 89' lang='lat' dir='ltr'><strong>Hoc</strong></span> <span class='ocrx_word' id='word_1_302' title='bbox 1711 2112 1884 2156; x_wconf 90' lang='lat' dir='ltr'><strong>autem</strong></span> <span class='ocrx_word' id='word_1_303' title='bbox 1910 2099 2137 2172; x_wconf 75' lang='lat' dir='ltr'><strong>amplius</strong></span> 
     </span>
    </p>
   </div>
   <div class='ocr_carea' id='block_1_37' title="bbox 549 2195 2138 2270">
    <p class='ocr_par' dir='ltr' id='par_1_37' title="bbox 549 2195 2138 2270">
     <span class='ocr_line' id='line_1_37' title="bbox 549 2195 2138 2270; baseline -0.006 -12"><span class='ocrx_word' id='word_1_304' title='bbox 549 2205 695 2258; x_wconf 76' lang='lat' dir='ltr'><strong>habet</strong></span> <span class='ocrx_word' id='word_1_305' title='bbox 724 2202 950 2257; x_wconf 86' lang='lat' dir='ltr'><strong>eruditio</strong></span> <span class='ocrx_word' id='word_1_306' title='bbox 980 2209 1027 2255; x_wconf 89' lang='lat' dir='ltr'><strong>et</strong></span> <span class='ocrx_word' id='word_1_307' title='bbox 1069 2200 1346 2270; x_wconf 74' lang='lat' dir='ltr'><strong>sapientia,</strong></span> <span class='ocrx_word' id='word_1_308' title='bbox 1371 2197 1510 2270; x_wconf 86' lang='lat' dir='ltr'><strong>quod</strong></span> <span class='ocrx_word' id='word_1_309' title='bbox 1551 2198 1709 2250; x_wconf 85' lang='lat' dir='ltr'><strong>vitam</strong></span> <span class='ocrx_word' id='word_1_310' title='bbox 1748 2195 1981 2248; x_wconf 88' lang='lat' dir='ltr'><strong>tribuunt</strong></span> <span class='ocrx_word' id='word_1_311' title='bbox 2015 2210 2138 2264; x_wconf 87' lang='lat' dir='ltr'><strong>pos-</strong></span> 
     </span>
    </p>
   </div>
   <div class='ocr_carea' id='block_1_38' title="bbox 549 2283 2133 2360">
    <p class='ocr_par' dir='ltr' id='par_1_38' title="bbox 549 2283 2133 2360">
     <span class='ocr_line' id='line_1_38' title="bbox 549 2283 2133 2360; baseline -0.008 -11"><span class='ocrx_word' id='word_1_312' title='bbox 549 2296 733 2351; x_wconf 84' lang='lat' dir='ltr'><strong>sessori</strong></span> <span class='ocrx_word' id='word_1_313' title='bbox 761 2311 876 2347; x_wconf 89' lang='lat' dir='ltr'><strong>suo.</strong></span> <span class='ocrx_word' id='word_1_314' title='bbox 907 2290 1123 2360; x_wconf 72' lang='lat' dir='ltr'><strong>Maioris</strong></span> <span class='ocrx_word' id='word_1_315' title='bbox 1148 2298 1232 2344; x_wconf 83' lang='lat' dir='ltr'><strong>est</strong></span> <span class='ocrx_word' id='word_1_316' title='bbox 1254 2288 1438 2359; x_wconf 66' lang='lat' dir='ltr'><strong>gloriae</strong></span> <span class='ocrx_word' id='word_1_317' title='bbox 1471 2287 1731 2356; x_wconf 90' lang='lat' dir='ltr'><strong>sapientia</strong></span> <span class='ocrx_word' id='word_1_318' title='bbox 1762 2300 1885 2340; x_wconf 89' lang='lat' dir='ltr'><strong>cum</strong></span> <span class='ocrx_word' id='word_1_319' title='bbox 1909 2283 2133 2339; x_wconf 82' lang='lat' dir='ltr'><strong>divitiis.</strong></span> 
     </span>
    </p>
   </div>
   <div class='ocr_carea' id='block_1_39' title="bbox 551 2375 2134 2453">
    <p class='ocr_par' dir='ltr' id='par_1_39' title="bbox 551 2375 2134 2453">
     <span class='ocr_line' id='line_1_39' title="bbox 551 2375 2134 2453; baseline -0.006 -16"><span class='ocrx_word' id='word_1_320' title='bbox 551 2384 654 2438; x_wconf 82' lang='lat' dir='ltr'><strong>Alii</strong></span> <span class='ocrx_word' id='word_1_321' title='bbox 677 2384 820 2438; x_wconf 90' lang='lat' dir='ltr'><strong>enim</strong></span> <span class='ocrx_word' id='word_1_322' title='bbox 841 2382 1104 2453; x_wconf 89' lang='lat' dir='ltr'><strong>sapientia</strong></span> <span class='ocrx_word' id='word_1_323' title='bbox 1121 2380 1379 2451; x_wconf 80' lang='lat' dir='ltr'><strong>indigent,</strong></span> <span class='ocrx_word' id='word_1_324' title='bbox 1401 2378 1490 2432; x_wconf 89' lang='lat' dir='ltr'><strong>alii</strong></span> <span class='ocrx_word' id='word_1_325' title='bbox 1511 2378 1732 2448; x_wconf 91' lang='lat' dir='ltr'><strong>opibus:</strong></span> <span class='ocrx_word' id='word_1_326' title='bbox 1758 2385 1813 2431; x_wconf 94' lang='lat' dir='ltr'><strong>et</strong></span> <span class='ocrx_word' id='word_1_327' title='bbox 1830 2375 2134 2440; x_wconf 90' lang='lat' dir='ltr'><strong>meliorest,</strong></span> 
     </span>
    </p>
   </div>
   <div class='ocr_carea' id='block_1_40' title="bbox 551 2465 2138 2546">
    <p class='ocr_par' dir='ltr' id='par_1_40' title="bbox 551 2465 2138 2546">
     <span class='ocr_line' id='line_1_40' title="bbox 551 2465 2138 2546; baseline -0.006 -15"><span class='ocrx_word' id='word_1_328' title='bbox 551 2477 644 2546; x_wconf 89' lang='lat' dir='ltr'><strong>qui</strong></span> <span class='ocrx_word' id='word_1_329' title='bbox 668 2482 958 2544; x_wconf 87' lang='lat' dir='ltr'><strong>utrumque</strong></span> <span class='ocrx_word' id='word_1_330' title='bbox 981 2480 1453 2545; x_wconf 86' lang='lat' dir='ltr'><strong>praestatutroque</strong></span> <span class='ocrx_word' id='word_1_331' title='bbox 1485 2467 1765 2539; x_wconf 82' lang='lat' dir='ltr'><strong>indigenti.</strong></span> <span class='ocrx_word' id='word_1_332' title='bbox 1796 2465 1898 2533; x_wconf 86' lang='lat' dir='ltr'><strong>Qui</strong></span> <span class='ocrx_word' id='word_1_333' title='bbox 1921 2467 2138 2535; x_wconf 87' lang='lat' dir='ltr'><strong>sapiens</strong></span> 
     </span>
    </p>
   </div>
   <div class='ocr_carea' id='block_1_41' title="bbox 547 2557 2137 2636">
    <p class='ocr_par' dir='ltr' id='par_1_41' title="bbox 547 2557 2137 2636">
     <span class='ocr_line' id='line_1_41' title="bbox 547 2557 2137 2636; baseline -0.008 -13"><span class='ocrx_word' id='word_1_334' title='bbox 547 2576 646 2630; x_wconf 92' lang='lat' dir='ltr'><strong>est,</strong></span> <span class='ocrx_word' id='word_1_335' title='bbox 674 2575 729 2622; x_wconf 90' lang='lat' dir='ltr'><strong>et</strong></span> <span class='ocrx_word' id='word_1_336' title='bbox 753 2584 860 2622; x_wconf 93' lang='lat' dir='ltr'><strong>non</strong></span> <span class='ocrx_word' id='word_1_337' title='bbox 881 2567 1051 2632; x_wconf 89' lang='lat' dir='ltr'><strong>dives,</strong></span> <span class='ocrx_word' id='word_1_338' title='bbox 1080 2573 1258 2636; x_wconf 87' lang='lat' dir='ltr'><strong>potest</strong></span> <span class='ocrx_word' id='word_1_339' title='bbox 1294 2563 1511 2633; x_wconf 91' lang='lat' dir='ltr'><strong>quidem</strong></span> <span class='ocrx_word' id='word_1_340' title='bbox 1542 2562 1736 2616; x_wconf 87' lang='lat' dir='ltr'><strong>docere</strong></span> <span class='ocrx_word' id='word_1_341' title='bbox 1756 2558 1900 2630; x_wconf 90' lang='lat' dir='ltr'><strong>quod</strong></span> <span class='ocrx_word' id='word_1_342' title='bbox 1933 2557 2137 2613; x_wconf 89' lang='lat' dir='ltr'><strong>bonum</strong></span> 
     </span>
    </p>
   </div>
   <div class='ocr_carea' id='block_1_42' title="bbox 548 2653 2132 2729">
    <p class='ocr_par' dir='ltr' id='par_1_42' title="bbox 548 2653 2132 2729">
     <span class='ocr_line' id='line_1_42' title="bbox 548 2653 2132 2729; baseline -0.007 -13"><span class='ocrx_word' id='word_1_343' title='bbox 548 2669 654 2728; x_wconf 90' lang='lat' dir='ltr'><strong>est,</strong></span> <span class='ocrx_word' id='word_1_344' title='bbox 675 2662 769 2717; x_wconf 89' lang='lat' dir='ltr'><strong>sed</strong></span> <span class='ocrx_word' id='word_1_345' title='bbox 791 2661 1063 2716; x_wconf 88' lang='lat' dir='ltr'><strong>interdum</strong></span> <span class='ocrx_word' id='word_1_346' title='bbox 1083 2676 1191 2714; x_wconf 91' lang='lat' dir='ltr'><strong>non</strong></span> <span class='ocrx_word' id='word_1_347' title='bbox 1213 2665 1393 2729; x_wconf 89' lang='lat' dir='ltr'><strong>potest</strong></span> <span class='ocrx_word' id='word_1_348' title='bbox 1420 2663 1703 2726; x_wconf 66' lang='lat' dir='ltr'><strong>praestare,</strong></span> <span class='ocrx_word' id='word_1_349' title='bbox 1737 2653 1882 2724; x_wconf 91' lang='lat' dir='ltr'><strong>quod</strong></span> <span class='ocrx_word' id='word_1_350' title='bbox 1901 2653 2132 2724; x_wconf 89' lang='lat' dir='ltr'><strong>petitur;</strong></span> 
     </span>
    </p>
   </div>
   <div class='ocr_carea' id='block_1_43' title="bbox 547 2745 2140 2824">
    <p class='ocr_par' dir='ltr' id='par_1_43' title="bbox 547 2745 2140 2824">
     <span class='ocr_line' id='line_1_43' title="bbox 547 2745 2140 2824; baseline -0.008 -13"><span class='ocrx_word' id='word_1_351' title='bbox 547 2753 672 2810; x_wconf 88' lang='lat' dir='ltr'><strong>ideo</strong></span> <span class='ocrx_word' id='word_1_352' title='bbox 697 2754 774 2808; x_wconf 90' lang='lat' dir='ltr'><strong>ait</strong></span> <span class='ocrx_word' id='word_1_353' title='bbox 802 2770 816 2808; x_wconf 92' lang='lat'><strong>:</strong></span> <span class='ocrx_word' id='word_1_354' title='bbox 863 2753 1135 2824; x_wconf 90' lang='lat' dir='ltr'><strong>quomodo</strong></span> <span class='ocrx_word' id='word_1_355' title='bbox 1168 2751 1405 2822; x_wconf 78' lang='lat' dir='ltr'><strong>protegit</strong></span> <span class='ocrx_word' id='word_1_356' title='bbox 1437 2749 1736 2820; x_wconf 89' lang='lat' dir='ltr'><strong>sapientia,</strong></span> <span class='ocrx_word' id='word_1_357' title='bbox 1792 2747 1867 2801; x_wconf 87' lang='lat' dir='ltr'><strong>ita</strong></span> <span class='ocrx_word' id='word_1_358' title='bbox 1903 2745 2140 2816; x_wconf 86' lang='lat' dir='ltr'><strong>protegit</strong></span> 
     </span>
    </p>
   </div>
   <div class='ocr_carea' id='block_1_44' title="bbox 548 2837 2138 2914">
    <p class='ocr_par' dir='ltr' id='par_1_44' title="bbox 548 2837 2138 2914">
     <span class='ocr_line' id='line_1_44' title="bbox 548 2837 2138 2914; baseline -0.004 -15"><span class='ocrx_word' id='word_1_359' title='bbox 548 2853 606 2899; x_wconf 92' lang='lat' dir='ltr'><strong>et</strong></span> <span class='ocrx_word' id='word_1_360' title='bbox 648 2843 880 2914; x_wconf 88' lang='lat' dir='ltr'><strong>pecunia</strong></span> <span class='ocrx_word' id='word_1_361' title='bbox 917 2862 930 2896; x_wconf 91' lang='lat'><strong>:</strong></span> <span class='ocrx_word' id='word_1_362' title='bbox 977 2843 1070 2898; x_wconf 90' lang='lat' dir='ltr'><strong>sed</strong></span> <span class='ocrx_word' id='word_1_363' title='bbox 1111 2843 1167 2896; x_wconf 92' lang='lat' dir='ltr'><strong>in</strong></span> <span class='ocrx_word' id='word_1_364' title='bbox 1207 2858 1272 2897; x_wconf 91' lang='lat' dir='ltr'><strong>eo</strong></span> <span class='ocrx_word' id='word_1_365' title='bbox 1312 2842 1489 2911; x_wconf 84' lang='lat' dir='ltr'><strong>major</strong></span> <span class='ocrx_word' id='word_1_366' title='bbox 1517 2848 1600 2896; x_wconf 90' lang='lat' dir='ltr'><strong>est</strong></span> <span class='ocrx_word' id='word_1_367' title='bbox 1628 2839 1890 2910; x_wconf 90' lang='lat' dir='ltr'><strong>sapientia</strong></span> <span class='ocrx_word' id='word_1_368' title='bbox 1937 2837 2138 2893; x_wconf 88' lang='lat' dir='ltr'><strong>divitiis</strong></span> 
     </span>
    </p>
   </div>
   <div class='ocr_carea' id='block_1_45' title="bbox 547 2931 2139 3007">
    <p class='ocr_par' dir='ltr' id='par_1_45' title="bbox 547 2931 2139 3007">
     <span class='ocr_line' id='line_1_45' title="bbox 547 2931 2139 3007; baseline -0.002 -17"><span class='ocrx_word' id='word_1_369' title='bbox 547 2937 693 3007; x_wconf 90' lang='lat' dir='ltr'><strong>quod</strong></span> <span class='ocrx_word' id='word_1_370' title='bbox 719 2937 923 3006; x_wconf 86' lang='lat' dir='ltr'><strong>absque</strong></span> <span class='ocrx_word' id='word_1_371' title='bbox 962 2935 1086 2991; x_wconf 91' lang='lat' dir='ltr'><strong>ullis</strong></span> <span class='ocrx_word' id='word_1_372' title='bbox 1114 2936 1306 3005; x_wconf 89' lang='lat' dir='ltr'><strong>opibus</strong></span> <span class='ocrx_word' id='word_1_373' title='bbox 1349 2934 1512 3004; x_wconf 88' lang='lat' dir='ltr'><strong>hujus</strong></span> <span class='ocrx_word' id='word_1_374' title='bbox 1545 2933 1727 2990; x_wconf 64' lang='lat' dir='ltr'><strong>saeculi</strong></span> <span class='ocrx_word' id='word_1_375' title='bbox 1749 2933 1917 2987; x_wconf 89' lang='lat' dir='ltr'><strong>vitam</strong></span> <span class='ocrx_word' id='word_1_376' title='bbox 1946 2931 2139 2988; x_wconf 91' lang='lat' dir='ltr'><strong>tribuit</strong></span> 
     </span>
    </p>
   </div>
   <div class='ocr_carea' id='block_1_46' title="bbox 546 3023 2140 3094">
    <p class='ocr_par' dir='ltr' id='par_1_46' title="bbox 546 3023 2140 3094">
     <span class='ocr_line' id='line_1_46' title="bbox 546 3023 2140 3094; baseline -0.004 -10"><span class='ocrx_word' id='word_1_377' title='bbox 546 3027 766 3084; x_wconf 85' lang='lat' dir='ltr'><strong>habenti</strong></span> <span class='ocrx_word' id='word_1_378' title='bbox 817 3042 957 3082; x_wconf 91' lang='lat' dir='ltr'><strong>eam.</strong></span> <span class='ocrx_word' id='word_1_379' title='bbox 1022 3026 1315 3082; x_wconf 90' lang='lat' dir='ltr'><strong>Sciendum</strong></span> <span class='ocrx_word' id='word_1_380' title='bbox 1369 3033 1453 3080; x_wconf 89' lang='lat' dir='ltr'><strong>est</strong></span> <span class='ocrx_word' id='word_1_381' title='bbox 1490 3034 1670 3080; x_wconf 91' lang='lat' dir='ltr'><strong>tamen</strong></span> <span class='ocrx_word' id='word_1_382' title='bbox 1721 3024 1865 3094; x_wconf 92' lang='lat' dir='ltr'><strong>quod</strong></span> <span class='ocrx_word' id='word_1_383' title='bbox 1920 3023 2024 3078; x_wconf 91' lang='lat' dir='ltr'><strong>hoc</strong></span> <span class='ocrx_word' id='word_1_384' title='bbox 2071 3023 2140 3078; x_wconf 92' lang='lat' dir='ltr'><strong>de</strong></span> 
     </span>
    </p>
   </div>
   <div class='ocr_carea' id='block_1_47' title="bbox 549 3117 2133 3189">
    <p class='ocr_par' dir='ltr' id='par_1_47' title="bbox 549 3117 2133 3189">
     <span class='ocr_line' id='line_1_47' title="bbox 549 3117 2133 3189; baseline -0.003 -15"><span class='ocrx_word' id='word_1_385' title='bbox 549 3135 674 3176; x_wconf 88' lang='lat' dir='ltr'><strong>vera</strong></span> <span class='ocrx_word' id='word_1_386' title='bbox 697 3120 895 3174; x_wconf 88' lang='lat' dir='ltr'><strong>dicitur</strong></span> <span class='ocrx_word' id='word_1_387' title='bbox 923 3119 1212 3189; x_wconf 89' lang='lat' dir='ltr'><strong>sapientia,</strong></span> <span class='ocrx_word' id='word_1_388' title='bbox 1239 3133 1358 3188; x_wconf 78' lang='lat' dir='ltr'><strong>quae</strong></span> <span class='ocrx_word' id='word_1_389' title='bbox 1379 3117 1447 3172; x_wconf 92' lang='lat' dir='ltr'><strong>ad</strong></span> <span class='ocrx_word' id='word_1_390' title='bbox 1466 3118 1634 3172; x_wconf 87' lang='lat' dir='ltr'><strong>vitam</strong></span> <span class='ocrx_word' id='word_1_391' title='bbox 1659 3117 1830 3172; x_wconf 90' lang='lat' dir='ltr'><strong>tendit</strong></span> <span class='ocrx_word' id='word_1_392' title='bbox 1853 3124 2133 3182; x_wconf 70' lang='lat' dir='ltr'><strong>aeternam,</strong></span> 
     </span>
    </p>
   </div>
   <div class='ocr_carea' id='block_1_48' title="bbox 547 3205 2132 3279">
    <p class='ocr_par' dir='ltr' id='par_1_48' title="bbox 547 3205 2132 3279">
     <span class='ocr_line' id='line_1_48' title="bbox 547 3205 2132 3279; baseline -0.004 -14"><span class='ocrx_word' id='word_1_393' title='bbox 547 3218 602 3265; x_wconf 90' lang='lat' dir='ltr'><strong>et</strong></span> <span class='ocrx_word' id='word_1_394' title='bbox 629 3211 846 3266; x_wconf 89' lang='lat' dir='ltr'><strong>deducit</strong></span> <span class='ocrx_word' id='word_1_395' title='bbox 870 3213 938 3265; x_wconf 91' lang='lat' dir='ltr'><strong>ad</strong></span> <span class='ocrx_word' id='word_1_396' title='bbox 963 3210 1132 3266; x_wconf 87' lang='lat' dir='ltr'><strong>solem</strong></span> <span class='ocrx_word' id='word_1_397' title='bbox 1148 3209 1375 3279; x_wconf 65' lang='lat' dir='ltr'><strong>justitite</strong></span> <span class='ocrx_word' id='word_1_398' title='bbox 1393 3217 1709 3278; x_wconf 89' lang='lat' dir='ltr'><strong>sequentem</strong></span> <span class='ocrx_word' id='word_1_399' title='bbox 1730 3222 1808 3263; x_wconf 93' lang='lat' dir='ltr'><strong>se.</strong></span> <span class='ocrx_word' id='word_1_400' title='bbox 1841 3207 1996 3263; x_wconf 89' lang='lat' dir='ltr'><strong>Unde</strong></span> <span class='ocrx_word' id='word_1_401' title='bbox 2017 3205 2094 3260; x_wconf 87' lang='lat' dir='ltr'><strong>ait</strong></span> <span class='ocrx_word' id='word_1_402' title='bbox 2119 3223 2132 3259; x_wconf 93' lang='lat'><strong>:</strong></span> 
     </span>
    </p>
   </div>
   <div class='ocr_carea' id='block_1_49' title="bbox 559 3299 2140 3373">
    <p class='ocr_par' dir='ltr' id='par_1_49' title="bbox 559 3299 2140 3373">
     <span class='ocr_line' id='line_1_49' title="bbox 559 3299 2140 3373; baseline 0 -18"><span class='ocrx_word' id='word_1_403' title='bbox 559 3300 866 3357; x_wconf 82' lang='lat' dir='ltr'><strong>Videntibus</strong></span> <span class='ocrx_word' id='word_1_404' title='bbox 895 3303 1076 3369; x_wconf 88' lang='lat' dir='ltr'><strong>solem,</strong></span> <span class='ocrx_word' id='word_1_405' title='bbox 1124 3304 1180 3358; x_wconf 88' lang='lat' dir='ltr'><strong>id</strong></span> <span class='ocrx_word' id='word_1_406' title='bbox 1215 3311 1320 3369; x_wconf 91' lang='lat' dir='ltr'><strong>est,</strong></span> <span class='ocrx_word' id='word_1_407' title='bbox 1368 3301 1790 3373; x_wconf 89' lang='lat' dir='ltr'><strong>intelligentibus</strong></span> <span class='ocrx_word' id='word_1_408' title='bbox 1809 3301 1904 3372; x_wconf 91' lang='lat' dir='ltr'><strong>qui</strong></span> <span class='ocrx_word' id='word_1_409' title='bbox 1949 3301 2021 3357; x_wconf 91' lang='lat' dir='ltr'><strong>sit</strong></span> <span class='ocrx_word' id='word_1_410' title='bbox 2058 3299 2140 3356; x_wconf 85' lang='lat' dir='ltr'><strong>sol</strong></span> 
     </span>
    </p>
   </div>
   <div class='ocr_carea' id='block_1_50' title="bbox 547 3385 2012 3468">
    <p class='ocr_par' dir='ltr' id='par_1_50' title="bbox 547 3385 2012 3468">
     <span class='ocr_line' id='line_1_50' title="bbox 547 3385 2012 3468; baseline 0 -18"><span class='ocrx_word' id='word_1_411' title='bbox 547 3393 796 3466; x_wconf 75' lang='lat' dir='ltr'><strong>justilize,</strong></span> <span class='ocrx_word' id='word_1_412' title='bbox 827 3385 884 3451; x_wconf 83' lang='grc' dir='ltr'><strong>εἰ</strong></span> <span class='ocrx_word' id='word_1_413' title='bbox 923 3397 1190 3466; x_wconf 87' lang='lat' dir='ltr'><strong>quomodo</strong></span> <span class='ocrx_word' id='word_1_414' title='bbox 1223 3396 1649 3468; x_wconf 88' lang='lat' dir='ltr'><strong>perveniendum</strong></span> <span class='ocrx_word' id='word_1_415' title='bbox 1678 3397 1750 3451; x_wconf 91' lang='lat' dir='ltr'><strong>sit</strong></span> <span class='ocrx_word' id='word_1_416' title='bbox 1774 3395 1843 3450; x_wconf 89' lang='lat' dir='ltr'><strong>ad</strong></span> <span class='ocrx_word' id='word_1_417' title='bbox 1867 3411 2012 3451; x_wconf 91' lang='lat' dir='ltr'><strong>eum.</strong></span> 
     </span>
    </p>
   </div>
   <div class='ocr_carea' id='block_1_51' title="bbox 619 3488 2141 3561">
    <p class='ocr_par' dir='ltr' id='par_1_51' title="bbox 619 3488 2141 3561">
     <span class='ocr_line' id='line_1_51' title="bbox 619 3488 2141 3561; baseline -0.003 -14"><span class='ocrx_word' id='word_1_418' title='bbox 619 3491 783 3547; x_wconf 70' lang='lat' dir='ltr'><strong>Vens.</strong></span> <span class='ocrx_word' id='word_1_419' title='bbox 814 3489 901 3544; x_wconf 71' lang='grc'><strong>14.</strong></span> <span class='ocrx_word' id='word_1_420' title='bbox 924 3519 996 3530; x_wconf 93' lang='lat'><strong>-—</strong></span> <span class='ocrx_word' id='word_1_421' title='bbox 1022 3490 1310 3545; x_wconf 84' lang='lat' dir='ltr'><strong>Considera</strong></span> <span class='ocrx_word' id='word_1_422' title='bbox 1339 3507 1496 3561; x_wconf 88' lang='lat' dir='ltr'><strong>opera</strong></span> <span class='ocrx_word' id='word_1_423' title='bbox 1519 3489 1640 3556; x_wconf 90' lang='lat' dir='ltr'><strong>Dei,</strong></span> <span class='ocrx_word' id='word_1_424' title='bbox 1672 3488 1812 3560; x_wconf 90' lang='lat' dir='ltr'><strong>quod</strong></span> <span class='ocrx_word' id='word_1_425' title='bbox 1852 3505 2002 3542; x_wconf 89' lang='lat' dir='ltr'><strong>nemo</strong></span> <span class='ocrx_word' id='word_1_426' title='bbox 2021 3505 2141 3559; x_wconf 86' lang='lat' dir='ltr'><strong>pos-</strong></span> 
     </span>
    </p>
   </div>
   <div class='ocr_carea' id='block_1_52' title="bbox 549 3583 2140 3660">
    <p class='ocr_par' dir='ltr' id='par_1_52' title="bbox 549 3583 2140 3660">
     <span class='ocr_line' id='line_1_52' title="bbox 549 3583 2140 3660; baseline -0.004 -17"><span class='ocrx_word' id='word_1_427' title='bbox 549 3590 618 3643; x_wconf 85' lang='lat' dir='ltr'><strong>sit</strong></span> <span class='ocrx_word' id='word_1_428' title='bbox 645 3589 904 3660; x_wconf 85' lang='lat' dir='ltr'><strong>corrigere</strong></span> <span class='ocrx_word' id='word_1_429' title='bbox 919 3605 1071 3659; x_wconf 87' lang='lat' dir='ltr'><strong>quem</strong></span> <span class='ocrx_word' id='word_1_430' title='bbox 1094 3586 1184 3641; x_wconf 91' lang='lat' dir='ltr'><strong>ille</strong></span> <span class='ocrx_word' id='word_1_431' title='bbox 1204 3587 1512 3658; x_wconf 73' lang='lat' dir='ltr'><strong>despexerit.</strong></span> <span class='ocrx_word' id='word_1_432' title='bbox 1536 3585 1594 3639; x_wconf 86' lang='lat' dir='ltr'><strong>In</strong></span> <span class='ocrx_word' id='word_1_433' title='bbox 1617 3586 1722 3640; x_wconf 93' lang='lat' dir='ltr'><strong>hoc</strong></span> <span class='ocrx_word' id='word_1_434' title='bbox 1736 3583 2003 3640; x_wconf 91' lang='lat' dir='ltr'><strong>versiculo</strong></span> <span class='ocrx_word' id='word_1_435' title='bbox 2013 3597 2140 3652; x_wconf 86' lang='lat' dir='ltr'><strong>per-</strong></span> 
     </span>
    </p>
   </div>
   <div class='ocr_carea' id='block_1_53' title="bbox 551 3676 2141 3752">
    <p class='ocr_par' dir='ltr' id='par_1_53' title="bbox 551 3676 2141 3752">
     <span class='ocr_line' id='line_1_53' title="bbox 551 3676 2141 3752; baseline -0.004 -16"><span class='ocrx_word' id='word_1_436' title='bbox 551 3681 738 3752; x_wconf 88' lang='lat' dir='ltr'><strong>spicue</strong></span> <span class='ocrx_word' id='word_1_437' title='bbox 773 3681 840 3734; x_wconf 92' lang='lat' dir='ltr'><strong>ad</strong></span> <span class='ocrx_word' id='word_1_438' title='bbox 880 3680 1120 3734; x_wconf 90' lang='lat' dir='ltr'><strong>studium</strong></span> <span class='ocrx_word' id='word_1_439' title='bbox 1167 3694 1266 3733; x_wconf 90' lang='lat' dir='ltr'><strong>nos</strong></span> <span class='ocrx_word' id='word_1_440' title='bbox 1293 3678 1542 3733; x_wconf 89' lang='lat' dir='ltr'><strong>hortatur</strong></span> <span class='ocrx_word' id='word_1_441' title='bbox 1576 3677 1853 3748; x_wconf 65' lang='lat' dir='ltr'><strong>sapientiae</strong></span> <span class='ocrx_word' id='word_1_442' title='bbox 1882 3683 1936 3730; x_wconf 91' lang='lat' dir='ltr'><strong>et</strong></span> <span class='ocrx_word' id='word_1_443' title='bbox 1967 3676 2141 3730; x_wconf 73' lang='lat' dir='ltr'><strong>scien-</strong></span> 
     </span>
    </p>
   </div>
   <div class='ocr_carea' id='block_1_54' title="bbox 551 3769 2143 3840">
    <p class='ocr_par' dir='ltr' id='par_1_54' title="bbox 551 3769 2143 3840">
     <span class='ocr_line' id='line_1_54' title="bbox 551 3769 2143 3840; baseline -0.004 -13"><span class='ocrx_word' id='word_1_444' title='bbox 551 3772 672 3836; x_wconf 63' lang='lat' dir='ltr'><strong>tiae;</strong></span> <span class='ocrx_word' id='word_1_445' title='bbox 720 3779 780 3825; x_wconf 93' lang='lat' dir='ltr'><strong>ut</strong></span> <span class='ocrx_word' id='word_1_446' title='bbox 824 3771 1232 3826; x_wconf 88' lang='lat' dir='ltr'><strong>consideremus</strong></span> <span class='ocrx_word' id='word_1_447' title='bbox 1280 3783 1444 3838; x_wconf 90' lang='lat' dir='ltr'><strong>opera</strong></span> <span class='ocrx_word' id='word_1_448' title='bbox 1487 3769 1602 3835; x_wconf 90' lang='lat' dir='ltr'><strong>Dei,</strong></span> <span class='ocrx_word' id='word_1_449' title='bbox 1637 3783 1798 3840; x_wconf 92' lang='lat' dir='ltr'><strong>quam</strong></span> <span class='ocrx_word' id='word_1_450' title='bbox 1843 3776 2040 3839; x_wconf 87' lang='lat' dir='ltr'><strong>magna</strong></span> <span class='ocrx_word' id='word_1_451' title='bbox 2086 3772 2143 3821; x_wconf 91' lang='lat' dir='ltr'><strong>et</strong></span> 
     </span>
    </p>
   </div>
   <div class='ocr_carea' id='block_1_55' title="bbox 553 3858 2141 3934">
    <p class='ocr_par' dir='ltr' id='par_1_55' title="bbox 553 3858 2141 3934">
     <span class='ocr_line' id='line_1_55' title="bbox 553 3858 2141 3934; baseline -0.003 -17"><span class='ocrx_word' id='word_1_452' title='bbox 553 3878 718 3934; x_wconf 90' lang='lat' dir='ltr'><strong>quam</strong></span> <span class='ocrx_word' id='word_1_453' title='bbox 753 3861 1020 3917; x_wconf 88' lang='lat' dir='ltr'><strong>mirabilia</strong></span> <span class='ocrx_word' id='word_1_454' title='bbox 1049 3862 1177 3926; x_wconf 90' lang='lat' dir='ltr'><strong>sint,</strong></span> <span class='ocrx_word' id='word_1_455' title='bbox 1206 3869 1261 3916; x_wconf 90' lang='lat' dir='ltr'><strong>et</strong></span> <span class='ocrx_word' id='word_1_456' title='bbox 1282 3861 1550 3932; x_wconf 90' lang='lat' dir='ltr'><strong>quomodo</strong></span> <span class='ocrx_word' id='word_1_457' title='bbox 1578 3860 1742 3914; x_wconf 90' lang='lat' dir='ltr'><strong>alium</strong></span> <span class='ocrx_word' id='word_1_458' title='bbox 1773 3859 2007 3930; x_wconf 90' lang='lat' dir='ltr'><strong>gratuita</strong></span> <span class='ocrx_word' id='word_1_459' title='bbox 2027 3858 2141 3928; x_wconf 89' lang='lat' dir='ltr'><strong>pie—</strong></span> 
     </span>
    </p>
   </div>
   <div class='ocr_carea' id='block_1_56' title="bbox 553 3951 2142 4025">
    <p class='ocr_par' dir='ltr' id='par_1_56' title="bbox 553 3951 2142 4025">
     <span class='ocr_line' id='line_1_56' title="bbox 553 3951 2142 4025; baseline -0.002 -16"><span class='ocrx_word' id='word_1_460' title='bbox 553 3961 666 4009; x_wconf 88' lang='lat' dir='ltr'><strong>tate</strong></span> <span class='ocrx_word' id='word_1_461' title='bbox 695 3954 935 4025; x_wconf 88' lang='lat' dir='ltr'><strong>elegerit,</strong></span> <span class='ocrx_word' id='word_1_462' title='bbox 971 3953 1136 4007; x_wconf 92' lang='lat' dir='ltr'><strong>alium</strong></span> <span class='ocrx_word' id='word_1_463' title='bbox 1156 3952 1305 4022; x_wconf 88' lang='lat' dir='ltr'><strong>justo</strong></span> <span class='ocrx_word' id='word_1_464' title='bbox 1322 3953 1527 4024; x_wconf 91' lang='lat' dir='ltr'><strong>judicio</strong></span> <span class='ocrx_word' id='word_1_465' title='bbox 1555 3953 1881 4023; x_wconf 84' lang='lat' dir='ltr'><strong>despexerit,</strong></span> <span class='ocrx_word' id='word_1_466' title='bbox 1915 3953 2055 4006; x_wconf 90' lang='lat' dir='ltr'><strong>sicut</strong></span> <span class='ocrx_word' id='word_1_467' title='bbox 2074 3951 2142 4006; x_wconf 90' lang='lat' dir='ltr'><strong>de</strong></span> 
     </span>
    </p>
   </div>
   <div class='ocr_carea' id='block_1_57' title="bbox 552 4042 2140 4109">
    <p class='ocr_par' dir='ltr' id='par_1_57' title="bbox 552 4042 2140 4109">
     <span class='ocr_line' id='line_1_57' title="bbox 552 4042 2140 4109; baseline 0 -11"><span class='ocrx_word' id='word_1_468' title='bbox 552 4042 719 4101; x_wconf 81' lang='lat' dir='ltr'><strong>Jacob</strong></span> <span class='ocrx_word' id='word_1_469' title='bbox 761 4053 816 4100; x_wconf 90' lang='lat' dir='ltr'><strong>et</strong></span> <span class='ocrx_word' id='word_1_470' title='bbox 857 4045 999 4100; x_wconf 88' lang='lat' dir='ltr'><strong>Esau</strong></span> <span class='ocrx_word' id='word_1_471' title='bbox 1045 4045 1290 4100; x_wconf 90' lang='lat' dir='ltr'><strong>dicitur:</strong></span> <span class='ocrx_word' id='word_1_472' title='bbox 1329 4044 1495 4099; x_wconf 87' lang='lat' dir='ltr'><strong>Jacob</strong></span> <span class='ocrx_word' id='word_1_473' title='bbox 1527 4044 1720 4109; x_wconf 78' lang='lat' dir='ltr'><strong>dilexi,</strong></span> <span class='ocrx_word' id='word_1_474' title='bbox 1750 4053 1799 4098; x_wconf 89' lang='lat' dir='ltr'><strong>et</strong></span> <span class='ocrx_word' id='word_1_475' title='bbox 1844 4042 1992 4098; x_wconf 83' lang='lat' dir='ltr'><strong>Esau</strong></span> <span class='ocrx_word' id='word_1_476' title='bbox 2019 4043 2140 4098; x_wconf 90' lang='lat' dir='ltr'><strong>odio</strong></span> 
     </span>
    </p>
   </div>
   <div class='ocr_carea' id='block_1_58' title="bbox 553 4131 2142 4208">
    <p class='ocr_par' dir='ltr' id='par_1_58' title="bbox 553 4131 2142 4208">
     <span class='ocr_line' id='line_1_58' title="bbox 553 4131 2142 4208; baseline 0 -20"><span class='ocrx_word' id='word_1_477' title='bbox 553 4135 716 4189; x_wconf 77' lang='lat' dir='ltr'><strong>habui</strong></span> <span class='ocrx_word' id='word_1_478' title='bbox 740 4135 918 4208; x_wconf 84' lang='lat' dir='ltr'><strong>(Rom.</strong></span> <span class='ocrx_word' id='word_1_479' title='bbox 957 4151 1032 4200; x_wconf 73' lang='grc' dir='ltr'><strong>ιχ,</strong></span> <span class='ocrx_word' id='word_1_480' title='bbox 1061 4135 1172 4206; x_wconf 81' lang='grc'><strong>15).</strong></span> <span class='ocrx_word' id='word_1_481' title='bbox 1202 4135 1410 4190; x_wconf 87' lang='lat' dir='ltr'><strong>Dicitur</strong></span> <span class='ocrx_word' id='word_1_482' title='bbox 1437 4144 1493 4191; x_wconf 89' lang='lat' dir='ltr'><strong>et</strong></span> <span class='ocrx_word' id='word_1_483' title='bbox 1523 4135 1576 4188; x_wconf 95' lang='lat' dir='ltr'><strong>in</strong></span> <span class='ocrx_word' id='word_1_484' title='bbox 1602 4134 1847 4204; x_wconf 90' lang='lat' dir='ltr'><strong>psalmo:</strong></span> <span class='ocrx_word' id='word_1_485' title='bbox 1877 4131 2142 4188; x_wconf 67' lang='lat' dir='ltr'><strong>Universae</strong></span> 
     </span>
    </p>
   </div>
   <div class='ocr_carea' id='block_1_59' title="bbox 404 4183 1966 4299">
    <p class='ocr_par' dir='ltr' id='par_1_59' title="bbox 404 4183 1966 4299">
     <span class='ocr_line' id='line_1_59' title="bbox 404 4183 1966 4299; baseline -0.002 -18"><span class='ocrx_word' id='word_1_486' title='bbox 404 4183 476 4264; x_wconf 44' lang='grc' dir='ltr'><em>Ἄ</em></span> <span class='ocrx_word' id='word_1_487' title='bbox 553 4226 650 4281; x_wconf 77' lang='lat' dir='ltr'><strong>via:</strong></span> <span class='ocrx_word' id='word_1_488' title='bbox 671 4183 777 4282; x_wconf 64' lang='lat' dir='ltr'><strong>tua:</strong></span> <span class='ocrx_word' id='word_1_489' title='bbox 801 4183 1161 4281; x_wconf 67' lang='lat' dir='ltr'><strong>misericordia</strong></span> <span class='ocrx_word' id='word_1_490' title='bbox 1188 4237 1236 4281; x_wconf 90' lang='lat' dir='ltr'><strong>et</strong></span> <span class='ocrx_word' id='word_1_491' title='bbox 1263 4228 1448 4282; x_wconf 84' lang='lat' dir='ltr'><strong>veritas</strong></span> <span class='ocrx_word' id='word_1_492' title='bbox 1474 4225 1645 4299; x_wconf 85' lang='lat' dir='ltr'><strong>(Psal.</strong></span> <span class='ocrx_word' id='word_1_493' title='bbox 1678 4241 1826 4290; x_wconf 76' lang='lat' dir='ltr'><strong>xxrv,</strong></span> <span class='ocrx_word' id='word_1_494' title='bbox 1859 4225 1966 4296; x_wconf 89' lang='grc'><strong>10).</strong></span> 
     </span>
    </p>
   </div>
   <div class='ocr_carea' id='block_1_60' title="bbox 625 4313 2202 4385">
    <p class='ocr_par' dir='ltr' id='par_1_60' title="bbox 625 4313 2202 4385">
     <span class='ocr_line' id='line_1_60' title="bbox 625 4313 2202 4385; baseline -0.001 -16"><span class='ocrx_word' id='word_1_495' title='bbox 625 4315 786 4370; x_wconf 69' lang='lat' dir='ltr'><strong>Vens.</strong></span> <span class='ocrx_word' id='word_1_496' title='bbox 819 4314 905 4370; x_wconf 87' lang='grc'><strong>15.</strong></span> <span class='ocrx_word' id='word_1_497' title='bbox 941 4346 1012 4357; x_wconf 93' lang='grc'><strong>-</strong></span> <span class='ocrx_word' id='word_1_498' title='bbox 1048 4315 1116 4370; x_wconf 87' lang='lat' dir='ltr'><strong>In</strong></span> <span class='ocrx_word' id='word_1_499' title='bbox 1156 4316 1240 4368; x_wconf 86' lang='lat' dir='ltr'><strong>die</strong></span> <span class='ocrx_word' id='word_1_500' title='bbox 1269 4315 1404 4370; x_wconf 88' lang='lat' dir='ltr'><strong>bona</strong></span> <span class='ocrx_word' id='word_1_501' title='bbox 1437 4315 1617 4385; x_wconf 80' lang='lat' dir='ltr'><strong>[ruere</strong></span> <span class='ocrx_word' id='word_1_502' title='bbox 1644 4315 1812 4382; x_wconf 87' lang='lat' dir='ltr'><strong>bonis,</strong></span> <span class='ocrx_word' id='word_1_503' title='bbox 1861 4324 1908 4368; x_wconf 88' lang='lat' dir='ltr'><strong>et</strong></span> <span class='ocrx_word' id='word_1_504' title='bbox 1944 4313 2142 4368; x_wconf 90' lang='lat' dir='ltr'><strong>malum</strong></span> <span class='ocrx_word' id='word_1_505' title='bbox 2178 4327 2202 4336; x_wconf 60' lang='grc' dir='ltr'><strong><em>θ</em></strong></span> 
     </span>
    </p>
   </div>
   <div class='ocr_carea' id='block_1_61' title="bbox 553 4404 2142 4477">
    <p class='ocr_par' dir='ltr' id='par_1_61' title="bbox 553 4404 2142 4477">
     <span class='ocr_line' id='line_1_61' title="bbox 553 4404 2142 4477; baseline 0 -16"><span class='ocrx_word' id='word_1_506' title='bbox 553 4405 693 4461; x_wconf 80' lang='lat' dir='ltr'><strong>diem</strong></span> <span class='ocrx_word' id='word_1_507' title='bbox 720 4423 972 4477; x_wconf 73' lang='lat' dir='ltr'><strong>praecave.</strong></span> <span class='ocrx_word' id='word_1_508' title='bbox 1031 4405 1179 4461; x_wconf 85' lang='lat' dir='ltr'><strong>Sicut</strong></span> <span class='ocrx_word' id='word_1_509' title='bbox 1211 4407 1350 4460; x_wconf 89' lang='lat' dir='ltr'><strong>enim</strong></span> <span class='ocrx_word' id='word_1_510' title='bbox 1400 4406 1562 4473; x_wconf 87' lang='lat' dir='ltr'><strong>hunc,</strong></span> <span class='ocrx_word' id='word_1_511' title='bbox 1616 4407 1690 4460; x_wconf 90' lang='lat' dir='ltr'><strong>sic</strong></span> <span class='ocrx_word' id='word_1_512' title='bbox 1740 4416 1790 4460; x_wconf 87' lang='lat' dir='ltr'><strong>et</strong></span> <span class='ocrx_word' id='word_1_513' title='bbox 1837 4404 1986 4459; x_wconf 91' lang='lat' dir='ltr'><strong>illum</strong></span> <span class='ocrx_word' id='word_1_514' title='bbox 2021 4406 2142 4476; x_wconf 79' lang='lat' dir='ltr'><strong>fecit</strong></span> 
     </span>
    </p>
   </div>
   <div class='ocr_carea' id='block_1_62' title="bbox 2244 1911 2970 1984">
    <p class='ocr_par' dir='ltr' id='par_1_62' title="bbox 2244 1911 2970 1984">
     <span class='ocr_line' id='line_1_62' title="bbox 2244 1911 2970 1984; baseline -0.003 -17"><span class='ocrx_word' id='word_1_515' title='bbox 2244 1929 2424 1968; x_wconf 90' lang='lat' dir='ltr'><strong>eorum</strong></span> <span class='ocrx_word' id='word_1_516' title='bbox 2456 1911 2629 1984; x_wconf 88' lang='lat' dir='ltr'><strong>(Psal.</strong></span> <span class='ocrx_word' id='word_1_517' title='bbox 2655 1929 2826 1977; x_wconf 76' lang='lat' dir='ltr'><strong>um,</strong></span> <span class='ocrx_word' id='word_1_518' title='bbox 2861 1912 2970 1981; x_wconf 86' lang='grc'><strong>16).</strong></span> 
     </span>
    </p>
   </div>
   <div class='ocr_carea' id='block_1_63' title="bbox 2313 2003 3833 2079">
    <p class='ocr_par' dir='ltr' id='par_1_63' title="bbox 2313 2003 3833 2079">
     <span class='ocr_line' id='line_1_63' title="bbox 2313 2003 3833 2079; baseline 0.003 -20"><span class='ocrx_word' id='word_1_519' title='bbox 2313 2004 2478 2059; x_wconf 76' lang='lat' dir='ltr'><strong>Vens.</strong></span> <span class='ocrx_word' id='word_1_520' title='bbox 2512 2003 2599 2057; x_wconf 83' lang='grc'><strong>17.</strong></span> <span class='ocrx_word' id='word_1_521' title='bbox 2625 2035 2698 2045; x_wconf 88' lang='grc'><strong>-</strong></span> <span class='ocrx_word' id='word_1_522' title='bbox 2725 2003 2854 2058; x_wconf 85' lang='lat' dir='ltr'><strong>Noli</strong></span> <span class='ocrx_word' id='word_1_523' title='bbox 2881 2020 2992 2057; x_wconf 86' lang='lat' dir='ltr'><strong>esse</strong></span> <span class='ocrx_word' id='word_1_524' title='bbox 3012 2003 3194 2073; x_wconf 86' lang='lat' dir='ltr'><strong>justus</strong></span> <span class='ocrx_word' id='word_1_525' title='bbox 3218 2004 3464 2072; x_wconf 89' lang='lat' dir='ltr'><strong>multum,</strong></span> <span class='ocrx_word' id='word_1_526' title='bbox 3497 2023 3594 2061; x_wconf 82' lang='lat' dir='ltr'><strong>nec</strong></span> <span class='ocrx_word' id='word_1_527' title='bbox 3612 2006 3734 2079; x_wconf 82' lang='lat' dir='ltr'><strong>plus</strong></span> <span class='ocrx_word' id='word_1_528' title='bbox 3751 2025 3833 2062; x_wconf 85' lang='lat' dir='ltr'><strong>sa-</strong></span> 
     </span>
    </p>
   </div>
   <div class='ocr_carea' id='block_1_64' title="bbox 2238 2098 3827 2170">
    <p class='ocr_par' dir='ltr' id='par_1_64' title="bbox 2238 2098 3827 2170">
     <span class='ocr_line' id='line_1_64' title="bbox 2238 2098 3827 2170; baseline 0.003 -18"><span class='ocrx_word' id='word_1_529' title='bbox 2238 2099 2354 2170; x_wconf 88' lang='lat' dir='ltr'><strong>pias</strong></span> <span class='ocrx_word' id='word_1_530' title='bbox 2373 2115 2529 2168; x_wconf 87' lang='lat' dir='ltr'><strong>quam</strong></span> <span class='ocrx_word' id='word_1_531' title='bbox 2555 2115 2759 2153; x_wconf 80' lang='lat' dir='ltr'><strong>necesse</strong></span> <span class='ocrx_word' id='word_1_532' title='bbox 2795 2109 2893 2164; x_wconf 89' lang='lat' dir='ltr'><strong>est,</strong></span> <span class='ocrx_word' id='word_1_533' title='bbox 2923 2115 2985 2152; x_wconf 88' lang='lat' dir='ltr'><strong>ne</strong></span> <span class='ocrx_word' id='word_1_534' title='bbox 3017 2098 3370 2169; x_wconf 85' lang='lat' dir='ltr'><strong>obstupescas.</strong></span> <span class='ocrx_word' id='word_1_535' title='bbox 3395 2098 3500 2167; x_wconf 86' lang='lat' dir='ltr'><strong>Qui</strong></span> <span class='ocrx_word' id='word_1_536' title='bbox 3522 2116 3657 2157; x_wconf 89' lang='lat' dir='ltr'><strong>vero</strong></span> <span class='ocrx_word' id='word_1_537' title='bbox 3701 2118 3827 2157; x_wconf 86' lang='lat' dir='ltr'><strong>nun-</strong></span> 
     </span>
    </p>
   </div>
   <div class='ocr_carea' id='block_1_65' title="bbox 2239 2190 3831 2264">
    <p class='ocr_par' dir='ltr' id='par_1_65' title="bbox 2239 2190 3831 2264">
     <span class='ocr_line' id='line_1_65' title="bbox 2239 2190 3831 2264; baseline 0.007 -20"><span class='ocrx_word' id='word_1_538' title='bbox 2239 2206 2403 2260; x_wconf 88' lang='lat' dir='ltr'><strong>quam</strong></span> <span class='ocrx_word' id='word_1_539' title='bbox 2431 2190 2692 2246; x_wconf 83' lang='lat' dir='ltr'><strong>fraternis</strong></span> <span class='ocrx_word' id='word_1_540' title='bbox 2738 2191 3020 2263; x_wconf 88' lang='lat' dir='ltr'><strong>ignoscere</strong></span> <span class='ocrx_word' id='word_1_541' title='bbox 3065 2197 3306 2264; x_wconf 88' lang='lat' dir='ltr'><strong>peccatis</strong></span> <span class='ocrx_word' id='word_1_542' title='bbox 3346 2198 3485 2263; x_wconf 91' lang='lat' dir='ltr'><strong>vult,</strong></span> <span class='ocrx_word' id='word_1_543' title='bbox 3533 2201 3630 2254; x_wconf 88' lang='lat' dir='ltr'><strong>sed</strong></span> <span class='ocrx_word' id='word_1_544' title='bbox 3657 2200 3831 2255; x_wconf 88' lang='lat' dir='ltr'><strong>omnia</strong></span> 
     </span>
    </p>
   </div>
   <div class='ocr_carea' id='block_1_66' title="bbox 2238 2283 3832 2361">
    <p class='ocr_par' dir='ltr' id='par_1_66' title="bbox 2238 2283 3832 2361">
     <span class='ocr_line' id='line_1_66' title="bbox 2238 2283 3832 2361; baseline 0.006 -24"><span class='ocrx_word' id='word_1_545' title='bbox 2238 2283 2514 2338; x_wconf 90' lang='lat' dir='ltr'><strong>vindicare</strong></span> <span class='ocrx_word' id='word_1_546' title='bbox 2549 2283 2844 2338; x_wconf 85' lang='lat' dir='ltr'><strong>secundum</strong></span> <span class='ocrx_word' id='word_1_547' title='bbox 2875 2285 3115 2341; x_wconf 90' lang='lat' dir='ltr'><strong>furorem</strong></span> <span class='ocrx_word' id='word_1_548' title='bbox 3143 2289 3310 2344; x_wconf 91' lang='lat' dir='ltr'><strong>animi</strong></span> <span class='ocrx_word' id='word_1_549' title='bbox 3356 2291 3462 2358; x_wconf 90' lang='lat' dir='ltr'><strong>sui,</strong></span> <span class='ocrx_word' id='word_1_550' title='bbox 3493 2291 3618 2360; x_wconf 87' lang='lat' dir='ltr'><strong>plus</strong></span> <span class='ocrx_word' id='word_1_551' title='bbox 3658 2291 3832 2361; x_wconf 87' lang='lat' dir='ltr'><strong>justus</strong></span> 
     </span>
    </p>
   </div>
   <div class='ocr_carea' id='block_1_67' title="bbox 2239 2376 3868 2454">
    <p class='ocr_par' dir='ltr' id='par_1_67' title="bbox 2239 2376 3868 2454">
     <span class='ocr_line' id='line_1_67' title="bbox 2239 2376 3868 2454; baseline 0.004 -22"><span class='ocrx_word' id='word_1_552' title='bbox 2239 2383 2322 2432; x_wconf 85' lang='lat' dir='ltr'><strong>est</strong></span> <span class='ocrx_word' id='word_1_553' title='bbox 2349 2392 2511 2447; x_wconf 91' lang='lat' dir='ltr'><strong>quam</strong></span> <span class='ocrx_word' id='word_1_554' title='bbox 2541 2379 2714 2432; x_wconf 87' lang='lat' dir='ltr'><strong>decet.</strong></span> <span class='ocrx_word' id='word_1_555' title='bbox 2740 2376 2877 2433; x_wconf 90' lang='lat' dir='ltr'><strong>Cum</strong></span> <span class='ocrx_word' id='word_1_556' title='bbox 2900 2379 3042 2434; x_wconf 91' lang='lat' dir='ltr'><strong>enim</strong></span> <span class='ocrx_word' id='word_1_557' title='bbox 3072 2380 3323 2437; x_wconf 88' lang='lat' dir='ltr'><strong>Salvator</strong></span> <span class='ocrx_word' id='word_1_558' title='bbox 3355 2383 3432 2438; x_wconf 89' lang='lat' dir='ltr'><strong>ait</strong></span> <span class='ocrx_word' id='word_1_559' title='bbox 3457 2399 3470 2436; x_wconf 94' lang='lat'><strong>:</strong></span> <span class='ocrx_word' id='word_1_560' title='bbox 3524 2382 3715 2438; x_wconf 83' lang='lat' dir='ltr'><strong>Nolite</strong></span> <span class='ocrx_word' id='word_1_561' title='bbox 3741 2385 3827 2454; x_wconf 83' lang='lat' dir='ltr'><strong>ju-</strong></span> <span class='ocrx_word' id='word_1_562' title='bbox 3866 2442 3868 2444; x_wconf 95' lang='lat'><em>_</em></span> 
     </span>
    </p>
   </div>
   <div class='ocr_carea' id='block_1_68' title="bbox 2240 2468 3830 2542">
    <p class='ocr_par' dir='ltr' id='par_1_68' title="bbox 2240 2468 3830 2542">
     <span class='ocr_line' id='line_1_68' title="bbox 2240 2468 3830 2542; baseline 0.005 -20"><span class='ocrx_word' id='word_1_563' title='bbox 2240 2468 2438 2535; x_wconf 88' lang='lat' dir='ltr'><strong>dicare,</strong></span> <span class='ocrx_word' id='word_1_564' title='bbox 2464 2477 2519 2522; x_wconf 92' lang='lat' dir='ltr'><strong>ut</strong></span> <span class='ocrx_word' id='word_1_565' title='bbox 2545 2484 2648 2523; x_wconf 87' lang='lat' dir='ltr'><strong>non</strong></span> <span class='ocrx_word' id='word_1_566' title='bbox 2668 2469 2984 2539; x_wconf 86' lang='lat' dir='ltr'><strong>judicemini</strong></span> <span class='ocrx_word' id='word_1_567' title='bbox 3015 2470 3167 2542; x_wconf 91' lang='lat' dir='ltr'><strong>(Luc.</strong></span> <span class='ocrx_word' id='word_1_568' title='bbox 3198 2488 3270 2536; x_wconf 83' lang='lat' dir='ltr'><strong>vt,</strong></span> <span class='ocrx_word' id='word_1_569' title='bbox 3299 2473 3399 2539; x_wconf 78' lang='lat'><strong>57;</strong></span> <span class='ocrx_word' id='word_1_570' title='bbox 3437 2483 3494 2528; x_wconf 88' lang='lat' dir='ltr'><strong>et</strong></span> <span class='ocrx_word' id='word_1_571' title='bbox 3520 2489 3536 2528; x_wconf 92' lang='lat'><strong>:</strong></span> <span class='ocrx_word' id='word_1_572' title='bbox 3574 2473 3638 2530; x_wconf 90' lang='lat' dir='ltr'><strong>Si</strong></span> <span class='ocrx_word' id='word_1_573' title='bbox 3677 2476 3830 2530; x_wconf 83' lang='lat' dir='ltr'><strong>dimi-</strong></span> 
     </span>
    </p>
   </div>
   <div class='ocr_carea' id='block_1_69' title="bbox 2240 2559 3834 2630">
    <p class='ocr_par' dir='ltr' id='par_1_69' title="bbox 2240 2559 3834 2630">
     <span class='ocr_line' id='line_1_69' title="bbox 2240 2559 3834 2630; baseline 0.004 -16"><span class='ocrx_word' id='word_1_574' title='bbox 2240 2560 2412 2615; x_wconf 88' lang='lat' dir='ltr'><strong>seritis</strong></span> <span class='ocrx_word' id='word_1_575' title='bbox 2447 2559 2743 2613; x_wconf 80' lang='lat' dir='ltr'><strong>hominibus</strong></span> <span class='ocrx_word' id='word_1_576' title='bbox 2768 2570 2980 2630; x_wconf 89' lang='lat' dir='ltr'><strong>peccata</strong></span> <span class='ocrx_word' id='word_1_577' title='bbox 3007 2578 3208 2628; x_wconf 90' lang='lat' dir='ltr'><strong>eorum,</strong></span> <span class='ocrx_word' id='word_1_578' title='bbox 3252 2563 3476 2618; x_wconf 86' lang='lat' dir='ltr'><strong>dimittet</strong></span> <span class='ocrx_word' id='word_1_579' title='bbox 3498 2564 3644 2619; x_wconf 80' lang='lat' dir='ltr'><strong>vobis</strong></span> <span class='ocrx_word' id='word_1_580' title='bbox 3677 2563 3834 2620; x_wconf 82' lang='lat' dir='ltr'><strong>Pater</strong></span> 
     </span>
    </p>
   </div>
   <div class='ocr_carea' id='block_1_70' title="bbox 2241 2649 3834 2727">
    <p class='ocr_par' dir='ltr' id='par_1_70' title="bbox 2241 2649 3834 2727">
     <span class='ocr_line' id='line_1_70' title="bbox 2241 2649 3834 2727; baseline 0.004 -22"><span class='ocrx_word' id='word_1_581' title='bbox 2241 2660 2404 2706; x_wconf 79' lang='lat' dir='ltr'><strong>vester</strong></span> <span class='ocrx_word' id='word_1_582' title='bbox 2429 2649 2648 2705; x_wconf 75' lang='lat' dir='ltr'><strong>caelestis</strong></span> <span class='ocrx_word' id='word_1_583' title='bbox 2676 2651 2866 2706; x_wconf 89' lang='lat' dir='ltr'><strong>delicta</strong></span> <span class='ocrx_word' id='word_1_584' title='bbox 2903 2662 3071 2707; x_wconf 87' lang='lat' dir='ltr'><strong>vestra</strong></span> <span class='ocrx_word' id='word_1_585' title='bbox 3099 2653 3313 2724; x_wconf 77' lang='lat' dir='ltr'><strong>(Matth.</strong></span> <span class='ocrx_word' id='word_1_586' title='bbox 3358 2671 3435 2722; x_wconf 85' lang='lat' dir='ltr'><strong>vl,</strong></span> <span class='ocrx_word' id='word_1_587' title='bbox 3465 2655 3579 2727; x_wconf 76' lang='grc'><strong>14).</strong></span> <span class='ocrx_word' id='word_1_588' title='bbox 3613 2656 3728 2712; x_wconf 83' lang='grc' dir='ltr'><em>Νεε</em></span> <span class='ocrx_word' id='word_1_589' title='bbox 3755 2657 3834 2712; x_wconf 89' lang='lat' dir='ltr'><strong>ni-</strong></span> 
     </span>
    </p>
   </div>
   <div class='ocr_carea' id='block_1_71' title="bbox 2242 2742 3835 2820">
    <p class='ocr_par' dir='ltr' id='par_1_71' title="bbox 2242 2742 3835 2820">
     <span class='ocr_line' id='line_1_71' title="bbox 2242 2742 3835 2820; baseline 0.004 -22"><span class='ocrx_word' id='word_1_590' title='bbox 2242 2743 2346 2798; x_wconf 90' lang='lat' dir='ltr'><strong>mis</strong></span> <span class='ocrx_word' id='word_1_591' title='bbox 2366 2742 2588 2814; x_wconf 88' lang='lat' dir='ltr'><strong>rigidus,</strong></span> <span class='ocrx_word' id='word_1_592' title='bbox 2617 2751 2710 2798; x_wconf 92' lang='lat' dir='ltr'><strong>aut</strong></span> <span class='ocrx_word' id='word_1_593' title='bbox 2735 2744 2918 2800; x_wconf 91' lang='lat' dir='ltr'><strong>animo</strong></span> <span class='ocrx_word' id='word_1_594' title='bbox 2944 2744 3096 2816; x_wconf 83' lang='grc' dir='ltr'><strong>[Με.,</strong></span> <span class='ocrx_word' id='word_1_595' title='bbox 3127 2747 3312 2819; x_wconf 92' lang='lat' dir='ltr'><strong>nimis]</strong></span> <span class='ocrx_word' id='word_1_596' title='bbox 3340 2747 3550 2804; x_wconf 89' lang='lat' dir='ltr'><strong>solutus</strong></span> <span class='ocrx_word' id='word_1_597' title='bbox 3579 2751 3835 2820; x_wconf 80' lang='lat' dir='ltr'><strong>magister</strong></span> 
     </span>
    </p>
   </div>
   <div class='ocr_carea' id='block_1_72' title="bbox 2241 2833 3834 2908">
    <p class='ocr_par' dir='ltr' id='par_1_72' title="bbox 2241 2833 3834 2908">
     <span class='ocr_line' id='line_1_72' title="bbox 2241 2833 3834 2908; baseline 0.006 -20"><span class='ocrx_word' id='word_1_598' title='bbox 2241 2833 2400 2888; x_wconf 90' lang='lat' dir='ltr'><strong>debet</strong></span> <span class='ocrx_word' id='word_1_599' title='bbox 2424 2849 2562 2897; x_wconf 90' lang='lat' dir='ltr'><strong>esse,</strong></span> <span class='ocrx_word' id='word_1_600' title='bbox 2590 2833 2685 2888; x_wconf 90' lang='lat' dir='ltr'><strong>sed</strong></span> <span class='ocrx_word' id='word_1_601' title='bbox 2711 2834 2798 2888; x_wconf 90' lang='lat' dir='ltr'><strong>via</strong></span> <span class='ocrx_word' id='word_1_602' title='bbox 2824 2837 2974 2906; x_wconf 91' lang='lat' dir='ltr'><strong>regia</strong></span> <span class='ocrx_word' id='word_1_603' title='bbox 3002 2837 3231 2908; x_wconf 89' lang='lat' dir='ltr'><strong>ingredi,</strong></span> <span class='ocrx_word' id='word_1_604' title='bbox 3257 2847 3312 2893; x_wconf 93' lang='lat' dir='ltr'><strong>et</strong></span> <span class='ocrx_word' id='word_1_605' title='bbox 3333 2840 3688 2896; x_wconf 82' lang='lat' dir='ltr'><strong>considerare</strong></span> <span class='ocrx_word' id='word_1_606' title='bbox 3719 2841 3834 2896; x_wconf 91' lang='lat' dir='ltr'><strong>dili-</strong></span> 
     </span>
    </p>
   </div>
   <div class='ocr_carea' id='block_1_73' title="bbox 2241 2926 3831 2996">
    <p class='ocr_par' dir='ltr' id='par_1_73' title="bbox 2241 2926 3831 2996">
     <span class='ocr_line' id='line_1_73' title="bbox 2241 2926 3831 2996; baseline 0.004 -16"><span class='ocrx_word' id='word_1_607' title='bbox 2241 2933 2433 2996; x_wconf 89' lang='lat' dir='ltr'><strong>genter</strong></span> <span class='ocrx_word' id='word_1_608' title='bbox 2460 2926 2589 2994; x_wconf 90' lang='lat' dir='ltr'><strong>quid</strong></span> <span class='ocrx_word' id='word_1_609' title='bbox 2637 2926 2724 2980; x_wconf 90' lang='lat' dir='ltr'><strong>cui</strong></span> <span class='ocrx_word' id='word_1_610' title='bbox 2773 2929 3060 2982; x_wconf 88' lang='lat' dir='ltr'><strong>conveniat</strong></span> <span class='ocrx_word' id='word_1_611' title='bbox 3100 2929 3167 2984; x_wconf 93' lang='lat' dir='ltr'><strong>ad</strong></span> <span class='ocrx_word' id='word_1_612' title='bbox 3213 2929 3438 2984; x_wconf 90' lang='lat' dir='ltr'><strong>salutem</strong></span> <span class='ocrx_word' id='word_1_613' title='bbox 3467 2932 3681 2987; x_wconf 77' lang='lat' dir='ltr'><strong>animae</strong></span> <span class='ocrx_word' id='word_1_614' title='bbox 3707 2948 3831 2988; x_wconf 58' lang='lat' dir='ltr'><strong>suae.</strong></span> 
     </span>
    </p>
   </div>
   <div class='ocr_carea' id='block_1_74' title="bbox 2242 3017 3834 3094">
    <p class='ocr_par' dir='ltr' id='par_1_74' title="bbox 2242 3017 3834 3094">
     <span class='ocr_line' id='line_1_74' title="bbox 2242 3017 3834 3094; baseline 0.004 -22"><span class='ocrx_word' id='word_1_615' title='bbox 2242 3017 2396 3083; x_wconf 85' lang='lat' dir='ltr'><strong>Quod</strong></span> <span class='ocrx_word' id='word_1_616' title='bbox 2434 3025 2614 3073; x_wconf 92' lang='lat' dir='ltr'><strong>autem</strong></span> <span class='ocrx_word' id='word_1_617' title='bbox 2651 3019 2771 3074; x_wconf 86' lang='lat' dir='ltr'><strong>ait:</strong></span> <span class='ocrx_word' id='word_1_618' title='bbox 2813 3018 2942 3074; x_wconf 87' lang='lat' dir='ltr'><strong>Noli</strong></span> <span class='ocrx_word' id='word_1_619' title='bbox 2974 3037 3208 3090; x_wconf 62' lang='lat' dir='ltr'><strong>quaerere</strong></span> <span class='ocrx_word' id='word_1_620' title='bbox 3252 3023 3502 3094; x_wconf 87' lang='lat' dir='ltr'><strong>amplius,</strong></span> <span class='ocrx_word' id='word_1_621' title='bbox 3554 3041 3622 3078; x_wconf 86' lang='lat' dir='ltr'><strong>ne</strong></span> <span class='ocrx_word' id='word_1_622' title='bbox 3658 3026 3834 3079; x_wconf 72' lang='lat' dir='ltr'><strong>obstu-</strong></span> 
     </span>
    </p>
   </div>
   <div class='ocr_carea' id='block_1_75' title="bbox 2241 3112 3835 3186">
    <p class='ocr_par' dir='ltr' id='par_1_75' title="bbox 2241 3112 3835 3186">
     <span class='ocr_line' id='line_1_75' title="bbox 2241 3112 3835 3186; baseline 0.004 -22"><span class='ocrx_word' id='word_1_623' title='bbox 2241 3127 2452 3183; x_wconf 68' lang='lat' dir='ltr'><strong>pestas;</strong></span> <span class='ocrx_word' id='word_1_624' title='bbox 2503 3120 2745 3166; x_wconf 85' lang='lat' dir='ltr'><strong>mentem</strong></span> <span class='ocrx_word' id='word_1_625' title='bbox 2781 3120 3021 3168; x_wconf 88' lang='lat' dir='ltr'><strong>nostram</strong></span> <span class='ocrx_word' id='word_1_626' title='bbox 3069 3113 3174 3168; x_wconf 89' lang='lat' dir='ltr'><strong>scit</strong></span> <span class='ocrx_word' id='word_1_627' title='bbox 3199 3112 3499 3184; x_wconf 87' lang='lat' dir='ltr'><strong>perfectam</strong></span> <span class='ocrx_word' id='word_1_628' title='bbox 3540 3125 3653 3170; x_wconf 82' lang='lat' dir='ltr'><strong>non</strong></span> <span class='ocrx_word' id='word_1_629' title='bbox 3683 3131 3835 3186; x_wconf 88' lang='lat' dir='ltr'><strong>posse</strong></span> 
     </span>
    </p>
   </div>
   <div class='ocr_carea' id='block_1_76' title="bbox 2243 3204 3835 3279">
    <p class='ocr_par' dir='ltr' id='par_1_76' title="bbox 2243 3204 3835 3279">
     <span class='ocr_line' id='line_1_76' title="bbox 2243 3204 3835 3279; baseline 0.001 -19"><span class='ocrx_word' id='word_1_630' title='bbox 2243 3204 2704 3273; x_wconf 83' lang='lat' dir='ltr'><strong>comprehendere</strong></span> <span class='ocrx_word' id='word_1_631' title='bbox 2733 3205 3075 3274; x_wconf 89' lang='lat' dir='ltr'><strong>sapientiam,</strong></span> <span class='ocrx_word' id='word_1_632' title='bbox 3109 3213 3164 3260; x_wconf 90' lang='lat' dir='ltr'><strong>et</strong></span> <span class='ocrx_word' id='word_1_633' title='bbox 3191 3221 3502 3262; x_wconf 85' lang='lat' dir='ltr'><strong>mensuram</strong></span> <span class='ocrx_word' id='word_1_634' title='bbox 3529 3206 3835 3279; x_wconf 83' lang='lat' dir='ltr'><strong>fragilitatis</strong></span> 
     </span>
    </p>
   </div>
   <div class='ocr_carea' id='block_1_77' title="bbox 2237 3295 3152 3365">
    <p class='ocr_par' dir='ltr' id='par_1_77' title="bbox 2237 3295 3152 3365">
     <span class='ocr_line' id='line_1_77' title="bbox 2237 3295 3152 3365; baseline -0.002 -12"><span class='ocrx_word' id='word_1_635' title='bbox 2237 3305 2440 3353; x_wconf 73' lang='lat' dir='ltr'><strong>nostra:</strong></span> <span class='ocrx_word' id='word_1_636' title='bbox 2457 3295 2614 3365; x_wconf 91' lang='lat' dir='ltr'><strong>jubct</strong></span> <span class='ocrx_word' id='word_1_637' title='bbox 2639 3311 2738 3351; x_wconf 90' lang='lat' dir='ltr'><strong>nos</strong></span> <span class='ocrx_word' id='word_1_638' title='bbox 2765 3297 2907 3352; x_wconf 87' lang='lat' dir='ltr'><strong>scire</strong></span> <span class='ocrx_word' id='word_1_639' title='bbox 2936 3297 3152 3353; x_wconf 86' lang='lat' dir='ltr'><strong>debere.</strong></span> 
     </span>
    </p>
   </div>
   <div class='ocr_carea' id='block_1_78' title="bbox 2312 3387 3837 3460">
    <p class='ocr_par' dir='ltr' id='par_1_78' title="bbox 2312 3387 3837 3460">
     <span class='ocr_line' id='line_1_78' title="bbox 2312 3387 3837 3460; baseline 0.005 -17"><span class='ocrx_word' id='word_1_640' title='bbox 2312 3387 2476 3443; x_wconf 68' lang='lat' dir='ltr'><strong>Vens.</strong></span> <span class='ocrx_word' id='word_1_641' title='bbox 2507 3387 2594 3443; x_wconf 89' lang='grc'><strong>18.</strong></span> <span class='ocrx_word' id='word_1_642' title='bbox 2625 3418 2697 3429; x_wconf 90' lang='grc'><strong><em>-</em></strong></span> <span class='ocrx_word' id='word_1_643' title='bbox 2731 3387 2815 3443; x_wconf 86' lang='lat' dir='ltr'><strong>Ne</strong></span> <span class='ocrx_word' id='word_1_644' title='bbox 2856 3389 3014 3460; x_wconf 89' lang='lat' dir='ltr'><strong>impie</strong></span> <span class='ocrx_word' id='word_1_645' title='bbox 3039 3405 3165 3460; x_wconf 84' lang='lat' dir='ltr'><strong>agas</strong></span> <span class='ocrx_word' id='word_1_646' title='bbox 3204 3389 3449 3455; x_wconf 89' lang='lat' dir='ltr'><strong>multum,</strong></span> <span class='ocrx_word' id='word_1_647' title='bbox 3493 3400 3544 3446; x_wconf 85' lang='lat' dir='ltr'><strong>et</strong></span> <span class='ocrx_word' id='word_1_648' title='bbox 3581 3393 3695 3448; x_wconf 84' lang='lat' dir='ltr'><strong>noli</strong></span> <span class='ocrx_word' id='word_1_649' title='bbox 3733 3409 3837 3450; x_wconf 78' lang='lat' dir='ltr'><strong>esse</strong></span> 
     </span>
    </p>
   </div>
   <div class='ocr_carea' id='block_1_79' title="bbox 2240 3481 3838 3554">
    <p class='ocr_par' dir='ltr' id='par_1_79' title="bbox 2240 3481 3838 3554">
     <span class='ocr_line' id='line_1_79' title="bbox 2240 3481 3838 3554; baseline 0.003 -16"><span class='ocrx_word' id='word_1_650' title='bbox 2240 3481 2450 3548; x_wconf 87' lang='lat' dir='ltr'><strong>stultus,</strong></span> <span class='ocrx_word' id='word_1_651' title='bbox 2476 3499 2540 3537; x_wconf 87' lang='lat' dir='ltr'><strong>ne</strong></span> <span class='ocrx_word' id='word_1_652' title='bbox 2559 3483 2808 3536; x_wconf 88' lang='lat' dir='ltr'><strong>moriaris</strong></span> <span class='ocrx_word' id='word_1_653' title='bbox 2822 3483 2877 3536; x_wconf 92' lang='lat' dir='ltr'><strong>in</strong></span> <span class='ocrx_word' id='word_1_654' title='bbox 2898 3491 3125 3554; x_wconf 84' lang='lat' dir='ltr'><strong>tempore</strong></span> <span class='ocrx_word' id='word_1_655' title='bbox 3151 3499 3252 3536; x_wconf 89' lang='lat' dir='ltr'><strong>non</strong></span> <span class='ocrx_word' id='word_1_656' title='bbox 3276 3492 3387 3537; x_wconf 89' lang='lat' dir='ltr'><strong>tuo.</strong></span> <span class='ocrx_word' id='word_1_657' title='bbox 3413 3483 3551 3539; x_wconf 90' lang='lat' dir='ltr'><strong>Cum</strong></span> <span class='ocrx_word' id='word_1_658' title='bbox 3577 3485 3838 3543; x_wconf 86' lang='lat' dir='ltr'><strong>Dominus</strong></span> 
     </span>
    </p>
   </div>
   <div class='ocr_carea' id='block_1_80' title="bbox 2241 3574 3837 3646">
    <p class='ocr_par' dir='ltr' id='par_1_80' title="bbox 2241 3574 3837 3646">
     <span class='ocr_line' id='line_1_80' title="bbox 2241 3574 3837 3646; baseline 0.004 -16"><span class='ocrx_word' id='word_1_659' title='bbox 2241 3576 2530 3646; x_wconf 74' lang='lat' dir='ltr'><strong>loquatur:</strong></span> <span class='ocrx_word' id='word_1_660' title='bbox 2577 3574 2712 3631; x_wconf 85' lang='lat' dir='ltr'><strong>Nolo</strong></span> <span class='ocrx_word' id='word_1_661' title='bbox 2759 3584 2992 3631; x_wconf 90' lang='lat' dir='ltr'><strong>mortem</strong></span> <span class='ocrx_word' id='word_1_662' title='bbox 3027 3577 3350 3646; x_wconf 89' lang='lat' dir='ltr'><strong>peccatoris,</strong></span> <span class='ocrx_word' id='word_1_663' title='bbox 3401 3579 3498 3634; x_wconf 89' lang='lat' dir='ltr'><strong>sed</strong></span> <span class='ocrx_word' id='word_1_664' title='bbox 3531 3588 3748 3636; x_wconf 89' lang='lat' dir='ltr'><strong>tantum</strong></span> <span class='ocrx_word' id='word_1_665' title='bbox 3779 3589 3837 3636; x_wconf 87' lang='lat' dir='ltr'><strong>ut</strong></span> 
     </span>
    </p>
   </div>
   <div class='ocr_carea' id='block_1_81' title="bbox 2241 3671 3837 3748">
    <p class='ocr_par' dir='ltr' id='par_1_81' title="bbox 2241 3671 3837 3748">
     <span class='ocr_line' id='line_1_81' title="bbox 2241 3671 3837 3748; baseline 0.005 -22"><span class='ocrx_word' id='word_1_666' title='bbox 2241 3679 2549 3726; x_wconf 89' lang='lat' dir='ltr'><strong>revertatur</strong></span> <span class='ocrx_word' id='word_1_667' title='bbox 2570 3681 2625 3726; x_wconf 90' lang='lat' dir='ltr'><strong>et</strong></span> <span class='ocrx_word' id='word_1_668' title='bbox 2647 3671 2792 3726; x_wconf 91' lang='lat' dir='ltr'><strong>vivat</strong></span> <span class='ocrx_word' id='word_1_669' title='bbox 2820 3671 3036 3743; x_wconf 69' lang='lat' dir='ltr'><strong>(Ezech.</strong></span> <span class='ocrx_word' id='word_1_670' title='bbox 3068 3689 3225 3739; x_wconf 82' lang='lat' dir='ltr'><strong>xvm,</strong></span> <span class='ocrx_word' id='word_1_671' title='bbox 3250 3673 3362 3746; x_wconf 75' lang='lat'><strong>52),</strong></span> <span class='ocrx_word' id='word_1_672' title='bbox 3389 3676 3560 3731; x_wconf 89' lang='lat' dir='ltr'><strong>semel</strong></span> <span class='ocrx_word' id='word_1_673' title='bbox 3582 3692 3837 3748; x_wconf 82' lang='lat' dir='ltr'><strong>peccasse</strong></span> 
     </span>
    </p>
   </div>
   <div class='ocr_carea' id='block_1_82' title="bbox 2242 3762 3836 3836">
    <p class='ocr_par' dir='ltr' id='par_1_82' title="bbox 2242 3762 3836 3836">
     <span class='ocr_line' id='line_1_82' title="bbox 2242 3762 3836 3836; baseline 0.005 -17"><span class='ocrx_word' id='word_1_674' title='bbox 2242 3762 2493 3829; x_wconf 75' lang='lat' dir='ltr'><strong>suﬂiciat,</strong></span> <span class='ocrx_word' id='word_1_675' title='bbox 2529 3763 2788 3819; x_wconf 90' lang='lat' dir='ltr'><strong>debemus</strong></span> <span class='ocrx_word' id='word_1_676' title='bbox 2811 3781 2911 3819; x_wconf 88' lang='lat' dir='ltr'><strong>nos</strong></span> <span class='ocrx_word' id='word_1_677' title='bbox 2939 3765 3148 3836; x_wconf 79' lang='lat' dir='ltr'><strong>erigere</strong></span> <span class='ocrx_word' id='word_1_678' title='bbox 3175 3775 3298 3836; x_wconf 93' lang='lat' dir='ltr'><strong>post</strong></span> <span class='ocrx_word' id='word_1_679' title='bbox 3327 3768 3565 3824; x_wconf 88' lang='lat' dir='ltr'><strong>ruinam.</strong></span> <span class='ocrx_word' id='word_1_680' title='bbox 3602 3769 3665 3825; x_wconf 92' lang='lat' dir='ltr'><strong>Si</strong></span> <span class='ocrx_word' id='word_1_681' title='bbox 3693 3772 3836 3828; x_wconf 88' lang='lat' dir='ltr'><strong>enim</strong></span> 
     </span>
    </p>
   </div>
   <div class='ocr_carea' id='block_1_83' title="bbox 2234 3857 3838 3930">
    <p class='ocr_par' dir='ltr' id='par_1_83' title="bbox 2234 3857 3838 3930">
     <span class='ocr_line' id='line_1_83' title="bbox 2234 3857 3838 3930; baseline 0.003 -17"><span class='ocrx_word' id='word_1_682' title='bbox 2234 3857 2391 3929; x_wconf 82' lang='lat' dir='ltr'><strong>juxta</strong></span> <span class='ocrx_word' id='word_1_683' title='bbox 2435 3873 2530 3914; x_wconf 86' lang='lat' dir='ltr'><strong>eos</strong></span> <span class='ocrx_word' id='word_1_684' title='bbox 2555 3859 2648 3929; x_wconf 93' lang='lat' dir='ltr'><strong>qui</strong></span> <span class='ocrx_word' id='word_1_685' title='bbox 2673 3858 2741 3914; x_wconf 90' lang='lat' dir='ltr'><strong>de</strong></span> <span class='ocrx_word' id='word_1_686' title='bbox 2783 3859 3024 3930; x_wconf 87' lang='lat' dir='ltr'><strong>physicis</strong></span> <span class='ocrx_word' id='word_1_687' title='bbox 3068 3859 3366 3929; x_wconf 88' lang='lat' dir='ltr'><strong>disputant,</strong></span> <span class='ocrx_word' id='word_1_688' title='bbox 3411 3862 3568 3917; x_wconf 87' lang='lat' dir='ltr'><strong>novit</strong></span> <span class='ocrx_word' id='word_1_689' title='bbox 3605 3863 3838 3918; x_wconf 88' lang='lat' dir='ltr'><strong>hirundo</strong></span> 
     </span>
    </p>
   </div>
   <div class='ocr_carea' id='block_1_84' title="bbox 2240 3950 3836 4024">
    <p class='ocr_par' dir='ltr' id='par_1_84' title="bbox 2240 3950 3836 4024">
     <span class='ocr_line' id='line_1_84' title="bbox 2240 3950 3836 4024; baseline 0.004 -18"><span class='ocrx_word' id='word_1_690' title='bbox 2240 3950 2415 4024; x_wconf 90' lang='lat' dir='ltr'><strong>pullos</strong></span> <span class='ocrx_word' id='word_1_691' title='bbox 2458 3967 2584 4007; x_wconf 89' lang='lat' dir='ltr'><strong>suos</strong></span> <span class='ocrx_word' id='word_1_692' title='bbox 2607 3951 2675 4007; x_wconf 91' lang='lat' dir='ltr'><strong>de</strong></span> <span class='ocrx_word' id='word_1_693' title='bbox 2719 3967 2816 4006; x_wconf 89' lang='lat' dir='ltr'><strong>sua</strong></span> <span class='ocrx_word' id='word_1_694' title='bbox 2857 3951 3074 4008; x_wconf 91' lang='lat' dir='ltr'><strong>oculare</strong></span> <span class='ocrx_word' id='word_1_695' title='bbox 3117 3953 3449 4021; x_wconf 89' lang='lat' dir='ltr'><strong>chelidonia;</strong></span> <span class='ocrx_word' id='word_1_696' title='bbox 3495 3955 3836 4012; x_wconf 89' lang='lat' dir='ltr'><strong>dictamnum</strong></span> 
     </span>
    </p>
   </div>
   <div class='ocr_carea' id='block_1_85' title="bbox 2242 4044 3829 4118">
    <p class='ocr_par' dir='ltr' id='par_1_85' title="bbox 2242 4044 3829 4118">
     <span class='ocr_line' id='line_1_85' title="bbox 2242 4044 3829 4118; baseline 0.003 -19"><span class='ocrx_word' id='word_1_697' title='bbox 2242 4058 2452 4112; x_wconf 78' lang='lat' dir='ltr'><strong>capreae</strong></span> <span class='ocrx_word' id='word_1_698' title='bbox 2499 4052 2757 4115; x_wconf 88' lang='lat' dir='ltr'><strong>appetunt</strong></span> <span class='ocrx_word' id='word_1_699' title='bbox 2797 4044 3128 4112; x_wconf 83' lang='lat' dir='ltr'><strong>vulneratae;</strong></span> <span class='ocrx_word' id='word_1_700' title='bbox 3187 4061 3285 4101; x_wconf 88' lang='lat' dir='ltr'><strong>cur</strong></span> <span class='ocrx_word' id='word_1_701' title='bbox 3339 4062 3439 4102; x_wconf 92' lang='lat' dir='ltr'><strong>nos</strong></span> <span class='ocrx_word' id='word_1_702' title='bbox 3505 4047 3829 4118; x_wconf 87' lang='lat' dir='ltr'><strong>ignoremus</strong></span> 
     </span>
    </p>
   </div>
   <div class='ocr_carea' id='block_1_86' title="bbox 2243 4136 3838 4210">
    <p class='ocr_par' dir='ltr' id='par_1_86' title="bbox 2243 4136 3838 4210">
     <span class='ocr_line' id='line_1_86' title="bbox 2243 4136 3838 4210; baseline 0.003 -18"><span class='ocrx_word' id='word_1_703' title='bbox 2243 4136 2565 4192; x_wconf 90' lang='lat' dir='ltr'><strong>medicinam</strong></span> <span class='ocrx_word' id='word_1_704' title='bbox 2591 4136 2922 4207; x_wconf 65' lang='lat' dir='ltr'><strong>poenitentiae</strong></span> <span class='ocrx_word' id='word_1_705' title='bbox 2947 4139 3278 4209; x_wconf 89' lang='lat' dir='ltr'><strong>propositam</strong></span> <span class='ocrx_word' id='word_1_706' title='bbox 3303 4153 3424 4195; x_wconf 89' lang='lat' dir='ltr'><strong>esse</strong></span> <span class='ocrx_word' id='word_1_707' title='bbox 3442 4142 3838 4210; x_wconf 84' lang='lat' dir='ltr'><strong>peccantibus?</strong></span> 
     </span>
    </p>
   </div>
   <div class='ocr_carea' id='block_1_87' title="bbox 2244 4228 3836 4304">
    <p class='ocr_par' dir='ltr' id='par_1_87' title="bbox 2244 4228 3836 4304">
     <span class='ocr_line' id='line_1_87' title="bbox 2244 4228 3836 4304; baseline 0.005 -21"><span class='ocrx_word' id='word_1_708' title='bbox 2244 4228 2399 4297; x_wconf 91' lang='lat' dir='ltr'><strong>Quod</strong></span> <span class='ocrx_word' id='word_1_709' title='bbox 2439 4237 2620 4285; x_wconf 91' lang='lat' dir='ltr'><strong>autem</strong></span> <span class='ocrx_word' id='word_1_710' title='bbox 2657 4229 2733 4284; x_wconf 89' lang='lat' dir='ltr'><strong>ait</strong></span> <span class='ocrx_word' id='word_1_711' title='bbox 2774 4245 2789 4284; x_wconf 93' lang='lat'><strong>:</strong></span> <span class='ocrx_word' id='word_1_712' title='bbox 2837 4231 2921 4286; x_wconf 88' lang='lat' dir='ltr'><strong>Ne</strong></span> <span class='ocrx_word' id='word_1_713' title='bbox 2949 4232 3194 4287; x_wconf 90' lang='lat' dir='ltr'><strong>moriaris</strong></span> <span class='ocrx_word' id='word_1_714' title='bbox 3235 4234 3291 4287; x_wconf 88' lang='lat' dir='ltr'><strong>in</strong></span> <span class='ocrx_word' id='word_1_715' title='bbox 3316 4243 3545 4304; x_wconf 81' lang='lat' dir='ltr'><strong>tempore</strong></span> <span class='ocrx_word' id='word_1_716' title='bbox 3577 4253 3688 4291; x_wconf 86' lang='lat' dir='ltr'><strong>non</strong></span> <span class='ocrx_word' id='word_1_717' title='bbox 3727 4247 3836 4301; x_wconf 82' lang='lat' dir='ltr'><strong>tuo,</strong></span> 
     </span>
    </p>
   </div>
   <div class='ocr_carea' id='block_1_88' title="bbox 2245 4319 3843 4396">
    <p class='ocr_par' dir='ltr' id='par_1_88' title="bbox 2245 4319 3843 4396">
     <span class='ocr_line' id='line_1_88' title="bbox 2245 4319 3843 4396; baseline 0.005 -21"><span class='ocrx_word' id='word_1_718' title='bbox 2245 4321 2448 4377; x_wconf 90' lang='lat' dir='ltr'><strong>scimus</strong></span> <span class='ocrx_word' id='word_1_719' title='bbox 2478 4319 2674 4388; x_wconf 89' lang='lat' dir='ltr'><strong>Chore,</strong></span> <span class='ocrx_word' id='word_1_720' title='bbox 2702 4329 2757 4377; x_wconf 90' lang='lat' dir='ltr'><strong>et</strong></span> <span class='ocrx_word' id='word_1_721' title='bbox 2779 4322 3010 4390; x_wconf 89' lang='lat' dir='ltr'><strong>Dathan,</strong></span> <span class='ocrx_word' id='word_1_722' title='bbox 3042 4332 3098 4380; x_wconf 90' lang='lat' dir='ltr'><strong>et</strong></span> <span class='ocrx_word' id='word_1_723' title='bbox 3132 4323 3338 4380; x_wconf 84' lang='lat' dir='ltr'><strong>Abiron</strong></span> <span class='ocrx_word' id='word_1_724' title='bbox 3371 4329 3843 4396; x_wconf 86' lang='lat' dir='ltr'><strong>propter-seditio-</strong></span> 
     </span>
    </p>
   </div>
   <div class='ocr_carea' id='block_1_89' title="bbox 2246 4413 3843 4487">
    <p class='ocr_par' dir='ltr' id='par_1_89' title="bbox 2246 4413 3843 4487">
     <span class='ocr_line' id='line_1_89' title="bbox 2246 4413 3843 4487; baseline 0.004 -19"><span class='ocrx_word' id='word_1_725' title='bbox 2246 4428 2373 4468; x_wconf 90' lang='lat' dir='ltr'><strong>nem</strong></span> <span class='ocrx_word' id='word_1_726' title='bbox 2418 4413 2678 4468; x_wconf 90' lang='lat' dir='ltr'><strong>adversus</strong></span> <span class='ocrx_word' id='word_1_727' title='bbox 2733 4413 2954 4486; x_wconf 83' lang='lat' dir='ltr'><strong>Moysen</strong></span> <span class='ocrx_word' id='word_1_728' title='bbox 3010 4421 3066 4471; x_wconf 91' lang='lat' dir='ltr'><strong>et</strong></span> <span class='ocrx_word' id='word_1_729' title='bbox 3108 4416 3292 4471; x_wconf 83' lang='lat' dir='ltr'><strong>Aaron</strong></span> <span class='ocrx_word' id='word_1_730' title='bbox 3341 4419 3626 4487; x_wconf 89' lang='lat' dir='ltr'><strong>repentino</strong></span> <span class='ocrx_word' id='word_1_731' title='bbox 3678 4429 3843 4476; x_wconf 72' lang='lat' dir='ltr'><strong>terra:</strong></span> 
     </span>
    </p>
   </div>
   <div class='ocr_carea' id='block_1_90' title="bbox 556 4496 3842 4606">
    <p class='ocr_par' dir='ltr' id='par_1_90' title="bbox 556 4496 3842 4606">
     <span class='ocr_line' id='line_1_90' title="bbox 556 4496 3842 4606; baseline -0 -55"><span class='ocrx_word' id='word_1_732' title='bbox 556 4496 718 4562; x_wconf 85' lang='lat' dir='ltr'><strong>Deus,</strong></span> <span class='ocrx_word' id='word_1_733' title='bbox 752 4505 808 4550; x_wconf 89' lang='lat' dir='ltr'><strong>ut</strong></span> <span class='ocrx_word' id='word_1_734' title='bbox 832 4513 937 4550; x_wconf 89' lang='lat' dir='ltr'><strong>non</strong></span> <span class='ocrx_word' id='word_1_735' title='bbox 964 4497 1191 4551; x_wconf 86' lang='lat' dir='ltr'><strong>inveniat</strong></span> <span class='ocrx_word' id='word_1_736' title='bbox 1219 4497 1373 4550; x_wconf 88' lang='lat' dir='ltr'><strong>homo</strong></span> <span class='ocrx_word' id='word_1_737' title='bbox 1405 4507 1590 4551; x_wconf 88' lang='lat' dir='ltr'><strong>contra</strong></span> <span class='ocrx_word' id='word_1_738' title='bbox 1621 4513 1739 4551; x_wconf 87' lang='lat' dir='ltr'><strong>eum</strong></span> <span class='ocrx_word' id='word_1_739' title='bbox 1755 4497 1934 4568; x_wconf 87' lang='lat' dir='ltr'><strong>justas</strong></span> <span class='ocrx_word' id='word_1_740' title='bbox 1963 4498 2141 4568; x_wconf 87' lang='lat' dir='ltr'><strong>queri-</strong></span> <span class='ocrx_word' id='word_1_741' title='bbox 2168 4541 2225 4606; x_wconf 67' lang='grc' dir='ltr'><strong><em>Β</em></strong></span> <span class='ocrx_word' id='word_1_742' title='bbox 2249 4505 2401 4561; x_wconf 63' lang='lat' dir='ltr'><strong>hiatu</strong></span> <span class='ocrx_word' id='word_1_743' title='bbox 2437 4505 2725 4562; x_wconf 69' lang='grc' dir='ltr'><strong>ἀενοιιειιοε</strong></span> <span class='ocrx_word' id='word_1_744' title='bbox 2761 4505 2951 4580; x_wconf 74' lang='lat' dir='ltr'><strong>(Num,</strong></span> <span class='ocrx_word' id='word_1_745' title='bbox 3002 4507 3140 4579; x_wconf 64' lang='grc' dir='ltr'><strong>χνι),</strong></span> <span class='ocrx_word' id='word_1_746' title='bbox 3188 4517 3243 4564; x_wconf 71' lang='grc' dir='ltr'><em>ει</em></span> <span class='ocrx_word' id='word_1_747' title='bbox 3290 4509 3359 4564; x_wconf 72' lang='lat' dir='ltr'><strong>ad</strong></span> <span class='ocrx_word' id='word_1_748' title='bbox 3397 4509 3842 4568; x_wconf 56' lang='lat' dir='ltr'><strong>emendationem</strong></span> 
     </span>
    </p>
   </div>
   <div class='ocr_carea' id='block_1_91' title="bbox 557 4591 2144 4664">
    <p class='ocr_par' dir='ltr' id='par_1_91' title="bbox 557 4591 2144 4664">
     <span class='ocr_line' id='line_1_91' title="bbox 557 4591 2144 4664; baseline 0.003 -17"><span class='ocrx_word' id='word_1_749' title='bbox 557 4594 783 4647; x_wconf 85' lang='lat' dir='ltr'><strong>manias.</strong></span> <span class='ocrx_word' id='word_1_750' title='bbox 820 4591 934 4648; x_wconf 84' lang='lat' dir='ltr'><strong>Hoc</strong></span> <span class='ocrx_word' id='word_1_751' title='bbox 962 4593 1109 4648; x_wconf 89' lang='lat' dir='ltr'><strong>enim</strong></span> <span class='ocrx_word' id='word_1_752' title='bbox 1136 4595 1233 4661; x_wconf 91' lang='lat' dir='ltr'><strong>ait,</strong></span> <span class='ocrx_word' id='word_1_753' title='bbox 1263 4593 1575 4664; x_wconf 83' lang='lat' dir='ltr'><strong>significans</strong></span> <span class='ocrx_word' id='word_1_754' title='bbox 1602 4594 1845 4648; x_wconf 89' lang='lat' dir='ltr'><strong>omnium</strong></span> <span class='ocrx_word' id='word_1_755' title='bbox 1887 4609 2008 4651; x_wconf 90' lang='lat' dir='ltr'><strong>esse</strong></span> <span class='ocrx_word' id='word_1_756' title='bbox 2059 4611 2144 4651; x_wconf 90' lang='lat' dir='ltr'><strong>re-</strong></span> 
     </span>
    </p>
   </div>
   <div class='ocr_carea' id='block_1_92' title="bbox 557 4685 2144 4753">
    <p class='ocr_par' dir='ltr' id='par_1_92' title="bbox 557 4685 2144 4753">
     <span class='ocr_line' id='line_1_92' title="bbox 557 4685 2144 4753; baseline 0.002 -13"><span class='ocrx_word' id='word_1_757' title='bbox 557 4685 906 4740; x_wconf 88' lang='lat' dir='ltr'><strong>tributionem</strong></span> <span class='ocrx_word' id='word_1_758' title='bbox 931 4699 945 4738; x_wconf 94' lang='lat'><strong>:</strong></span> <span class='ocrx_word' id='word_1_759' title='bbox 979 4685 1099 4741; x_wconf 92' lang='lat' dir='ltr'><strong>ideo</strong></span> <span class='ocrx_word' id='word_1_760' title='bbox 1123 4687 1378 4742; x_wconf 90' lang='lat' dir='ltr'><strong>admonet</strong></span> <span class='ocrx_word' id='word_1_761' title='bbox 1405 4701 1522 4751; x_wconf 90' lang='lat' dir='ltr'><strong>nos,</strong></span> <span class='ocrx_word' id='word_1_762' title='bbox 1557 4685 1700 4742; x_wconf 90' lang='lat' dir='ltr'><strong>diem</strong></span> <span class='ocrx_word' id='word_1_763' title='bbox 1729 4685 1952 4753; x_wconf 91' lang='lat' dir='ltr'><strong>malum,</strong></span> <span class='ocrx_word' id='word_1_764' title='bbox 1979 4688 2032 4743; x_wconf 93' lang='lat' dir='ltr'><strong>id</strong></span> <span class='ocrx_word' id='word_1_765' title='bbox 2061 4695 2144 4744; x_wconf 91' lang='lat' dir='ltr'><strong>est</strong></span> 
     </span>
    </p>
   </div>
   <div class='ocr_carea' id='block_1_93' title="bbox 559 4776 2145 4848">
    <p class='ocr_par' dir='ltr' id='par_1_93' title="bbox 559 4776 2145 4848">
     <span class='ocr_line' id='line_1_93' title="bbox 559 4776 2145 4848; baseline 0.002 -16"><span class='ocrx_word' id='word_1_766' title='bbox 559 4777 703 4832; x_wconf 89' lang='lat' dir='ltr'><strong>diem</strong></span> <span class='ocrx_word' id='word_1_767' title='bbox 745 4776 1012 4843; x_wconf 71' lang='lat' dir='ltr'><strong>vindictae,</strong></span> <span class='ocrx_word' id='word_1_768' title='bbox 1045 4793 1368 4848; x_wconf 83' lang='lat' dir='ltr'><strong>praecavere.</strong></span> <span class='ocrx_word' id='word_1_769' title='bbox 1401 4777 1546 4833; x_wconf 90' lang='lat' dir='ltr'><strong>Bene</strong></span> <span class='ocrx_word' id='word_1_770' title='bbox 1568 4792 1697 4832; x_wconf 91' lang='lat' dir='ltr'><strong>vero</strong></span> <span class='ocrx_word' id='word_1_771' title='bbox 1729 4776 1948 4832; x_wconf 81' lang='lat' dir='ltr'><strong>facienti</strong></span> <span class='ocrx_word' id='word_1_772' title='bbox 1968 4778 2145 4836; x_wconf 89' lang='lat' dir='ltr'><strong>bonus</strong></span> 
     </span>
    </p>
   </div>
   <div class='ocr_carea' id='block_1_94' title="bbox 559 4871 2146 4942">
    <p class='ocr_par' dir='ltr' id='par_1_94' title="bbox 559 4871 2146 4942">
     <span class='ocr_line' id='line_1_94' title="bbox 559 4871 2146 4942; baseline -0.001 -14"><span class='ocrx_word' id='word_1_773' title='bbox 559 4878 643 4928; x_wconf 90' lang='lat' dir='ltr'><strong>est</strong></span> <span class='ocrx_word' id='word_1_774' title='bbox 675 4872 835 4942; x_wconf 89' lang='lat' dir='ltr'><strong>hujus</strong></span> <span class='ocrx_word' id='word_1_775' title='bbox 859 4872 985 4926; x_wconf 83' lang='lat' dir='ltr'><strong>vitae</strong></span> <span class='ocrx_word' id='word_1_776' title='bbox 1007 4871 1142 4938; x_wconf 89' lang='lat' dir='ltr'><strong>dies,</strong></span> <span class='ocrx_word' id='word_1_777' title='bbox 1167 4871 1235 4926; x_wconf 92' lang='lat' dir='ltr'><strong>ad</strong></span> <span class='ocrx_word' id='word_1_778' title='bbox 1271 4871 1692 4942; x_wconf 89' lang='lat' dir='ltr'><strong>promerendum</strong></span> <span class='ocrx_word' id='word_1_779' title='bbox 1717 4878 1937 4927; x_wconf 80' lang='lat' dir='ltr'><strong>aeternae</strong></span> <span class='ocrx_word' id='word_1_780' title='bbox 1975 4871 2146 4928; x_wconf 90' lang='lat' dir='ltr'><strong>beati-</strong></span> 
     </span>
    </p>
   </div>
   <div class='ocr_carea' id='block_1_95' title="bbox 513 4967 2143 5042">
    <p class='ocr_par' dir='ltr' id='par_1_95' title="bbox 513 4967 2143 5042">
     <span class='ocr_line' id='line_1_95' title="bbox 513 4967 2143 5042; baseline -0.002 -17"><span class='ocrx_word' id='word_1_781' title='bbox 513 5039 518 5042; x_wconf 97' lang='lat'>_</span> <span class='ocrx_word' id='word_1_782' title='bbox 559 4967 762 5025; x_wconf 84' lang='lat' dir='ltr'><strong>tudinis</strong></span> <span class='ocrx_word' id='word_1_783' title='bbox 791 4967 954 5023; x_wconf 91' lang='lat' dir='ltr'><strong>diem.</strong></span> <span class='ocrx_word' id='word_1_784' title='bbox 989 4967 1140 5024; x_wconf 90' lang='lat' dir='ltr'><strong>Sicut</strong></span> <span class='ocrx_word' id='word_1_785' title='bbox 1159 4968 1304 5022; x_wconf 89' lang='lat' dir='ltr'><strong>enim</strong></span> <span class='ocrx_word' id='word_1_786' title='bbox 1336 4968 1478 5023; x_wconf 87' lang='lat' dir='ltr'><strong>Deus</strong></span> <span class='ocrx_word' id='word_1_787' title='bbox 1517 4967 1644 5022; x_wconf 89' lang='lat' dir='ltr'><strong>fecit</strong></span> <span class='ocrx_word' id='word_1_788' title='bbox 1689 4967 1872 5033; x_wconf 88' lang='lat' dir='ltr'><strong>istum,</strong></span> <span class='ocrx_word' id='word_1_789' title='bbox 1900 4973 1960 5021; x_wconf 91' lang='lat' dir='ltr'><strong>ut</strong></span> <span class='ocrx_word' id='word_1_790' title='bbox 2003 4968 2143 5022; x_wconf 91' lang='lat' dir='ltr'><strong>bene</strong></span> 
     </span>
    </p>
   </div>
   <div class='ocr_carea' id='block_1_96' title="bbox 559 5059 2136 5128">
    <p class='ocr_par' dir='ltr' id='par_1_96' title="bbox 559 5059 2136 5128">
     <span class='ocr_line' id='line_1_96' title="bbox 559 5059 2136 5128; baseline -0.001 -12"><span class='ocrx_word' id='word_1_791' title='bbox 559 5061 804 5117; x_wconf 86' lang='lat' dir='ltr'><strong>vivamus</strong></span> <span class='ocrx_word' id='word_1_792' title='bbox 841 5061 897 5116; x_wconf 92' lang='lat' dir='ltr'><strong>in</strong></span> <span class='ocrx_word' id='word_1_793' title='bbox 926 5075 1010 5128; x_wconf 90' lang='lat' dir='ltr'><strong>eo,</strong></span> <span class='ocrx_word' id='word_1_794' title='bbox 1057 5061 1130 5115; x_wconf 89' lang='lat' dir='ltr'><strong>ita</strong></span> <span class='ocrx_word' id='word_1_795' title='bbox 1161 5069 1216 5116; x_wconf 89' lang='lat' dir='ltr'><strong>et</strong></span> <span class='ocrx_word' id='word_1_796' title='bbox 1257 5061 1406 5116; x_wconf 93' lang='lat' dir='ltr'><strong>illum</strong></span> <span class='ocrx_word' id='word_1_797' title='bbox 1452 5059 1593 5116; x_wconf 90' lang='lat' dir='ltr'><strong>male</strong></span> <span class='ocrx_word' id='word_1_798' title='bbox 1622 5059 1944 5115; x_wconf 89' lang='lat' dir='ltr'><strong>facientibus</strong></span> <span class='ocrx_word' id='word_1_799' title='bbox 1989 5059 2136 5116; x_wconf 85' lang='lat' dir='ltr'><strong>fecit.</strong></span> 
     </span>
    </p>
   </div>
   <div class='ocr_carea' id='block_1_97' title="bbox 561 5153 2141 5225">
    <p class='ocr_par' dir='ltr' id='par_1_97' title="bbox 561 5153 2141 5225">
     <span class='ocr_line' id='line_1_97' title="bbox 561 5153 2141 5225; baseline -0.001 -16"><span class='ocrx_word' id='word_1_800' title='bbox 561 5154 734 5209; x_wconf 80' lang='lat' dir='ltr'><strong>Aliter</strong></span> <span class='ocrx_word' id='word_1_801' title='bbox 761 5172 774 5208; x_wconf 92' lang='lat'><strong>:</strong></span> <span class='ocrx_word' id='word_1_802' title='bbox 809 5153 980 5220; x_wconf 90' lang='lat' dir='ltr'><strong>Bona,</strong></span> <span class='ocrx_word' id='word_1_803' title='bbox 1010 5153 1206 5225; x_wconf 88' lang='lat' dir='ltr'><strong>inquit,</strong></span> <span class='ocrx_word' id='word_1_804' title='bbox 1238 5161 1295 5210; x_wconf 93' lang='lat' dir='ltr'><strong>et</strong></span> <span class='ocrx_word' id='word_1_805' title='bbox 1318 5153 1478 5218; x_wconf 90' lang='lat' dir='ltr'><strong>mala,</strong></span> <span class='ocrx_word' id='word_1_806' title='bbox 1510 5154 1564 5208; x_wconf 90' lang='lat' dir='ltr'><strong>id</strong></span> <span class='ocrx_word' id='word_1_807' title='bbox 1589 5161 1674 5208; x_wconf 89' lang='lat' dir='ltr'><strong>est</strong></span> <span class='ocrx_word' id='word_1_808' title='bbox 1691 5168 1950 5223; x_wconf 89' lang='lat' dir='ltr'><strong>prospera</strong></span> <span class='ocrx_word' id='word_1_809' title='bbox 1973 5160 2030 5208; x_wconf 89' lang='lat' dir='ltr'><strong>et</strong></span> <span class='ocrx_word' id='word_1_810' title='bbox 2049 5153 2141 5208; x_wconf 84' lang='lat' dir='ltr'><strong>ad-</strong></span> 
     </span>
    </p>
   </div>
   <div class='ocr_carea' id='block_1_98' title="bbox 562 5236 2144 5320">
    <p class='ocr_par' dir='ltr' id='par_1_98' title="bbox 562 5236 2144 5320">
     <span class='ocr_line' id='line_1_98' title="bbox 562 5236 2144 5320; baseline -0.002 -17"><span class='ocrx_word' id='word_1_811' title='bbox 562 5263 739 5312; x_wconf 89' lang='lat' dir='ltr'><strong>versa,</strong></span> <span class='ocrx_word' id='word_1_812' title='bbox 767 5236 928 5317; x_wconf 83' lang='lat' dir='ltr'><strong>prout</strong></span> <span class='ocrx_word' id='word_1_813' title='bbox 951 5247 1198 5303; x_wconf 89' lang='lat' dir='ltr'><strong>venerint</strong></span> <span class='ocrx_word' id='word_1_814' title='bbox 1229 5245 1385 5320; x_wconf 79' lang='lat' dir='ltr'><strong>[Ms.,</strong></span> <span class='ocrx_word' id='word_1_815' title='bbox 1431 5244 1729 5316; x_wconf 87' lang='lat' dir='ltr'><strong>evenerint]</strong></span> <span class='ocrx_word' id='word_1_816' title='bbox 1764 5245 1882 5310; x_wconf 91' lang='lat' dir='ltr'><strong>tibi,</strong></span> <span class='ocrx_word' id='word_1_817' title='bbox 1913 5245 2144 5300; x_wconf 87' lang='lat' dir='ltr'><strong>viriliter</strong></span> 
     </span>
    </p>
   </div>
   <div class='ocr_carea' id='block_1_99' title="bbox 563 5334 2144 5407">
    <p class='ocr_par' dir='ltr' id='par_1_99' title="bbox 563 5334 2144 5407">
     <span class='ocr_line' id='line_1_99' title="bbox 563 5334 2144 5407; baseline -0.003 -13"><span class='ocrx_word' id='word_1_818' title='bbox 563 5338 793 5402; x_wconf 87' lang='lat' dir='ltr'><strong>sustine,</strong></span> <span class='ocrx_word' id='word_1_819' title='bbox 843 5338 968 5407; x_wconf 91' lang='lat' dir='ltr'><strong>quia</strong></span> <span class='ocrx_word' id='word_1_820' title='bbox 996 5346 1225 5407; x_wconf 87' lang='lat' dir='ltr'><strong>utraque</strong></span> <span class='ocrx_word' id='word_1_821' title='bbox 1270 5337 1364 5390; x_wconf 85' lang='lat' dir='ltr'><strong>Dei</strong></span> <span class='ocrx_word' id='word_1_822' title='bbox 1401 5334 1606 5404; x_wconf 88' lang='lat' dir='ltr'><strong>judicio</strong></span> <span class='ocrx_word' id='word_1_823' title='bbox 1634 5336 1884 5390; x_wconf 84' lang='lat' dir='ltr'><strong>evenient</strong></span> <span class='ocrx_word' id='word_1_824' title='bbox 1929 5351 2144 5406; x_wconf 90' lang='lat' dir='ltr'><strong>semper</strong></span> 
     </span>
    </p>
   </div>
   <div class='ocr_carea' id='block_1_100' title="bbox 556 5425 2146 5499">
    <p class='ocr_par' dir='ltr' id='par_1_100' title="bbox 556 5425 2146 5499">
     <span class='ocr_line' id='line_1_100' title="bbox 556 5425 2146 5499; baseline 0 -16"><span class='ocrx_word' id='word_1_825' title='bbox 556 5427 728 5499; x_wconf 86' lang='lat' dir='ltr'><strong>justo,</strong></span> <span class='ocrx_word' id='word_1_826' title='bbox 762 5429 1008 5499; x_wconf 89' lang='lat' dir='ltr'><strong>quamvis</strong></span> <span class='ocrx_word' id='word_1_827' title='bbox 1054 5443 1195 5498; x_wconf 83' lang='lat' dir='ltr'><strong>saepe</strong></span> <span class='ocrx_word' id='word_1_828' title='bbox 1219 5427 1450 5484; x_wconf 90' lang='lat' dir='ltr'><strong>occulto.</strong></span> <span class='ocrx_word' id='word_1_829' title='bbox 1489 5425 1852 5496; x_wconf 86' lang='lat' dir='ltr'><strong>Prohibetque</strong></span> <span class='ocrx_word' id='word_1_830' title='bbox 1873 5428 2146 5497; x_wconf 89' lang='lat' dir='ltr'><strong>querimo-</strong></span> 
     </span>
    </p>
   </div>
   <div class='ocr_carea' id='block_1_101' title="bbox 565 5517 2142 5590">
    <p class='ocr_par' dir='ltr' id='par_1_101' title="bbox 565 5517 2142 5590">
     <span class='ocr_line' id='line_1_101' title="bbox 565 5517 2142 5590; baseline -0.001 -14"><span class='ocrx_word' id='word_1_831' title='bbox 565 5523 685 5578; x_wconf 88' lang='lat' dir='ltr'><strong>nias</strong></span> <span class='ocrx_word' id='word_1_832' title='bbox 721 5529 907 5578; x_wconf 90' lang='lat' dir='ltr'><strong>contra</strong></span> <span class='ocrx_word' id='word_1_833' title='bbox 955 5521 1147 5587; x_wconf 90' lang='lat' dir='ltr'><strong>Deum,</strong></span> <span class='ocrx_word' id='word_1_834' title='bbox 1197 5535 1296 5575; x_wconf 89' lang='lat' dir='ltr'><strong>cur</strong></span> <span class='ocrx_word' id='word_1_835' title='bbox 1344 5519 1432 5574; x_wconf 91' lang='lat' dir='ltr'><strong>alii</strong></span> <span class='ocrx_word' id='word_1_836' title='bbox 1484 5517 1798 5574; x_wconf 85' lang='lat' dir='ltr'><strong>felicitatem</strong></span> <span class='ocrx_word' id='word_1_837' title='bbox 1847 5526 2010 5590; x_wconf 90' lang='lat' dir='ltr'><strong>atque</strong></span> <span class='ocrx_word' id='word_1_838' title='bbox 2052 5519 2142 5574; x_wconf 89' lang='lat' dir='ltr'><strong>alii</strong></span> 
     </span>
    </p>
   </div>
   <div class='ocr_carea' id='block_1_102' title="bbox 564 5615 1560 5673">
    <p class='ocr_par' dir='ltr' id='par_1_102' title="bbox 564 5615 1560 5673">
     <span class='ocr_line' id='line_1_102' title="bbox 564 5615 1560 5673; baseline -0.004 -1"><span class='ocrx_word' id='word_1_839' title='bbox 564 5617 842 5673; x_wconf 87' lang='lat' dir='ltr'><strong>miseriam</strong></span> <span class='ocrx_word' id='word_1_840' title='bbox 870 5618 924 5672; x_wconf 94' lang='lat' dir='ltr'><strong>in</strong></span> <span class='ocrx_word' id='word_1_841' title='bbox 952 5617 1053 5672; x_wconf 92' lang='lat' dir='ltr'><strong>hoc</strong></span> <span class='ocrx_word' id='word_1_842' title='bbox 1081 5617 1316 5672; x_wconf 90' lang='lat' dir='ltr'><strong>habeant</strong></span> <span class='ocrx_word' id='word_1_843' title='bbox 1344 5615 1560 5671; x_wconf 85' lang='lat' dir='ltr'><strong>saeculo.</strong></span> 
     </span>
    </p>
   </div>
   <div class='ocr_carea' id='block_1_103' title="bbox 639 5723 2183 5797">
    <p class='ocr_par' dir='ltr' id='par_1_103' title="bbox 639 5723 2183 5797">
     <span class='ocr_line' id='line_1_103' title="bbox 639 5723 2183 5797; baseline -0.003 -15"><span class='ocrx_word' id='word_1_844' title='bbox 639 5740 666 5768; x_wconf 74' lang='grc' dir='ltr'>ι</span> <span class='ocrx_word' id='word_1_845' title='bbox 693 5727 820 5783; x_wconf 78' lang='lat' dir='ltr'><strong>ller</strong></span> <span class='ocrx_word' id='word_1_846' title='bbox 848 5745 913 5784; x_wconf 81' lang='lat' dir='ltr'><strong>ex</strong></span> <span class='ocrx_word' id='word_1_847' title='bbox 957 5727 1015 5784; x_wconf 90' lang='lat' dir='ltr'><strong>S.</strong></span> <span class='ocrx_word' id='word_1_848' title='bbox 1045 5727 1194 5782; x_wconf 86' lang='lat' dir='ltr'><strong>Hier.</strong></span> <span class='ocrx_word' id='word_1_849' title='bbox 1225 5727 1300 5781; x_wconf 92' lang='lat' dir='ltr'><strong>ita</strong></span> <span class='ocrx_word' id='word_1_850' title='bbox 1329 5725 1621 5796; x_wconf 84' lang='lat' dir='ltr'><strong>supplenda</strong></span> <span class='ocrx_word' id='word_1_851' title='bbox 1666 5731 1791 5797; x_wconf 85' lang='lat' dir='ltr'><strong>sunt</strong></span> <span class='ocrx_word' id='word_1_852' title='bbox 1815 5739 1835 5797; x_wconf 16' lang='lat'><strong>:4</strong></span> <span class='ocrx_word' id='word_1_853' title='bbox 1885 5743 1902 5774; x_wconf 72' lang='grc' dir='ltr'><strong>ε</strong></span> <span class='ocrx_word' id='word_1_854' title='bbox 1934 5723 2140 5797; x_wconf 81' lang='lat' dir='ltr'><strong>Bonum</strong></span> <span class='ocrx_word' id='word_1_855' title='bbox 2178 5792 2183 5797; x_wconf 13' lang='grc' dir='ltr'><strong>ἢ</strong></span> 
     </span>
    </p>
   </div>
   <div class='ocr_carea' id='block_1_104' title="bbox 568 5794 2142 5869">
    <p class='ocr_par' dir='ltr' id='par_1_104' title="bbox 568 5794 2142 5869">
     <span class='ocr_line' id='line_1_104' title="bbox 568 5794 2142 5869; baseline -0.003 -14"><span class='ocrx_word' id='word_1_856' title='bbox 568 5805 656 5855; x_wconf 80' lang='lat' dir='ltr'><strong>est</strong></span> <span class='ocrx_word' id='word_1_857' title='bbox 674 5798 834 5869; x_wconf 88' lang='lat' dir='ltr'><strong>justis</strong></span> <span class='ocrx_word' id='word_1_858' title='bbox 867 5799 1200 5863; x_wconf 85' lang='lat' dir='ltr'><strong>benefacere,</strong></span> <span class='ocrx_word' id='word_1_859' title='bbox 1233 5798 1328 5854; x_wconf 84' lang='lat' dir='ltr'><strong>sed</strong></span> <span class='ocrx_word' id='word_1_860' title='bbox 1353 5794 1408 5851; x_wconf 84' lang='lat' dir='ltr'><strong>et</strong></span> <span class='ocrx_word' id='word_1_861' title='bbox 1431 5794 1802 5867; x_wconf 85' lang='lat' dir='ltr'><strong>peccatoribus</strong></span> <span class='ocrx_word' id='word_1_862' title='bbox 1823 5794 2142 5851; x_wconf 86' lang='lat' dir='ltr'><strong>benefacere</strong></span> 
     </span>
    </p>
   </div>
   <div class='ocr_carea' id='block_1_105' title="bbox 2249 4601 3844 4676">
    <p class='ocr_par' dir='ltr' id='par_1_105' title="bbox 2249 4601 3844 4676">
     <span class='ocr_line' id='line_1_105' title="bbox 2249 4601 3844 4676; baseline 0.004 -22"><span class='ocrx_word' id='word_1_863' title='bbox 2249 4601 2478 4656; x_wconf 87' lang='lat' dir='ltr'><strong>aliorum</strong></span> <span class='ocrx_word' id='word_1_864' title='bbox 2508 4608 2634 4655; x_wconf 89' lang='lat' dir='ltr'><strong>ante</strong></span> <span class='ocrx_word' id='word_1_865' title='bbox 2663 4601 2804 4656; x_wconf 92' lang='lat' dir='ltr'><strong>diem</strong></span> <span class='ocrx_word' id='word_1_866' title='bbox 2826 4601 3017 4672; x_wconf 92' lang='lat' dir='ltr'><strong>judicii</strong></span> <span class='ocrx_word' id='word_1_867' title='bbox 3048 4601 3258 4676; x_wconf 88' lang='lat' dir='ltr'><strong>[etiam]</strong></span> <span class='ocrx_word' id='word_1_868' title='bbox 3290 4603 3345 4657; x_wconf 93' lang='lat' dir='ltr'><strong>in</strong></span> <span class='ocrx_word' id='word_1_869' title='bbox 3373 4603 3477 4658; x_wconf 89' lang='lat' dir='ltr'><strong>hac</strong></span> <span class='ocrx_word' id='word_1_870' title='bbox 3510 4604 3625 4658; x_wconf 88' lang='lat' dir='ltr'><strong>vita</strong></span> <span class='ocrx_word' id='word_1_871' title='bbox 3665 4605 3844 4675; x_wconf 86' lang='lat' dir='ltr'><strong>pluri-</strong></span> 
     </span>
    </p>
   </div>
   <div class='ocr_carea' id='block_1_106' title="bbox 2249 4690 3840 4768">
    <p class='ocr_par' dir='ltr' id='par_1_106' title="bbox 2249 4690 3840 4768">
     <span class='ocr_line' id='line_1_106' title="bbox 2249 4690 3840 4768; baseline 0.004 -22"><span class='ocrx_word' id='word_1_872' title='bbox 2249 4707 2368 4747; x_wconf 89' lang='lat' dir='ltr'><strong>mos</strong></span> <span class='ocrx_word' id='word_1_873' title='bbox 2384 4690 2675 4760; x_wconf 78' lang='lat' dir='ltr'><strong>iudicatos.</strong></span> <span class='ocrx_word' id='word_1_874' title='bbox 2697 4692 2851 4760; x_wconf 88' lang='lat' dir='ltr'><strong>Quod</strong></span> <span class='ocrx_word' id='word_1_875' title='bbox 2877 4709 3006 4766; x_wconf 89' lang='lat' dir='ltr'><strong>ergo</strong></span> <span class='ocrx_word' id='word_1_876' title='bbox 3031 4694 3165 4750; x_wconf 82' lang='lat' dir='ltr'><strong>dicit</strong></span> <span class='ocrx_word' id='word_1_877' title='bbox 3187 4696 3293 4750; x_wconf 89' lang='lat' dir='ltr'><strong>tale</strong></span> <span class='ocrx_word' id='word_1_878' title='bbox 3316 4705 3400 4752; x_wconf 89' lang='lat' dir='ltr'><strong>est</strong></span> <span class='ocrx_word' id='word_1_879' title='bbox 3417 4715 3430 4749; x_wconf 87' lang='lat'><strong>:</strong></span> <span class='ocrx_word' id='word_1_880' title='bbox 3447 4695 3566 4751; x_wconf 87' lang='lat' dir='ltr'><strong>Noli</strong></span> <span class='ocrx_word' id='word_1_881' title='bbox 3590 4699 3840 4768; x_wconf 85' lang='lat' dir='ltr'><strong>peccatis</strong></span> 
     </span>
    </p>
   </div>
   <div class='ocr_carea' id='block_1_107' title="bbox 2248 4787 3845 4858">
    <p class='ocr_par' dir='ltr' id='par_1_107' title="bbox 2248 4787 3845 4858">
     <span class='ocr_line' id='line_1_107' title="bbox 2248 4787 3845 4858; baseline 0.003 -17"><span class='ocrx_word' id='word_1_882' title='bbox 2248 4787 2480 4858; x_wconf 86' lang='lat' dir='ltr'><strong>adjicere</strong></span> <span class='ocrx_word' id='word_1_883' title='bbox 2507 4794 2750 4856; x_wconf 90' lang='lat' dir='ltr'><strong>peccata,</strong></span> <span class='ocrx_word' id='word_1_884' title='bbox 2780 4801 2848 4841; x_wconf 88' lang='lat' dir='ltr'><strong>ne</strong></span> <span class='ocrx_word' id='word_1_885' title='bbox 2871 4802 3134 4856; x_wconf 91' lang='lat' dir='ltr'><strong>provoces</strong></span> <span class='ocrx_word' id='word_1_886' title='bbox 3168 4788 3356 4854; x_wconf 91' lang='lat' dir='ltr'><strong>Deum,</strong></span> <span class='ocrx_word' id='word_1_887' title='bbox 3380 4797 3436 4843; x_wconf 91' lang='lat' dir='ltr'><strong>et</strong></span> <span class='ocrx_word' id='word_1_888' title='bbox 3461 4789 3550 4844; x_wconf 90' lang='lat' dir='ltr'><strong>hic</strong></span> <span class='ocrx_word' id='word_1_889' title='bbox 3572 4790 3671 4846; x_wconf 89' lang='lat' dir='ltr'><strong>tibi</strong></span> <span class='ocrx_word' id='word_1_890' title='bbox 3702 4789 3845 4846; x_wconf 87' lang='lat' dir='ltr'><strong>infe-</strong></span> 
     </span>
    </p>
   </div>
   <div class='ocr_carea' id='block_1_108' title="bbox 2247 4878 3570 4952">
    <p class='ocr_par' dir='ltr' id='par_1_108' title="bbox 2247 4878 3570 4952">
     <span class='ocr_line' id='line_1_108' title="bbox 2247 4878 3570 4952; baseline -0.001 -15"><span class='ocrx_word' id='word_1_891' title='bbox 2247 4888 2334 4937; x_wconf 91' lang='lat' dir='ltr'><strong>rat</strong></span> <span class='ocrx_word' id='word_1_892' title='bbox 2363 4878 2513 4952; x_wconf 80' lang='lat' dir='ltr'><strong>[Ms.,</strong></span> <span class='ocrx_word' id='word_1_893' title='bbox 2544 4879 2708 4933; x_wconf 89' lang='lat' dir='ltr'><strong>etiam</strong></span> <span class='ocrx_word' id='word_1_894' title='bbox 2734 4878 2822 4934; x_wconf 91' lang='lat' dir='ltr'><strong>hic</strong></span> <span class='ocrx_word' id='word_1_895' title='bbox 2849 4879 2948 4934; x_wconf 92' lang='lat' dir='ltr'><strong>tibi</strong></span> <span class='ocrx_word' id='word_1_896' title='bbox 2976 4878 3197 4952; x_wconf 88' lang='lat' dir='ltr'><strong>inferre]</strong></span> <span class='ocrx_word' id='word_1_897' title='bbox 3229 4881 3570 4951; x_wconf 91' lang='lat' dir='ltr'><strong>supplicium.</strong></span> 
     </span>
    </p>
   </div>
   <div class='ocr_carea' id='block_1_109' title="bbox 2319 4970 3840 5044">
    <p class='ocr_par' dir='ltr' id='par_1_109' title="bbox 2319 4970 3840 5044">
     <span class='ocr_line' id='line_1_109' title="bbox 2319 4970 3840 5044; baseline 0.001 -16"><span class='ocrx_word' id='word_1_898' title='bbox 2319 4973 2482 5028; x_wconf 70' lang='lat' dir='ltr'><strong>Vens.</strong></span> <span class='ocrx_word' id='word_1_899' title='bbox 2509 4972 2596 5027; x_wconf 86' lang='grc'><strong>19.</strong></span> <span class='ocrx_word' id='word_1_900' title='bbox 2624 5001 2695 5012; x_wconf 89' lang='grc'><strong><em>-</em></strong></span> <span class='ocrx_word' id='word_1_901' title='bbox 2734 4970 2941 5026; x_wconf 87' lang='lat' dir='ltr'><strong>Bonum</strong></span> <span class='ocrx_word' id='word_1_902' title='bbox 2980 4981 3054 5026; x_wconf 89' lang='lat' dir='ltr'><strong>est</strong></span> <span class='ocrx_word' id='word_1_903' title='bbox 3083 4981 3131 5027; x_wconf 88' lang='lat' dir='ltr'><strong>te</strong></span> <span class='ocrx_word' id='word_1_904' title='bbox 3152 4983 3442 5027; x_wconf 84' lang='lat' dir='ltr'><strong>sustentare</strong></span> <span class='ocrx_word' id='word_1_905' title='bbox 3461 4974 3699 5044; x_wconf 82' lang='lat' dir='ltr'><strong>justum,</strong></span> <span class='ocrx_word' id='word_1_906' title='bbox 3749 4973 3840 5030; x_wconf 78' lang='lat' dir='ltr'><strong>sed</strong></span> 
     </span>
    </p>
   </div>
   <div class='ocr_carea' id='block_1_110' title="bbox 2247 5061 3843 5134">
    <p class='ocr_par' dir='ltr' id='par_1_110' title="bbox 2247 5061 3843 5134">
     <span class='ocr_line' id='line_1_110' title="bbox 2247 5061 3843 5134; baseline 0 -15"><span class='ocrx_word' id='word_1_907' title='bbox 2247 5063 2312 5119; x_wconf 89' lang='lat' dir='ltr'><strong>ab</strong></span> <span class='ocrx_word' id='word_1_908' title='bbox 2335 5061 2426 5116; x_wconf 91' lang='lat' dir='ltr'><strong>illo</strong></span> <span class='ocrx_word' id='word_1_909' title='bbox 2455 5079 2517 5116; x_wconf 91' lang='lat' dir='ltr'><strong>ne</strong></span> <span class='ocrx_word' id='word_1_910' title='bbox 2538 5061 2815 5116; x_wconf 86' lang='lat' dir='ltr'><strong>subtrahas</strong></span> <span class='ocrx_word' id='word_1_911' title='bbox 2837 5079 3051 5116; x_wconf 88' lang='lat' dir='ltr'><strong>manum</strong></span> <span class='ocrx_word' id='word_1_912' title='bbox 3077 5072 3222 5116; x_wconf 89' lang='lat' dir='ltr'><strong>tuam</strong></span> <span class='ocrx_word' id='word_1_913' title='bbox 3246 5079 3265 5117; x_wconf 90' lang='lat'><strong>:</strong></span> <span class='ocrx_word' id='word_1_914' title='bbox 3294 5065 3419 5134; x_wconf 86' lang='lat' dir='ltr'><strong>quia</strong></span> <span class='ocrx_word' id='word_1_915' title='bbox 3448 5066 3538 5134; x_wconf 79' lang='lat' dir='ltr'><strong>qui</strong></span> <span class='ocrx_word' id='word_1_916' title='bbox 3557 5066 3710 5118; x_wconf 82' lang='lat' dir='ltr'><strong>timet</strong></span> <span class='ocrx_word' id='word_1_917' title='bbox 3733 5064 3843 5120; x_wconf 89' lang='lat' dir='ltr'><strong>Do-</strong></span> 
     </span>
    </p>
   </div>
   <div class='ocr_carea' id='block_1_111' title="bbox 2247 5153 3840 5226">
    <p class='ocr_par' dir='ltr' id='par_1_111' title="bbox 2247 5153 3840 5226">
     <span class='ocr_line' id='line_1_111' title="bbox 2247 5153 3840 5226; baseline 0.004 -18"><span class='ocrx_word' id='word_1_918' title='bbox 2247 5155 2468 5220; x_wconf 87' lang='lat' dir='ltr'><strong>minum,</strong></span> <span class='ocrx_word' id='word_1_919' title='bbox 2499 5153 2629 5208; x_wconf 82' lang='lat' dir='ltr'><strong>nihil</strong></span> <span class='ocrx_word' id='word_1_920' title='bbox 2655 5153 2886 5225; x_wconf 87' lang='lat' dir='ltr'><strong>negligit.</strong></span> <span class='ocrx_word' id='word_1_921' title='bbox 2913 5153 3119 5210; x_wconf 90' lang='lat' dir='ltr'><strong>Bonum</strong></span> <span class='ocrx_word' id='word_1_922' title='bbox 3146 5163 3229 5211; x_wconf 89' lang='lat' dir='ltr'><strong>est</strong></span> <span class='ocrx_word' id='word_1_923' title='bbox 3244 5154 3409 5224; x_wconf 91' lang='lat' dir='ltr'><strong>justis</strong></span> <span class='ocrx_word' id='word_1_924' title='bbox 3437 5157 3574 5213; x_wconf 89' lang='lat' dir='ltr'><strong>bene</strong></span> <span class='ocrx_word' id='word_1_925' title='bbox 3615 5157 3840 5226; x_wconf 88' lang='lat' dir='ltr'><strong>facere,</strong></span> 
     </span>
    </p>
   </div>
   <div class='ocr_carea' id='block_1_112' title="bbox 2247 5246 3842 5320">
    <p class='ocr_par' dir='ltr' id='par_1_112' title="bbox 2247 5246 3842 5320">
     <span class='ocr_line' id='line_1_112' title="bbox 2247 5246 3842 5320; baseline 0.005 -19"><span class='ocrx_word' id='word_1_926' title='bbox 2247 5262 2357 5302; x_wconf 90' lang='lat' dir='ltr'><strong>non</strong></span> <span class='ocrx_word' id='word_1_927' title='bbox 2383 5246 2638 5317; x_wconf 90' lang='lat' dir='ltr'><strong>injustum</strong></span> <span class='ocrx_word' id='word_1_928' title='bbox 2663 5253 2746 5301; x_wconf 90' lang='lat' dir='ltr'><strong>est</strong></span> <span class='ocrx_word' id='word_1_929' title='bbox 2768 5248 3322 5318; x_wconf 59' lang='lat' dir='ltr'><strong>tantumjdomesticos</strong></span> <span class='ocrx_word' id='word_1_930' title='bbox 3343 5249 3467 5305; x_wconf 86' lang='lat' dir='ltr'><strong>fidei</strong></span> <span class='ocrx_word' id='word_1_931' title='bbox 3487 5251 3766 5308; x_wconf 70' lang='lat' dir='ltr'><strong>sustinere</strong></span> <span class='ocrx_word' id='word_1_932' title='bbox 3790 5266 3842 5320; x_wconf 75' lang='grc' dir='ltr'><strong>ι,</strong></span> 
     </span>
    </p>
   </div>
   <div class='ocr_carea' id='block_1_113' title="bbox 2249 5337 3842 5414">
    <p class='ocr_par' dir='ltr' id='par_1_113' title="bbox 2249 5337 3842 5414">
     <span class='ocr_line' id='line_1_113' title="bbox 2249 5337 3842 5414; baseline 0.004 -19"><span class='ocrx_word' id='word_1_933' title='bbox 2249 5339 2343 5395; x_wconf 92' lang='lat' dir='ltr'><strong>sed</strong></span> <span class='ocrx_word' id='word_1_934' title='bbox 2392 5337 2489 5411; x_wconf 91' lang='lat' dir='ltr'><strong>[et]</strong></span> <span class='ocrx_word' id='word_1_935' title='bbox 2521 5338 2667 5392; x_wconf 90' lang='lat' dir='ltr'><strong>omni</strong></span> <span class='ocrx_word' id='word_1_936' title='bbox 2704 5340 2907 5408; x_wconf 88' lang='lat' dir='ltr'><strong>petenti</strong></span> <span class='ocrx_word' id='word_1_937' title='bbox 2937 5341 3197 5408; x_wconf 86' lang='lat' dir='ltr'><strong>tribuere,</strong></span> <span class='ocrx_word' id='word_1_938' title='bbox 3222 5351 3554 5414; x_wconf 64' lang='lat' dir='ltr'><strong>praeceptum</strong></span> <span class='ocrx_word' id='word_1_939' title='bbox 3583 5354 3689 5400; x_wconf 87' lang='lat' dir='ltr'><strong>est.</strong></span> <span class='ocrx_word' id='word_1_940' title='bbox 3743 5346 3842 5402; x_wconf 86' lang='lat' dir='ltr'><strong>Ti-</strong></span> 
     </span>
    </p>
   </div>
   <div class='ocr_carea' id='block_1_114' title="bbox 2250 5430 3842 5508">
    <p class='ocr_par' dir='ltr' id='par_1_114' title="bbox 2250 5430 3842 5508">
     <span class='ocr_line' id='line_1_114' title="bbox 2250 5430 3842 5508; baseline 0.007 -24"><span class='ocrx_word' id='word_1_941' title='bbox 2250 5447 2402 5486; x_wconf 91' lang='lat' dir='ltr'><strong>mens</strong></span> <span class='ocrx_word' id='word_1_942' title='bbox 2425 5431 2622 5501; x_wconf 88' lang='lat' dir='ltr'><strong>quippe</strong></span> <span class='ocrx_word' id='word_1_943' title='bbox 2663 5430 2972 5500; x_wconf 88' lang='lat' dir='ltr'><strong>Dominum,</strong></span> <span class='ocrx_word' id='word_1_944' title='bbox 3011 5442 3065 5488; x_wconf 90' lang='lat' dir='ltr'><strong>et</strong></span> <span class='ocrx_word' id='word_1_945' title='bbox 3092 5434 3332 5490; x_wconf 90' lang='lat' dir='ltr'><strong>imitator</strong></span> <span class='ocrx_word' id='word_1_946' title='bbox 3367 5435 3674 5492; x_wconf 91' lang='lat' dir='ltr'><strong>Conditoris</strong></span> <span class='ocrx_word' id='word_1_947' title='bbox 3718 5437 3842 5508; x_wconf 83' lang='lat' dir='ltr'><strong>sui,</strong></span> 
     </span>
    </p>
   </div>
   <div class='ocr_carea' id='block_1_115' title="bbox 2250 5522 3846 5600">
    <p class='ocr_par' dir='ltr' id='par_1_115' title="bbox 2250 5522 3846 5600">
     <span class='ocr_line' id='line_1_115' title="bbox 2250 5522 3846 5600; baseline 0.009 -25"><span class='ocrx_word' id='word_1_948' title='bbox 2250 5522 2342 5592; x_wconf 89' lang='lat' dir='ltr'><strong>qui</strong></span> <span class='ocrx_word' id='word_1_949' title='bbox 2389 5522 2522 5591; x_wconf 89' lang='lat' dir='ltr'><strong>pluit</strong></span> <span class='ocrx_word' id='word_1_950' title='bbox 2552 5539 2713 5594; x_wconf 91' lang='lat' dir='ltr'><strong>super</strong></span> <span class='ocrx_word' id='word_1_951' title='bbox 2754 5522 2929 5593; x_wconf 90' lang='lat' dir='ltr'><strong>justos</strong></span> <span class='ocrx_word' id='word_1_952' title='bbox 2957 5532 3011 5580; x_wconf 92' lang='lat' dir='ltr'><strong>et</strong></span> <span class='ocrx_word' id='word_1_953' title='bbox 3053 5525 3301 5596; x_wconf 89' lang='lat' dir='ltr'><strong>injustos,</strong></span> <span class='ocrx_word' id='word_1_954' title='bbox 3335 5529 3539 5599; x_wconf 89' lang='lat' dir='ltr'><strong>absque</strong></span> <span class='ocrx_word' id='word_1_955' title='bbox 3577 5541 3846 5600; x_wconf 86' lang='lat' dir='ltr'><strong>respectu</strong></span> 
     </span>
    </p>
   </div>
   <div class='ocr_carea' id='block_1_116' title="bbox 2247 5604 3843 5683">
    <p class='ocr_par' dir='ltr' id='par_1_116' title="bbox 2247 5604 3843 5683">
     <span class='ocr_line' id='line_1_116' title="bbox 2247 5604 3843 5683; baseline 0.009 -16"><span class='ocrx_word' id='word_1_956' title='bbox 2247 5629 2599 5683; x_wconf 88' lang='lat' dir='ltr'><strong>personarum</strong></span> <span class='ocrx_word' id='word_1_957' title='bbox 2644 5617 2894 5672; x_wconf 91' lang='lat' dir='ltr'><strong>omnibus</strong></span> <span class='ocrx_word' id='word_1_958' title='bbox 2936 5617 3259 5675; x_wconf 89' lang='lat' dir='ltr'><strong>benefacere</strong></span> <span class='ocrx_word' id='word_1_959' title='bbox 3302 5620 3542 5675; x_wconf 89' lang='lat' dir='ltr'><strong>festinat.</strong></span> <span class='ocrx_word' id='word_1_960' title='bbox 3587 5604 3782 5679; x_wconf 26' lang='lat' dir='ltr'><strong>&#39;Aliter</strong></span> <span class='ocrx_word' id='word_1_961' title='bbox 3823 5637 3843 5681; x_wconf 90' lang='lat'><strong>:</strong></span> 
     </span>
    </p>
   </div>
   <div class='ocr_carea' id='block_1_117' title="bbox 2248 5727 3846 5854">
    <p class='ocr_par' dir='ltr' id='par_1_117' title="bbox 2248 5727 3846 5854">
     <span class='ocr_line' id='line_1_117' title="bbox 2248 5727 3846 5854; baseline 0.009 -73"><span class='ocrx_word' id='word_1_962' title='bbox 2248 5727 2638 5854; x_wconf 60' lang='lat' dir='ltr'><strong>ngneinjusltum</strong></span> <span class='ocrx_word' id='word_1_963' title='bbox 2665 5741 2769 5788; x_wconf 89' lang='lat' dir='ltr'><strong>est.</strong></span> <span class='ocrx_word' id='word_1_964' title='bbox 2807 5730 3018 5789; x_wconf 90' lang='lat' dir='ltr'><strong>Bonum</strong></span> <span class='ocrx_word' id='word_1_965' title='bbox 3057 5742 3144 5790; x_wconf 89' lang='lat' dir='ltr'><strong>est</strong></span> <span class='ocrx_word' id='word_1_966' title='bbox 3169 5733 3494 5793; x_wconf 90' lang='lat' dir='ltr'><strong>domesticos</strong></span> <span class='ocrx_word' id='word_1_967' title='bbox 3517 5734 3640 5792; x_wconf 85' lang='lat' dir='ltr'><strong>fidei</strong></span> <span class='ocrx_word' id='word_1_968' title='bbox 3663 5737 3846 5796; x_wconf 85' lang='lat' dir='ltr'><strong>susti-</strong></span> 
     </span>
     <span class='ocr_line' id='line_1_118' title="bbox 2248 5815 2577 5854; baseline 0.003 -2"><span class='ocrx_word' id='word_1_969' title='bbox 2248 5815 2279 5852; x_wconf 95' lang='lat' dir='ltr'><strong>n</strong></span> <span class='ocrx_word' id='word_1_970' title='bbox 2297 5815 2342 5854; x_wconf 68' lang='lat' dir='ltr'><strong>,r</strong></span> <span class='ocrx_word' id='word_1_971' title='bbox 2379 5838 2393 5854; x_wconf 88' lang='lat'><strong>.</strong></span> <span class='ocrx_word' id='word_1_972' title='bbox 2429 5819 2448 5852; x_wconf 81' lang='grc'><strong><em>›</em></strong></span> <span class='ocrx_word' id='word_1_973' title='bbox 2474 5815 2504 5854; x_wconf 82' lang='grc' dir='ltr'><strong>ε</strong></span> <span class='ocrx_word' id='word_1_974' title='bbox 2530 5817 2577 5854; x_wconf 84' lang='grc' dir='ltr'><em>ε.</em></span> 
     </span>
    </p>
   </div>
   <div class='ocr_carea' id='block_1_118' title="bbox 2246 5814 2577 5864">
    <p class='ocr_par' dir='ltr' id='par_1_118' title="bbox 2246 5814 2577 5864">
     <span class='ocr_line' id='line_1_119' title="bbox 2246 5814 2577 5864; baseline 0.003 -12"><span class='ocrx_word' id='word_1_975' title='bbox 2246 5814 2393 5864; x_wconf 83' lang='lat' dir='ltr'><strong>nere,</strong></span> <span class='ocrx_word' id='word_1_976' title='bbox 2429 5819 2448 5852; x_wconf 67' lang='grc' dir='ltr'><strong>ι</strong></span> <span class='ocrx_word' id='word_1_977' title='bbox 2474 5814 2577 5856; x_wconf 84' lang='grc' dir='ltr'><em>ειε.</em></span> 
     </span>
    </p>
   </div>
  </div>
