4072 6340
247 381 346 442 697

1054 372 1464 433 EXEGETICA.
1505 401 1575 414 -—
1612 367 1968 428 COMMENT.
2008 367 2079 424 IN
2115 366 2647 426 ECCLESIASTEN.

3386 372 3493 430 698

249 497 383 568 Quia
409 493 521 549 vita
550 492 665 549 haec
692 490 1014 549 miserabilis
1047 491 1275 547 diversis
1302 471 1540 562 quOtidie
1579 488 1822 543 variatur
1847 491 1894 549 Α
1922 484 2131 540 vincula
2161 466 2289 572 sunt.
2327 465 2514 538 manus
2542 483 2684 537 illius
2709 499 2728 537 :
2774 483 2866 554 qui
2886 481 3056 554 placet
3097 481 3339 550 Domino,
3371 489 3507 558 effu-

249 587 552 652 eventibus,
585 594 695 640 tam
739 583 805 637 ad
833 584 1058 639 adversa
1087 599 1249 653 quam
1287 583 1353 638 ad
1391 597 1649 653 prospera
1689 579 1822 649 justi

250 684 461 739 animus
485 663 841 752 przeparetur,
870 687 925 734 et
951 687 1140 748 poscat
1167 677 1263 732 Dei
1291 675 1735 738 misericordiam,
1763 681 1823 728 ut

250 775 604 849 quodcunque
637 774 896 837 evenerit,
942 773 1110 827 libera
1165 778 1344 825 mente
1389 769 1672 824 sustineat.
1720 766 1822 832 Qui

253 864 442 940 [enim]
476 864 629 918 timet
654 863 963 926 Dominum,
991 875 1092 915 nec
1115 859 1389 930 prosperis
1418 857 1614 930 [Edit.,
1646 863 1824 926 poste-

251 957 345 1032 ris]
379 957 638 1021 elevatur,
662 970 763 1009 nec
786 953 1110 1026 opprimitur
1138 950 1398 1007 adversis.

317 1051 483 1106 Vens.
521 1049 612 1114 20,
646 1049 734 1102 2i.
771 1078 842 1088 —
877 1045 1145 1117 Sapientia
1187 1041 1497 1113 confortavit
1541 1040 1824 1110 sapientem

246 1159 402 1214 super
429 1143 603 1195 decem
632 1141 890 1211 principes
920 1137 1166 1192 civitatis.
1223 1134 1347 1189 Non
1377 1143 1450 1187 est
1495 1133 1631 1186 enim
1669 1132 1824 1185 homo

245 1235 334 1305 qui
363 1233 525 1304 faciat
556 1232 744 1286 bonum
765 1239 812 1285 et
840 1247 945 1284 non
972 1237 1162 1299 peccet.
1194 1225 1470 1295 Sapientia
1501 1239 1649 1287 vero,
1687 1222 1826 1276 sicut

246 1326 353 1381 alio
378 1324 495 1379 loco
519 1323 734 1394 legitur,
781 1321 969 1376 melior
997 1327 1078 1374 est
1116 1316 1454 1380 fortitudine,
1496 1329 1658 1383 quam
1695 1312 1826 1367 dicit

245 1418 432 1472 decem
481 1414 816 1484 principibus
861 1425 980 1466 esse
1025 1409 1303 1464 fortiorem
1334 1407 1389 1461 in
1427 1420 1538 1460 uno
1561 1404 1821 1475 sapiente.

243 1509 458 1562 Aliter:
499 1507 686 1560 decem
736 1505 829 1573 qui
883 1509 1206 1573 potestatem
1257 1499 1458 1556 habent
1491 1506 1546 1554 et
1593 1497 1646 1550 in
1693 1497 1826 1553 urbe

244 1601 571 1664 consistunt,
605 1597 780 1669 angeli
811 1604 954 1663 sunt,
983 1597 1074 1666 qui
1114 1597 1182 1650 ad
1211 1596 1514 1665 perfectum
1544 1607 1826 1648 numerum

242 1692 528 1762 pervenire
555 1697 782 1760 possunt
817 1689 1098 1744 denarium
1139 1685 1340 1759 [Hier.,
1387 1700 1672 1740 numerum
1706 1700 1829 1754 per-

243 1796 445 1836 venere
470 1778 795 1851 denarium],
815 1788 870 1834 et
897 1779 1223 1833 auxiliantur
1241 1779 1478 1832 humano
1491 1777 1694 1848 generi.
1722 1775 1828 1830 Sed

242 1872 291 1930 si
318 1873 442 1943 quis
469 1872 776 1928 consideret
801 1871 983 1926 omnia
1007 1869 1222 1933 auxilia,
1254 1867 1428 1936 majus
1455 1876 1538 1923 est
1565 1866 1825 1921 auxilium
1853 1850 1903 1914 Β

242 1965 546 2036 sapientiae,
576 1965 628 2018 id
655 1971 739 2019 est
759 1963 973 2019 Domini
999 1963 1168 2016 nostri
1192 1959 1318 2016 Jesu
1337 1960 1559 2024 Christi,
1585 1960 1826 2014 omnium

243 2059 578 2130 angelorum,
629 2058 754 2127 quia
799 2057 976 2111 nullus
1004 2072 1070 2111 ex
1100 2055 1305 2126 angelis
1342 2053 1612 2109 redimere
1654 2053 1828 2123 potuit

243 2152 546 2206 humanum
573 2164 742 2222 genus
769 2148 1006 2219 peccatis
1035 2147 1348 2202 obnoxium.
1387 2144 1525 2199 Tum
1567 2143 1828 2198 Dominus

241 2241 560 2312 angelorum
591 2238 887 2303 descendit,
917 2246 973 2292 et
997 2253 1276 2308 reSpersos
1297 2252 1396 2291 nos
1419 2235 1679 2303 sanguine
1706 2250 1825 2299 suo,

239 2333 459 2389 sanavit
491 2333 558 2385 ab
592 2331 738 2385 omni
768 2330 1084 2384 inﬁrmitate
1112 2335 1458 2398 peccatorum
1494 2333 1824 2380 nostrorum.

242 2422 404 2478 Sicut
432 2422 576 2476 enim
626 2436 724 2490 per
769 2435 934 2474 unum
979 2419 1252 2474 hominem
1303 2417 1523 2471 intravit
1579 2431 1725 2470 mors
1773 2415 1828 2470 in

220 2513 506 2579 ,mundum
537 2511 706 2583 (Rom.
738 2527 792 2577 v,
829 2511 938 2582 l2),
973 2512 1046 2564 ita
1076 2525 1170 2580 per
1199 2526 1388 2574 unum,
1422 2510 1476 2564 id
1506 2516 1610 2577 est,
1643 2507 1828 2564 Iesum

239 2603 543 2668 Christum,
577 2603 872 2673 redemptio
901 2603 1050 2657 venit
1079 2603 1133 2656 in
1160 2602 1436 2656 mundum.

320 2694 481 2749 Vens.
507 2695 598 2760 22,
624 2695 712 2749 23.
737 2726 808 2734 —
829 2693 932 2748 Sed
957 2704 1003 2748 et
1027 2695 1224 2748 cunctis
1252 2694 1576 2748 sermonibus
1602 2709 1719 2765 qua:
1741 2692 1827 2746 di-

238 2795 443 2844 Suntur
471 2805 535 2841 ne
570 2787 926 2842 accommodes
951 2803 1042 2840 cor
1069 2795 1236 2850 tuum,
1262 2803 1324 2840 ne
1350 2785 1482 2856 forte
1504 2786 1692 2839 audias
1721 2801 1831 2839 ser-

242 2895 367 2935 uum
394 2887 542 2933 tuum
577 2877 969 2932 maledicentem
999 2877 1111 2930 tibi.
1143 2875 1254 2931 Scit
1290 2878 1427 2930 enim
1456 2887 1546 2930 tua
1566 2877 1831 2930 conscien-

243 2973 320 3024 tia
343 2972 471 3040 quia
503 2979 550 3024 et
571 2980 627 3023 tu
650 2969 827 3023 crebro
849 2968 1168 3022 maledixisti
1195 2966 1332 3021 aliis.
1373 2967 1536 3021 Docet
1561 2966 1726 3037 igitur
1745 2981 1831 3020 sa-

242 3061 486 3130 pientem
537 3058 921 3114 maledicorum
967 3056 1180 3127 linguas
1231 3071 1338 3110 non
1385 3055 1698 3119 auscultari,
1739 3054 1834 3109 sed

243 3151 529 3221 sapientiae
576 3150 775 3205 auxilio
824 3148 1186 3204 confortatum
1235 3149 1408 3219 magis
1450 3163 1631 3203 mores
1663 3163 1832 3204 vanos

242 3242 660 3314 parvipendere,
691 3235 970 3312 magisque
999 3241 1342 3296 conscientiae
1368 3239 1525 3310 431
1563 3241 1704 3294 bono
1742 3239 1834 3293 lat-

246 3337 352 3392 tari
411 3351 572 3404 quam
615 3334 922 3389 maledictis
957 3333 1146 3388 alienis
1193 3333 1508 3388 contristari
1553 3349 1565 3384 :
1600 3332 1836 3387 maxime

240 3427 337 3500 qui
389 3428 630 3496 seipsum
659 3426 809 3481 novit
855 3425 1142 3494 aliquoties
1170 3424 1291 3478 aliis
1320 3423 1639 3489 detrahere;
1689 3430 1744 3477 et
1787 3423 1836 3478 si

242 3521 348 3577 sibi
389 3520 497 3590 ipsi
525 3519 729 3590 ignosci
753 3519 1023 3574 desideret
1056 3517 1190 3572 alios
1219 3517 1667 3585 reprehendenti,
1715 3515 1836 3572 aliis

248 3629 475 3684 quoque
506 3628 565 3667 se
592 3609 1111 3681 reprehendentibus
1152 3609 1413 3679 ignoscat.
1463 3606 1522 3662 Si
1549 3608 1694 3663 enim
1733 3622 1834 3663 cu-

242 3705 434 3760 riosus
461 3712 545 3758 est
573 3703 845 3772 quispiam
873 3701 1002 3772 quid
1035 3699 1126 3754 alii
1151 3701 1218 3754 de
1246 3715 1304 3756 se
1354 3699 1642 3769 loquantur
1667 3707 1724 3756 et
1748 3698 1836 3768 ju-

239 3798 448 3862 dicent,
481 3810 696 3867 semper
741 3796 796 3851 in
827 3795 1175 3851 tribulatione
1215 3795 1339 3860 erit,
1363 3793 1490 3864 quia
1532 3793 1837 3850 nullatenus

240 3907 341 3947 nec
369 3907 662 3946 servorum
691 3906 914 3946 suorum
947 3890 1354 3945 mussitationes
1379 3903 1724 3959 compescere
1741 3903 1837 3944 va-

241 3981 344 4049 let;
370 3990 439 4038 et
468 3981 628 4037 simul
659 3983 814 4038 docet
842 3995 950 4035 non
972 3980 1129 4036 facile
1143 3979 1514 4049 judicandum,
1538 3987 1592 4034 et
1616 3979 1836 4034 habenti

241 4078 462 4132 trabem
490 4075 544 4129 in
569 4074 742 4140 oculo,
769 4075 837 4129 de
865 4072 1069 4128 festuca
1098 4073 1320 4128 alterius
1355 4088 1462 4128 non
1487 4073 1831 4142 loquendum.

311 4163 497 4221 Vens.
529 4165 618 4232 24,
649 4165 740 4219 25.
769 4165 1053 4219 —Cuncta
1073 4165 1266 4218 tentavi
1288 4166 1342 4219 in
1364 4165 1642 4235 sapientia.
1667 4163 1793 4218 Dixi
1815 4181 1835 4220 :

240 4257 474 4330 Sapiens
509 4256 730 4326 efﬁciar,
761 4266 809 4312 et
833 4258 947 4329 ipsa
982 4255 1186 4327 longius
1220 4258 1428 4311 recessit
1474 4274 1507 4310 a
1551 4273 1631 4311 me
1670 4255 1835 4311 multo

242 4354 419 4423 magis
448 4367 607 4422 quam
643 4359 798 4417 erat;
834 4358 882 4404 et
929 4349 1038 4403 alta
1077 4349 1434 4420 profunditas,
1464 4351 1580 4420 quis
1616 4349 1837 4404 inveniet

241 4459 359 4499 eam
383 4445 414 4498 ?
441 4443 582 4498 Dicit
617 4458 696 4510 se,
743 4450 804 4497 ut
831 4442 1142 4514 Regnorum
1165 4455 1381 4511 quoque
1404 4447 1670 4496 testantur
1688 4439 1830 4504 libri,

243 4533 388 4590 ultra
419 4550 611 4590 omnes
648 4535 896 4590 homines
944 4534 1202 4604 quaesisse
1251 4533 1592 4602 sapientiam,
1640 4540 1696 4587 et
1720 4539 1837 4586 ten-

245 4635 394 4684 tasse
449 4629 518 4683 ad
574 4627 736 4683 finem
775 4627 918 4684 illius
968 4628 1252 4698 pervenire
1279 4642 1293 4680 :
1325 4625 1420 4683 sed
1473 4610 1676 4696 quanto
1714 4626 1836 4697 plus

244 4720 552 4789 quaesierit,
577 4728 726 4774 tanto
752 4720 930 4775 minus
955 4719 1239 4790 reperisse,
1262 4726 1316 4774 et
1346 4719 1401 4773 in
1428 4719 1604 4774 media
1629 4719 1839 4774 demer-

247 4828 367 4868 sum
401 4813 637 4883 caligine
678 4813 912 4868 tenebris
939 4812 1255 4883 ignorantiae
1292 4811 1703 4867 circumdatum.
1725 4811 1837 4866 Ali-

249 4910 332 4959 ter
362 4914 551 4959 autem
583 4923 597 4959 :
647 4904 748 4972 Qui
777 4906 1020 4960 eruditus
1056 4904 1218 4960 fuerit
1243 4905 1298 4960 in
1323 4904 1640 4975 Scripturis,
1666 4921 1838 4976 quan-

247 5005 306 5053 to
345 4998 475 5070 plus
495 5013 714 5068 surgere
764 4996 963 5069 [Hier.,
989 4998 1110 5068 plus
1139 4997 1300 5069 scire]
1341 4998 1584 5066 coeperit,
1613 5005 1763 5050 tanto
1785 4996 1837 5050 ei

249 5087 310 5146 in
335 5091 428 5145 bis
449 5089 689 5158 quotidie
707 5091 882 5145 oritur
903 5089 1075 5158 major
1101 5091 1402 5146 obscuritas
1428 5108 1439 5143 :
1474 5091 1601 5160 quia
1633 5090 1686 5144 in
1713 5105 1836 5158 spc-

252 5185 379 5241 culo
419 5192 476 5239 et
506 5185 737 5256 imagine
760 5185 1020 5248 videmus,
1047 5184 1220 5239 donec
1245 5184 1446 5248 veniat,
1495 5184 1638 5252 quod
1665 5181 1840 5252 perfe-

253 5288 409 5334 ctum
445 5286 572 5346 est;
605 5279 724 5333 ideo
752 5278 866 5333 haec
903 5277 1166 5346 sapientia
1210 5276 1519 5331 mortalium
1569 5290 1733 5345 parva
1759 5281 1842 5330 est

253 5373 323 5427 ad
348 5372 526 5439 illam,
553 5387 674 5442 quae
707 5369 906 5426 sanctis
925 5368 1084 5424 datur
1111 5369 1162 5422 in
1193 5367 1376 5422 futuro
1419 5382 1584 5437 regno
1615 5366 1730 5420 Dei.

330 5466 503 5520 Vens.
531 5465 620 5530 26,
654 5464 743 5518 27.
782 5493 852 5502 -
887 5461 1125 5516 Lustravi
1149 5461 1386 5514 universa
1425 5460 1599 5513 animo
1624 5474 1761 5521 meo,
1783 5465 1842 5512 ut

251 5560 476 5622 scirem,
521 5565 568 5611 et
595 5555 998 5620 considerarem,
1027 5563 1074 5608 et
1113 5568 1397 5624 quwrerem
1436 5551 1766 5622 sapientiam,
1794 5557 1843 5604 et

255 5651 545 5713 rationem,
569 5658 615 5701 et
645 5657 699 5700 ut
722 5663 1077 5717 cognoscerem
1099 5646 1412 5717 impietatem
1430 5641 1598 5708 stulti,
1624 5652 1672 5697 et
1703 5661 1846 5699 erro-

256 5758 370 5795 rem
404 5741 826 5810 imprudentum;
850 5750 896 5794 et
925 5741 1093 5795 inveni
1127 5740 1441 5793 amariorem
1466 5746 1630 5792 morte
1657 5737 1844 5793 mulie-

255 5848 402 5902 rem,
427 5849 544 5904 qua:
569 5836 784 5908 laqueus
823 5846 1126 5892 venatorum
1154 5844 1248 5901 est,
1291 5842 1338 5888 et
1373 5848 1579 5904 sagena.’
1603 5849 1692 5887 cor
1712 5832 1846 5902 ejus,

1859 3203 1908 3268 Ο

1925 579 2026 650 giet
2069 595 2228 644 eam;
2279 579 2367 647 qui
2421 585 2595 630 autem
2642 584 3018 649 peccator_est,
3044 577 3276 646 capietur
3295 577 3358 630 ab
3387 576 3502 635 illa.

1899 651 2060 737 ’ρυἰέ
2091 685 2253 740 supra
2279 668 2633 723 Ecclesiastes
2657 667 2865 722 dixerat
2885 667 3066 722 omnia
3096 681 3154 721 se
3203 668 3256 722 in
3289 670 3504 738 sapien-

1896 763 1998 818 ‘tia
2037 772 2292 828 tentasse,
2330 769 2386 817 et
2413 769 2613 831 quanto
2646 776 2765 814 eam
2813 759 2932 830 plus
2984 759 3307 829 inquisierit,
3353 769 3508 820 tanto

1926 854 2071 909 illam
2097 854 2306 925 longius
2330 851 2592 924 refugisse
2616 868 2634 905 :
2679 866 2821 905 nunc
2869 851 2962 915 ait,
2989 856 3043 904 et
3062 849 3191 904 illud
3215 850 3269 904 in
3307 865 3404 904 sua
3428 851 3508 906 in-

1923 945 2137 1000 venisse
2173 943 2434 1015 sapientia
2485 941 2702 1006 malum,
2764 941 2906 1010 quod
2958 955 3014 994 tn
3047 940 3209 994 rebus
3258 939 3511 997 humanis

1924 1036 2105 1090 omnia
2128 1035 2370 1089 vinceret
2397 1033 2558 1099 mala,
2589 1033 2642 1087 id
2676 1039 2776 1098 est,
2811 1031 3092 1086 mulierem
3123 1031 3363 1086 omnium
3391 1048 3512 1089 esse

1925 1127 2189 1182 malorum
2218 1133 2401 1195 caput,
2432 1125 2556 1194 quia
2577 1138 2675 1194 per
2700 1123 2845 1177 illam
2868 1138 3015 1178 mors
3040 1124 3095 1178 in
3120 1124 3307 1178 orbem
3337 1133 3510 1180 terra-

1927 1239 2046 1277 rum
2080 1221 2344 1286 introivit,
2372 1229 2427 1274 et
2453 1220 2720 1290 pretiosas
2748 1218 2956 1272 animas
2998 1217 3236 1273 virorum
3268 1219 3428 1288 capit,
3457 1229 3513 1275 et

1925 1329 2049 1368 cum
2089 1313 2143 1366 in
2196 1318 2431 1366 mentem
2469 1310 2652 1364 miseri
2711 1309 2968 1364 amatoris
3015 1309 3286 1377 inciderit,
3346 1312 3515 1366 trahit

1925 1418 2050 1458 eum
2097 1404 2153 1458 in
2182 1419 2445 1474 przeceps,
2474 1417 2574 1457 nec
2608 1409 2732 1457 ante
2756 1403 2922 1472 pedes
2949 1419 3077 1459 suos
3107 1405 3378 1476 respicere
3411 1422 3504 1476 pa-

1928 1500 2080 1565 titur,
2108 1499 2204 1555 sed
2238 1499 2391 1568 quasi
2418 1499 2642 1568 laqueus
2668 1507 2723 1553 et
2752 1514 2965 1568 sagenze
3016 1515 3112 1555 cor
3147 1501 3509 1560 adolescentis

1929 1591 2172 1646 innectit.
2223 1589 2446 1644 Vincula
2479 1600 2600 1644 sunt
2631 1607 2818 1646 manus
2847 1589 3011 1645 illius.
3063 1592 3121 1648 Id
3144 1603 3248 1661 est,
3282 1596 3510 1653 suadere

1927 1692 2121 1753 potest,
2177 1685 2287 1738 vim
2321 1683 2498 1740 facere
2543 1699 2650 1738 non
2679 1692 2877 1754 potest,
2930 1701 3031 1740 nec
3066 1687 3132 1741 ad
3169 1703 3226 1742 se
3270 1689 3515 1746 nolentes

1930 1779 2270 1849 compellere.
2304 1777 2489 1834 Justus
2536 1778 2628 1848 qui
2659 1778 2826 1835 fuerit
2853 1788 2908 1834 et
2941 1781 3118 1838 bonus
3165 1798 3346 1837 coram
3374 1783 3509 1848 Deo,

1928 1879 2145 1926 eruetur
2191 1871 2258 1925 ab
2283 1885 2346 1925 ea
2375 1885 2390 1924 :
2439 1879 2693 1940 peccator
2720 1875 2848 1926 vero
2890 1881 3078 1942 captus
3125 1873 3419 1927 deducetur
3446 1873 3515 1928 ad

1927 1972 2176 2018 mortem.
2204 1963 2319 2017 Non
2345 1971 2595 2032 putemus
2630 1963 2758 2017 hinc
2788 1961 2943 2034 [Ms.,
2975 1962 3138 2035 hanc]
3171 1962 3515 2018 Salomonem

1928 2055 1993 2110 de
2023 2055 2170 2112 omni
2224 2069 2418 2127 genere
2479 2054 2766 2109 mulierum
2819 2055 3108 2124 protulisse
3139 2055 3504 2108 sententiam:

1928 2150 2070 2219 quod
2125 2155 2378 2219 expertus
2427 2155 2511 2202 cst
2561 2147 2836 2217 loquitur;
2868 2149 2987 2202 ideo
3043 2149 3240 2218 quippe
3297 2146 3521 2201 offendit

1929 2240 2119 2303 Deum,
2157 2239 2282 2308 quia
2314 2246 2503 2308 captus
2528 2237 2630 2292 fuit
2655 2253 2687 2292 a
2714 2238 3050 2294 mulieribus.
3091 2239 3160 2292 Et
3183 2239 3297 2292 haec
3319 2253 3513 2292 secun-

1931 2335 2058 2389 dum
2120 2333 2376 2388 litteram.
2419 2332 2686 2387 Caeterum
2748 2334 3044 2387 secundum
3106 2331 3517 2402 intelligentiam

1909 2409 2254 2496 ‘spiritalem,
2307 2424 2561 2478 haeretica
2592 2423 2832 2495 pravitas
2862 2422 3102 2477 mulieris
3127 2421 3343 2476 nomine
3378 2421 3520 2476 desi-

1931 2526 2144 2590 gnatur,
2185 2533 2303 2588 quae
2338 2516 2588 2573 mollibus
2611 2517 2855 2572 incautos
2905 2530 3046 2586 saepe
3076 2515 3205 2586 ligat
3256 2514 3520 2569 sermoni-

1929 2613 2051 2677 bus,
2081 2612 2208 2680 quia
2237 2612 2392 2681 panis
2426 2612 2773 2667 absconditus
2799 2612 2860 2665 et'
2890 2625 3043 2681 aquae
3068 2609 3280 2666 furtivae
3318 2609 3521 2666 dulcio-

1931 2719 2020 2759 res
2056 2703 2438 2772 insipientibus
2468 2703 2641 2757 solent
2680 2717 2799 2758 esse

1999 2796 2164 2851 Vens.
2225 2795 2410 2851 28-50.
2451 2826 2522 2835 —
2563 2795 2708 2850 Ecce
2741 2797 2838 2850 hoc
2865 2795 3058 2862 inveni,
3095 2793 3222 2850 dicit
3254 2793 3522 2852 Ecclesiae-

1931 2897 2053 2954 stes,
2085 2904 2247 2942 unum
2286 2895 2333 2941 et
2365 2885 2609 2952 alterum,
2649 2895 2706 2940 ut
2739 2887 3021 2942 invenirem
3071 2887 3330 2941 rationem
3362 2903 3520 2959 quam

1933 2979 2104 3032 adhuc
2139 2981 2328 3050 quaerit
2371 2980 2548 3034 anima
2575 2997 2710 3046 mea,
2741 2988 2790 3035 et
2836 2997 2940 3035 non
2991 2981 3182 3035 inveni.
3251 2978 3428 3034 Virum
3455 2981 3520 3036 de

1934 3069 2076 3124 mille
2103 3087 2264 3124 unum
2297 3073 2483 3142 reperi,
2508 3071 2778 3126 mulierem
2825 3089 2890 3126 ex
2915 3073 3152 3126 omnibus
3188 3088 3292 3126 non
3319 3073 3512 3126 inveni.

1939 3157 2280 3214 Solummodo
2310 3160 2408 3214 hoc
2445 3161 2636 3226 inveni,
2673 3161 2812 3232 quod
2861 3161 3038 3231 fecerit
3081 3161 3221 3216 Deus
3262 3162 3520 3215 hominem

1938 3260 2156 3316 rectum,
2206 3259 2254 3304 et
2297 3253 2406 3320 ipse
2439 3269 2492 3306 se
2525 3251 2747 3321 inﬁnitis
2801 3254 3063 3307 miscuerit
3126 3254 3518 3325 quaestionibus.

1938 3343 2129 3398 Omnia
2183 3343 2466 3414 diligenter
2525 3345 2807 3399 tractando
2865 3345 3222 3410 consideravi,
3263 3353 3323 3398 ut
3354 3344 3520 3398 τειῑίοι

1939 3453 2064 3493 nem
2100 3438 2260 3492 unius
2298 3437 2589 3492 alteriusve
2636 3438 2736 3503 rei,
2789 3438 2845 3493 id
2892 3445 2976 3494 est
3029 3437 3394 3506 cujuscunque
3439 3436 3518 3492 rei

1938 3531 2255 3594 invenirem,
2281 3529 2367 3584 vel
2397 3529 2560 3584 etiam
2607 3530 2750 3585 inter
2780 3531 3030 3587 homines
3076 3546 3370 3602 eorumque
3409 3545 3525 3585 mo—

1936 3639 2027 3682 res
2055 3623 2456 3688 discretionem,
2491 3623 2610 3692 quis
2654 3621 2892 3692 perfecte
2922 3625 3096 3678 honus
3121 3630 3284 3678 esset.
3327 3619 3432 3676 Sed
3456 3635 3525 3676 ex

1937 3719 2190 3776 omnibus
2216 3718 2348 3772 viris
2376 3732 2542 3771 unum
2573 3717 2752 3771 inveni
2777 3716 3014 3788 perfecte
3058 3717 3280 3781 bonum,
3314 3713 3367 3768 id
3403 3723 3509 3780 est,

1936 3810 2252 3866 Christum:
2287 3809 2426 3863 sicut
2457 3807 2725 3877 Propheta
2775 3808 2944 3863 dicit:
2982 3807 3103 3861 Non
3135 3816 3208 3860 est
3231 3806 3321 3875 qui
3351 3804 3514 3873 faciat

1939 3903 2148 3966 bonum,
2197 3917 2300 3954 non
2351 3908 2426 3952 est
2475 3914 2636 3968 usque
2691 3899 2759 3951 ad
2815 3914 2976 3950 unum
3007 3895 3182 3968 (Psal.
3209 3911 3326 3958 xm,
3357 3893 3408 3959 1,
3441 3893 3521 3964 5).

1940 3989 2100 4046 Solus
2129 3989 2380 4044 Christus
2404 3987 2521 4042 sine
2567 3986 2715 4040 omni
2767 3985 2886 4041 labe
2928 3985 3134 4056 peccati
3165 3986 3414 4040 inventus
3443 3991 3528 4039 est

1938 4084 2128 4138 bonus.
2172 4080 2501 4135 Millenarius
2560 4093 2690 4134 vero
2741 4094 2998 4134 numerus
3045 4094 3144 4148 pro
3203 4085 3518 4132 sanctorum

1938 4175 2263 4230 discretione
2299 4189 2329 4227 a
2355 4172 2754 4242 peccatoribus,
2783 4173 2876 4241 qui
2903 4171 3145 4226 mulieris
3177 4170 3396 4226 nomine
3422 4169 3520 4226 de-

1938 4265 2241 4336 signantur,
2269 4264 2373 4318 hoc
2408 4263 2460 4317 in
2491 4261 2608 4318 loco
2650 4263 2886 4332 ponitur.
2930 4263 3024 4318 Vir
3049 4262 3284 4334 igitura
3326 4261 3527 4317 virtute

1939 4357 2154 4421 dicitur,
2203 4363 2257 4410 et
2288 4355 2482 4410 mulier
2506 4370 2538 4409 a
2572 4355 2813 4410 mollitie.
2853 4355 3037 4411 Potest
3087 4370 3299 4426 quoque
3329 4355 3526 4411 mulier

1937 4465 2037 4520 pro
2060 4448 2369 4505 carnalibus
2398 4448 2569 4520 accipi
2604 4447 2876 4518 operibus,
2931 4456 2987 4503 et
3011 4447 3116 4514 vir,
3159 4447 3302 4518 quia
3325 4446 3526 4503 virtute

1939 4542 2155 4608 dicitur,
2181 4557 2281 4611 pro
2305 4541 2584 4597 rationalis
2629 4541 2796 4595 animi
2827 4539 3164 4595 excellentia.
3205 4537 3312 4594 Sed
3353 4552 3420 4592 ne
3445 4537 3527 4594 vi-

1940 4635 2157 4691 deretur
2186 4635 2270 4689 his
2291 4635 2631 4691 sermonibus
2661 4648 3001 4690 communem
3041 4632 3262 4688 humani
3311 4632 3528 4702 generis

1939 4733 2190 4780 naturam
2223 4725 2500 4790 damnare,
2528 4731 2583 4778 et
2610 4724 2780 4778 Deum
2826 4731 3104 4779 auctorem
3141 4721 3324 4778 facere
3375 4723 3528 4790 mali,

1939 4817 2066 4872 dum
2093 4815 2280 4870 talium
2307 4815 2555 4870 conditor
2580 4815 2652 4869 sit
2684 4815 2774 4884 qui
2831 4813 3032 4870 malum
3061 4816 3234 4870 vitare
3267 4830 3373 4870 non
3405 4829 3530 4884 pos-

1939 4917 2084 4975 sunt,
2124 4916 2312 4980 argute
2336 4908 2594 4978 prmcavit
2612 4915 2667 4962 et
2693 4908 2786 4974 ait,
2817 4909 2988 4964 bonos
3019 4923 3120 4964 nos
3148 4908 3347 4964 scimus
3366 4922 3398 4958 a
3417 4906 3532 4961 Deo

1941 5009 2176 5066 creatos,
2215 5000 2310 5055 sed
2345 4999 2471 5069 quia
2505 4998 2676 5054 libero
2701 5015 2886 5056 sumus
2915 5000 3142 5056 arbitrio
3169 4996 3432 5062 derelicti,
3453 4995 3532 5052 vi-

1943 5094 2017 5149 tio
2046 5102 2234 5148 nostro
2269 5093 2336 5147 ad
2359 5091 2544 5162 pejora
2568 5093 2700 5159 labi,
2733 5094 2860 5149 dum
2906 5093 3112 5164 majora
3141 5092 3450 5164 qumrimus,
3473 5099 3530 5146 et

1942 5185 2085 5240 ultra
2108 5185 2252 5240 vires
2293 5195 2510 5240 nostras
2540 5185 2691 5240 varia
2712 5187 3030 5257 cogitamus.

2437 5277 2598 5350 432
2624 5277 2850 5333 CAPUT
2881 5277 3010 5332 vm.

2015 5371 2179 5427 Vens.
2208 5372 2260 5425 1.
2298 5403 2369 5412 -
2407 5373 2538 5438 Quis
2569 5373 2690 5427 talis
2730 5381 2785 5426 ut
2838 5373 3042 5442 sapiens
3064 5377 3158 5435 est,
3192 5378 3241 5424 et
3288 5368 3404 5440 quis
3443 5384 3528 5421 co-

1947 5467 2117 5539 gnovit
2151 5465 2462 5521 solutionem
2502 5467 2639 5522 verbi
2668 5467 2693 5521 ?
2730 5465 3002 5537 Sapientia
3045 5464 3272 5517 hominis
3315 5461 3448 5514 lucet
3472 5461 3524 5515 in

1948 5556 2092 5612 vultu
2121 5557 2255 5627 ejus,
2287 5567 2336 5611 et
2380 5557 2763 5628 potentissimus
2790 5555 2975 5624 faciem
3013 5555 3126 5626 ejus
3173 5551 3526 5607 commutavit.

1952 5646 2127 5718 Supra
2165 5647 2426 5702 docuerat
2469 5645 2681 5701 difficile
2709 5647 2907 5700 bonum
2953 5645 3225 5700 hominem
3275 5640 3526 5708 inveniri,

1951 5746 2006 5793 et
2033 5739 2338 5794 venientem
2365 5746 2553 5794 contra
2601 5738 2838 5792 eluserat
2876 5738 3228 5808 quaestionem
3258 5736 3464 5800 dicens,
3494 5749 3529 5789 a

1953 5836 2064 5892 Deo
2093 5836 2263 5892 bonos
2285 5836 2530 5892 homines
2555 5831 2818 5900 conditos,
2866 5831 2960 5888 sed
2986 5838 3175 5904 sponte
3202 5844 3299 5886 sua
3329 5829 3381 5885 in
3403 5841 3529 5898 pecs
