4066 6470
530 460 635 524 699

529 589 716 643 catum
739 574 938 648 lapsos.
961 566 1124 626 .Nunc
1158 566 1286 639 quid
1313 565 1456 621 bono
1483 560 1686 619 homini
1712 552 1921 615 dederit
1943 548 2104 623 Deus,
2138 559 2190 618 Α

532 660 688 749 quasi
732 663 1114 743 gloriabundus
1166 663 1468 749 enumerat,
1521 652 1840 726 sapientiam
1885 647 2110 749 scilicet,

535 739 805 825 rationem
832 754 1152 832 prudentiae,
1179 744 1391 807 occulta
1436 742 1532 803 Dei
1562 759 1720 801 nosse
1750 739 2025 816 mysteria,
2060 745 2117 832 et

535 870 733 913 arcana
754 828 871 923 ejus
898 858 1059 905 sensu
1102 842 1278 900 cordis
1306 840 1531 896 intrare.
1589 836 1817 907 Oblique
1844 843 2024 889 autem
2049 828 2116 888 de

535 965 594 1005 se
623 947 859 1017 loquitur
885 939 1028 1013 quod
1069 951 1227 993 nemo
1254 935 1331 990 ita
1365 932 1528 989 fuerit
1552 930 1770 1003 sapiens
1798 936 1857 984 ut
1895 926 2025 999 ipse,
2060 932 2116 981 et

534 1041 712 1098 nullus
733 1038 812 1094 sic
837 1034 1002 1090 sciret
1023 1029 1362 1103 problemata
1381 1033 1435 1081 et
1457 1023 1787 1088 solutiones;
1814 1027 1869 1076 et
1894 1018 2114 1088 sapien-

534 1137 607 1193 tia
652 1133 768 1203 ejus
818 1146 849 1185 a
879 1135 1075 1184 cuncto
1102 1123 1319 1178 laudata
1369 1121 1441 1175 sit
1488 1116 1707 1191 populo,
1743 1129 1864 1186 quae
1892 1127 1998 1167 non
2029 1125 2117 1165 so-

534 1230 646 1291 lum
676 1225 1006 1283 intrinsecus
1035 1218 1276 1283 latuerit,
1306 1215 1400 1271 sed
1429 1223 1484 1270 et
1513 1214 1569 1268 in
1598 1209 1882 1282 superﬁcie
1925 1222 2119 1278 corpo-

532 1322 609 1378 ris
641 1326 695 1375 et
720 1316 935 1391 speculo
954 1313 1134 1370 vultus
1159 1310 1413 1375 eluxerit,
1455 1307 1703 1376 ultraque
1729 1318 1917 1360 omnes
1943 1301 2120 1358 homi-

416 1440 421 1445 -
531 1428 630 1470 nes
654 1408 998 1482 prudentiam
1029 1404 1227 1461 mentis
1251 1402 1309 1457 in
1349 1399 1487 1455 facie
1515 1413 1614 1454 sua
1658 1395 1914 1468 pinxerit.
1966 1393 2119 1449 Multi

528 1510 655 1558 sunt
682 1500 775 1571 qui
792 1497 1117 1570 promittunt
1136 1491 1459 1564 sapientiam
1480 1497 1537 1545 et
1557 1487 1881 1543 solutionem
1898 1499 1956 1540 se
1977 1484 2120 1539 scire

529 1590 723 1650 divina:
778 1589 1094 1660 Scriptura},
1127 1584 1220 1642 sed
1264 1582 1421 1655 pauci
1472 1588 1599 1638 sunt
1645 1579 1737 1651 qui
1768 1577 2121 1634 veraminve-

528 1683 684 1740 niant
718 1680 1043 1738 solutionem
1092 1690 1288 1732 meam.
1333 1672 1440 1728 Sed
1480 1672 1661 1728 ethoc
1706 1667 1985 1725 sciendum
2014 1674 2117 1734 est,

530 1776 675 1849 quod
703 1773 921 1846 sapiens
962 1785 1105 1843 saepe
1134 1766 1379 1824 moribus
1418 1751 1732 1836 agnoscitur
1775 1758 2038 1828 honestis,
2066 1767 2123 1816 et

529 1871 649 1925 visu
675 1867 1005 1925 discernitur
1026 1881 1057 1919 a
1086 1862 1269 1920 stulto.

528 2053 810 2108 iuramenti
837 2048 954 2105 Dei.
999 2044 1082 2104 Ne
1122 2047 1333 2119 festines
1366 2042 1601 2099 recedere
1629 2061 1662 2097 a
1683 2042 1819 2110 facie
1856 2041 1992 2113 ejus,
2027 2056 2120 2095 ne-

527 2164 626 2220 que
656 2162 961 2219 permaneas
988 2142 1043 2197 in
1066 2156 1216 2214 opere
1243 2137 1404 2205 malo,
1445 2124 1573 2211 quia
1602 2154 1752 2193 omne
1773 2137 1914 2209 quod
1942 2135 2120 2192 volue-

529 2238 616 2303 rit,
657 2237 834 2309 faciet,
865 2245 912 2290 et
939 2251 1109 2291 sermo
1151 2229 1295 2287 illius
1339 2240 1589 2304 potestate
1646 2229 1831 2302 plenus
1878 2238 1994 2284 est:
2027 2246 2119 2285 nec

528 2324 702 2385 dicere
724 2326 1001 2400 quisquam
1037 2333 1226 2399 potest,
1273 2340 1438 2396 quare
1481 2323 1555 2376 ita
1602 2322 1771 2393 facias
1797 2320 1823 2374 ?
1858 2320 1932 2376 De
1957 2335 2022 2375 eo
2048 2320 2123 2376 si-

528 2422 747 2494 quidem
772 2419 986 2475 videtur
1018 2416 1219 2481 dicere,
1254 2410 1322 2472 de
1350 2431 1457 2486 quo
1505 2414 1558 2468 in
1580 2410 1796 2469 Psalmo
1821 2420 2076 2468 cantatur
2104 2427 2121 2468 :

533 2510 753 2568 Domine
801 2512 857 2566 in
885 2513 1069 2567 virtute
1127 2518 1218 2563 tua
1250 2504 1517 2564 [celabitur
1560 2522 1653 2561 rex
1710 2502 1884 2577 (Psal.
1922 2520 2014 2570 xx,
2047 2504 2119 2575 1).

532 2615 589 2663 et
618 2607 673 2662 in
698 2605 804 2661 alio
833 2604 971 2672 loco,
1003 2612 1062 2660 ut
1089 2596 1269 2660 Patris
1319 2614 1374 2658 et
1394 2600 1517 2658 Filii
1561 2617 1787 2674 regnum
1840 2616 2009 2656 unum
2040 2600 2118 2657 si-

530 2699 835 2774 gniﬁcetur,
887 2698 1169 2769 Scriptura
1212 2705 1646 2755 commemorat:
1681 2697 1823 2751 Deus
1855 2696 2125 2767 judicium

531 2801 679 2850 tuum
707 2793 815 2865 regi
867 2791 959 2858 da,
1003 2800 1051 2847 et
1085 2791 1353 2863 justitiam
1399 2800 1548 2846 tuam
1594 2789 1707 2861 ﬁlio
1755 2789 1890 2860 regis
1949 2788 2122 2863 (Psal.

532 2900 679 2951 txxr,
715 2883 790 2955 i).
835 2880 960 2938 Non
1006 2884 1143 2938 enim
1185 2876 1399 2954 judicat
1440 2878 1608 2937 Pater
1665 2898 2002 2954 quemquam,
2034 2880 2126 2936 sed

533 2982 684 3035 omne
721 2977 991 3049 judicium
1039 2974 1185 3033 dedit
1240 2972 1381 3032 Filio
1433 2976 1832 3050 (Joan.v,22).
1897 2976 1999 3043 Qui
2028 2992 2126 3031 rex

534 3068 698 3138 illius,
746 3068 841 3125 Dei
886 3062 1065 3126 Patris
1102 3069 1245 3142 regis
1270 3077 1353 3126 est
1398 3069 1557 3125 ﬁlius.
1599 3068 1772 3139 Hujus
1818 3070 2003 3141 itaque
2033 3085 2127 3125 eu-

534 3161 815 3222 stodienda
850 3170 977 3218 sunt
1012 3172 1303 3234 prmcepla,
1362 3163 1455 3234 qui
1502 3163 1619 3218 ait:
1659 3160 1717 3218 Si
1756 3163 1831 3219 vis
1860 3164 2019 3218 vitam
2043 3163 2128 3218 in-

453 3291 461 3298 -
536 3257 694 3322 "redi,
720 3274 865 3311 serva
888 3255 1141 3313 mandata
1172 3256 1386 3330 (Matth.
1418 3273 1531 3321 xxx,
1562 3256 1672 3329 i7).
1695 3256 1966 3313 Admonet
1992 3273 2129 3329 que-

535 3362 639 3418 que
672 3364 781 3403 non
812 3364 933 3405 esse
978 3350 1314 3406 discutienda
1367 3358 1637 3420 praacepta
1681 3350 1797 3416 Dei,
1824 3365 1996 3421 quare
2023 3351 2128 3407 hoc

536 3436 619 3493 vel
640 3432 767 3494 illud
779 3440 1116 3511 praeceperit,
1138 3441 1233 3496 sed
1244 3441 1605 3512 quodcunque
1623 3441 1821 3498 viderit
1837 3457 1958 3499 esse
1981 3458 2132 3498 man-

539 3528 744 3598 datum,
775 3531 879 3588 hoc
905 3531 993 3603 pia
1048 3547 1202 3589 mens
1255 3533 1489 3588 hominis
1533 3534 1757 3605 implere
1804 3532 2042 3600 festinet,
2073 3541 2133 3590 ut

540 3624 613 3680 sit
638 3624 695 3679 in
723 3622 842 3697 lege
866 3620 1080 3679 Domini
1106 3623 1355 3680 voluntas
1398 3623 1516 3694 ejus
1545 3625 1633 3680 die
1669 3640 1735 3680 ac
1757 3632 1937 3680 nocte.
1975 3623 2134 3681 Iura-

542 3724 784 3771 mentum
830 3710 923 3772 Dei
952 3712 1149 3772 dicitur
1173 3733 1272 3788 pro
1303 3716 1664 3774 afﬁrmatione
1685 3718 1968 3773 sententiae
1990 3719 2131 3790 ejus,

541 3808 663 3882 qua:
696 3806 1003 3867 nullatenus
1040 3811 1314 3867 immutari
1356 3811 1580 3882 poterit.
1620 3810 1826 3873 Idcirco
1847 3810 2133 3866 consilium

543 3903 636 3960 dat
662 3912 731 3959 ne
780 3911 985 3960 stemus
1037 3904 1092 3959 in
1118 3918 1305 3975 opere
1334 3903 1493 3968 malo,
1559 3903 1687 3974 quia
1745 3904 1918 3958 nescit
1971 3903 2134 3958 homo

541 3988 672 4067 quid
699 4002 925 4051 ventura
960 3995 1138 4066 pariat
1166 3994 1299 4049 dies.
1336 3993 1506 4066 Igitur
1541 3995 1826 4066 pmnitenti
1865 3992 2017 4067 [Ms.,
2038 4009 2135 4066 pa-

508 4072 719 4160 'tienti]
746 4086 1076 4159 indulgentia
1118 4087 1387 4157 promissa
1422 4094 1527 4154 est,
1575 4088 1847 4144 crastinus
1869 4089 1982 4145 dies
2003 4102 2133 4144 vero

541 4179 745 4237 nemini
772 4186 955 4235 certus
996 4186 1099 4234 est.
1132 4178 1257 4234 Ideo
1298 4178 1431 4235 dicit
1478 4177 1800 4250 Scriptura:
1834 4179 1919 4236 Ne
1956 4181 2132 4236 tardes

541 4275 774 4332 converti
815 4273 884 4328 ad
911 4268 1199 4328 Dominum
1228 4271 1419 4346 (Eccli.
1447 4290 1502 4340 v,
1534 4274 1613 4345 8).

613 4369 775 4424 Vrsas.
808 4367 861 4423 5.
899 4398 970 4409 -
1009 4366 1115 4434 Qui
1144 4367 1449 4422 custodierit
1476 4367 1786 4423 mandatum
1816 4366 1969 4440 [Ms.,
1996 4386 2135 4441 pm:-

542 4458 791 4531 ceptum],
837 4476 942 4514 non
967 4459 1264 4531 experietur
1316 4459 1373 4512 in
1402 4458 1580 4526 futuro
1643 4458 1933 4535 quidquam
1980 4458 2129 4515 mali.

454 4598 459 4607 .
543 4550 644 4618 Qui
670 4552 724 4605 in
751 4552 856 4607 hoc
881 4550 1076 4606 saeculo
1100 4557 1428 4621 praeceptum
1473 4549 1689 4604 Domini
1739 4550 1994 4617 custodit,
2023 4568 2131 4607 non

544 4642 853 4714 experietur
872 4643 1165 4715 quidquam
1193 4641 1341 4697 mali.
1391 4633 1616 4713 Tempus
1667 4649 1715 4695 et
1745 4643 2130 4712 responsionem

547 4754 638 4796 cor
662 4738 911 4810 sapientis
937 4736 1197 4810 intelligit.
1228 4737 1480 4809 Praecipit
1515 4744 1697 4792 autem
1722 4743 1779 4792 et
1803 4736 1947 4807 regis
1966 4736 2133 4808 impe-

552 4831 715 4897 rium,
745 4830 801 4885 id
832 4840 914 4886 est
952 4830 1178 4898 Christi,
1214 4830 1667 4898 conservandum,
1715 4837 1773 4887 et
1799 4831 1942 4887 scire
1980 4832 2134 4903 quid,

551 4932 606 4982 et
629 4939 816 4994 quare,
848 4932 902 4979 et
924 4940 1031 4995 quo
1058 4924 1520 4997 temporejuheat.

622 5016 787 5073 Vens.
816 5014 869 5081 ϐ,
902 5015 955 5071 '7.
995 5046 1067 5057 —
1104 5016 1260 5072 Omni
1286 5019 1487 5088 negotio
1523 5027 1725 5091 tempus
1749 5027 1843 5084 est,
1870 5027 1920 5073 et
1949 5036 2138 5091 oppor-

460 5162 475 5175 ,
553 5107 767 5176 tunitas,
807 5118 856 5165 et
890 5107 1056 5163 multa
1095 5109 1322 5165 hominis
1352 5110 1581 5182 afﬂictio,
1621 5113 1747 5183 quia
1774 5112 1982 5184 ignorat
2007 5127 2138 5183 pra:-

553 5201 727 5269 terita,
757 5210 806 5257 et
836 5202 1018 5273 futura
1042 5200 1187 5257 nullo
1214 5202 1348 5257 scire
1393 5212 1558 5274 potest
1607 5206 1817 5259 nuncio.
1857 5203 2015 5260 Omni
2045 5218 2140 5260 ne-

554 5298 719 5371 gotio,
750 5297 845 5361 ait,
872 5307 1081 5368 tempus
1100 5305 1203 5363 est,
1238 5298 1381 5354 idem
1406 5296 1563 5371 [Ms.,
1591 5298 1645 5353 id
1669 5299 1772 5371 est]
1798 5300 1941 5370 quod
1971 5300 2026 5355 in
2052 5316 2141 5355 su-

553 5391 860 5462 perioribus
882 5391 1038 5457 dixit,
1052 5392 1235 5448 omnia
1246 5392 1703 5461 opportunitatem
1726 5391 1957 5447 habere:
1975 5408 2142 5464 quon-

556 5483 680 5540 dam
694 5482 797 5539 fuit
810 5491 1022 5556 tempus
1032 5483 1483 5548 circumcisionis,
1498 5484 1591 5539 sed
1605 5484 1768 5539 modo
1778 5492 1991 5555 tempus
2020 5502 2143 5557 gra-

555 5572 663 5627 tias.
688 5572 900 5628 Etenim
917 5572 1070 5647 [Ms.,
1086 5584 1169 5630 est
1183 5573 1353 5647 enim]
1371 5588 1563 5644 magna
1579 5572 1796 5629 aﬁlictio
1807 5575 2024 5645 generis
2040 5576 2141 5630 hu-

561 5664 730 5731 mani,
744 5665 869 5736 quia
887 5667 952 5721 ad
971 5665 1213 5722 laborem
1239 5667 1402 5722 homo
1423 5666 1684 5732 nascitur,
1698 5674 1753 5721 et
1773 5666 1938 5722 variis
1952 5666 2140 5740 afﬂigi-

558 5759 652 5810 tur
672 5754 1130 5825 tribulationibus,
1146 5759 1236 5816 cui
1249 5774 1390 5829 saepe
1411 5760 1556 5815 aliud
1572 5759 1774 5825 evenit,
1790 5766 1846 5814 et
1861 5759 2003 5814 aliud
2019 5775 2140 5831 spe-

563 5849 683 5911 rat;
706 5846 773 5901 ab
795 5847 964 5904 altero
986 5850 1089 5906 sibi
1112 5851 1259 5908 velut
1276 5851 1345 5907 ab
1368 5852 1524 5909 hoste
1542 5859 1717 5918 cavet,
1740 5859 1798 5906 et
1823 5850 2140 5921 alteriusja-

567 5936 687 6001 culo
696 5939 1030 6010 vulneratur,
1044 5944 1171 6015 quia
1182 5944 1397 6001 nescius
1406 5953 1490 6001 est
1500 5944 1688 6014 futuri,
1707 5946 1845 6003 sicut
1856 5952 2013 6017 poeta
2028 5945 2132 6003 ait:

1377 444 1436 505 Β.
1474 430 1538 504 ir.
1576 426 1805 502 nam
1844 436 1978 500 SEU
2015 436 2292 498 ALCUlNl
2332 433 2619 496 ornauu
2658 424 2937 492 pAas.u.

3695 439 3813 495 700

2399 551 2570 602 Nescia
2596 566 2735 602 mens
2758 546 2961 602 hominis
2985 551 3068 602 fati
3090 554 3333 616 sortisque
3352 552 3550 604 future.

3110 635 3250 689 Vino.
3270 640 3331 687 1i
3336 637 3464 688 neid.
3501 650 3554 690 ι.

2288 769 2547 837 Quamvis
2591 783 2750 825 nemo
2796 769 2869 824 sit
2917 767 3168 823 conscius
3229 768 3561 833 futurorum,
3620 776 3812 825 tamen

2216 863 2361 918 scire
2386 862 2545 919 debet
2569 861 2751 917 omnia
2777 877 2809 916 a
2832 861 2943 916 Deo
2962 861 3031 916 ad
3051 860 3339 915 utilitatem
3361 861 3643 915 hominum
3665 860 3811 927 ﬁeri,

2219 964 2272 1011 et
2299 970 2404 1010 non
2449 955 2652 1024 absque
2670 951 2787 1022 ejus
2810 953 3085 1008 voluntate
3110 952 3346 1022 disponi,
3384 953 3501 1009 sine
3525 952 3681 1023 ettjus
3698 952 3819 1011 dis-

2216 1049 2486 1120 positione
2516 1063 2616 1103 nec
2643 1062 2783 1102 unus
2815 1062 3005 1117 passer
3031 1048 3085 1101 in
3106 1046 3359 1116 laqueum
3387 1045 3552 1101 cadit.

2295 1139 2454 1195 Vens.
2485 1140 2540 1195 8.
2577 1169 2649 1179 —
2684 1138 2809 1194 Non
2838 1146 2913 1193 est
2937 1139 2994 1194 in
3020 1139 3247 1192 hominis
3272 1137 3471 1191 ditione
3507 1135 3656 1209 [δίδη
3688 1152 3817 1192 m-

2218 1229 2436 1304 ditione]
2450 1230 2719 1302 prohibere
2738 1230 3003 1298 spiritum,
3030 1245 3123 1283 nec
3147 1229 3301 1285 habet
3318 1238 3630 1300 potestatem
3646 1228 3707 1282 in
3728 1230 3816 1304 die

2218 1325 2425 1390 mortis,
2472 1341 2566 1379 nec
2615 1324 2809 1379 sinitur
2851 1324 3115 1395 quiescere
3141 1324 3420 1393 ingruente
3466 1321 3621 1387 bello,
3650 1339 3815 1393 neque

2219 1416 2439 1472 salvabit
2464 1416 2706 1487 impietas
2726 1416 2970 1485 impium.
3012 1413 3130 1469 Non
3160 1422 3244 1469 est
3270 1429 3400 1485 ergo
3444 1413 3740 1484 lugendum
3767 1415 3812 1470 si

2219 1511 2403 1567 futura
2432 1511 2572 1567 scire
2594 1526 2703 1566 non
2738 1520 3048 1581 possumus,
3097 1517 3153 1566 et
3192 1524 3332 1581 saepe
3381 1511 3452 1565 ab
3480 1510 3683 1581 iniquis
3719 1524 3813 1580 po-

2223 1603 2544 1659 tentioribus
2562 1604 2953 1674 opprimemur,
2981 1616 3105 1657 cum
3128 1610 3309 1657 morte
3325 1602 3509 1657 omnia
3532 1601 3811 1668 ﬁniantur,

2222 1704 2279 1752 et
2300 1696 2565 1764 superbus
2595 1702 2651 1750 et
2676 1701 2869 1765 potens
2895 1694 2989 1763 qui
3012 1701 3207 1749 cuncta
3252 1694 3548 1765 populatus
3568 1702 3676 1760 est,
3700 1710 3812 1750 non

2222 1787 2366 1843 valet
2391 1788 2630 1843 animam
2660 1801 2812 1842 suam
2860 1788 3121 1853 retinere,
3151 1800 3276 1841 cum
3303 1782 3457 1841 exire
3488 1783 3711 1855 jubetur
3746 1786 3812 1842 de

2156 1922 2198 1950 .__
2225 1895 2490 1950 corpore;
2528 1895 2629 1936 nec
2650 1894 2777 1934 eum
2814 1878 3045 1935 salvabit
3074 1876 3329 1949 impietas
3373 1892 3494 1945 sua,
3520 1878 3618 1933 sed
3646 1878 3810 1947 magis

599 1961 764 2017 Vens.
797 1958 907 2013 2-4.
949 1988 1019 1999 -
1047 1954 1163 2028 Ego
1217 1970 1272 2009 os
1326 1952 1461 2024 regis
1508 1950 1742 2016 observo,
1781 1958 1828 2003 et
1861 1956 2121 2021 prcecepta
2151 1938 2201 2000 Β

2226 1979 2481 2042 aggravat
2503 1972 2557 2026 in
2587 1972 2675 2027 die
2706 1971 2886 2028 exitus
2913 1971 3021 2037 sui,
3044 1969 3169 2027 dum
3196 1971 3411 2026 meritis
3429 1969 3658 2040 aequalia
3680 1971 3810 2024 reci-

2223 2062 2302 2133 pit
2329 2062 2465 2127 suis,
2487 2068 2545 2116 et
2571 2062 2855 2133 ingruente
2906 2077 3069 2132 super
3093 2068 3153 2118 se
3177 2062 3319 2118 bello
3357 2063 3597 2118 miserias
3627 2072 3809 2132 percl-

2230 2160 2409 2208 torum
2438 2164 2678 2220 auorum,
2710 2153 2908 2208 salvari
2934 2169 3044 2209 non
3084 2155 3307 2224 poterit,
3334 2166 3401 2210 eo
3422 2155 3572 2225 Quod
3591 2153 3811 2226 negltgit

2228 2241 2383 2315 [Hs.,
2414 2243 2507 2314 qui
2529 2243 2788 2317 neglexit]
2823 2252 3036 2314 tempus
3065 2244 3419 2314 pmnitentim.

2294 2333 2456 2407 m
2501 2335 2664 2390 Vsus.
2702 2334 2856 2390 9-H.
2891 2363 2965 2374 —
2998 2334 3192 2390 Omnia
3228 2337 3339 2391 haec
3375 2336 3732 2399 considerari,
3768 2346 3814 2391 et

2223 2427 2347 2482 dedi
2372 2443 2464 2481 cor
2485 2442 2658 2481 meum
2684 2427 2741 2481 in
2771 2428 2972 2481 cunctis
3001 2427 3245 2497 operibus
3264 2443 3385 2499 qua:
3407 2428 3546 2497 ﬁunt
3571 2427 3669 2483 sub
3693 2426 3812 2482 sole.

2226 2516 2504 2572 Interdum
2541 2516 2846 2572 dominatur
2886 2519 3041 2573 homo
3081 2520 3282 2575 homini
3310 2521 3368 2574 in
3402 2520 3609 2576 tnalum
3649 2536 3815 2577 suum.

2240 2606 2355 2661 Vidi
2395 2609 2581 2678 impios
2617 2608 2870 2680 sepultos,
2899 2612 2991 2681 qui
3020 2610 3180 2665 etiam
3208 2626 3327 2666 cum
3364 2613 3539 2667 adhuc
3578 2615 3818 2682 viserent,

2224 2700 2281 2754 in
2320 2698 2434 2754 loco
2470 2711 2653 2755 sancto
2687 2711 2870 2768 erant,
2898 2712 2948 2757 et
2977 2701 3333 2758 laudabuntur
3354 2702 3416 2759 in
3439 2704 3651 2777 civitate
3676 2721 3821 2777 quast

2217 2790 2489 2862 justorum
2515 2808 2749 2863 operum.
2783 2790 2889 2847 Sed
2911 2801 2962 2846 et
2989 2793 3086 2847 hoc
3106 2795 3312 2849 vanitas
3335 2804 3432 2849 est.
3462 2794 3682 2850 Etenim
3704 2812 3822 2868 quia

2226 2897 2339 2957 non
2377 2881 2643 2952 profertur
2683 2883 2785 2937 cito
2826 2882 3083 2937 sententia
3133 2898 3348 2956 operum
3399 2896 3587 2941 castra
3638 2888 3820 2954 malos,

2222 2975 2419 3047 absque
2464 2974 2574 3030 utlo
2623 2976 2810 3030 timore
2854 2975 2955 3046 ﬁlii
2998 2976 3269 3032 hominum
3313 2990 3620 3051 perpetrant
3663 2979 3821 3035 mala.

2226 3066 2381 3123 Hanc
2415 3068 2737 3121 sententiam
2772 3067 2964 3122 beatus
2998 3066 3359 3141 Hieronymus
3394 3070 3471 3125 ita
3503 3071 3825 3142 interpreta-

2224 3168 2316 3215 tus
2341 3168 2428 3215 est
2454 3178 2466 3213 :
2496 3159 2649 3223 Dedi,
2682 3159 2886 3229 inquit,
2914 3172 3011 3216 cor
3037 3174 3249 3229 meum,
3277 3169 3340 3216 ut
3364 3172 3530 3236 omne
3552 3165 3701 3234 quod
3731 3166 3825 3221 sub

2231 3253 2345 3311 sole
2385 3252 2591 3325 geritur
2637 3252 2900 3319 intuerer,
2949 3261 3006 3309 et
3048 3254 3154 3309 hoc
3203 3253 3333 3328 [vel]
3380 3252 3644 3323 maxime,
3691 3257 3829 3327 quod

2236 3348 2401 3404 homo
2428 3347 2483 3401 in
2512 3345 2756 3401 homines
2782 3345 2976 3416 accipit
3006 3353 3324 3416 potestatem
3342 3384 3358 3413 ,
3387 3355 3449 3401 ut
3477 3360 3830 3416 quoscunque

2231 3439 2349 3497 vult
2368 3480 2384 3507 ,
2413 3439 2614 3511 atiligat
2642 3447 2804 3509 atque
2834 3439 3173 3494 condemnet.
3203 3437 3341 3495 Cum
3367 3439 3553 3511 itaque
3591 3449 3829 3495 urentem

2228 3546 2409 3588 meam
2440 3533 2510 3587 ad
2547 3532 2664 3586 haec
2697 3531 2953 3586 intuenda
2983 3531 3305 3603 dirigerem,
3335 3532 3445 3588 vidi
3482 3533 3681 3604 impios
3709 3545 3832 3587 cum

2226 3626 2328 3682 tali
2357 3626 2610 3698 opinione
2635 3633 2897 3691 mortuos,
2923 3634 2980 3680 et
3004 3623 3085 3680 sic
3111 3625 3367 3696 sepultos,
3392 3634 3454 3681 ut
3482 3627 3661 3682 sancti
3686 3625 3831 3681 msti-

2230 3720 2516 3776 marentur
2549 3720 2604 3774 in
2637 3726 2805 3785 terra,
2836 3718 2999 3789 quod,
3042 3730 3165 3781 cum
3196 3721 3464 3786 viverent,
3499 3719 3831 3791 putabantur

2228 3815 2379 3886 digni
2405 3822 2526 3871 esse
2563 3812 2821 3868 Ecdesia:
2858 3812 3151 3883 principes,
3187 3818 3242 3868 et
3278 3813 3481 3884 templo
3508 3812 3645 3876 Dei;
3673 3819 3730 3867 et
3754 3813 3830 3867 in-

2228 3922 2398 3979 super
2421 3906 2763 3963 ambulantes
2792 3902 2983 3961 tumidi
3025 3905 3385 3963 laudabantur
3409 3906 3466 3961 in
3504 3907 3667 3962 malis
3699 3907 3827 3972 suis,

2232 4001 2376 4057 sicut
2414 4000 2674 4071 scripturn
2712 4007 2798 4056 est
2826 4013 2841 4055 :
2873 3997 3151 4055 Laudatur
3185 4008 3427 4073 peccator
3463 4001 3523 4056 in
3559 4000 3830 4055 desideriis

2234 4094 2427 4149 anima:
2453 4107 2584 4158 sua,
2612 4101 2661 4147 et
2684 4093 2775 4163 qui
2800 4092 2984 4163 iniqua
3012 4092 3163 4163 gerit,
3196 4092 3518 4169 benedicitur
3545 4091 3721 4165 (Paul.
3754 4109 3827 4158 Ix,

2232 4185 2346 4256 2i).
2378 4184 2494 4240 Hoc
2516 4192 2697 4239 autem
2721 4191 3010 4254 propterea
3034 4182 3215 4238 evenit
3241 4183 3386 4252 quod
3414 4197 3574 4238 nemo
3598 4196 3829 4253 peccan-

2232 4278 2378 4333 tibus
2412 4276 2678 4347 episcopis
2705 4276 2869 4331 audet
2902 4274 3305 4339 contradicere;
3348 4282 3450 4329 nec
3475 4275 3661 4329 statim
3692 4274 3831 4330 Deus

2233 4371 2303 4425 ob
2350 4369 2528 4425 scelus
2571 4368 2875 4434 ulciscitur,
2925 4368 3022 4422 sed
3069 4365 3247 4422 diﬁ'ert
3288 4380 3527 4435 pinnam,
3570 4381 3697 4421 cum
3742 4380 3831 4420 ex-

2235 4469 2442 4532 spectat
2472 4461 2868 4533 pcenitentiam.
2897 4459 3222 4515 Peccatores
3253 4469 3433 4514 autem
3459 4459 3554 4528 qui
3590 4472 3699 4514 non
3728 4466 3833 4513 sta-

2234 4553 2335 4607 tim
2361 4552 2535 4625 m-guti
2561 4559 2723 4623 atque
2751 4550 2986 4607 correcti
3014 4558 3167 4617 sunt,
3210 4556 3467 4621 putantes
3491 4564 3828 4620 nequaquam

2235 4644 2479 4700 futurum
2512 4660 2633 4702 esse
2659 4644 2919 4717 judicium
2936 4683 2951 4710 ,
2984 4645 3039 4699 in
3068 4642 3275 4699 scelere
3298 4652 3677 4713 perseverant.
3704 4641 3830 4699 Pos-

2237 4752 2424 4794 sumus
2460 4739 2565 4794 hoc
2597 4738 2964 4794 testimonium
2994 4738 3241 4810 accipere
3267 4738 3528 4793 adversus
3551 4737 3830 4808 episcopos

2238 4833 2331 4903 qui
2373 4840 2699 4903 acceperunt
2740 4830 2793 4885 in
2835 4830 3075 4885 Ecclesia
3120 4836 3466 4901 potestatem,
3510 4838 3568 4886 et
3610 4830 3833 4887 scanda-

2237 4924 2406 4979 lizant
2429 4924 2600 4996 magis
2618 4937 2714 4979 eos
2734 4937 2869 4995 quos
2891 4923 3086 4979 docere
3109 4931 3167 4979 et
3190 4923 3258 4978 ad
3286 4923 3509 4978 meliora
3537 4923 3831 4981 debuerant

2237 5016 2484 5072 incitare.
2533 5015 2599 5071 lli
2648 5014 2962 5086 frequenter
3002 5024 3128 5088 post
3171 5023 3404 5072 mortem
3450 5015 3740 5071 laudantur
3780 5014 3828 5070 in

2238 5108 2478 5164 Ecclesia
2507 5106 2663 5180 [Ms.,
2694 5109 2749 5164 in
2785 5107 3027 5179 sacculo],
3073 5116 3129 5165 et
3166 5107 3408 5164 beatioin
3447 5107 3534 5163 his
3564 5118 3688 5177 qua
3726 5120 3825 5163 non

2241 5201 2595 5275 probabiliter
2641 5201 2884 5259 fecerunt
2927 5202 3142 5274 publice
3186 5204 3301 5258 sive
3349 5216 3379 5256 a
3430 5200 3830 5257 successoribus

2243 5297 2359 5352 sive
2388 5310 2419 5350 a
2457 5295 2670 5365 populis
2709 5296 3091 5367 praedicantur.
3136 5295 3204 5350 Et
3242 5296 3349 5351 hoc
3385 5295 3606 5365 quidem
3636 5306 3829 5349 vanum

2241 5398 2346 5455 est,
2373 5390 2516 5459 quod
2544 5404 2652 5446 non
2680 5390 2822 5444 sicut
2844 5397 3102 5460 egerunt,
3134 5389 3213 5444 sic
3242 5379 3496 5454 audiunt,
3524 5400 3628 5465 nec
3653 5381 3852 5441 statim

2243 5483 2610 5551 mrripiuntur
2635 5482 2688 5537 in
2719 5489 2941 5552 peccato
2965 5496 3082 5537 suo.
3120 5481 3290 5537 Nemo
3323 5480 3522 5552 quippe
3552 5482 3721 5536 audet
3746 5492 3832 5534 ac.

2243 5588 2438 5629 cusare
2473 5574 2753 5645 majorem.
2789 5573 3081 5644 Propterea
3113 5575 3268 5645 quasi
3299 5574 3473 5629 sancti
3499 5581 3556 5629 et
3597 5572 3741 5627 beati
3778 5570 3832 5627 in

2241 5666 2524 5737 praeceptis
2548 5664 2761 5721 Domini
2783 5667 3140 5732 ambulantes,
3171 5675 3368 5736 augent
3393 5671 3616 5735 peccata
3644 5676 3835 5734 pecca-

2242 5758 2331 5819 tis.
2358 5757 2598 5815 Ditﬁcilis
2617 5766 2703 5814 est
2725 5760 2998 5814 accusatio
3021 5759 3073 5814 in
3094 5760 3407 5830 episcopum
3435 5776 3447 5811 :
3474 5759 3519 5814 si
3540 5756 3694 5814 enim
3715 5766 3834 5827 pec-

2244 5852 2471 5916 caverit,
2515 5865 2621 5906 non
2667 5851 2936 5918 creditur;
2980 5859 3040 5908 et
3079 5853 3126 5908 si
3169 5853 3450 5910 convictus
3492 5849 3679 5918 fuerit,
3725 5858 3835 5907 non

2242 5945 2478 6020 punitur.

3847 4052 3894 4112 Χ
