4072 6340
240 509 332 568 701

1065 503 1473 564 EXEGETICA.
1511 534 1583 544 —
1619 489 1972 561 COMMENT.
2013 502 2084 560 1N
2117 501 2651 561 ECCLESIASTEN.

3402 501 3505 558 702

301 631 462 686 Vens.
503 629 588 682 12.
624 657 696 668 —-
729 629 970 682 Attamen
1005 642 1066 680 ea:
1101 643 1162 679 eo
1185 623 1326 696 quod
1356 631 1594 694 peccator
1621 628 1808 674 centies
1837 620 1889 682 Α
1913 632 2034 674 esse
2063 618 2232 674 dixit:
2259 631 2468 672 necnon
2497 615 2796 670 esurientes
2821 621 2876 668 et
2903 613 3152 670 sitienhts
3170 612 3361 670 beatos
3385 629 3510 671 esse

234 725 356 796 facit
393 721 614 789 malum,
656 732 703 777 et
745 735 836 792 per
875 719 1180 791 patientiam
1217 725 1558 782 sustentatur,
1598 730 1690 786 ego
1731 729 1818 768 co-

232 815 381 888 gnoui
417 814 556 885 quod
590 816 687 869 erit
721 813 914 868 bonum
947 813 1246 868 timentibus
1275 810 1581 874 Dominum,
1617 808 1707 880 qui
1736 825 1821 862 ve-

235 915 411 962 rentur
457 907 644 974 {aciem
685 906 822 977 ejus.
870 905 949 959 Ex
991 920 1058 960 eo
1099 904 1244 974 quod
1287 903 1484 971 impius
1527 901 1818 972 plurimum

233 1005 420 1069 peccat
457 997 583 1067 (hoc
619 997 815 1066 quippe
851 994 1118 1068 signiﬁcat
1149 993 1294 1062 quod
1331 992 1424 1058 ait,
1455 990 1690 1060 centies),
1727 989 1822 1044 dat

233 1087 372 1142 Dens
393 1087 570 1142 locum
591 1087 941 1157 ptenitentite,
963 1095 1148 1140 etnon
1175 1083 1342 1157 [eum]
1375 1083 1558 1136 statim
1587 1081 1738 1151 punit
1764 1081 1818 1134 in

232 1179 460 1242 scelere,
505 1179 602 1234 sed
641 1185 920 1248 exspectat
959 1185 1018 1232 ut
1053 1182 1398 1234 convertatur
1433 1173 1502 1228 ab
1537 1173 1822 1242 iniquitate

233 1285 328 1326 sua
357 1280 414 1324 et
437 1276 563 1340 agat
589 1269 960 1341 paenitentiam
992 1287 1006 1323 :
1035 1269 1161 1338 quia
1189 1265 1374 1340 [Deus]
1405 1282 1512 1322 non
1537 1265 1650 1320 vult
1675 1280 1822 1320 mor-

231 1371 340 1418 tem
372 1364 696 1434 peccatoris,
735 1364 828 1418 sed
855 1370 916 1417 ut
949 1367 1296 1418 convertatur
1323 1367 1379 1413 et
1403 1359 1572 1422 vivat,
1615 1373 1714 1428 ego
1739 1359 1824 1412 in-

232 1455 414 1542 telligo
439 1455 566 1524 quia
590 1455 854 1526 benignus
877 1461 932 1509 et
957 1453 1264 1534 misericors
1295 1465 1460 1520 super
1487 1463 1580 1504 eos
1609 1447 1824 1504 futurus

229 1547 300 1600 sit
340 1529 484 1601 Deus
524 1546 616 1616 qui
658 1544 858 1600 habent
899 1529 1148 1600 timorem
1192 1543 1355 1606 illius,
1393 1549 1450 1596 et
1487 1541 1556 1596 ad
1594 1539 1820 1594 verbum

227 1635 273 1706 ej
285 1653 350 1692 us
377 1639 823 1703 contremiscunt,
851 1643 906 1692 et
945 1643 1112 1708 agunt
1137 1633 1512 1706 pmnitentiam
1537 1634 1601 1688 de
1629 1637 1823 1702 prsete-

228 1733 373 1797 ritis,
400 1739 456 1785 et
480 1731 548 1786 de
572 1730 768 1786 futuris
805 1729 905 1785 sibi
943 1744 1136 1784 cavere
1175 1727 1456 1797 incipiunt,
1481 1726 1604 1795 quia
1629 1738 1824 1795 pecca-

228 1833 319 1880 tor
355 1834 474 1894 post
511 1825 908 1894 penitentiam,
947 1823 996 1878 si
1034 1829 1336 1878 revertetur
1373 1820 1568 1874 iterum
1601 1819 1670 1874 ad
1697 1831 1824 1888 pec-

225 1926 352 1974 cata
375 1919 580 1986 priora,
605 1917 728 1973 cani
751 1923 1099 1988 comparatur
1125 1915 1219 1985 qui
1247 1913 1537 1970 revertitur
1559 1911 1629 1967 ad
1649 1910 1824 1966 vomi—

229 2020 348 2068 tum
375 2027 552 2068 suum.
1853 1989 1900 2049 Β

305 2105 464 2161 Vens.
501 2105 586 2160 15.
617 2134 688 2145 -
721 2102 846 2160 Non
873 2102 940 2158 sit
968 2101 1158 2158 bonum
1181 2101 1366 2172 impio,
1395 2115 1488 2154 nec
1513 2095 1824 2170 prolongen-

223 2209 320 2254 tur
347 2199 456 2254 dies
481 2200 616 2271 ejus,
653 2199 744 2254 sed
765 2199 918 2270 quasi
955 2197 1142 2252 umbra
1169 2201 1468 2258 transeant,
1507 2193 1598 2264 qui
1625 2207 1730 2246 non
1757 2193 1828 2246 ti-

221 2300 370 2346 ment
391 2291 580 2361 {aciem
608 2291 725 2346 Dei.
752 2291 1086 2361 lmprecatur
1106 2288 1246 2344 male
1267 2287 1354 2342 his
1373 2288 1466 2356 qui
1487 2301 1596 2340 non
1622 2285 1828 2339 habent

223 2381 486 2437 timorem
512 2381 631 2447 Dei,
657 2390 711 2436 et
735 2387 888 2450 optat
911 2395 979 2434 ne
1005 2379 1096 2434 diu
1119 2376 1433 2432 dili‘erantur
1461 2391 1490 2429 a
1517 2389 1700 2444 paena,
1729 2371 1828 2427 sed

224 2477 422 2530 statim
451 2483 624 2530 morte
653 2472 918 2529 subtracti
951 2471 1227 2526 cruciatus
1259 2468 1528 2538 recipiant
1552 2479 1688 2536 quos
1714 2477 1829 2518 me-

223 2575 444 2622 rentur.
478 2565 666 2621 Simile
701 2565 831 2635 quid
870 2571 924 2620 et
961 2563 1252 2634 Apostolus
1291 2560 1571 2630 loquitur:
1611 2555 1830 2612 Utinam

220 2657 615 2730 praecidantur,
651 2656 742 2727 qui
779 2672 874 2709 nos
911 2653 1062 2726 [Ms.,
1098 2651 1208 2724 vos]
1248 2651 1558 2706 conturbant
1597 2645 1740 2720 (Gal.
1775 2663 1825 2713 v,

223 2747 357 2818 i2)!
399 2747 468 2802 Et
499 2747 628 2802 alibi
667 2765 680 2801 :
721 2745 1022 2802 Alexander
1054 2746 1277 2800 terat-ius
1321 2739 1488 2798 multa
1527 2737 1672 2794 mala
1701 2737 1828 2792 mihi

223 2839 480 2902 ostendit,
503 2838 682 2893 reddet
703 2837 784 2892 illi
801 2837 946 2892 Deus
965 2837 1250 2892 secundum
1274 2851 1430 2906 opera
1449 2831 1562 2904 ejus
1585 2830 1674 2903 (II
1692 2829 1826 2884 Tim.

225 2949 312 2998 tv,
341 2930 452 3002 14).
477 2931 548 2985 Et
569 2930 726 2986 malis
751 2929 972 3000 quidem
991 2928 1084 2999 qui
1105 2925 1349 2984 converti
1375 2940 1482 2980 non
1505 2922 1712 2989 velunt,
1735 2922 1832 2978 sed

226 3024 288 3081 in
325 3023 531 3078 malitia
558 3039 654 3079 sua
680 3035 1020 3092 permanere,
1060 3020 1255 3076 melius
1281 3027 1366 3074 est
1389 3016 1528 3072 mori
1557 3029 1720 3085 quam
1745 3013 1830 3068 vi-

225 3130 388 3184 vere,
411 3116 538 3186 quia
563 3123 767 3185 quanto
791 3114 973 3185 plures
1003 3112 1135 3166 vivit
1161 3111 1295 3173 dies,
1331 3116 1482 3164 tanto
1505 3107 1832 3162 atrociorem

227 3207 344 3264 sibi
369 3215 641 3279 praeparat
669 3219 906 3278 poenam.
940 3204 1094 3262 Unde
1121 3210 1177 3259 et
1201 3201 1442 3260 comicus
1463 3200 1540 3254 ait
1567 3213 1582 3254 :

365 3321 490 3382 Quid
514 3319 625 3372 mali
643 3323 893 3384 imprecer
915 3319 1126 3378 homini,
1147 3317 1240 3368 nisi
1265 3321 1322 3368 ut
1343 3317 1428 3366 diu
1449 3312 1612 3368 vivat?

311 3427 476 3484 Vnus.
511 3425 598 3481 11.
627 3455 701 3466 -
727 3425 824 3480 Est
861 3433 908 3480 et
938 3423 1046 3478 alia
1071 3423 1272 3478 vanitas
1297 3437 1415 3492 quae
1441 3419 1502 3490 ﬁt
1537 3431 1692 3489 super
1729 3425 1834 3471 ter-

231 3535 358 3578 ram
383 3536 402 3574 :
427 3527 548 3575 sunt
567 3517 704 3589 justi
728 3516 914 3588 quibus
941 3512 1087 3568 mala
1113 3511 1260 3585 [Ms.,
1283 3507 1473 3582 multa]
1504 3509 1832 3580 proveniunt,

231 3613 394 3687 quasi
429 3621 588 3683 opera
626 3609 820 3681 egerint
855 3607 1170 3678 impiorum;
1209 3611 1257 3658 et
1291 3611 1414 3658 sunt
1451 3601 1600 3672 impii
1633 3600 1725 3671 qui
1759 3599 1836 3652 ita

231 3714 366 3763 sunt
396 3703 588 3769 securi,
618 3701 768 3775 quasi
786 3701 1056 3773 justorum
1081 3697 1223 3768 facta
1251 3695 1492 3750 habeant.
1528 3691 1634 3749 Sed
1664 3701 1710 3746 et
1741 3691 1838 3745 hoc

233 3797 586 3856 vanissimam
619 3794 824 3866 judico.
862 3791 1008 3847 inter
1041 3799 1266 3846 caeteras
1305 3787 1574 3842 vanitates
1621 3791 1740 3854 quae
1783 3781 1838 3836 in

233 3887 448 3948 mundo
472 3887 626 3943 vario
651 3885 899 3942 feruntur
927 3890 1143 3948 eventu,
1181 3881 1346 3936 etiam
1379 3881 1484 3935 hoc
1511 3874 1839 3949 deprehendi

237 3981 390 4054 quod
410 3979 572 4051 justis
593 3993 658 4033 ea
677 3975 990 4046 frequenter
1011 3971 1266 4029 eveniunt
1283 3985 1402 4042 qua:
1423 3969 1604 4039 impiis
1623 3965 1840 4022 evenire

237 4073 566 4138 debuerant,
596 4077 650 4125 et
685 4069 840 4140 impii
871 4075 982 4122 tam
1011 4063 1242 4120 feliciter
1277 4063 1334 4118 in
1373 4061 1477 4116 hoc
1511 4058 1714 4114 mundo
1749 4057 1842 4112 de—

239 4177 376 4239 gant
417 4163 572 4239 [Ms.,
609 4159 857 4235 degunt],
893 4167 955 4215 ut
988 4171 1082 4215 eos
1117 4165 1274 4228 putes
1313 4167 1432 4210 esse
1465 4151 1793 4221 justissimos
1824 4167 1838 4202 :

239 4255 704 4332 quemadmodum
737 4253 804 4309 de
831 4249 994 4308 divite
1021 4254 1344 4321 purpurato,
1373 4253 1429 4300 et
1455 4243 1664 4298 Lazaro
1691 4251 1844 4293 men-

241 4353 370 4410 dico
409 4351 608 4424 legitur
647 4349 704 4404 in
731 4345 1022 4417 Evangelio
1051 4341 1202 4416 (Luc.
1233 4339 1368 4411 xvi).
1404 4334 1846 4407 Septuagesimus

242 4459 467 4519 quoque
501 4441 770 4498 secundus
807 4437 1048 4510 psalmus
1091 4435 1156 4490 de
1196 4433 1300 4489 hac
1341 4445 1403 4486 re
1448 4430 1702 4498 disputat,
1747 4433 1846 4478 cur

240 4513 410 4610 iustis
447 4535 718 4592 interdum
757 4531 900 4586 mala
929 4537 984 4584 et
1019 4527 1201 4597 impiis
1241 4523 1492 4579 eveniant
1531 4519 1689 4575 bona.
1737 4513 1846 4571 Sed

245 4609 467 4686 Hebraei
507 4627 611 4682 hoc
648 4621 714 4680 de
753 4621 876 4678 ﬁliis
903 4619 1086 4674 Aaron
1123 4615 1446 4685 intelligunt,
1483 4611 1574 4682 qui
1609 4609 1724 4665 Deo
1757 4617 1847 4664 sa-

1923 712 2122 767 ibidem
2157 717 2406 766 testatur.
2451 708 2558 762 Sed
2597 707 2790 762 melius
2825 713 2910 762 est
2945 705 3013 762 de
3049 704 3278 775 spiritali
3305 705 3426 760 cibo
3455 712 3514 762 et

1920 813 2049 880 potu
2069 805 2344 877 sapientiae
2366 805 2482 859 huic
2501 802 2820 872 intelligere,
2844 804 2908 857 de
2931 801 3126 870 quibus
3147 799 3276 855 etin
3301 799 3511 869 psalmo

1921 902 2159 974 legitur:
2193 902 2390 958 Vinum
2429 900 2668 956 laetiﬁcat
2693 915 2788 954 cor
2825 899 3076 964 hominis,
3113 908 3167 952 et
3193 897 3348 967 panis
3375 912 3510 951 con-
3555 913 3614 974 χ

1923 994 2104 1050 ﬁrmat
2151 993 2320 1067 (Psal.
2367 1009 2486 1060 cm,
2515 991 2624 1065 i5).
2655 990 2808 1058 Quod
2845 998 3025 1046 autem
3053 991 3170 1046 haec
3195 989 3512 1060 spiritaliter

1921 1087 2200 1142 sentienda
2243 1094 2389 1151 sunt,
2437 1099 2668 1156 sequens
2713 1082 3012 1140 versiculus
3053 1083 3410 1147 demonstrat,
3456 1081 3512 1136 in

1921 1195 2028 1250 quo
2059 1179 2136 1234 ait
2163 1196 2178 1232 :

1994 1272 2154 1326 Vens.
2175 1268 2261 1335 i6,
2277 1266 2510 1322 i7.——Et
2523 1267 2740 1338 apposui
2755 1283 2844 1320 cor
2853 1281 3024 1321 meum
3037 1275 3092 1319 ut
3105 1264 3290 1319 scirem
3303 1262 3516 1334 sapien-

1922 1365 2070 1428 tiam,
2103 1372 2148 1416 et
2175 1359 2512 1430 intelligerent
2539 1357 2911 1412 dissensionem
2947 1353 3094 1428 [Ms.,
3121 1351 3510 1426 distentionem]

1922 1471 2037 1526 qum
2066 1461 2301 1507 versatur
2328 1451 2383 1504 in
2412 1459 2572 1503 terra.
2603 1447 2696 1504 Est
2727 1449 2902 1512 homo,
2937 1447 3024 1518 qui
3053 1445 3234 1500 diebus
3262 1461 3323 1498 ac
3350 1444 3518 1497 nocti-

1925 1545 2018 1600 bus
2039 1560 2278 1599 somnum
2301 1541 2466 1596 oculis
2491 1557 2592 1594 non
2609 1539 2766 1610 capit,
2784 1545 2830 1592 et
2853 1537 3103 1604 intellexi,
3123 1533 3261 1607 quod
3283 1533 3516 1588 omnium

1924 1656 2136 1712 operum
2172 1639 2268 1692 Dei
2295 1635 2494 1692 nullam
2525 1633 2686 1706 possit
2713 1633 2864 1686 homo
2894 1632 3122 1687 invenire
3149 1629 3404 1683 rationem
3431 1639 3519 1678 eo-

1924 1750 2041 1786 rum
2071 1748 2186 1802 qua?
2215 1729 2348 1800 ﬁunt
2374 1727 2468 1782 sub
2494 1723 2601 1780 sole
2628 1741 2644 1778 :
2671 1735 2716 1778 et
2743 1731 2937 1794 quanto
2963 1719 3079 1792 plus
3109 1716 3418 1773 laboraverit
3448 1713 3517 1767 ad

1923 1822 2281 1897 qurerendum,
2310 1829 2452 1873 tanto
2483 1818 2656 1871 minus
2681 1815 2902 1869 inveniet
2933 1828 2950 1866 :
2979 1811 3182 1866 etiamsi
3209 1808 3398 1862 dixerit
3431 1821 3520 1858 sa-

1926 1919 2072 1990 piens
2099 1933 2153 1970 se
2181 1931 2330 1970 nosse
2349 1955 2362 1978 ,
2405 1929 2508 1966 non
2535 1910 2720 1981 poterit
2754 1907 2996 1976 reperire.
3028 1904 3280 1958 Testatur
3315 1897 3521 1953 scilicet

1926 1989 2119 2066 melius
2141 2024 2262 2064 esse
2295 2007 2350 2061 in
2383 2003 2732 2062 meditatione
2759 1997 3053 2068 Scriptura:
3079 2001 3280 2049 sanctae
3307 1989 3520 2046 versari

1927 2101 2014 2158 die
2037 2116 2101 2156 ac
2127 2105 2307 2166 nocte,
2337 2111 2498 2168 quam
2523 2094 2576 2148 in
2601 2091 2774 2163 epulis
2800 2089 3106 2144 carnalibus
3130 2085 3358 2156 perdere
3383 2090 3522 2137 tem-

1925 2211 2060 2268 pora
2105 2193 2206 2250 sibi
2236 2208 2267 2246 a
2307 2191 2419 2247 Deo
2459 2190 2582 2244 data
2627 2187 2694 2242 ad
2733 2183 3122 2256 proﬁciendum
3152 2181 3205 2234 in
3243 2177 3522 2246 sapientia:

1929 2285 2140 2350 studiis,
2165 2291 2225 2338 ut
2250 2287 2540 2353 cognoscat
2573 2277 2842 2332 mirabilia
2867 2271 2984 2340 Dei,
3009 2281 3063 2328 et
3089 2269 3275 2325 laudet
3298 2268 3522 2323 Creato-

1929 2396 2045 2436 rem
2083 2380 2135 2433 in
2173 2377 2427 2448 Operibus
2459 2373 2572 2430 suis
2615 2390 2628 2426 :
2670 2369 2917 2441 quamvis
2953 2364 3161 2422 occulta
3201 2367 3327 2418 sunt
3365 2357 3522 2432 [Ms.,

1929 2470 2058 2542 sint]
2093 2468 2296 2538 judicia
2317 2467 2432 2530 Dei,
2461 2473 2644 2520 tamen
2677 2461 2922 2518 miranda
2953 2465 3100 2524 sunt,
3128 2463 3184 2511 et
3207 2453 3436 2509 Creator
3462 2449 3521 2504 in

1930 2563 2010 2618 eis
2047 2559 2346 2614 laudandus
2375 2565 2476 2613 est.
2515 2555 2584 2610 Et
2621 2554 2752 2624 quid
2779 2553 2848 2606 de
2883 2551 3051 2606 stulto
3079 2545 3367 2602 dicendum
3403 2547 3486 2596 est
3505 2579 3522 2606 ,

1931 2657 2060 2712 dum
2083 2653 2356 2708 studiosus
2381 2649 2660 2721 sapientiae
2681 2651 2955 2702 scrutator
2979 2640 3223 2698 invenire
3249 2653 3358 2692 non
3379 2635 3528 2692 valet

1931 2763 2104 2820 quare
2139 2747 2244 2802 hoc
2269 2743 2356 2800 vel
2383 2742 2514 2798 illud
2543 2739 2746 2796 factum
2775 2738 2864 2802 sit,
2895 2743 2952 2790 et
2979 2747 3150 2804 quare
3177 2729 3406 2786 mundus
3429 2740 3528 2782 va-

1931 2817 2030 2894 riis
2055 2838 2386 2910 gubernetur
2412 2830 2718 2894 eventibus,
2749 2843 2846 2884 cur
2875 2825 3012 2880 alius
3045 2836 3242 2885 caecus,
3273 2817 3408 2872 alius
3433 2817 3528 2870 de-

1930 2928 2076 2993 bilis,
2117 2926 2256 2980 alius
2289 2924 2480 2978 videns
2507 2931 2564 2976 et
2599 2933 2764 2974 sanus
2791 2924 3048 2972 nascatur
3076 2931 3089 2967 :
3123 2911 3212 2968 lic
3239 2913 3530 2982 pauperta-

1932 3027 2040 3078 tem
2074 3018 2294 3083 habeat,
2334 3015 2424 3072 ille
2461 3014 2708 3079 divitias;
2739 3012 2842 3068 iste
2877 3012 2950 3066 sit
2986 3006 3204 3070 nobilis,
3240 3004 3329 3059 ille
3358 3001 3529 3072 inglo-

1931 3112 2066 3168 rius.
2108 3108 2462 3166 Subostcndit
2489 3107 2672 3174 itaque
2707 3103 2794 3159 his
2827 3101 3028 3166 verbis,
3061 3113 3184 3154 esse
3211 3109 3404 3150 causas
3444 3107 3531 3146 re-

1933 3219 2055 3260 rum
2099 3202 2340 3258 omnium
2387 3195 2736 3254 rationabiles
2780 3207 2876 3264 per
2901 3191 3180 3260 justitiam.
3215 3185 3312 3241 Dei
3357 3195 3528 3253 quare

1933 3292 2354 3362 unumquodque
2381 3289 2498 3354 liat,
2537 3287 2633 3342 sed
2661 3288 2716 3341 in
2753 3283 2965 3340 occulto
2993 3295 3088 3337 eas
3120 3279 3312 3342 latere,
3339 3283 3531 3330 etnon

1937 3401 2096 3458 posse
2119 3385 2188 3440 ab
2213 3382 2520 3440 hominibus
2545 3376 2948 3459 comprehendi.

2543 3486 2783 3547 CAPUT
2811 3487 2902 3542 lx.

2007 3591 2174 3648 Vens.
2207 3591 2260 3655 1,
2285 3588 2342 3643 2.
2363 3616 2436 3628 -—
2459 3585 2649 3641 Omnia
2679 3585 2790 3638 tare
2815 3580 3034 3635 tractavi
3058 3579 3116 3640 in
3137 3576 3294 3634 corde
3313 3583 3448 3641 'nteo,
3473 3585 3532 3638 ut

1939 3684 2143 3739 curiose
2177 3679 2538 3750 intelligerent.
2580 3675 2716 3731 Sunt
2747 3673 2879 3744 justi
2911 3679 2957 3726 et
2985 3670 3262 3740 sapientes,
3293 3675 3342 3722 et
3377 3679 3534 3735 opera

1939 3791 2120 3831 eorum
2161 3775 2218 3827 in
2267 3787 2426 3826 manu
2475 3767 2592 3832 Dei,
2641 3775 2688 3820 et
2737 3776 2911 3820 tamen
2957 3761 3116 3816 nescit
3161 3762 3315 3815 homo
3356 3767 3534 3811 utrum

1941 3881 2120 3922 amore
2165 3881 2234 3919 an
2280 3863 2400 3917 odio
2445 3861 2634 3931 dignus
2682 3858 2781 3922 sit,
2829 3855 2917 3910 sed
2965 3855 3144 3908 omnia
3189 3853 3247 3904 in
3296 3850 3536 3918 futurum

1941 3967 2216 4015 servantur
2253 3956 2477 4018 incerta,
2522 3967 2582 4005 eo
2618 3950 2758 4022 quod
2799 3945 3046 4002 universa
3092 3955 3236 4020 a'que
3275 3939 3536 3996 eveniant.

1943 4053 2116 4109 Porro
2152 4049 2242 4104 hic
2275 4059 2469 4103 sensus
2499 4051 2581 4100 est
2617 4041 2776 4109 hujus
2809 4037 3090 4094 sententia:
3129 4053 3142 4089 :
3181 4031 3234 4090 in
3271 4034 3376 4087 hoc
3411 4029 3537 4084 dedi

1947 4159 2042 4200 cor
2071 4155 2272 4204 meum,
2305 4145 2360 4192 et
2383 4137 2522 4192 scire
2545 4123 2689 4189 volui
2719 4145 2854 4201 quos
2881 4131 3023 4183 Deus
3046 4127 3293 4197 diligeret
3318 4131 3372 4178 et
3397 4133 3538 4192 quos

1947 4235 2168 4290 odisset.
2203 4229 2386 4285 inveni
2411 4225 2683 4295 iustorum
2711 4223 2876 4292 opera
2899 4221 2956 4275 in
2983 4231 3146 4273 manu
3176 4213 3270 4272 Dei
3295 4229 3453 4281 esse;
3485 4220 3544 4269 et

1948 4337 2130 4383 tamen
2165 4331 2344 4377 utrum
2389 4325 2638 4373 amentur
2666 4327 2698 4372 a
2723 4315 2836 4370 Deo
2864 4327 2932 4367 an
2963 4325 3092 4375 non,
3130 4310 3273 4365 scire
3305 4319 3541 4377 nequeo,

1949 4425 2005 4475 et
2047 4416 2260 4485 ambigo
2299 4411 2567 4467 ﬂuctuans
2607 4409 2663 4464 in
2705 4403 3121 4478 cogitationibus
3158 4401 3317 4466 meis,
3357 4407 3542 4454 utrum

1949 4510 2255 4567 sustineant
2282 4507 2348 4561 ad
2375 4503 2749 4574 probationem
2782 4498 2916 4569 justi
2943 4495 3315 4552 tribulationes
3355 4493 3410 4548 in
3439 4493 3546 4547 hoc

1949 4603 2168 4666 sarculo,
2199 4600 2341 4655 sicut
2369 4595 2502 4661 Job;
2540 4609 2608 4649 an
2641 4603 2742 4665 per
2767 4593 2972 4656 odium,
3011 4595 3074 4643 ut
3101 4587 3319 4659 plurimi
3351 4597 3547 4657 pecca-

245 4717 563 4776 criﬁcantes
595 4713 903 4786 perierunt;
935 4719 990 4765 et
1025 4707 1093 4766 de
1129 4682 1394 4770 Manasse,
1424 4703 1514 4774 qui
1544 4709 1666 4774 post
1691 4707 1844 4756 tanta
1877 4723 1927 4784 ι)
1951 4707 2116 4754 tores.
2149 4692 2256 4750 Sed
2275 4693 2381 4747 hoc
2403 4701 2547 4744 nunc
2573 4687 2804 4743 habetur
2827 4683 3134 4739 omnimode
3163 4682 3450 4736 incertum.

2023 4789 2192 4846 Vens.
2220 4787 2274 4841 ’5.
2297 4813 2368 4824 -
2392 4784 2546 4839 Iusto
2576 4791 2622 4835 et
2651 4780 2832 4849 impio,
2862 4777 2995 4832 bono
3021 4785 3068 4830 et
3097 4773 3259 4839 ntalo,
3285 4771 3479 4828 mundo
3501 4779 3549 4826 et

247 4811 400 4867 mala
427 4809 684 4864 reductus
712 4811 795 4860 est
821 4803 888 4859 de
919 4799 1248 4872 captivitate,
1281 4803 1337 4851 et
1368 4795 1648 4852 restitutus
1677 4794 1733 4849 in
1761 4805 1848 4846 re-

250 4920 446 4979 gnum,
473 4911 534 4958 ut
561 4903 677 4958 dies
705 4913 831 4956 suos
861 4896 1090 4954 feliciter
1115 4893 1314 4948 ﬁniret.

327 4993 495 5070 434
529 4995 695 5050 Vens.
729 4989 816 5044 15.
851 5019 922 5029 -—
960 4985 1194 5041 Laudari
1229 4985 1392 5054 igitur
1428 4980 1685 5044 llr-titiam,
1711 4976 1850 5050 quod

253 5107 368 5148 non
391 5099 520 5145 esset
549 5085 746 5142 homini
773 5083 960 5137 bonum
983 5079 1077 5134 sub
1099 5077 1226 5142 sole,
1253 5075 1356 5130 nisi
1377 5072 1515 5145 quod
1539 5069 1852 5135 conroderet,

255 5193 308 5239 et
339 5182 561 5244 biberet,
594 5186 746 5248 atque
776 5172 1058 5244 gauderet,
1083 5179 1130 5223 et
1159 5170 1255 5222 hoc
1282 5167 1448 5222 solum
1478 5179 1650 5218 secum
1679 5161 1857 5231 aufer-

257 5285 341 5330 ret
368 5273 433 5329 de
461 5271 638 5326 labore
664 5285 758 5324 suo
783 5269 838 5321 in
860 5264 1040 5319 diebus
1060 5263 1197 5325 vitm,
1221 5277 1348 5332 quos
1369 5258 1510 5313 dedit
1533 5257 1580 5311 ei
1603 5257 1742 5310 Deus
1762 5254 1856 5308 sub

259 5367 394 5424 sole.
417 5365 780 5422 Concionator
799 5365 1004 5421 noster,
1025 5357 1116 5426 qui
1139 5353 1336 5408 multas
1355 5353 1410 5406 in
1433 5365 1492 5405 se
1511 5347 1864 5419 transﬁgurat

255 5473 554 5532 personas,
585 5453 747 5511 modo
771 5451 916 5522 Vulgi
943 5449 1110 5504 verba
1141 5447 1362 5518 profert,
1396 5445 1538 5515 quod
1561 5441 1695 5497 nihil
1719 5441 1865 5506 aliud

257 5531 470 5608 bonum
499 5547 761 5612 mstimat,
787 5545 894 5599 nisi
921 5541 1096 5596 laetari
1127 5537 1501 5595 manducando
1529 5541 1584 5591 et
1609 5531 1865 5598 bibendo,

263 5653 326 5702 et
359 5643 542 5700 saeculi
582 5637 865 5706 serviendo
895 5635 1050 5709 [Hs.,
1079 5631 1304 5704 servire]
1342 5629 1567 5694 deliciis,
1595 5639 1862 5682 summam
1899 5661 1906 5664 -

1951 4877 2254 4942 immundo,
2301 4872 2594 4930 immolanti
2641 4871 2878 4926 victimas
2920 4875 2968 4923 et
3015 4866 3278 4936 sacriﬁcia
3321 4871 3552 4918 contem-

1957 4977 2119 5034 nenti.
2175 4971 2326 5030 Sicut
2378 4969 2572 5034 bonus,
2621 4967 2697 5022 sic
2746 4973 2794 5020 et
2843 4973 3086 5038 peccator
3131 4977 3149 5016 :
3203 4967 3260 5014 ut
3309 4956 3553 5028 perjurus

1961 5067 2158 5143 [Edit.,
2183 5059 2500 5136 periturus],
2529 5061 2604 5112 ita
2641 5065 2690 5112 et
2727 5055 2818 5111 ille
2847 5057 2936 5128 qui
2971 5067 3150 5109 verum
3185 5049 3404 5118 deierat.
3439 5041 3555 5097 Hoc

1966 5135 2038 5218 est
2077 5159 2357 5231 pessimum
2399 5153 2536 5206 inter
2577 5151 2754 5205 omnia
2793 5165 2910 5221 qute
2949 5147 3083 5217 ﬁunt
3122 5145 3215 5196 sub
3263 5137 3389 5202 sole,
3433 5135 3558 5206 quia

1969 5253 2150 5309 eadem
2178 5248 2378 5304 cunctis
2407 5245 2668 5299 eveniunt.
2701 5243 2778 5298 Ea
2807 5257 2926 5311 qua:
2951 5251 3049 5309 per
3073 5249 3132 5290 se
3158 5247 3258 5288 nec
3285 5231 3424 5285 bona
3459 5239 3563 5281 nec

1973 5341 2112 5399 niala
2145 5347 2290 5403 sunt,
2315 5345 2368 5392 et
2396 5351 2428 5391 a
2457 5335 2790 5406 sapientibus
2815 5332 2973 5402 hujus
3007 5325 3186 5384 surculi
3217 5323 3392 5378 media
3425 5333 3564 5373 nun-

1975 5443 2262 5507 cupantur,
2295 5432 2420 5502 quia
2449 5429 2728 5501 aequaliter
2761 5426 2923 5498 justis
2949 5421 3204 5478 eveniunt
3239 5425 3294 5473 et
3325 5411 3560 5486 iniustis,

1979 5529 2251 5601 simplices
2294 5539 2536 5596 quosque
2575 5519 2898 5579 conturbant
2939 5531 3036 5571 cur
3075 5515 3150 5568 ita
3189 5509 3470 5572 eveniant,
3511 5513 3567 5559 et

1971 5599 2257 5698 propterea
2295 5631 2401 5674 non
2443 5622 2636 5689 putant
2679 5625 2799 5666 esse
2841 5609 3119 5674 iudicium,
3165 5617 3287 5660 cum
3327 5599 3568 5657 omnium

266 5741 519 5810 accipere
543 5733 876 5792 felicitatem.
897 5690 1017 5785 ιερά
1041 5729 1157 5784 hmc
1178 5690 1465 5790 sententia,
1493 5724 1538 5778 si
1555 5690 1647 5777 ἐἰς
1673 5717 1868 5775 intelli—
1971 5690 2157 5773 rerum
2197 5715 2249 5769 in
2297 5701 2475 5767 ftituro
2517 5707 2807 5763 discrimen
2851 5703 2940 5758 sit.
2995 5700 3124 5756 Tale
3162 5697 3292 5770 quid
3331 5691 3470 5768 [et]
3511 5690 3567 5745 in

261 5783 415 5904 gito;
447 5829 591 5884 sicut
625 5825 828 5894 scripta
865 5827 980 5885 est,
1021 5821 1248 5874 miseros
1287 5813 1604 5887 approbavit
1641 5825 1775 5882 quos
1811 5809 1870 5864 in
1973 5807 2264 5880 Evangelia
2303 5806 2416 5876 ipse
2453 5799 2712 5857 Dominus
2759 5796 2836 5852 ait
2883 5814 2895 5849 :
2949 5793 3126 5848 Estote
3174 5787 3388 5862 perfecti
3435 5783 3572 5838 sicut

1716 5902 1793 5904 γγᾼ
1986 5901 2016 5904 Α.
2471 5895 2490 5904 -
2550 5901 2560 5904 -
2692 5897 2726 5904 ..
2814 5888 2887 5904 -..ρ
2925 5885 3070 5904 γμιρ---
3108 5895 3252 5904 -.η-η.
3285 5879 3412 5904 ...ΔΑ
3447 5875 3572 5904 ι’-ιιιῐι

267 5875 821 5992 laetanti—itali.
957 5875 1217 5968 Dominus
1253 5875 1440 5964 bealos
1481 5875 1677 5962 asserii
1713 5902 1867 5977 [Ms.,
1979 5875 2153 5958 Pater
2177 5875 2342 5954 vester
2367 5895 2626 5968 perfectus
2651 5897 2760 5956 est,
2797 5888 2888 5961 qui
2913 5885 3076 5942 solem
3099 5895 3254 5940 suum
3281 5879 3413 5935 oriri
3445 5875 3572 5948 facit

241 6001 254 6016 ³
271 5969 461 6096 dixit]:
509 6007 565 6068 id
609 5969 693 6068 est
731 5969 1015 6096 pauperes,
1067 6017 1298 6078 quorum
1342 6016 1566 6088 regnum
1611 5969 1872 6058 canorum
1977 6011 2135 6074 super
2179 5993 2337 6050 bonas
2385 5997 2433 6046 et
2478 5985 2678 6052 malos,
2721 5993 2768 6040 et
2812 5983 2942 6068 pluit
2985 5995 3141 6054 super
3179 5977 3353 6052 justas
3399 5979 3448 6028 et
3491 5969 3576 6028 itt-
