4072 6340
521 382 630 444 705

1358 366 1432 439 'a.
1473 381 1535 438 ιτ.
1574 381 1803 439 ALBlNl
1843 380 1977 440 seu
2015 378 2290 438 ALCUlNl
2325 379 2614 440 OPERUM
2649 380 2830 475 rans
2865 344 2928 439 ιι.

3693 387 3807 447 704

511 506 688 580 iustos
731 500 947 577 (Matth.
983 516 1037 570 v,
1080 501 1171 568 45,
1197 499 1309 571 48).
1350 496 1505 565 Quod
1539 506 1722 553 autem
1751 476 1854 563 ait,
1882 473 2185 559 eventus‘A
2209 495 2375 562 zelus,
2408 505 2463 551 et
2489 473 2712 564 invidia,
2742 505 2795 553 et
2823 495 3111 565 aemulatio,
3140 513 3303 569 quam
3332 499 3644 556 habuerunt
3670 514 3810 560 con-

516 609 605 659 est
629 615 770 656 unus
796 597 1065 660 omnibus,
1086 595 1236 665 justo
1271 599 1327 646 et
1362 592 1549 662 impio,
1589 592 1703 647 sive
1738 592 2111 664 angustiarum

518 692 633 749 sive
676 689 870 745 mortis
908 674 1178 759 signiﬁcat
1211 692 1481 739 eventum.
1527 683 1652 739 Ideo
1696 700 1798 740 nec
1842 685 2112 740 charitate

517 785 617 843 Dei
636 785 827 857 dignos
850 780 937 837 vel
961 780 1085 835 odio
1106 778 1314 849 seipsos
1334 793 1452 833 esse
1478 778 1802 848 intelligunt.
1831 776 1944 832 Hoc
1964 776 2112 832 enim

515 879 812 951 pessimum
837 889 960 930 esse
980 871 1221 927 omnium
1249 886 1371 942 quae
1395 870 1497 926 sub
1517 869 1629 926 sole
1655 876 1782 924 sunt
1806 868 1964 935 dixit,
1983 867 2111 939 quia

517 971 663 1028 nulla
686 968 942 1025 discretio
968 966 1058 1022 hic
1079 980 1199 1021 esse
1221 960 1434 1019 videtur
1468 963 1611 1020 inter
1635 963 1806 1019 bonos
1831 970 1887 1018 et
1917 961 2108 1027 malos,

517 1075 575 1123 et
606 1065 710 1120 hoc
743 1061 885 1133 apud
912 1075 1008 1116 eos
1028 1059 1120 1129 qui
1146 1073 1270 1113 cum
1302 1057 1572 1128 Pmpbeta
1608 1072 1715 1111 non
1750 1055 2029 1111 intrabunt
2057 1055 2114 1110 in

517 1155 889 1216 sanctuarium
911 1153 1029 1220 Dei,
1052 1159 1113 1206 ut
1132 1150 1433 1221 intelligant
1454 1148 1748 1205 novissima
1774 1163 1983 1204 eorum.

588 1290 752 1348 Vsus.
791 1288 845 1343 4.
882 1319 954 1329 ——
997 1284 1147 1341 Unde
1183 1293 1231 1339 et
1261 1283 1421 1338 corda
1450 1281 1684 1352 ﬁliorum
1714 1280 1983 1335 hominum
2008 1280 2113 1334 im-

514 1386 729 1459 plentur
754 1381 959 1438 malitia
998 1390 1047 1435 et
1075 1386 1370 1449 contemptu
1399 1377 1453 1431 in
1487 1377 1593 1430 vita
1620 1392 1740 1439 sua,
1778 1383 1826 1427 et
1861 1381 1977 1445 post
2004 1374 2115 1428 haec

517 1478 588 1534 ad
617 1476 814 1548 inferos
842 1475 1186 1530 deducentur.
1222 1470 1389 1526 Nemo
1419 1480 1493 1524 est
1521 1470 1612 1541 qui
1638 1484 1838 1539 semper
1862 1468 2037 1534 vivat,
2066 1474 2117 1522 et

512 1573 602 1645 qui
629 1552 788 1641 hujus
816 1570 892 1624 rei
928 1568 1115 1623 habeat
1145 1567 1418 1637 ﬁduciam.
1448 1564 1711 1619 Eumdem
1758 1578 1977 1619 sensum
2025 1576 2117 1617 re-

515 1666 681 1736 plicat
721 1678 882 1733 quem
929 1669 1056 1717 ante
1097 1660 1299 1731 posuit,
1346 1658 1474 1729 quia
1502 1672 1816 1713 communes
1856 1654 2117 1727 angustiae

514 1756 677 1830 435
702 1756 879 1827 justos
904 1761 959 1808 et
985 1752 1212 1823 injustos
1252 1757 1526 1823 premunt.
1565 1749 1691 1803 Ideo
1726 1748 1843 1803 sine
1867 1754 2118 1818 respectu

517 1848 768 1904 homines
795 1860 1022 1917 peccare
1060 1859 1165 1898 non
1198 1850 1474 1908 metuunt,
1505 1841 1632 1911 quia
1658 1841 1714 1895 in
1748 1840 2001 1911 praesenti
2025 1839 2118 1911 ju-

517 1942 718 1997 dicium
758 1940 853 1995 Dci
894 1928 1007 1994 non
1034 1938 1223 1992 vident
1250 1951 1413 2007 super
1442 1935 1658 2006 impios,
1696 1934 1785 2005 qui
1820 1933 1998 1987 subito
2027 1947 2118 1987 ra-

516 2034 740 2105 piuntur
775 2046 876 2103 pro
902 2030 1143 2102 peccatis
1168 2028 1237 2083 ad
1265 2026 1487 2091 inferos,
1521 2027 1648 2081 dum
1676 2040 1777 2080 nec
1800 2025 2017 2096 semper
2038 2023 2123 2080 vi-

517 2139 645 2181 vere
685 2129 1006 2195 potestatem
1038 2120 1264 2185 habent,
1296 2133 1397 2174 nec
1426 2118 1568 2172 nllus
1598 2125 1709 2171 tam
1734 2127 1925 2188 potens
1953 2123 2038 2171 est
2065 2115 2122 2173 in

518 2218 738 2283 smculo,
780 2216 873 2287 qui
918 2215 1081 2286 hujus
1132 2214 1229 2282 rei,
1280 2214 1335 2268 id
1377 2221 1483 2281 est,
1533 2214 1650 2269 sine
1694 2221 1870 2268 morte
1914 2212 2127 2280 vivere,

518 2310 833 2367 facultatem
872 2290 1075 2366 habere
1113 2306 1310 2362 valeat.
1342 2305 1496 2362 Unde
1524 2304 1579 2360 in
1609 2305 1961 2377 sequentibus
1987 2291 2122 2361 mox

519 2399 765 2474 adiungit
797 2417 811 2455 :

546 2570 551 2583 ε
589 2538 753 2594 Vsus.
780 2532 838 2605 5,
866 2535 919 2592 6.
941 2566 1015 2578 -—
1035 2534 1228 2593 Melior
1245 2542 1322 2591 est
1347 2535 1492 2591 canis
1519 2534 1689 2592 vivens
1714 2534 1862 2591 leone
1881 2542 2124 2601 mortuo;

517 2631 741 2687 viventes
781 2630 922 2685 enim
961 2630 1135 2685 sciunt
1181 2645 1235 2684 se
1277 2646 1388 2684 esse
1428 2629 1732 2695 morituros,
1770 2629 1966 2682 mortui
2006 2643 2124 2683 vero

524 2701 658 2776 nihil
690 2729 941 2777 noverunt
985 2719 1228 2792 amplius,
1273 2736 1366 2774 nec
1406 2720 1597 2775 habent
1637 2719 1778 2775 ultra
1815 2719 2120 2785 mercedem,

519 2815 646 2886 quia
684 2813 932 2868 oblivioni
969 2813 1099 2867 data
1140 2820 1216 2867 est
1254 2813 1507 2867 memoria
1546 2829 1745 2867 eorum.
1788 2812 1953 2867 Amor
1991 2828 2127 2884 quo-

519 2924 638 2981 que,
667 2915 717 2962 et
741 2896 939 2970 odiurf,
977 2913 1027 2960 et
1060 2905 1260 2960 invidia
1299 2904 1457 2959 simul
1490 2906 1775 2977 perierunt,
1810 2923 1900 2961 nec
1936 2905 2127 2960 habent

518 3006 722 3070 partem
761 2997 818 3052 in
853 2995 1071 3062 saeculo,
1110 3005 1159 3051 et
1188 2993 1253 3050 ἰιι
1290 3012 1444 3067 opere
1469 2996 1609 3068 quod
1647 2996 1740 3051 sub
1770 2996 1877 3050 sole
1903 2997 2125 3067 geritur.

521 3092 677 3159 Quod
723 3098 907 3147 autem
952 3105 1119 3162 supra
1154 3090 1401 3156 dixerat,
1442 3105 1539 3146 cor
1576 3089 1809 3145 ﬁliorum
1845 3089 2128 3145 hominum

524 3182 740 3254 impleri
786 3183 995 3238 malitia
1041 3190 1099 3238 et
1144 3182 1462 3253 iniquitate,
1517 3189 1574 3237 et
1614 3190 1738 3253 post
1781 3182 1897 3237 haec
1943 3182 2128 3238 omnia

526 3281 703 3328 morte
741 3273 908 3339 ﬁniri,
944 3287 1089 3328 nunc
1114 3274 1307 3329 eadem
1341 3272 1577 3343 complet
1611 3280 1667 3328 et
1702 3275 1917 3342 repetit,
1954 3273 2126 3329 donec

526 3364 714 3419 vivant
735 3364 1004 3430 homines,
1031 3380 1193 3435 posse
1222 3380 1317 3423 eos
1350 3365 1528 3436 justos
1557 3364 1707 3431 ﬁeri,
1734 3373 1859 3436 post
1891 3374 2127 3421 mortem

525 3468 658 3509 vero
686 3453 893 3509 nullam
927 3453 1056 3509 boni
1092 3457 1273 3525 operis
1309 3456 1651 3511 occasionem
1684 3455 1825 3510 dari.
1868 3455 2129 3512 Peccator

528 3545 674 3601 enim
712 3545 924 3611 vivens,
963 3559 1125 3615 quem
1158 3546 1282 3601 cani
1317 3546 1685 3616 comparavit,
1722 3553 1901 3617 potest
1937 3547 2130 3604 melior

526 3651 649 3694 esse
680 3637 830 3708 justo
858 3644 1095 3708 mortuo,
1125 3652 1289 3706 quem
1317 3636 1529 3693 leonem
1568 3636 1706 3692 dixit
1737 3656 1750 3691 :
1786 3638 1913 3708 quia
1939 3639 2129 3694 vivens

527 3726 792 3800 proﬁcere
827 3727 1027 3799 poterit
1063 3727 1119 3782 in
1155 3742 1320 3798 opere
1348 3727 1513 3794 bono,
1550 3736 1800 3784 mortuus
1826 3743 1957 3785 vero
1994 3729 2131 3785 nihil

530 3828 712 3894 potest
748 3821 949 3877 addere
976 3819 1185 3875 meritis
1212 3820 1345 3876 suis.
1375 3818 1669 3876 Possumus
1697 3834 1911 3890 quoque
1938 3835 2130 3877 canem

528 3929 823 3987 pauperem
861 3913 1072 3985 justum
1117 3900 1422 3984 intelligere
1462 3912 1733 3969 viventem
1756 3954 1772 3980 ,
1819 3921 1874 3969 et
1916 3913 2130 3971 leonem

531 4014 807 4064 mortuum
842 4013 1120 4077 potentem
1168 4003 1329 4075 hujus
1377 4003 1580 4071 smculi,
1626 4005 1718 4075 qui
1764 4004 1900 4060 nihil
1944 4020 2130 4062 secum

529 4100 800 4157 bonorum
825 4097 1013 4154 exiens
1049 4097 1116 4153 de
1154 4096 1259 4152 hoc
1293 4094 1496 4152 mundo
1532 4097 1854 4153 meritorum
1886 4096 2126 4153 abstulit.

532 4190 642 4249 Sed
674 4199 732 4247 et
773 4190 990 4247 dilectio
1029 4204 1244 4256 eorum,
1283 4196 1340 4245 et
1382 4188 1587 4256 odium,
1627 4196 1683 4245 et
1719 4188 2039 4257 immolatio,
2074 4197 2132 4247 et

531 4299 693 4345 omne
720 4284 865 4355 quod
888 4284 944 4338 in
973 4282 1168 4339 saeculo
1196 4281 1403 4338 habere
1430 4290 1755 4352 potuerunt,
1784 4284 1976 4338 mortis
2008 4281 2130 4339 ﬁni-

530 4382 622 4433 tur
648 4376 882 4432 adventu
902 4413 918 4439 ,
956 4386 1058 4429 nec
1084 4372 1233 4443 juste
1260 4373 1537 4443 quidpiam
1562 4382 1792 4444 possunt
1818 4389 1998 4446 agere,
2027 4388 2131 4430 nec

532 4474 789 4542 peccare;
819 4480 922 4522 nec
947 4465 1177 4520 virtutes
1201 4463 1455 4534 adjicere,
1487 4480 1589 4521 nec
1615 4467 1769 4521 vitia.
1800 4467 2130 4538 Spiritaliter

2146 1866 2197 1929 B

2154 3226 2200 3290 C

2214 597 2299 644 tra
2325 588 2602 646 Christum
2630 598 2684 644 et
2716 590 3004 661 apostolos,
3035 591 3239 662 pariter
3263 592 3442 663 periit.

2230 711 2241 717 -
2283 684 2445 739 Vens.
2476 684 2527 738 7.
2554 715 2629 726 -—
2663 683 2809 739 Vade
2836 702 2957 755 ergo
2986 693 3035 739 et
3069 685 3276 740 comede
3306 687 3363 740 in
3392 685 3578 742 lcetitia
3617 704 3813 760 panem

2213 781 2379 839 tuum,
2407 784 2455 830 et
2483 774 2597 829 bibe
2623 776 2679 830 in
2706 776 2899 845 gaudio
2923 776 3098 830 vinum
3123 784 3292 843 tuum,
3310 774 3444 846 quia
3467 777 3677 849 placent
3698 780 3815 837 Deo

2214 880 2372 935 apera
2412 874 2524 920 tua.
2562 866 2748 921 Melius
2788 868 2905 922 haec
2943 867 3141 932 omnia,
3190 868 3327 924 sicut
3364 884 3508 940 saepe
3549 870 3814 943 diximus,

2215 956 2532 1025 spiritaliter
2559 957 2933 1030 intelliguntur
2954 975 3117 1030 quam
3145 960 3454 1025 carnaliter,
3484 976 3555 1016 ne
3586 960 3731 1019 forte
3760 964 3817 1021 in

2214 1046 2432 1116 Epicuri
2480 1047 2673 1118 dogma
2712 1045 2969 1115 ruamus,
3004 1049 3097 1119 qui
3140 1048 3355 1105 beatam
3395 1051 3689 1107 aestimavit
3737 1053 3819 1108 vi-

2117 1176 2124 1197 ,
2217 1145 2346 1202 tam,
2375 1140 2616 1209 corporis
2643 1138 3089 1196 delectationibus
3114 1140 3222 1197 frui
3252 1160 3265 1196 :
3297 1142 3402 1198 nisi
3428 1142 3570 1199 forte
3596 1145 3818 1201 concio-

2216 1228 2423 1283 natoris
2458 1245 2610 1286 more
2634 1231 2964 1287 aestimemus
2994 1230 3337 1289 Salomonem
3364 1235 3510 1306 vulgi
3537 1236 3735 1303 verba,
3762 1245 3819 1293 et

2219 1334 2411 1374 sensus
2458 1334 2525 1374 ex
2577 1336 2675 1376 sua
2720 1337 2953 1392 persona
2998 1322 3268 1394 proferre.
3324 1324 3580 1381 Dicamus
3636 1327 3818 1385 altiori

2219 1427 2381 1467 sensu
2404 1414 2435 1482 ξε
2479 1412 2615 1480 Quia
2653 1414 2889 1471 didicisti
2928 1416 3099 1485 priori
3140 1419 3436 1485 sententia,
3468 1421 3615 1490 quod
3645 1430 3822 1480 morte

2218 1504 2400 1560 omnia
2446 1504 2729 1574 ﬁniuntur,
2780 1520 2835 1563 et
2879 1509 2935 1562 in
2974 1507 3186 1565 inferno
3231 1526 3338 1566 non
3383 1512 3454 1568 sit
3496 1516 3818 1584 paenitentia

2218 1595 2515 1664 fructuosa,
2551 1613 2652 1653 nec
2679 1600 2874 1670 aliquis
2901 1600 3118 1656 virtutis
3148 1617 3429 1670 recursus;
3472 1604 3601 1658 dum
3632 1606 3690 1660 in
3722 1608 3819 1664 isto

2220 1691 2416 1747 saeculo
2441 1704 2520 1756 es,
2556 1690 2771 1759 festina,
2812 1693 3103 1759 contende,
3124 1709 3223 1765 age
3252 1694 3665 1764 paenitentiam;
3698 1698 3820 1753 dum

2223 1782 2390 1839 habes
2426 1792 2661 1855 tempus,
2692 1784 2909 1853 labora;
2952 1786 3185 1841 libenter
3221 1787 3558 1865 enimDeus
3596 1790 3821 1861 suscipit

2221 1879 2629 1949 paenitentiam;
2657 1886 2712 1934 et
2734 1880 2958 1937 comede
2976 1896 3174 1951 panem
3208 1882 3512 1948 charitatis,
3547 1890 3604 1936 et
3641 1884 3819 1939 vinum

2223 1973 2500 2043 sapientia:
2523 1974 2667 2039 bibe,
2692 1981 2753 2028 ut
2771 1973 2883 2029 Deo
2904 1974 3154 2044 placeant
3173 1990 3337 2046 opera
3361 1984 3471 2042 tua,
3498 1978 3644 2031 sicut
3664 1993 3820 2034 verus

2221 2049 2578 2122 Ecclesiastes
2615 2067 2671 2122 in
2706 2067 2998 2141 Evangelio
3033 2069 3163 2125 dicit
3192 2085 3207 2123 :
3243 2069 3347 2136 Qui
3373 2072 3506 2137 sitit,
3546 2074 3719 2126 veniat
3754 2072 3819 2127 ad

2222 2174 2303 2212 me
2327 2168 2374 2212 et
2401 2158 2539 2213 bibat
2569 2159 2748 2231 (Joan.
2777 2176 2876 2227 vlt,
2908 2161 3021 2233 57).
3053 2161 3121 2216 Et
3149 2163 3203 2217 in
3234 2162 3546 2220 Proverbiis
3570 2183 3585 2219 :
3619 2163 3817 2232 Venite,

2222 2251 2472 2305 comedite
2509 2268 2729 2322 panem,
2764 2262 2813 2307 et
2854 2252 3008 2308 bibite
3039 2254 3250 2321 vinum,
3280 2255 3421 2327 quod
3460 2257 3647 2312 miscui
3676 2260 3817 2313 vocis

2225 2342 2408 2414 (Prov.
2440 2360 2517 2408 ιι,
2548 2342 2625 2413 5).
3316 2389 3327 2397 .

2294 2434 2458 2489 Vnus.
2488 2435 2541 2490 8.
2570 2465 2642 2475 -—
2671 2432 2828 2489 Omni
2853 2443 3079 2507 tempore
3106 2438 3209 2493 sint
3237 2440 3544 2496 vestimenta
3575 2450 3671 2494 tua
3701 2458 3817 2496 can-

2224 2524 2373 2592 dida,
2410 2534 2459 2580 et
2488 2525 2660 2581 oleum
2692 2526 2757 2581 de
2782 2528 2948 2598 capite
2977 2536 3067 2583 tuo
3091 2546 3197 2584 non
3220 2530 3451 2599 deﬁciat.
3480 2531 3713 2595 Habeto,
3746 2532 3820 2587 in-

2224 2620 2364 2690 quit;
2394 2635 2591 2690 corpus
2615 2619 2876 2675 mundum
2904 2628 2961 2675 et
2983 2629 3219 2689 castum,
3245 2629 3300 2678 et
3325 2630 3442 2679 esto
3464 2624 3816 2680 misericors:

2224 2711 2329 2766 hoc
2370 2719 2472 2779 est,
2518 2712 2663 2782 quod
2705 2712 2761 2767 in
2802 2712 3094 2784 Evangelio
3134 2714 3252 2784 ipsa
3293 2715 3504 2771 Veritas
3544 2717 3627 2771 ait
3660 2736 3673 2770 :
3713 2716 3820 2772 Sint

2226 2800 2390 2857 lumbi
2412 2805 2569 2858 vestri
2596 2804 2887 2875 prwcincti,
2916 2812 2964 2858 et
2994 2802 3222 2859 lucerna:
3246 2805 3488 2860 ardentes
3508 2807 3569 2859 in
3589 2808 3820 2861 manibus

2225 2899 2409 2953 vestris
2439 2896 2591 2970 (Luc.
2615 2913 2718 2964 xu,
2746 2897 2860 2969 55).
2888 2897 2949 2954 In
2972 2899 3264 2969 praecincti]
3291 2898 3605 2955 castitatem
3636 2915 3821 2971 corpo-

2226 2992 2306 3049 ris
2350 2991 2637 3063 signiﬁcat,
2683 3000 2738 3046 et
2783 2992 2839 3046 in
2877 2991 3116 3048 lucernis
3160 2992 3496 3058 ardentibus,
3545 3007 3674 3063 quae
3715 2993 3823 3049 oleo

2229 3085 2445 3139 alantur
2467 3086 2733 3163 bonorum
2760 3066 3004 3155 operum,
3029 3085 3319 3142 candorem
3345 3094 3401 3141 et
3418 3086 3819 3156 praedicationis

2228 3176 2425 3231 lucem.
2457 3175 2572 3233 Hoc
2597 3176 2716 3232 oleo
2744 3178 2927 3234 vultus
2952 3186 3141 3234 noster
3159 3178 3544 3235 exhilarandus
3575 3188 3665 3236 est
3689 3198 3704 3232 :
3730 3180 3822 3235 hoc

2220 3265 2531 3339 jejunantes
2558 3278 2902 3341 unguentum
2929 3271 2986 3324 in
3013 3270 3189 3341 capite
3224 3271 3463 3326 habeant
3480 3312 3497 3337 ,
3524 3273 3677 3341 quod
3708 3286 3822 3342 pec-

2226 3370 2441 3417 catores
2460 3360 2665 3417 habere
2684 3376 2791 3417 non
2812 3371 3055 3439 possunt,
3079 3378 3309 3439 quorum
3335 3362 3421 3417 vir
3442 3363 3630 3434 justus
3654 3363 3822 3419 oleum

2227 3456 2550 3527 detestatur,
2581 3455 2673 3511 ubi
2706 3456 2782 3511 ait
2815 3474 2828 3509 :
2867 3455 3054 3511 Oleum
3082 3457 3508 3529 peccatoris_non
3544 3459 3824 3529 impingam

2228 3557 2383 3622 caput
2408 3565 2581 3603 meum
2612 3548 2786 3619 (Psal.
2816 3565 2938 3616 cn,
2970 3549 3047 3622 5).
3079 3549 3234 3617 Quod
3258 3550 3440 3605 oleum
3463 3551 3710 3607 haeretici
3735 3552 3824 3610 ba—

2228 3638 2358 3694 bere
2383 3640 2579 3704 solent,
2607 3646 2669 3695 ut
2693 3638 3021 3711 perfundant
3044 3641 3223 3711 capita
3247 3632 3621 3713 deceptorum,
3653 3641 3708 3697 id
3728 3650 3821 3708 est,

2226 3731 2393 3788 verba
2421 3729 2629 3797 suavia,
2657 3731 2753 3786 sed
2780 3730 3004 3786 fallaciae
3027 3731 3207 3802 plena.
3255 3799 3261 3805 ν
3816 3776 3821 3781 .

2299 3823 2462 3879 Vsus.
2492 3823 2547 3879 9.
2575 3852 2647 3862 —
2676 3821 2958 3892 Perfruere
2983 3823 3091 3876 vita
3118 3838 3237 3877 cum
3261 3837 3426 3877 uxore
3443 3838 3612 3894 quam
3633 3821 3823 3893 diligis,

2229 3915 2426 3970 cunctis
2447 3913 2627 3969 diebus
2651 3913 2771 3968 vita:
2793 3912 3150 3968 instabilitatis
3179 3922 3307 3980 tuae,
3328 3914 3420 3980 qui
3442 3912 3554 3967 dati
3585 3923 3712 3975 sunt
3736 3912 3822 3967 tibi

2228 4005 2323 4060 sub
2352 4004 2460 4060 sole
2489 4003 2728 4059 omnibus
2762 4004 2943 4059 diebus
2971 4005 3217 4060 vanitatis
3253 4015 3377 4060 tute.
3424 4003 3557 4059 Hcce
3588 4016 3669 4060 est
3694 4005 3821 4060 enim

2226 4116 2351 4171 pars
2378 4099 2435 4154 in
2463 4100 2587 4165 vita,
2628 4099 2759 4152 etin
2786 4095 2963 4153 labore
3002 4106 3114 4182 tuo,
3158 4115 3260 4170 quo
3302 4097 3514 4153 laboras
3558 4099 3661 4153 sub
3702 4096 3824 4152 sole.

2230 4189 2562 4261 Sapientiam
2612 4202 2870 4259 sequere,
2926 4196 2980 4244 et
3033 4189 3320 4245 scientiam
3375 4189 3788 4260 Scripturarum
3807 4228 3823 4255 ,

2228 4283 2393 4357 436
2433 4291 2488 4339 et
2531 4285 2673 4339 hanc
2714 4282 2811 4339 tibi
2850 4282 2907 4338 in
2941 4281 3249 4356 coniugium
3287 4283 3501 4353 copula,
3534 4283 3605 4338 de
3633 4298 3740 4355 qua
3778 4281 3829 4336 in

2231 4376 2543 4431 Proverbiis
2568 4394 2580 4431 :
2609 4376 2745 4430 Ama
2773 4374 2922 4430 illam
2946 4384 2995 4431 et
3024 4376 3248 4431 servabit
3273 4385 3341 4443 te,
3366 4375 3678 4447 amplexare
3699 4390 3829 4441 eant,

2229 4476 2278 4522 et
2315 4465 2661 4522 circumdabit
2699 4475 2749 4521 te
2779 4465 2963 4539 (Prov.
2996 4483 3071 4534 Iv,
3103 4465 3181 4540 8).
3215 4465 3342 4523 Dies
3367 4465 3513 4522 enim
3544 4464 3708 4538 [Ms.,
3735 4480 3829 4521 au-

534 4562 702 4618 etiam
721 4559 1082 4630 intelligamus
1102 4555 1467 4631 Chananream
1485 4556 1655 4625 illam,
1678 4559 1766 4615 cui
1786 4560 1986 4616 dictum
2007 4568 2125 4618 est:
2153 4589 2206 4652 ι)
2232 4557 2363 4631 tem]
2388 4558 2665 4627 vanitatis,
2703 4558 2821 4615 dies
2858 4559 3019 4631 hujus
3046 4560 3230 4616 saeculi
3266 4575 3499 4630 nequam
3534 4560 3827 4631 signiﬁcat,

534 4653 698 4709 Fides
723 4660 816 4706 tua
836 4660 884 4706 te
903 4649 1103 4707 salvam
1128 4649 1249 4721 fecit
1278 4649 1494 4722 (Matth.
1521 4665 1599 4717 ιι,
1624 4649 1741 4723 22),
1762 4665 1951 4708 canem
1968 4651 2125 4723 juxta
2159 4649 2181 4652 θ
2231 4652 2298 4709 de
2323 4650 2520 4723 quibus
2556 4659 2613 4707 et
2644 4650 2934 4722 Apostolus
2974 4667 3084 4707 non
3124 4659 3284 4709 tacet.
3323 4652 3559 4709 Pulchre
3586 4652 3832 4724 praecipit

534 4740 884 4815 Evangelium
921 4754 1073 4809 esse;
1119 4741 1328 4797 leonem
1369 4740 1543 4815 [vero]
1583 4750 1856 4798 mortuum
1893 4744 2126 4801 circum-
2174 4746 2175 4749 “

533 4833 753 4891 cisionis
779 4831 1058 4903 populum,
1089 4832 1227 4887 sicut
1248 4831 1468 4887 Balaam
1494 4833 1758 4903 propheta
1783 4833 1914 4888 dicit
1940 4850 1953 4886 :
1986 4832 2124 4888 Ecce
2230 4837 2433 4909 pientia
2461 4851 2630 4893 uxore
2652 4853 2961 4909 quaeramus
2989 4856 3002 4893 :
3032 4838 3150 4894 hzec
3176 4838 3321 4893 enim
3348 4853 3477 4909 pars
3503 4846 3700 4893 nostra
3723 4844 3830 4903 est,

530 4926 776 5000 populus,
805 4935 863 4980 ut
892 4923 1095 4980 catulus
1135 4923 1321 4992 leonis,
1350 4935 1610 4998 exsurget,
1641 4934 1700 4980 ut
1734 4925 1815 4981 leo
1852 4925 2124 4982 exsultans
2230 4938 2287 4987 et
2324 4930 2414 4986 hic
2454 4928 2657 4986 laboris
2696 4928 2927 4998 fructus,
2962 4930 3009 4986 si
3046 4930 3103 4986 in
3142 4931 3246 4987 hac
3270 4930 3383 4985 vita
3419 4930 3707 4986 umbratili
3751 4944 3835 4985 sa—

531 5019 725 5092 (Num.
756 5035 916 5085 xxnt,
945 5017 1061 5090 24).
1092 5016 1256 5075 Canis
1283 5018 1469 5075 vivens
1506 5034 1607 5075 nos
1633 5035 1819 5076 sumus
1842 5036 1910 5075 ex
1948 5019 2126 5077 natio-
2229 5021 2491 5094 pientiam
2523 5036 2741 5090 veram,
2769 5038 2890 5095 quae
2917 5023 2987 5079 ad
3012 5022 3181 5080 vitam
3216 5037 3316 5079 nos
3344 5022 3509 5079 ducat
3532 5030 3831 5090 aeternam,

532 5112 725 5178 nibus,
760 5110 848 5167 leo
881 5126 1011 5167 vero
1047 5118 1295 5167 mortuus
1330 5109 1638 5168 Iudaeorum
1674 5113 1906 5184 populus
1943 5130 1975 5168 a
2013 5113 2129 5172 Deo

532 5202 842 5259 derelictus.
868 5203 936 5258 Et
959 5203 1151 5259 melior
1170 5210 1257 5259 est
1275 5202 1419 5273 apud
1442 5204 1729 5261 Dominum
1754 5204 1908 5279 [Ms.,
1931 5205 2127 5281 Deum]

532 5292 637 5349 iste
675 5293 825 5349 canis
856 5293 1067 5361 vivens,
1099 5309 1265 5365 quam
1297 5293 1391 5350 ille
1430 5293 1515 5350 leo
1553 5304 1817 5353 mortuus.
1854 5296 1964 5353 Nos
1999 5313 2130 5356 vero

531 5387 775 5444 viventes
802 5390 1178 5460 cognoscimus
1197 5388 1440 5456 Patrem,
1463 5398 1518 5444 et
1546 5388 1759 5455 Filium,
1786 5399 1841 5446 et
1866 5390 2129 5461 Spiritum

532 5491 806 5549 sanctum,
851 5481 927 5537 illi
956 5498 1086 5539 vero
1114 5483 1315 5538 mortui
1343 5480 1480 5538 nihil
1504 5481 1704 5550 sciunt,
1731 5498 1832 5539 nec
1855 5483 2130 5540 aestimant

537 5573 775 5646 aliquam
804 5576 1276 5653 repromissionem
1302 5584 1464 5647 atque
1492 5576 1797 5632 mercedem
1813 5616 1830 5644 ,
1864 5577 1958 5635 sed
1980 5591 2129 5633 com-

534 5665 680 5738 pleta
721 5677 807 5725 est
832 5686 1021 5727 eorum
1057 5672 1319 5728 memoria
1359 5689 1372 5725 :
1414 5686 1592 5742 neque
1627 5670 1994 5727 meminerunt
2026 5670 2129 5742 ipsi

537 5773 660 5830 quze
701 5762 843 5818 scire
886 5764 1204 5833 debuerunt,
1253 5780 1428 5836 neque
1472 5764 1688 5822 illorum
1730 5764 1989 5821 Dominus
2013 5764 2129 5837 jam

542 5853 861 5914 recordatus
880 5865 986 5925 est,
1010 5860 1103 5927 qui
1129 5858 1410 5929 perierunt
1434 5857 1490 5917 in
1513 5857 1719 5916 scelere
1742 5871 1859 5917 suo.
1889 5855 2131 5925 Quorum

2229 4751 2292 4801 ut
2323 4744 2378 4800 in
2414 4745 2604 4801 diebus
2628 4744 2885 4802 vanitatis
2922 4730 3122 4801 nostrae
3156 4761 3343 4803 veram
3381 4746 3551 4802 vitam
3580 4762 3713 4802 cum
3746 4760 3832 4801 sa-

2235 5113 2481 5172 invenire
2504 5114 2801 5172 valeamus.

2306 5208 2471 5264 Vens.
2505 5208 2592 5263 10.
2621 5238 2694 5249 -
2723 5205 3079 5280 Quodcunque
3106 5206 3282 5278 facere
3303 5214 3468 5279 potest
3497 5223 3698 5264 manus
3723 5216 3831 5272 tua,

2233 5300 2492 5356 instanter
2519 5316 2754 5372 operare,
2785 5300 2912 5372 quia
2945 5316 3038 5355 nec
3064 5316 3213 5371 opus,
3242 5317 3335 5355 nec
3364 5301 3524 5371 ratio,
3548 5318 3648 5355 nec
3669 5301 3837 5357 scien-

2234 5395 2331 5461 tia,
2338 5409 2446 5481 λιεσ
2472 5393 2729 5465 sapientia
2754 5401 2908 5447 erunt
2938 5392 3079 5464 apud
3104 5391 3321 5462 inferos,
3344 5409 3447 5465 quo
3472 5400 3530 5447 tu
3556 5408 3836 5465 properas.

2234 5482 2344 5540 Fac
2367 5483 2725 5554 quodcunque
2766 5483 2895 5538 boni
2933 5481 3115 5552 operis
3153 5482 3367 5549 valeas;
3405 5498 3551 5538 nunc
3576 5481 3839 5540 laboran-

2231 5576 2357 5633 dum
2396 5575 2548 5649 [Ms.,
2578 5572 2789 5647 labora]
2825 5592 2838 5629 :
2880 5575 3050 5630 habes
3090 5581 3300 5645 tempus
3338 5574 3662 5644 laborandi,
3709 5573 3840 5646 quia

2230 5684 2379 5725 mors
2418 5668 2536 5734 tibi,
2581 5682 2701 5738 qua:
2738 5666 2938 5723 inferni
2981 5667 3198 5723 nomine
3220 5667 3572 5743 «designatur,
3619 5678 3841 5740 tempus

2231 5762 2384 5818 tollet
2398 5759 2733 5832 proﬁciendi,
2751 5758 3025 5831 Propheta
3045 5759 3260 5821 dicente
3283 5778 3297 5815 :
3324 5760 3581 5832 Nunquid
3605 5757 3837 5814 mortuis

2231 5856 2395 5924 facies
2432 5855 2719 5921 mirabilia,
2749 5862 2841 5910 aut
2870 5854 2928 5910 in
2957 5852 3166 5923 inferno
3191 5853 3308 5925 quis
3338 5853 3678 5923 conﬁtebitur
3702 5851 3800 5906 tibi
3809 5847 3840 5904 1

3846 3512 3896 3562 λ
