4072 6340
262 307 367 363 705
389 264 392 266 Ὺ

1078 305 1490 365 EXEGETICA.
1529 336 1598 348 —
1635 269 1993 363 COMMEN'l‘.
2033 301 2104 361 IN
2143 302 2674 362 ECCLESIASTEN.

3324 299 3336 308 ’
3430 311 3530 370 706

264 419 520 492 Nunquid
550 421 817 474 enarrabit
852 421 1042 493 aliquis
1080 423 1136 479 in
1164 425 1400 496 sepulcro
1432 424 1846 479 misericordiam
1871 428 1926 490 Α
1948 420 2213 475 virtutum
2253 421 2504 488 imitatio,
2534 436 2634 493 per
2661 435 2782 492 quae
2820 421 3070 494 laqueum
3096 424 3304 496 ponunt
3329 427 3534 484 anima-

259 519 406 570 tuam
429 512 600 585 (Psal.
628 528 704 578 vr,
731 512 794 578 6;
827 530 1068 581 Lxxxvu,
1095 515 1184 582 11,
1214 515 1336 587 12)?
1365 515 1550 572 Simile
1577 516 1704 586 quid
1729 515 1846 570 Sal-

257 612 414 661 vator
459 604 513 658 in
551 603 845 675 Evangelio
884 605 1013 660 dicit
1043 624 1055 660 :
1092 606 1393 678 Operamini
1433 608 1558 661 dum
1598 607 1708 661 dies
1746 616 1842 674 est,

255 699 423 755 veniet
449 713 576 763 nox,
602 697 812 768 quando
834 715 982 752 nemo
1009 699 1194 769 poterit
1226 700 1430 770 operari
1457 699 1637 769 (Joan.
1664 715 1738 765 1x,
1764 697 1841 770 4).

336 784 491 846 γης.
521 789 609 843 11.
629 818 703 830 ——
729 787 872 844 Verti
898 807 979 844 me
1001 790 1069 844 ad
1101 791 1270 857 aliud,
1292 801 1340 846 et
1361 791 1468 846 vidi
1495 792 1589 846 sub
1618 791 1724 846 sole
1754 808 1845 846 nec

253 882 506 939 velocium
535 899 645 937 esse
671 900 902 948 cursum,
926 869 1016 937 nec
1043 883 1257 952 fortium
1285 882 1495 948 bellum,
1524 900 1614 937 nec
1641 884 1846 953 sapien-

251 975 385 1029 tium
415 990 625 1044 panem,
656 991 747 1029 nec
776 973 1047 1028 doctorum
1073 973 1298 1039 divitias,
1323 990 1412 1027 nec
1438 972 1700 1042 artiﬁcum
1723 989 1846 1042 gra-

252 1067 406 1131 tiam,
428 1065 517 1120 sed
547 1074 748 1136 tempus
771 1082 1050 1136 casumque
1073 1063 1217 1137 [Ms.,
1251 1065 1341 1119 sed
1372 1081 1576 1118 cassum
1615 1061 1842 1136 tempus]

249 1158 307 1210 in
337 1155 596 1211 omnibus.
627 1156 865 1226 Epistola
891 1156 960 1211 ad
983 1156 1254 1211 Romanos
1280 1154 1407 1209 huic
1428 1153 1544 1209 loco
1573 1154 1840 1217 convenit,

249 1250 342 1305 ubi
379 1234 542 1316 dicit,
575 1267 680 1305 non
707 1267 817 1305 esse
853 1249 1070 1304 volentis
1107 1265 1268 1320 neque
1307 1249 1585 1313 currentis,
1624 1247 1714 1302 sed
1745 1246 1846 1301 Dei

205 1381 208 1385 .
246 1343 547 1398 miserantis
576 1342 754 1415 (Rom.
793 1359 871 1410 ix,
900 1341 988 1415 16)
1017 1357 1030 1396 :
1061 1342 1188 1413 quia
1229 1342 1345 1397 sine
1381 1343 1553 1412 gratia
1586 1341 1702 1408 Dei,
1746 1357 1846 1398 nec

244 1437 499 1492 voluntas
543 1437 685 1492 bona
724 1437 831 1492 erit
872 1437 928 1492 in
969 1436 1218 1502 homine;
1266 1450 1438 1505 neque
1487 1451 1676 1490 cursus
1716 1433 1844 1490 boni

244 1531 429 1600 operis
455 1531 572 1586 sine
599 1531 710 1586 Deo
738 1529 857 1584 ﬁeri
892 1529 1053 1583 valet.
1101 1521 1170 1583 Et
1206 1527 1295 1583 hic
1322 1527 1472 1582 locus
1500 1527 1844 1596 Pelagianam

244 1629 453 1676 sectam
491 1620 696 1690 optime
721 1620 968 1675 destruit.
1009 1619 1111 1685 Qui
1142 1619 1292 1688 gravi
1327 1625 1672 1687 peccatorum
1705 1631 1842 1686 pon-

244 1713 380 1767 dere
419 1712 702 1782 premitur,
744 1727 855 1766 non
897 1718 981 1766 est
1024 1717 1180 1780 aptus
1219 1709 1288 1763 ad
1328 1724 1546 1763 cursum
1588 1707 1738 1762 illum
1776 1706 1842 1760 de

1947 510 2048 566 bus
2084 510 2441 581 simplicium,
2473 520 2533 567 ut
2569 512 2788 584 capiant
2814 529 2924 580 eas,
2967 515 3107 571 sicut
3134 516 3311 587 pisces
3338 533 3534 590 sagena

1945 603 2250 673 capiuntur,
2284 613 2340 660 et
2367 619 2497 660 aves
2531 605 2743 677 laqueo.
2778 605 3068 663 Sciendum
3097 617 3181 664 est
3210 609 3534 667 ecclesiasti-

1945 710 2040 751 cos
2067 711 2280 768 quoque
2314 697 2482 764 viros,
2523 697 2614 767 qui
2650 697 2743 752 ﬁlii
2778 699 3056 754 hominum
3091 700 3442 772 appellantur,
3480 709 3539 758 et

1946 795 2072 841 sunt
2093 787 2317 842 modicae
2341 786 2486 853 ﬁdei,
2512 787 2620 843 cito
2641 803 2799 859 posse
2823 804 3098 845 corruere.
3124 789 3428 848 Notandum
3453 800 3536 849 est

1948 877 2102 950 [Ms.,
2135 879 2346 953 etiam],
2379 881 2522 950 quod
2548 885 2647 952 per
2673 871 2844 937 totum
2868 883 3066 938 librum
3083 925 3098 951 ,
3128 884 3434 955 ubicunque
3454 885 3536 941 di-

1945 969 2107 1035 citur,
2131 969 2231 1038 ﬁlii
2260 971 2550 1037 hominum,
2580 962 2636 1026 in
2655 971 2882 1028 Hebraeo
2903 975 3142 1030 habetur
3160 974 3255 1029 ﬁlii
3273 967 3533 1042 hominis,

1944 1059 2047 1116 hoc
2068 1070 2153 1116 est
2177 1060 2272 1115 ﬁlii
2299 1061 2502 1129 Adam;
2526 1071 2582 1118 et
2599 1064 2777 1119 omnis
2803 1079 2941 1135 pene
2970 1059 3251 1136 Scriptura
3275 1067 3378 1123 hoc
3402 1067 3538 1122 idio-

1944 1161 2090 1208 mate
2127 1152 2286 1224 plena
2324 1162 2426 1221 est,
2472 1155 2780 1212 universum
2819 1172 2988 1229 genus
3028 1158 3325 1215 humanum
3362 1158 3536 1216 Adam

1946 1243 2083 1300 ﬁlios
2111 1261 2330 1302 vocans.

2014 1335 2178 1408 437
2193 1337 2357 1393 Vsus.
2394 1338 2584 1394 15-15.
2599 1339 2737 1394 —'H
2742 1358 2839 1396 anc
2856 1360 3058 1415 quoque
3079 1345 3183 1400 vidi
3199 1347 3532 1418 sapientiam,

1944 1436 1993 1481 et
2011 1428 2226 1498 probavi
2253 1431 2562 1484 maximam.
2584 1429 2780 1487 Civitas
2801 1451 2984 1504 parva,
3002 1444 3049 1490 et
3071 1438 3228 1508 pauci
3243 1438 3342 1491 viri
3367 1439 3421 1492 in
3449 1455 3532 1504 ea,

1943 1524 1990 1570 et
2020 1517 2154 1570 venit
2197 1534 2288 1572 rex
2321 1528 2504 1572 contra
2553 1537 2668 1574 eam
2712 1538 2953 1594 magnus,
2984 1533 3034 1578 et
3076 1524 3286 1580 vallavit
3311 1543 3448 1593 eam,
3479 1536 3529 1581 et

1942 1608 2199 1660 exstruxit
2237 1609 2548 1663 munitiones
2592 1626 2686 1680 per
2723 1627 2933 1682 gyrum,
2959 1621 3007 1667 et
3045 1614 3278 1684 perfecta
3302 1625 3376 1669 est
3402 1615 3536 1672 obsi-

1942 1695 2402 1769 dio,inventusque
2425 1708 2499 1752 est
2520 1699 2575 1752 in
2593 1715 2656 1754 ea
2678 1701 2756 1754 vir
2777 1718 2995 1773 pauper,
3019 1713 3067 1757 et
3094 1702 3330 1759 liberavit
3356 1706 3534 1761 urbem

243 1819 358 1874 quo
400 1803 598 1858 dicitur
653 1818 668 1857 ε
720 1801 946 1857 Cursum
991 1801 1343 1856 consummavi
1365 1840 1380 1866 ,
1438 1800 1595 1869 ﬁdem
1639 1797 1838 1852 δενυαυξ
1871 1794 1917 1856 Β
1941 1804 2032 1858 per
2055 1789 2366 1858 sapientiam
2393 1806 2566 1857 suam,
2590 1800 2639 1845 et
2660 1791 2837 1846 nullus
2859 1793 3099 1865 deinceps
3123 1797 3428 1852 recordatus
3459 1807 3534 1852 est

146 1928 148 1930 τ
243 1885 330 1962 (II
365 1892 500 1946 Tim.
529 1908 602 1958 ιν,
631 1891 706 1964 7).
753 1891 853 1958 Qui
891 1898 1071 1945 autem
1099 1890 1232 1945 levis
1259 1897 1360 1956 est,
1401 1897 1455 1944 et
1491 1890 1668 1943 anima
1698 1888 1840 1942 illius

242 1997 354 2038 non
383 1992 657 2053 gravatur,
702 1983 1050 2038 nihilominus
1087 1992 1141 2036 et
1179 1982 1294 2052 ipse
1332 1982 1534 2050 absque
1572 1979 1840 2050 adjutorio

241 2074 460 2130 Domini
491 2091 599 2130 non
625 2083 802 2146 potest
837 2075 905 2130 ad
940 2075 1138 2130 coelum
1163 2074 1471 2144 pervenire,
1509 2088 1636 2142 quia
1664 2088 1838 2141 quan-

241 2167 341 2222 diu
369 2169 584 2224 sarcina
613 2169 792 2224 carnis
817 2168 995 2222 anima
1021 2174 1364 2239 aggravatur,
1391 2166 1590 2221 bellum
1617 2165 1719 2220 sibi
1746 2167 1841 2219 ad-

237 2275 467 2316 versum
492 2262 666 2316 aerias
689 2268 858 2316 restat
888 2269 1186 2330 potestates
1217 2279 1230 2314 :
1262 2261 1387 2314 licet
1410 2259 1553 2312 enim
1583 2260 1653 2312 sit
1681 2257 1833 2329 [Ms.,

235 2367 386 2422 quas
413 2351 540 2417 licet
567 2350 660 2424 sit]
689 2352 970 2417 robustus,
993 2352 1228 2421 pr0priis
1252 2351 1460 2406 viribus
1482 2351 1701 2404 vincere
1731 2365 1839 2404 non

232 2443 476 2511 poterit,
523 2457 625 2496 nec
670 2442 942 2497 caelestem
988 2450 1042 2497 et
1088 2443 1356 2512 viventem
1401 2457 1595 2512 panem
1637 2441 1839 2495 habere

234 2516 628 2603 poterit,‘nisi
673 2547 770 2602 per
812 2535 1129 2604 sapientiam
1176 2536 1594 2588 cohortantem:
1638 2530 1834 2598 Venite,

235 2623 499 2677 comedite
526 2640 686 2694 panes
713 2640 853 2678 meos
877 2624 1061 2696 (Prov.
1096 2641 1170 2691 ιχ,
1203 2625 1280 2696 5).
1300 2624 1602 2701 Sciendum
1627 2637 1839 2694 quoque

235 2720 326 2768 est
347 2712 527 2767 virum
556 2716 877 2785 prudentem
901 2716 1116 2772 divitias
1145 2716 1335 2771 salutis
1357 2725 1411 2770 et
1436 2715 1713 2784 sapientim
1742 2730 1838 2768 na-

234 2803 371 2860 bere
400 2819 507 2859 non
529 2821 710 2875 posse,
746 2808 852 2863 nisi
879 2823 971 2864 eas
996 2824 1026 2863 a
1062 2794 1172 2864 Deo
1202 2808 1490 2878 acceperit,
1527 2807 1680 2878 cujus
1709 2806 1838 2876 ipsae

236 2894 444 2950 divitiae
487 2907 632 2964 sunt,
676 2898 742 2953 de
787 2899 980 2969 quibus
1021 2908 1074 2955 et
1115 2899 1240 2955 alibi
1287 2900 1548 2968 scriptum
1575 2906 1698 2953 est:
1733 2897 1837 2951 Re-

234 2984 468 3057 demptio
510 2988 700 3042 anima:
735 2990 835 3043 viri
875 2991 1102 3061 propria:
1141 2991 1336 3044 divitia:
1368 2990 1552 3060 (Prov.
1594 3005 1714 3056 xm,
1754 2988 1831 3060 8).

234 3074 485 3132 Gratiam
513 3095 746 3150 quoque,
791 3083 895 3136 nisi
938 3083 1218 3137 scientiam
1255 3082 1509 3137 comitata
1544 3081 1737 3147 fuerit,
1780 3088 1836 3135 et

1941 1880 2166 1936 hominis
2191 1881 2334 1936 illius
2357 1885 2622 1954 pauperis.
2644 1883 2780 1940 Aliis
2803 1887 2984 1941 omnia
3004 1887 3211 1943 incerta
3232 1889 3535 1946 dicentibus

1941 1981 1996 2028 et
2016 1973 2219 2043 justum
2271 1975 2338 2030 ab
2375 1974 2574 2044 injusto
2619 1976 2850 2046 amplius
2891 1978 3027 2033 nihil
3062 1979 3282 2047 habere,
3315 1997 3414 2052 ego
3445 1998 3532 2037 sa-

1940 2063 2199 2133 pientiam
2226 2064 2280 2118 in
2321 2066 2426 2121 hoc
2453 2067 2746 2122 maximam
2771 2070 3136 2139 comprobavi,
3171 2073 3317 2142 quod
3341 2073 3533 2128 crebro

1942 2157 2144 2222 evenit,
2165 2165 2223 2211 ut
2247 2174 2410 2228 parva
2431 2160 2499 2214 sit
2521 2160 2730 2226 civitas,
2756 2171 2808 2216 et
2834 2162 3165 2218 habitatores
3188 2164 3242 2217 in
3264 2181 3326 2219 ea
3348 2166 3528 2234 pauci,

1941 2259 1996 2304 et
2047 2251 2522 2306 innumerabilium
2573 2251 2811 2307 hostium
2859 2254 3107 2324 cingatur
3155 2257 3432 2322 exercitu,
3480 2266 3534 2311 et

1941 2338 2220 2393 obsidione
2258 2348 2311 2393 et
2339 2339 2480 2394 fame
2507 2342 2735 2411 populus
2763 2342 2908 2398 intus
2929 2351 3180 2409 necetur;
3214 2351 3270 2398 et
3311 2355 3533 2416 repente

1941 2439 2129 2484 contra
2151 2431 2396 2484 omnium
2423 2432 2784 2502 suspicionem
2811 2433 3042 2487 inveniri
3071 2435 3248 2488 virum
3269 2423 3529 2490 humilem

1939 2530 1995 2576 et
2020 2536 2331 2592 pauperem,
2362 2523 2454 2592 qui
2484 2523 2708 2579 haberet
2735 2524 3054 2594 sapientiam
3100 2525 3357 2595 majorem
3391 2544 3528 2583 cun»

1939 2613 2042 2668 ctis
2071 2614 2326 2669 divitibus
2368 2614 2579 2684 magnis
2606 2623 2662 2670 et
2688 2615 3035 2685 potentibus;
3074 2624 3132 2671 et
3177 2617 3424 2687 superbis
3473 2617 3529 2672 in

1936 2705 2177 2774 periculo
2217 2705 2408 2776 positis
2435 2713 2488 2759 et
2517 2705 2850 2761 obsidionem
2878 2707 3220 2776 paventibus,
3251 2708 3454 2780 cogitat
3477 2716 3532 2764 et

1938 2796 2186 2866 inquirit,
2233 2806 2294 2852 ut
2341 2798 2580 2854 inveniat
2624 2801 2894 2868 quomodo
2920 2815 2950 2853 a
2978 2800 3135 2855 malis
3160 2810 3318 2856 eruat
3343 2800 3531 2855 civita-

1939 2897 2068 2942 tem.
2110 2888 2177 2943 Et
2218 2889 2429 2959 ingrata
2455 2889 2734 2944 hominum
2765 2889 2982 2956 oblivio,
3013 2891 3297 2960 postquam
3329 2890 3531 2945 fuerint

1936 2978 2169 3034 libertati
2197 2980 2360 3034 dediti
2386 2988 2440 3035 et
2481 2979 2656 3034 soluta
2693 2979 2994 3050 captivitas,
3026 2989 3082 3034 et
3106 2981 3312 3036 reddita
3339 2982 3528 3050 patria:

1934 3069 2188 3135 libertas,
2234 3085 2394 3125 nemo
2438 3070 2686 3125 meminit
2737 3071 2998 3140 sapientis
3051 3069 3194 3125 illius
3244 3072 3527 3142 pauperis,

235 3183 500 3224 concessa
527 3186 556 3224 a
583 3149 714 3239 Deo,
743 3174 865 3243 quis
888 3175 1131 3229 eruditus
1159 3173 1242 3228 vir
1267 3175 1465 3244 poterit
1503 3175 1746 3229 invenire
1771 3174 1834 3228 αἳ
1857 3149 1904 3212 C
1937 3178 2096 3218 nemo
2119 3163 2343 3233 Pauperi
2397 3162 2563 3217 refe"
2591 3163 2792 3232 gratias
2821 3178 2920 3233 ιπο
2960 3162 3153 3229 salute.
3193 3164 3286 3220 sed
3339 3179 3526 3219 omnes

234 3258 396 3327 Quod
426 3260 622 3318 Paulus
650 3264 845 3331 sciens,
872 3265 1012 3335 plus,
1044 3265 1247 3334 inquit,
1282 3266 1520 3319 omnibus
1551 3263 1783 3318 laboravi
1812 3281 1830 3319 :

234 3366 343 3406 non
374 3363 554 3408 autem
581 3371 693 3426 ego,
716 3357 807 3410 sed
831 3359 1005 3428 gratia
1022 3358 1142 3424 Dei,
1167 3375 1284 3428 qua:
1311 3375 1512 3412 mecum
1536 3367 1609 3413 est
1634 3358 1686 3430 (I
1706 3357 1841 3412 Cor.‘

233 3458 326 3512 xv,
353 3445 470 3518 10).
498 3447 563 3502 Et
591 3449 784 3504 iterum
810 3468 822 3504 :
851 3451 1036 3506 Gratia
1065 3452 1177 3522 ejus
1204 3453 1260 3505 in
1283 3469 1363 3506 me
1388 3470 1551 3506 vacua
1578 3468 1682 3506 non
1707 3451 1827 3520 fuit.

233 3534 301 3592 Et
319 3539 395 3592 ad
421 3548 721 3595 extremum
752 3543 990 3597 nescitur
1014 3543 1081 3597 ab
1107 3543 1342 3608 homine,
1377 3525 1590 3613 quando
1620 3552 1830 3612 tempus

234 3631 519 3698 adveniat,
563 3633 618 3687 in
661 3635 991 3704 quovarius
1030 3643 1278 3701 eventus,
1329 3645 1382 3690 et
1425 3635 1548 3690 ﬁnis
1589 3635 1828 3690 omnium

236 3725 622 3795 subsequatur.
1002 3744 1005 3747 '

303 3819 474 3900 Vsus.
517 3821 603 3875 12.
635 3854 705 3862 -
735 3823 916 3879 Nescit
955 3827 1107 3880 homo
1151 3825 1309 3896 ﬁnem
1347 3842 1522 3891 suum,
1560 3825 1650 3880 sed
1691 3825 1826 3880 sicut

231 3911 399 3982 pisces
430 3915 709 3983 capiuntur
732 3917 907 3984 hamo,
939 3927 986 3971 et
1016 3918 1151 3971 sicut
1180 3935 1295 3973 aves
1325 3918 1828 3988 comprehenduntur

234 3999 444 4073 laqueo,
472 4004 546 4057 sic
576 4007 855 4076 capiuntur
888 4008 1123 4062 homines
1153 4004 1376 4078 tempore
1413 4007 1574 4074 malo,
1605 4025 1722 4061 cum
1751 4010 1825 4061 eis

232 4095 491 4165 extemplo
516 4101 883 4168 supervenerit.
913 4099 1169 4155 Nesciunt
1195 4101 1459 4165 homines,
1492 4101 1632 4155 sicut
1663 4113 1822 4168 supra

233 4184 439 4239 dictum
485 4197 596 4255 est,
648 4189 1019 4245 tribulationes
1064 4190 1148 4242 vel
1186 4191 1496 4260 repentinas
1544 4189 1822 4254 miserias,

233 4290 351 4345 qua:
398 4281 784 4348 superveniunt
828 4281 907 4337 eis
934 4283 1141 4338 incerto
1186 4283 1278 4337 Dei
1314 4281 1537 4350 judicio,
1570 4297 1825 4356 saepeoc-

233 4368 402 4434 culto,
437 4370 530 4424 sed
555 4387 829 4441 nunquam
855 4371 1087 4442 injusto;
1121 4389 1219 4429 nec
1247 4373 1411 4430 etiam
1441 4374 1608 4444 ipsius
1634 4373 1824 4428 mortis

233 4457 429 4514 horam
451 4476 609 4517 nosse
632 4471 904 4533 poterunt,
925 4480 1044 4535 quze
1067 4448 1207 4522 sicut
1232 4468 1321 4521 fur
1345 4467 1542 4531 veniet,
1567 4475 1823 4521 ut‘vastet

1935 3255 2208 3311 honorant
2234 3255 2444 3318 divites,
2476 3255 2568 3324 qui
2597 3255 2652 3309 in
2679 3255 2922 3326 periculo
2949 3255 3086 3309 nihil
3114 3255 3400 3310 subvenire
3425 3271 3525 3326 po-

1935 3354 2131 3401 terant.
2158 3344 2331 3400 Aliter
2360 3360 2375 3398 :
2406 3345 2579 3412 Parva
2606 3345 2815 3410 civitas,
2845 3352 2898 3399 et
2935 3344 3039 3398 viri
3068 3343 3125 3398 in
3153 3360 3217 3400 ea
3246 3345 3427 3416 pauci,
3454 3347 3522 3400 ad

1933 3438 2578 3508 comparationem'totius
2607 3438 2814 3503 mundi,
2845 3437 3088 3493 Ecclesia
3116 3445 3218 3492 est.
3248 3437 3523 3493 Adversus

1932 3547 2053 3586 eam
2079 3546 2220 3602 saepe
2245 3532 2521 3603 consurgit
2551 3547 2646 3587 rex
2675 3547 2916 3603 magnus
2949 3531 3195 3587 diabolus
3225 3530 3354 3604 (non
3379 3533 3523 3602 quod

1931 3638 2160 3694 magnus
2195 3625 2285 3685 sit,
2334 3623 2430 3678 sed
2457 3623 2600 3692 quod
2628 3639 2882 3693 magnum
2933 3638 2990 3677 se
3041 3637 3159 3678 esse
3198 3621 3429 3695 jactitet)
3472 3629 3526 3678 et

1930 3712 2232 3768 circumdat
2253 3728 2374 3767 eam
2398 3712 2694 3776 obsidione,
2721 3713 2834 3767 sive
2859 3713 3253 3789 persecutione,
3277 3714 3390 3768 sive
3414 3713 3520 3769 alio

1929 3807 2297 3877 angustiarum
2329 3820 2547 3876 genere,
2571 3815 2626 3860 et
2647 3806 2850 3859 invenit
2869 3807 2923 3860 in
2944 3822 3006 3860 ea
3032 3807 3205 3860 virum
3227 3822 3519 3876 pauperem

1928 3908 1984 3954 et
2017 3900 2332 3969 sapientem,
2381 3897 2667 3951 Dominum
2708 3900 2952 3951 nostrum
3008 3895 3191 3951 Iesum
3219 3895 3515 3964 Christum,

1919 3989 2019 4059 qui
2045 3986 2156 4058 pro
2190 3987 2345 4043 nobis
2372 3986 2556 4041 factus
2592 3994 2674 4041 est
2700 4001 2902 4056 pauper
2933 3985 3014 4058 (ΙΙ
3047 3986 3168 4040 Cor.
3201 4002 3319 4051 vui,
3357 3986 3434 4056 9),
3464 3994 3521 4042 et

1929 4079 2122 4134 liberat
2148 4079 2337 4133 urbem
2359 4080 2412 4131 in
2437 4077 2698 4146 sapientia”
2720 4093 2836 4131 sua.
2870 4076 2995 4140 Sed,
3024 4078 3160 4159 prph
3184 4076 3366 4131 dolor!
3392 4092 3516 4130 cum

1929 4171 2059 4225 urbs
2101 4185 2200 4240 per
2237 4171 2381 4223 hunc
2407 4183 2703 4239 pauperem
2750 4168 3049 4237 sapientem
3077 4167 3303 4223 liberata
3329 4166 3515 4234 fuerit,

1923 4261 2014 4314 vix
2040 4261 2233 4331 aliquis
2255 4260 2368 4330 ejus
2407 4248 2672 4325 meminit,
2698 4259 2788 4313 vix
2817 4258 2960 4314 illius
2984 4259 3233 4313 mandata
3265 4259 3512 4316 conside-

1925 4362 2036 4419 rat;
2065 4355 2159 4409 sed
2180 4362 2322 4409 totos
2343 4369 2401 4409 se
2427 4353 2653 4408 luxuriae
2675 4362 2729 4408 et
2749 4353 3112 4423 voluptatibus
3135 4354 3513 4421 concedentes,

1925 4457 2175 4519 quaerunt
2199 4448 2434 4514 divitias,
2473 4464 2594 4518 qua:
2621 4455 2863 4518 tempore
2891 4447 3230 4504 necessitatis
3266 4456 3322 4503 et
3351 4463 3514 4520 angu-

233 4550 454 4604 domum
483 4554 930 4625 peregrinationis
963 4565 1180 4612 nostra}.
1223 4557 1375 4612 Sicut
1401 4558 1575 4628 pisces
1605 4559 1824 4628 capiun—
1852 4533 1902 4594 θ
1926 4541 2043 4597 suae
2071 4557 2178 4596 n0"
2204 4541 2437 4596 liberam
2465 4556 2578 4596 905=

230 4650 318 4698 tur
344 4645 484 4711 reti,
513 4647 599 4701 vel
633 4662 760 4703 aves
792 4649 1006 4718 laqueo,
1048 4650 1122 4703 ita
1151 4649 1287 4706 ﬁlios
1326 4651 1604 4706 hominum
1633 4667 1825 4721 repen-

233 4734 356 4791 tinae
388 4738 662 4794 involvent
688 4740 966 4810 angustiaa.
996 4739 1164 4796 Porro
1189 4743 1480 4797 secundum
1509 4741 1821 4811 allegoriam

231 4829 510 4885 sciendum
550 4841 663 4898 est,
707 4847 934 4902 regnum
969 4833 1228 4889 caelorum
1260 4834 1433 4889 simile
1461 4849 1581 4889 esse
1609 4848 1821 4901 sagenae

231 4924 411 4980 missae
459 4925 513 4979 in
558 4941 756 4980 mare:
791 4927 893 4981 hoc
932 4936 1039 4994 est,
1084 4915 1391 5000 evangelica
1438 4927 1817 4998 praedicatione

229 5017 396 5073 missa
431 5017 486 5072 in
521 5017 680 5087 hujus
717 5018 901 5073 mundi
937 5018 1248 5091 ﬁuctivagas
1278 5027 1642 5090 tempestates,
1675 5023 1819 5077 unde

231 5105 491 5164 Dominus
528 5109 585 5164 in
621 5110 901 5164 vocatione
940 5110 1303 5180 apostolorum
1341 5111 1457 5165 ait:
1502 5109 1676 5166 Venire
1705 5121 1817 5182 post

232 5217 338 5268 me,
371 5201 568 5272 faciam
605 5219 696 5256 vos
729 5202 845 5270 ﬁeri
881 5203 1164 5272 piscatores
1197 5203 1464 5256 hominum
1493 5201 1706 5273 (Matth.
1740 5219 1812 5269 xv,

233 5292 342 5365 19).
383 5294 453 5349 Et
485 5310 516 5349 e
544 5295 839 5362 contrario,
869 5309 1122 5366 sagenam
1161 5295 1362 5350 habent
1397 5295 1635 5350 hreretici
1665 5295 1818 5350 mala:

230 5385 654 5455 praedicationis,
686 5402 792 5456 qua
820 5386 1038 5456 capiunt
1065 5385 1273 5440 animas
1307 5384 1620 5439 innocentes
1643 5385 1817 5458 attin-

232 5478 480 5532 teritum.
507 5475 717 5550 Sagena
745 5493 932 5533 eorum
955 5485 1038 5533 est
1063 5492 1241 5532 sermo
1270 5476 1496 5532 affabilis
1515 5517 1529 5542 ,
1560 5476 1814 5533 blandum

232 5569 525 5641 eloquium,
548 5572 796 5628 simulata
821 5579 913 5628 aut
931 5579 1116 5628 coacta
1138 5571 1363 5643 jejunia,
1385 5571 1553 5627 vestis
1573 5572 1810 5639 humilis,

1997 4653 2161 4707 Vens.
2194 4651 2280 4706 16.
2304 4682 2374 4692 ——
2400 4651 2467 4705 Et
2488 4651 2722 4704 dicebam
2749 4665 2858 4720 ego,
2892 4649 3158 4705 meliorem
3179 4667 3287 4705 esse
3307 4653 3515 4723 sapien-

1903 4746 2053 4799 tiam
2101 4745 2426 4814 fortitudine.
2475 4743 2749 4809 Quomodo
2795 4760 2915 4814 ergo
2964 4747 3223 4816 sapientia
3266 4747 3512 4818 pauperis

1923 4847 2212 4908 contempta
2240 4846 2336 4904 est,
2365 4847 2414 4891 et
2437 4837 2587 4891 verba
2615 4837 2728 4906 ejus
2756 4853 2859 4890 non
2888 4846 3010 4891 sunt
3034 4838 3215 4891 audita
3235 4841 3260 4891 .9
3287 4838 3514 4904 Quando

1923 4930 2100 4985 nullus
2150 4931 2394 4986 meminit
2440 4931 2700 5001 sapientis
2746 4932 3002 5001 pauperis
3045 4932 3207 4998 illius,
3237 4947 3358 4986 cum
3387 4933 3511 4988 laeta

1923 5030 2049 5077 sunt
2087 5023 2288 5088 omnia,
2319 5023 2417 5078 sed
2443 5023 2682 5079 universi
2711 5024 2951 5090 divitias,
2998 5033 3054 5080 et
3093 5024 3387 5094 potentiam
3416 5025 3512 5080 ad-

1923 5113 2190 5168 mirantur
2213 5113 2340 5186 [Ms.
2362 5156 2376 5182 ,
2405 5131 2788 5187 quanquam...
2825 5117 3199 5172 meminerit...
3238 5115 3508 5174 admiren—

1924 5204 2057 5277 tur.]
2089 5205 2200 5278 Ego
2243 5214 2420 5261 tamen
2464 5222 2562 5277 per
2606 5224 2795 5264 omnes
2838 5223 2998 5278 supra
3041 5207 3512 5277 interpretationes

1923 5296 2096 5366 magis
2125 5297 2330 5354 honoro
2356 5306 2717 5370 contemptam
2751 5301 3090 5371 sapientiam,
3119 5307 3172 5355 et
3203 5301 3365 5357 verba
3386 5315 3508 5373 quae

1920 5388 2098 5446 nullus
2134 5393 2318 5448 audire
2347 5393 2616 5464 dignatur.

1992 5482 2154 5538 Vens.
2189 5483 2274 5538 17.
2305 5515 2376 5525 -
2409 5482 2579 5539 Verba
2608 5485 2921 5554 sapientium
2950 5483 3239 5540 audiuntur
3270 5487 3326 5540 in
3347 5484 3508 5542 silen-

1921 5575 2012 5640 tio,
2043 5573 2159 5645 plus
2205 5592 2362 5646 quam
2410 5574 2609 5629 clamor
2649 5575 2896 5645 principis
2927 5577 3062 5630 inter
3089 5575 3294 5632 stultos.
3326 5573 3506 5637 Verba

306 5725 333 5754 ει
372 5713 469 5783 Ms.
501 5713 710 5791 e_t1_lier
740 5710 972 5791 :_Gr_atia
998 5724 1233 5782 quoque,
1263 5707 1368 5768 nisi
1411 5707 1635 5769 scientia
1676 5707 1934 5791 comitata
1985 5707 2167 5784 fuerit,
2197 5717 2252 5768 ct
2306 5725 2558 5767 concessa
2591 5725 2622 5765 a
2675 5707 2804 5779 Deo,
2835 5708 2957 5780 quis
3000 5709 3242 5768 eruditus
3270 5709 3356 5768 vir
3381 5724 3505 5769 eam

233 5792 350 5842 non
373 5785 574 5855 poterit
598 5784 875 5842 invenire?
