4066 6446
590 337 694 407 207

1434 338 1495 397 n.
1535 337 1594 409 ιε.
1636 340 1859 403 ALBlNi
1897 330 2029 401 seu
2069 334 2344 397 ALCUINI
2382 334 2665 397 OPERUM
2702 335 2882 395 rans
2912 330 2976 396 ιι,

3729 334 3833 399 708

584 464 781 534 quippe
805 462 1123 533 sapientium
1151 463 1205 525 in
1244 464 1441 534 quiete,
1472 469 1527 517 et
1560 461 1839 521 moderato
1866 460 2155 517 audiuntur
2182 460 2233 537 Α
2259 472 2290 512 a
2324 464 2544 528 peccato
2585 456 2838 537 maximo,
2887 470 2954 510 ne
2998 454 3204 511 scilicet
3248 455 3627 529 cogitationem
3669 470 3833 526 opere

582 552 826 618 silentio;
853 560 911 607 et
934 552 1026 623 qui
1050 568 1156 609 non
1194 559 1440 623 quaerunt
1478 551 1696 621 plausus
1723 551 1960 609 excitare
1985 548 2150 621 vulgi,

582 644 678 701 sed
706 644 931 705 salutem
968 643 1274 703 desiderant
1306 643 1655 701 audientium.
1706 642 1807 714 Qui
1852 657 1983 699 vero
2024 642 2153 699 insi-

580 736 735 806 piens
758 745 860 802 est,
889 736 1135 807 quamvis
1174 735 1248 792 sit
1270 742 1479 806 potens,
1501 742 1557 791 et
1583 734 1874 801 clamorem
1901 735 2014 791 sive
2039 748 2153 790 sua:

579 828 748 893 vocis,
774 828 886 887 sive
912 828 1089 899 populi
1114 827 1310 885 habeat
1332 828 1698 896 acclamantis,
1735 828 1876 891 inter
1897 827 2152 900 insipien-

580 925 663 977 tes
685 928 1044 990 computatur,
1070 920 1164 991 qui
1213 921 1316 979 sibi
1361 920 1573 981 laudem
1609 920 1802 993 quaerit
1836 920 2145 983 humanam,

579 1025 687 1073 non
713 1009 1011 1081 profectum
1051 1012 1232 1083 populi
1250 1012 1536 1073 audientis.

647 1104 810 1165 Vens.
838 1105 924 1163 18.
940 1134 1013 1145 --
1024 1104 1216 1163 Melior
1231 1114 1305 1163 est
1320 1107 1580 1177 sapientia
1594 1121 1754 1181 quam
1772 1121 1924 1160 arma
1943 1102 2144 1171 bellica,

574 1206 627 1256 ιι
664 1198 754 1270 qui
795 1199 855 1256 in
894 1215 998 1256 uno
1035 1200 1340 1275 peccauerit,
1374 1198 1541 1259 multa
1581 1199 1716 1265 bona
1759 1198 1957 1271 perdet.
1996 1196 2149 1254 Nunc

575 1301 785 1357 quoque
809 1286 1127 1358 sapientiam
1162 1286 1381 1358 praefert
1420 1286 1752 1354 fortitudini,
1778 1296 1834 1355 et
1873 1288 2002 1343 dicit
2026 1302 2147 1347 eam

572 1378 694 1451 plus
737 1378 918 1437 valere
960 1378 1017 1439 in
1042 1378 1240 1450 puellis
1277 1394 1439 1450 quam
1482 1393 1637 1439 arma
1682 1379 2062 1451 pugnantium;
2094 1389 2150 1433 et

572 1472 761 1535 crebro
785 1470 984 1537 evenit,
1011 1470 1154 1543 quod
1188 1487 1287 1542 per
1309 1471 1469 1535 unius
1497 1470 1854 1543 insipientiam
1876 1486 2006 1543 opes
2033 1486 2148 1551 ma-

570 1571 867 1634 gnznatque
912 1563 1110 1623 divitiae
1148 1571 1392 1635 pereunt.
1438 1562 1593 1631 Quod
1638 1578 1769 1625 vero
1799 1562 1918 1618 ait:
1951 1561 2054 1630 Qui
2090 1564 2150 1618 in

569 1671 673 1713 uno
698 1658 1003 1727 peccauerit,
1032 1656 1199 1715 multa
1226 1657 1361 1713 bona
1397 1657 1593 1728 perdet.
1622 1656 1811 1718 Simile
1835 1657 1965 1727 quid
1986 1665 2042 1712 et
2056 1656 2147 1714 Ja-

2256 530 2618 618 compleamus
2635 565 2647 601 :
2664 545 2791 618 quia
2809 545 2951 602 aliud
2972 554 3056 603 est
3078 545 3400 618 cogitatione
3418 561 3672 619 peccare,
3690 547 3834 603 aliud

2251 654 2432 710 opere.
2463 641 2540 695 De
2572 656 2679 713 quo
2705 639 2894 711 grandi
2934 647 3150 710 peccato
3181 640 3238 695 in
3269 638 3477 715 psalmo
3505 639 3707 712 legitur
3732 655 3749 695 :
3776 637 3836 697 Si

2249 731 2353 784 mei
2388 747 2489 786 non
2528 731 2721 801 fuerint
2758 731 3031 797 dominati,
3074 740 3196 786 tunc
3232 730 3603 787 immaculatus
3643 740 3835 807 er9,ct

2250 822 2572 885 emundabor
2609 840 2642 877 a
2664 821 2849 879 delicto
2888 822 3115 895 maximo
3150 820 3326 895 (Psal.
3364 838 3523 890 xvm,
3548 822 3660 895 14).

2321 913 2485 969 Vens.
2509 913 2789 969 5-7.—Est
2810 922 2859 971 et
2884 912 3101 979 malum,
3124 912 3263 987 quod
3283 913 3390 968 vidi
3409 915 3503 969 sub
3523 914 3653 982 sole,
3680 916 3832 987 quasi

2247 1020 2341 1074 per
2376 1021 2605 1062 errorem
2634 1005 2897 1078 egrediens
2927 1023 2959 1059 a
2988 1005 3124 1085 facie
3148 1005 3419 1085 principis,
3441 1006 3666 1078 positurr
3706 1005 3832 1061 stul-

2247 1101 2357 1167 tum
2377 1094 2434 1148 in
2453 1094 2703 1165 dignitate
2722 1093 2950 1162 sublimi,
2964 1079 3018 1150 et
3032 1094 3215 1149 divites
3227 1079 3402 1150 sedere
3420 1095 3688 1151 deorsum.
3712 1094 3831 1150 Vidi

2247 1200 2419 1240 servos
2443 1185 2499 1241 in
2543 1186 2706 1255 equis,
2750 1194 2796 1240 et
2823 1185 3080 1257 principes
3107 1188 3257 1257 quasi
3290 1203 3463 1245 servos
3501 1186 3829 1242 ambulantes

2247 1290 2402 1345 super
2441 1284 2653 1328 terram.
2702 1272 2854 1329 Hanc
2891 1288 3021 1345 ergo
3067 1258 3413 1344 iniquitatem
3443 1291 3503 1330 se
3542 1276 3597 1330 in
3635 1275 3829 1331 saeculo

2245 1364 2584 1435 perspexisse
2643 1350 3058 1431 commemorat,
3114 1365 3257 1439 quod
3306 1365 3433 1420 mali
3482 1364 3829 1422 dominantur

2241 1454 2421 1526 iustis,
2460 1464 2514 1511 et
2547 1470 2687 1528 saepe
2731 1456 2937 1528 pejores
2985 1457 3077 1529 qui
3124 1464 3269 1523 sunt,
3318 1446 3660 1513 sublimiores
3701 1457 3825 1513 facti

2249 1545 2417 1621 [sunt]
2441 1548 2771 1609 melioribus.
2797 1547 2909 1605 Nec
2931 1548 3107 1605 solum
3127 1549 3180 1604 in
3207 1547 3560 1615 saecularibus
3584 1559 3827 1621 potesta-

2246 1638 2413 1703 tibus,
2445 1639 2540 1695 sed
2569 1648 2625 1693 et
2653 1640 2706 1693 in
2734 1637 2988 1695 Ecclesia:
3030 1639 3288 1711 dignitate
3315 1638 3587 1694 multoties
3614 1639 3826 1711 eligun-

567 1746 735 1803 ωδιω
776 1747 1048 1817 apostolus,
1089 1747 1262 1817 ponit,
1291 1727 1491 1811 alia“
1519 1768 1533 1802 ί
1565 1747 1669 1814 Qu,-
1699 1747 1922 1821 [ααιεηι]
1951 1749 2009 1805 δη
2039 1764 2142 1807 uno
2168 1813 2212 1821 _
2246 1736 2337 1783 tur
2355 1729 2680 1821 sacerdotes,
2704 1743 2810 1821 non
2832 1744 2900 1785 ex
2919 1728 3179 1821 virtutum
3200 1727 3538 1795 meritis,sed
3557 1741 3624 1821 ex
3643 1727 3826 1821 favore

565 1813 869 1907 μοεακνῇ,
891 1838 1062 1907 [πίω
1084 1813 1160 1895 ξιτ
1181 1839 1413 1895 omnium
1438 1813 1940 1911 reus(1ac:n,40j,
1963 1838 2065 1906 Qui
2084 1839 2141 1899 in
2168 1813 2218 1877 Β
2245 1820 2448 1893 papuli,
2473 1829 2527 1875 et
2553 1820 2855 1893 principum
2886 1819 3180 1888 voluntate,
3208 1828 3526 1911 suggerente
3563 1819 3824 1878 diabolica

566 1929 683 1987 sola
704 1932 1009 2000 peccaverit
1041 1931 1324 1998 charitate,
1354 1931 1600 1993 omnium
1638 1946 1834 2005 expers
1877 1934 2145 1994 bonorum

565 2020 891 2081 invenietur.
2068 2044 2073 2049 ‘

1174 2115 1403 2177 CAPUT
1442 2117 1508 2174 Χ.

636 2206 798 2264 Vens.
826 2208 880 2263 1.
900 2238 973 2251 --
999 2207 1198 2266 Hasce
1244 2212 1523 2267 morientes
1573 2210 1795 2282 perdunt
1834 2211 2140 2269 suavitatem

563 2300 852 2369 unguenti:
880 2301 1156 2371 pretiosior
1177 2310 1253 2358 est
1288 2302 1565 2373 sapientia,
1609 2310 1657 2357 et
1684 2299 1853 2371 gloria
1875 2318 2039 2371 parva
2070 2300 2140 2355 ad

560 2397 759 2459 tempus
780 2388 1034 2447 stultitia.
1045 2391 1365 2463 Exemplum
1385 2391 1683 2462 superioris
1693 2406 1882 2449 sensus
1895 2391 2059 2456 dedit,
2083 2391 2140 2449 in

562 2496 670 2553 quo
693 2484 787 2550 ait,
807 2499 905 2556 per
922 2500 1090 2541 unum
1111 2486 1335 2541 stultum
1355 2485 1522 2541 multa
1543 2486 1682 2553 bona
1696 2499 1855 2555 posse
1875 2484 2134 2551 subverti,

559 2576 704 2647 quod
742 2576 822 2632 sic
868 2576 1045 2633 malus
1069 2577 1273 2633 mixtus
1312 2577 1469 2634 bonis
1493 2577 1819 2635 contaminet
1851 2575 2136 2647 plurimos,

558 2666 829 2737 quomodo
862 2681 1063 2723 musca:
1090 2667 1139 2723 si
1166 2667 1469 2724 moriantur
1496 2667 1550 2723 in
1583 2676 1874 2737 unguento,
1904 2665 2139 2737 perdunt

559 2752 658 2829 [et]
681 2757 903 2814 odorem
927 2756 1044 2826 ejus
1066 2765 1123 2814 et
1141 2773 1409 2830 saporem.
1447 2757 1515 2815 Et
1537 2757 1663 2828 quia
1690 2772 1833 2827 saepe
1858 2756 2027 2825 mixta
2055 2763 2140 2817 est

557 2849 836 2919 sapientia:
880 2850 1162 2917 calliditas,
1191 2860 1247 2908 et
1292 2852 1591 2922 prudentiae
1624 2851 1852 2919 malitia,
1882 2852 2140 2925 praecepit

557 2940 633 2999 nt"
663 2943 978 3015 sapientiam
1019 2944 1316 3015 simplicem
1355 2945 1715 3015 requiramus,
1755 2945 2032 3015 mixtaque
2064 2945 2140 3001 sit

559 3049 684 3091 cum
709 3030 1015 3095 innocentia
1048 3036 1415 3093 columbarum
1462 3036 1746 3108 prudentia
1791 3036 2131 3107 serpentina;

557 3134 614 3183 et
637 3134 697 3183 ut
714 3129 1007 3200 prudentes
1032 3130 1202 3185 simus
1226 3130 1294 3193 ad
1314 3130 1534 3197 bonum,
1559 3130 1829 3202 simﬂices
1857 3137 2037 3187 autem
2062 3129 2133 3185 ad

559 3314 789 3385 superba
830 3313 1020 3381 elatio;
1049 3325 1105 3371 et
1128 3316 1196 3370 ad
1230 3324 1444 3387 tempus
1470 3315 1695 3373 stultum
1722 3315 1915 3383 rideri,
1944 3316 2001 3373 id
2026 3323 2127 3381 est,

558 3400 876 3472 simplicem,
901 3418 1061 3473 quam
1095 3405 1387 3476 gloriosum
1411 3414 1469 3462 et
1495 3407 1807 3477 superbum.

625 3492 791 3567 ωδ
815 3495 979 3552 Vnus.
1011 3495 1067 3563 2,
1093 3498 1147 3551 3.
1169 3527 1240 3540 -—
1267 3495 1372 3552 Cor
1396 3498 1645 3568 sapientis
1671 3498 1727 3553 in
1747 3497 1961 3554 dextera
1992 3498 2128 3571 ejus,

554 3593 606 3640 et
629 3601 720 3641 cor
736 3586 883 3645 stulti
905 3588 964 3642 in
980 3587 1195 3642 sinistra
1226 3587 1392 3649 illius.
1419 3586 1525 3643 Sed
1548 3589 1602 3643 in
1631 3588 1717 3644 via
1737 3586 1927 3646 stultus
1947 3588 2131 3647 ambu-

554 3675 693 3743 lans,
718 3695 836 3733 cum
858 3679 968 3752 ipse
1000 3679 1248 3750 insipiens
1274 3680 1361 3747 sit,
1385 3696 1563 3735 omnes
1584 3680 1769 3737 stultos
1790 3682 2031 3739 instituat.
2062 3681 2130 3738 Et

556 3776 612 3830 in
639 3772 928 3845 Evangelio
961 3772 1292 3843 praecipitur,
1322 3780 1382 3828 ut
1414 3773 1621 3829 nesciat
1646 3774 1865 3830 sinistra
1892 3775 2023 3844 quid
2047 3773 2119 3831 fac

554 3866 661 3923 ciat
688 3867 907 3923 dextera
932 3864 1189 3936 sapientis
1215 3863 1428 3926 (Matth.
1455 3881 1512 3931 v,
1538 3865 1640 3932 59;
1668 3881 1749 3928 vr.
1772 3864 1848 3939 5).
1872 3865 1940 3921 Et
1959 3880 2128 3935 quan-

555 3957 627 4013 do
661 3958 993 4028 percutimur
1020 3957 1076 4012 in
1118 3956 1391 4011 maxillam
1418 3957 1721 4024 dexteram,
1749 3972 1857 4013 non
1878 3955 2132 4025 iubemur

554 4049 827 4104 sinistram
856 4062 1046 4121 genam
1072 4048 1390 4118 percutienti
1432 4049 1695 4123 praebere,
1741 4050 1837 4105 sed
1878 4047 2124 4107 alterum.

553 4141 737 4199 Justus
763 4149 941 4198 autem
970 4140 1123 4215 (Ha,
1148 4140 1312 4213 enim]
1341 4139 1616 4203 sinistram
1643 4140 1699 4195 in
1726 4155 1784 4196 se
1811 4155 1919 4197 non
1944 4140 2128 4206 habet,

555 4234 650 4290 sed
698 4241 868 4288 totum
922 4233 978 4288 in
1029 4246 1096 4288 eo
1140 4232 1388 4287 dextrum
1420 4242 1522 4287 est.
1564 4230 1668 4298 Qui
1696 4239 1878 4287 autem
1915 4231 2131 4301 sapiens

554 4333 658 4393 est,
691 4339 905 4396 semper
935 4324 1003 4380 de
1034 4323 1216 4378 futuro
1242 4323 1439 4379 saeculo
1465 4323 1684 4395 cogitat,
1720 4323 1864 4393 quod
1886 4323 2033 4379 ducit
2061 4323 2133 4379 ad

558 3177 1005 3279 satis};
1027 3177 2134 3294 IEJiJsiJJZQt—iﬁ'ﬁioiaﬁal
2159 3177 2206 3273 (ἶ

2239 1912 2453 1981 fraude,
2502 1921 2559 1969 et
2603 1914 2698 1969 Dei
2730 1912 2877 1983 justo
2912 1912 3115 1991 judicio
3152 1910 3495 1984 permittente
3535 1913 3607 1969 ob
3634 1914 3825 1971 merita

2237 2004 2451 2077 populi;
2485 2012 2543 2060 ut
2569 2004 2766 2079 dicitur
2795 2004 2850 2059 in
2878 2004 3145 2076 Propheta
3172 2021 3184 2056 :
3216 2001 3520 2058 Sacerdotes
3547 2002 3696 2068 ntali,
3717 2020 3827 2075 peo-

2239 2106 2358 2151 cata
2374 2095 2570 2169 populi,
2600 2105 2657 2150 ut
2678 2096 2801 2152 caeci
2823 2095 2978 2150 duces
3001 2094 3222 2150 habeant
3249 2111 3411 2149 cwcos
3444 2093 3611 2148 donec
3633 2095 3825 2165 pariter

2238 2197 2487 2244 corruant
2510 2188 2566 2243 in
2592 2187 2793 2259 foveam
2831 2186 3156 2260 perditionis.
3187 2185 3245 2241 ln
3278 2187 3422 2241 hunc
3446 2201 3668 2242 sensum
3697 2184 3825 2242 facit

2237 2284 2293 2332 et
2320 2277 2452 2333 illud
2481 2278 2624 2349 quod
2663 2278 2906 2350 sequitur
2941 2297 2952 2332 :
2994 2275 3115 2333 Vidi
3139 2294 3312 2333 servos
3349 2295 3505 2350 super
3554 2294 3741 2351 equos,
3778 2289 3824 2334 et

2235 2372 2495 2451 principes
2526 2369 2849 2426 ambulantes
2875 2371 3027 2444 quasi
3052 2387 3224 2427 servos
3247 2388 3403 2443 super
3422 2380 3621 2427 terram
3642 2388 3662 2427 :
3686 2380 3745 2427 ut
3766 2371 3820 2426 hi

2236 2462 2330 2534 qui
2366 2462 2505 2518 servi
2538 2469 2663 2517 sunt
2691 2461 2946 2517 vitiorum
2973 2469 3134 2533 atque
3159 2462 3390 2532 peccati,
3422 2462 3536 2518 sive
3569 2470 3686 2517 tam
3726 2463 3819 2518 hu-

2235 2555 2410 2620 miles,
2443 2562 2505 2610 ut
2542 2554 2682 2610 servi
2723 2554 2792 2610 ab
2818 2554 3125 2609 hominibus
3151 2561 3546 2624 computentur,
3584 2555 3761 2610 subita
3790 2570 3818 2610 ι

2237 2646 2449 2723 diabolo
2469 2647 2726 2720 dignitate
2742 2660 2841 2717 per
2868 2644 3066 2718 ﬂagitia
3100 2644 3337 2717 publica,
3358 2644 3650 2699 videantur
3680 2643 3819 2699 exal-

2236 2739 2370 2805 tari;
2400 2745 2456 2793 et
2494 2737 2778 2808 magistros
2801 2737 2970 2791 bonos
3006 2736 3281 2805 Deumque
3304 2724 3564 2817 "timentes
3592 2735 3817 2808 opprimi

2234 2840 2291 2890 et
2312 2831 2532 2888 humilia
2561 2829 2713 2904 [Ms.,
2744 2828 3042 2897 humiliari]
3068 2828 3247 2885 ofﬁcio
3276 2844 3581 2886 servorum.
3670 2818 3677 2827 ’

2306 2945 2473 3007 Vnus.
2503 2945 2557 3001 8.
2582 2973 2655 2985 —
2676 2942 2779 3012 Qui
2813 2942 2946 3013 fodit
2977 2942 3199 3023 foveam,
3239 2943 3347 3015 ipse
3376 2942 3571 3019 incidet
3594 2943 3652 2998 in
3682 2960 3813 3021 eam,

2235 3043 2285 3105 et
2304 3035 2395 3109 qui
2420 3033 2640 3111 dissipat
2668 3047 2859 3111 sepem,
2884 3022 3137 3097 mordebit
3161 3047 3279 3086 eum
3306 3028 3533 3114 coluber.
3562 3030 3645 3086 Ex
3668 3041 3818 3102 parte

2237 3125 2487 3199 simplex,
2509 3133 2564 3182 et
2586 3139 2655 3199 ex
2690 3132 2845 3197 parte
2871 3123 3128 3195 mysticus
3152 3132 3235 3201 est
3262 3123 3590 3205 intelleetgs.
3623 3122 3684 3185 Si
3706 3124 3818 3197 qui-

2238 3218 2362 3277 dem
2388 3225 2444 3274 et
2471 3216 2597 3273 alibi
2622 3218 2737 3295 ipse
2777 3215 3031 3277 Salomon
3056 3217 3134 3273 ait
3170 3234 3182 3272 :
3213 3215 3316 3287 Qui
3348 3217 3527 3285 stutuit
3555 3215 3812 3299 laqueum,

2234 3311 2469 3383 capietur
2487 3310 2544 3365 in
2564 3307 2655 3371 illo
2678 3308 2867 3389 (Eccli.
2899 3325 3067 3374 XXVII,
3092 3309 3204 3383 29).
3236 3310 3304 3365 Et
3327 3311 3382 3369 in
3404 3309 3621 3387 Pssimo
3658 3311 3817 3385 septi-

2232 3417 2325 3475 mo
2353 3421 2367 3457 :
2398 3401 2598 3471 Lucum
2625 3401 2847 3474 aperuit,
2880 3411 2928 3457 et
2959 3400 3141 3472 e/fodit
3171 3419 3306 3468 eum,
3343 3411 3393 3465 et
3417 3402 3604 3477 incidit
3648 3402 3704 3455 in
3742 3401 3868 3499 βο)

2230 3514 2401 3569 ream,
2427 3515 2587 3571 quam
2625 3497 2747 3569 fecit
2780 3495 2951 3570 (Psal.
2979 3512 3076 3563 vn,
3110 3495 3219 3568 16).
3242 3494 3398 3569 Sepis
3417 3504 3598 3583 autem
3626 3496 3816 3555 contir-

2230 3590 2398 3659 matio
2446 3589 2602 3665 [Ms.,
2651 3587 2965 3662 inﬁrmatio]
3008 3587 3374 3659 ecclesiastica
3424 3599 3480 3644 et
3523 3588 3814 3667 apostolica
3929 3585 3939 3597 “

2231 3690 2358 3740 sunt
2382 3683 2653 3755 dogmata,
2678 3697 2798 3753 quae
2817 3682 2909 3755 qui
2929 3681 3251 3745 dissolverit,
3275 3689 3330 3737 et
3345 3681 3577 3745 voluerit
3595 3691 3814 3757 punier-

2230 3772 2334 3838 ire,
2362 3773 2418 3828 in
2442 3787 2508 3828 eo
2537 3773 2655 3843 ipso
2682 3772 2826 3842 quod
2860 3771 3087 3844 negligit
3113 3780 3423 3827 sanctorum
3473 3762 3676 3830 statuta
3719 3774 3815 3839 Pa-

2229 3874 2393 3932 trum,
2427 3882 2458 3922 a
2487 3874 2734 3936 serpente
2761 3866 3082 3941 percutitur,
3109 3864 3166 3921 id
3186 3873 3291 3931 est,
3321 3882 3352 3920 a
3379 3864 3594 3925 diabolo
3635 3868 3813 3929 vulne-

2229 3966 2401 4017 ratur.
2435 3957 2512 4017 De
2555 3973 2662 4029 quo
2695 3966 2941 4031 serpente
2983 3957 3037 4013 in
3083 3956 3248 4025 Amos
3290 3956 3553 4037 scriptum
3598 3969 3685 4014 est
3714 3978 3726 4015 :
3756 3958 3812 4023 Si

2230 4050 2548 4107 descenderit
2577 4051 2633 4106 in
2654 4050 2941 4129 infernum,
2971 4048 3231 4109 mandabo
3254 4051 3500 4129 serpenti,
3530 4060 3583 4106 et
3606 4051 3811 4125 morde-

2232 4141 2304 4197 bit
2332 4158 2450 4198 eum
2474 4141 2679 4214 (Amos.
2702 4157 2778 4208 Ix,
2804 4126 2882 4204 '5).
3492 4126 3497 4133 V

2309 4234 2466 4291 Vens.
2490 4234 2543 4289 9.
2568 4262 2641 4273 —
2669 4232 2773 4301 Qui
2807 4231 3055 4303 transfert
3095 4231 3314 4309 lapides,
3349 4233 3605 4305 aﬂligetur
3627 4235 3683 4293 in
3707 4236 3810 4303 eis;

2231 4334 2281 4381 et
2309 4326 2399 4399 qui
2439 4326 2626 4385 scindit
2650 4324 2812 4396 ligna,
2840 4324 3197 4383 vulnerabitur
3229 4324 3293 4378 ab
3319 4324 3412 4379 eis.
3439 4325 3741 4382 Volvuntur
3761 4336 3813 4383 et

554 4418 829 4486 dextram;
864 4417 956 4487 qui
1001 4428 1133 4470 vero
1159 4414 1415 4484 insipiens
1442 4422 1549 4480 est,
1577 4414 1644 4470 de
1675 4414 1951 4484 praesenti,
1987 4413 2133 4482 quod
2231 4418 2564 4481 inlacharia
2586 4418 2756 4475 sancti
2772 4419 2977 4488 lapides
2996 4433 3154 4490 super
3174 4427 3371 4475 terram
3385 4417 3570 4488 (Zach.
3588 4434 3669 4482 ιι,
3695 4418 3807 4491 16);

553 4509 789 4579 positum
811 4515 896 4563 est
918 4508 972 4561 in
992 4507 1232 4572 sinistra,
1263 4520 1474 4575 semper
1495 4508 1736 4576 inquirit.
1768 4507 2012 4578 Sequens
2034 4522 2131 4575 au:
2151 4533 2211 4596 D
2233 4526 2341 4567 non
2367 4512 2509 4567 enim
2539 4511 2695 4569 ﬁrma
2737 4510 2948 4571 ratione
2994 4511 3312 4576 consistunt,
3341 4510 3433 4566 sed
3460 4518 3807 4581 praetereunt,

556 4607 664 4654 tem
688 4598 986 4654 versiculus
1028 4598 1084 4652 in
1109 4612 1216 4668 quo
1242 4598 1358 4652 ait:
1392 4596 1496 4652 Sed
1523 4599 1577 4652 in
1615 4600 1697 4653 via
1723 4599 1914 4655 stultus
1943 4600 2125 4658 ambu-
2231 4610 2288 4661 et
2313 4617 2527 4676 semper
2551 4603 2620 4659 ad
2660 4601 2851 4661 altiora
2895 4601 3149 4666 nitentes,
3186 4601 3308 4657 hinc
3348 4601 3496 4657 abire
3536 4600 3805 4658 festinant.

553 4690 692 4756 lans,
720 4705 840 4747 cum
880 4690 989 4761 ipse
1029 4689 1274 4760 insipiens
1313 4689 1403 4755 sit,
1447 4705 1621 4745 omnes
1645 4688 1828 4747 stultos
1866 4691 2123 4764 «estimat;

2236 4694 2308 4751 De
2336 4694 2422 4751 his
2442 4694 2577 4750 vivis
2605 4694 2888 4767 lapidibus,
2909 4702 2965 4750 et
2989 4694 3044 4750 in
3065 4692 3386 4765 Apocalypsi
3414 4695 3547 4749 urbs
3571 4693 3808 4749 Salvato'

552 4782 700 4839 hunc
734 4794 953 4837 sensum
996 4781 1159 4838 habet
1185 4799 1199 4835 :
1230 4781 1445 4849 stultus,
1490 4788 1548 4837 ut
1574 4781 1687 4850 ipse
1710 4794 1912 4855 peccat,
1943 4791 2127 4853 sperat
2230 4787 2308 4842 ris
2332 4787 2627 4843 exstruitur
2656 4784 2837 4857 (Apoc.
2867 4801 2980 4850 χχι,
3014 4783 3125 4855 18),
3153 4792 3209 4840 et
3232 4783 3529 4840 Ecclesiam
3555 4783 3806 4840 aediﬁcari

552 4885 742 4929 omnes
766 4884 991 4940 peccare
1034 4871 1299 4938 similiter,
1344 4881 1508 4945 atque
1534 4889 1602 4933 ex
1638 4889 1737 4931 suo
1765 4874 1979 4946 ingenio
2004 4876 2122 4931 uni-

552 4978 739 5021 versos
761 4962 991 5033 iudicat.

624 5054 787 5119 Vitas.
810 5052 864 5109 4.
890 5085 961 5097 -—
988 5052 1047 5110 Si
1074 5054 1290 5125 spiritus
1312 5064 1613 5128 potestatem
1632 5058 1867 5117 habentis
1897 5059 2126 5115 ascendit

550 5144 703 5218 [ls.,
732 5145 1043 5220 ascenderit]
1079 5162 1237 5219 super
1261 5155 1332 5214 te,
1370 5147 1538 5205 locum
1563 5157 1711 5205 tuum
1737 5166 1801 5205 ne
1842 5150 2125 5217 dimiseris,

548 5240 679 5312 quia.
700 5241 900 5297 curatio
921 5255 1120 5298 cessare
1140 5239 1293 5310 faciet
1316 5248 1526 5311 peccata
1551 5242 1797 5299 maxima.
1822 5241 2128 5314 Principem

549 5332 736 5403 mundi
765 5332 939 5398 istius,
967 5340 1021 5389 et
1047 5339 1309 5388 rectorem
1329 5331 1671 5389 tenebrarum
1697 5333 1913 5399 harum,
1934 5341 1988 5388 et
2007 5348 2128 5404 ope-

552 5431 759 5479 rantem
788 5425 844 5479 in
866 5424 988 5479 ﬁliis
1007 5423 1317 5481 difﬁdentiae
1336 5464 1351 5491 ,
1382 5421 1534 5497 cujus
1551 5431 1607 5479 et
1628 5424 1915 5497 Apostolus
1938 5428 2126 5487 memi-

546 5514 658 5583 nit,
697 5529 843 5573 nunc
864 5514 1147 5586 Scriptura
1187 5515 1453 5589 signiﬁcat
1484 5533 1498 5569 :
1531 5515 1674 5585 quod
1714 5516 1761 5571 si
1800 5518 1856 5573 in
1895 5532 1989 5575 cor
2030 5535 2127 5579 no—

548 5615 725 5673 stram
740 5610 1060 5677 ascenderit,
1089 5618 1144 5666 et
1163 5609 1546 5677 animusmalae
1564 5609 1910 5681 cogitationis
1932 5610 2126 5671 vulnus

551 5700 837 5771 acceperit,
882 5716 989 5757 non
1035 5703 1288 5757 debemus
1338 5701 1515 5756 locum
1551 5699 1693 5756 ultro
1734 5700 1990 5766 tribuere,
2031 5700 2124 5755 sed

539 5804 788 5871 “pugnare
817 5800 1005 5848 contra
1051 5793 1425 5865 cogitationem
1467 5791 1775 5862 pessimam,
1805 5799 1859 5848 et
1906 5790 2125 5847 liberari

2227 4878 2518 4951 Apostolus
2545 4876 2791 4935 meminit
2818 4875 2971 4948 [Ms.,
2995 4892 3102 4933 non
3124 4875 3306 4950 tacet].
3333 4875 3435 4943 Qui
3452 4891 3584 4931 vero
3606 4876 3706 4932 hos
3735 4875 3805 4930 la-

2226 4971 2381 5042 pides
2409 4970 2557 5025 vivos
2591 4970 2657 5025 de
2704 4968 3057 5025 mdiﬁcatione
3096 4966 3246 5041 [Ms.,
3275 4964 3524 5039 mdiﬁcio]
3556 4965 3804 5022 Ecclesiae

2225 5062 2485 5131 transfert
2526 5061 2780 5143 haeretica
2825 5059 3064 5145 qualibet
3089 5058 3368 5137 pravitate,
3393 5064 3598 5113 :eterno
3627 5057 3806 5112 dolore

2228 5153 2492 5225 aﬂligetur
2517 5167 2617 5224 pro
2655 5136 2754 5219 eis,
2779 5136 2924 5223 ligna
2956 5136 3173 5222 quoque
3201 5148 3452 5204 scindens
3478 5146 3804 5223 periclitabi-

2228 5256 2318 5302 tur
2343 5247 2399 5301 in
2418 5245 2517 5301 eis.
2546 5242 2797 5303 Haeretici
2830 5242 2973 5315 ligna
3014 5238 3341 5317 infructuosa
3367 5243 3513 5305 sunt,
3545 5246 3602 5297 et
3642 5237 3804 5293 saltus

2230 5338 2435 5407 absque
2473 5334 2704 5393 utilitate
2726 5348 3042 5405 pomorum;
3073 5346 3172 5402 pro
3196 5346 3424 5407 quorum
3458 5329 3802 5384 schismatica

2227 5426 2490 5496 divigione
2533 5424 2798 5496 prudens,
2851 5432 2906 5480 et
2947 5421 3345 5478 ecclesiasticus
3384 5419 3574 5476 doctor
3627 5420 3803 5475 animo

2224 5492 2617 5583 vulnerabitur,
2644 5513 2898 5587 Apostolo
2938 5513 3189 5568 dicente:
3220 5510 3351 5579 Quis
3384 5509 3797 5574 scandalizatur,

2223 5615 2273 5661 et
2294 5622 2387 5677 ego
2416 5622 2521 5665 non
2549 5621 2677 5662 uror
2700 5603 2786 5676 (II
2816 5601 2939 5659 Cor.
2974 5619 3054 5671 χι,
3074 5602 3202 5676 ‘29)?

2296 5698 2458 5753 Vnus.
2492 5698 2579 5752 10.
2604 5727 2675 5738 -
2709 5694 2766 5751 Si
2795 5704 3022 5750 retusum
3061 5695 3220 5766 fuerit
3249 5693 3468 5763 ferrum,
3495 5704 3545 5748 et
3578 5695 3676 5748 hoc
3698 5707 3800 5748 non

2224 5799 2283 5846 ut
2306 5792 2477 5863 prius,
2497 5790 2587 5846 sed
2608 5788 2907 5849 Itan
2932 5790 3051 5855 erit,
3081 5787 3245 5845 multo
3274 5787 3450 5846 labore
3475 5794 3753 5847 mouetur
3772 5798 3796 5842 .'
