4066 6452
527 410 630 468 711

1371 407 1432 462 Β.
1473 405 1535 461 F.
1574 401 1801 461 ALBINI
1837 400 1972 460 SEU
2009 399 2290 460 ALCUlNI
2326 396 2614 458 OPERUM
2651 396 2833 455 PARS
2867 395 2932 452 ιι.

3691 389 3802 444 ’112

520 536 712 582 corum
738 538 752 575 :
783 518 902 591 Ego
926 519 1024 590 ﬂos
1065 519 1255 590 campi,
1279 525 1327 572 et
1353 516 1523 571 lilium
1565 515 1880 571 convallium
1919 513 2093 588 (Cant.
2122 516 2350 579 Amere
2395 513 2749 585 loquendum,
2786 491 3176 566 verum’etiam
3216 504 3273 561 in
3321 502 3535 561 arcanis
3589 504 3794 569 cordis,

520 630 587 684 ιι,
614 616 688 688 1).
713 614 994 685 Principes
1018 628 1233 684 quoque
1258 612 1374 684 ejus
1402 619 1527 667 sunt
1552 610 1799 682 apostoli,
1830 619 1887 665 et
1913 623 2102 664 omnes

521 708 723 773 sancti,
753 707 843 778 qui
891 721 1071 776 regem
1103 704 1310 760 habent
1351 703 1521 759 ﬁlium
1548 702 1827 768 nobilium,
1874 701 2104 756 Abrahae

520 799 748 867 scilicet,
777 815 883 855 non
912 799 979 854 de
1013 797 1203 855 ancilla
1232 798 1396 870 Agar,
1426 798 1522 854 sed
1555 799 1620 854 de
1651 797 1785 853 Sara
1813 797 1980 852 libera
2012 811 2104 868 ge-

521 892 699 958 nitum
730 891 894 965 [Ms.,
922 888 1070 946 Sarae
1090 889 1351 945 'libertate
1383 889 1720 963 generatum]
1750 909 1762 944 :
1795 905 1897 944 nec
1927 903 2105 945 come-

521 981 657 1039 dunt
683 996 863 1049 mane,
892 997 992 1038 nec
1011 980 1294 1048 velociter;
1327 996 1428 1037 nec
1455 981 1602 1037 enim
1630 981 1686 1036 in
1713 980 1965 1052 praesenti
2006 993 2105 1033 sae-

521 1077 644 1132 culo
679 1075 1014 1132 voluntatem
1042 1083 1312 1146 quaerunt,
1357 1075 1452 1131 sed
1480 1083 1723 1145 tempore
1754 1089 1852 1130 suo
1881 1073 2105 1128 mandu-

520 1160 734 1238 cabunt,
767 1188 892 1228 cum
918 1170 1291 1227 retributionis
1334 1179 1546 1243 tempus
1575 1169 1870 1235 advenerit,
1897 1168 1963 1224 de
1988 1167 2106 1238 qui-

518 1266 621 1322 bus
643 1274 698 1322 et
725 1265 842 1336 ipse
873 1263 1122 1325 Salvator
1145 1263 1220 1318 ait
1243 1263 1298 1319 in
1324 1263 1612 1335 Evangelia
1638 1280 1650 1316 :
1675 1262 1746 1316 Et
1767 1278 1859 1332 ego
1887 1260 2106 1332 dispono

516 1357 655 1412 vobis
681 1373 917 1428 regnum,
949 1364 1006 1410 ut
1029 1355 1197 1411 edatis
1217 1365 1266 1410 et
1292 1355 1480 1410 bibatis
1506 1370 1662 1426 super
1679 1368 1910 1409 mensam
1939 1367 2108 1406 meam

514 1447 570 1501 in
599 1464 756 1518 regno
788 1464 902 1502 meo
929 1445 1081 1519 (Luc.
1107 1463 1244 1511 xxu,
1268 1447 1360 1512 29,
1385 1446 1497 1519 30).

591 1540 748 1595 Vens.
771 1539 859 1594 18.
875 1537 1026 1593 -Ιη
1049 1539 1275 1609 pigritiis
1304 1536 1670 1592 humiliabitur
1694 1535 2030 1606 contignatio,
2059 1541 2108 1588 et

510 1635 568 1689 in
597 1635 907 1705 inﬁrmitate
932 1650 1186 1688 manuum
1210 1633 1521 1706 perstillabit
1551 1634 1757 1687 domus.
1789 1632 1990 1688 Domus
2016 1644 2109 1684 no-

513 1735 630 1783 stra
657 1741 929 1799 quaecum
954 1735 1102 1784 statu
1127 1727 1362 1784 hominis
1391 1735 1572 1783 creata
1597 1733 1700 1792 est,
1730 1733 1824 1780 aut
1850 1722 2109 1779 habitatio

513 1837 680 1890 quam
728 1821 990 1877 habemus
1031 1822 1088 1876 in
1136 1820 1308 1886 caelis,
1354 1820 1482 1889 quia
1527 1818 1666 1891 pigri
1705 1832 1908 1882 sumus,
1940 1821 1995 1870 et
2041 1812 2108 1868 ad

2204 609 2446 677 quamvis
2520 607 2684 662 variis
2745 612 3084 660 coarctamur
3127 599 3603 664 tribulationibus,
3664 597 3800 654 nihil

2203 699 2597 770 blasphemum,
2629 697 2763 752 nihil
2807 695 3031 766 impium
3059 693 3400 748 sentiendum
3444 693 3532 746 sit.
3562 691 3634 746 Et
3670 691 3798 761 quia

2204 789 2543 846 dilectionem
2589 805 2751 860 quam
2794 787 3012 844 Christo
3055 785 3393 851 exhibemus,
3432 782 3592 856 441
3639 783 3803 838 ἀεῦθο

2204 900 2324 938 mus
2350 890 2405 938 et
2426 881 2704 952 proximo;
2733 879 2906 951 Dilige
2935 880 3133 950 quippe
3159 877 3443 932 Dominum
3482 875 3678 942 Deum,
3707 877 3802 932 sed

2204 981 2260 1028 et
2284 973 2583 1044 proximum
2612 981 2761 1025 tuum
2781 980 3032 1042 tanquam
3058 979 3106 1023 te
3132 969 3303 1040 ipsum
3329 985 3349 1034 ;
3386 974 3442 1023 et
3464 981 3612 1021 nunc
3643 963 3798 1037 μη,

2204 1065 2369 1120 etiam
2396 1064 2561 1138 nunc]
2584 1063 2740 1133 jubet
2765 1079 2834 1118 ne
2859 1071 2985 1134 post
3027 1060 3210 1134 regem
3239 1062 3306 1115 de
3348 1061 3554 1115 sanctis
3581 1076 3805 1132 quoque

2205 1157 2362 1215 facile
2392 1159 2760 1226 detrahamus,
2792 1166 2847 1214 et
2872 1157 2952 1214 eis
2994 1173 3130 1227 quos
3168 1157 3463 1211 viderimus
3510 1155 3798 1225 sapientia,

2207 1252 2435 1308 scientia
2468 1251 2865 1322 virtutibusque
2904 1251 3120 1314 ditatos,
3153 1249 3333 1322 lingua
3369 1248 3613 1303 mordaci
3645 1246 3798 1320 [Ms.,

2207 1342 2401 1414 linguae
2446 1341 2824 1416 mordacitate]
2872 1343 3213 1414 derogemus,
3260 1340 3400 1411 quod
3453 1340 3659 1411 angeli,
3708 1341 3802 1413 qui

2115 1485 2118 1488 .
2209 1445 2410 1492 terram
2438 1437 2796 1501 circumeunt,
2822 1443 2878 1490 et
2905 1442 3031 1488 sunt
3060 1435 3524 1488 administratores
3547 1432 3797 1503 spiritus,

2209 1533 2265 1580 et
2303 1527 2358 1581 in
2391 1525 2653 1581 Zacharia
2697 1526 3006 1595 loquuntur,
3038 1525 3372 1580 cireuivimus
3422 1533 3651 1590 terram,
3681 1540 3800 1579 ecce

2211 1618 2376 1671 omnis
2401 1626 2541 1671 terra
2564 1617 2850 1683 habitatur,
2881 1627 2928 1672 et
2957 1615 3073 1672 silet
3104 1615 3287 1688 (Zach.
3312 1633 3352 1683 ι,
3378 1617 3492 1688 11),
3523 1617 3590 1673 ad
3619 1617 3798 1672 instar

2210 1709 2388 1764 avium
2417 1709 2484 1765 ad
2518 1709 2715 1765 caelum
2762 1718 2947 1765 nostra
2973 1708 3135 1764 verba
3184 1708 3478 1779 perferant,
3511 1716 3566 1764 et
3590 1710 3795 1776 cogita-

2213 1801 2406 1867 tiones,
2433 1809 2488 1858 et
2515 1802 2660 1873 quod
2689 1801 2830 1858 clam
2858 1801 3178 1874 cogitamus,
3216 1801 3501 1856 scientiam
3548 1801 3646 1856 Dei
3692 1816 3797 1856 non

511 1912 654 1968 bona
701 1928 866 1982 opera
893 1913 1194 1978 tardiores,
1227 1911 1628 1975 humiliabitur;
1677 1917 1733 1963 et
1767 1906 1942 1964 omnis
1972 1920 2104 1960 con-
2137 1884 2188 1946 Β
2213 1891 2401 1950 latere-

513 2003 757 2074 tignatio,
787 2018 906 2072 qua:
934 2004 1092 2059 debet
1129 2002 1341 2058 culmen
1382 2015 1598 2072 portare
1643 2001 1699 2056 in
1743 2000 1991 2066 sublime,
2039 1998 2108 2053 ad

514 2105 722 2151 terram
751 2111 1008 2151 corruens
1053 2096 1415 2151 habitatorem
1457 2111 1612 2150 suum
1650 2092 1934 2164 opprimit;
1963 2104 2109 2145 cum-

515 2204 623 2258 que
651 2188 912 2243 auxilium
938 2205 1195 2244 manuum
1217 2189 1585 2257 virtutumque
1606 2186 1894 2257 torpuerit,
1920 2195 2110 2238 omnes

515 2283 749 2352 desuper
770 2289 1065 2352 potestates
1102 2289 1158 2336 et
1201 2280 1508 2335 nimborum
1534 2279 1603 2334 ad
1626 2294 1724 2334 nos
1751 2277 1910 2332 turbo
1931 2289 2109 2330 erum-

513 2373 613 2444 pit.
646 2374 815 2429 Porro
844 2373 990 2444 quod
1023 2373 1080 2426 in
1117 2387 1225 2427 uno
1266 2373 1482 2427 homine
1517 2367 1856 2440 interpretati
1901 2381 2105 2432 sumus,

512 2465 707 2520 melius
733 2473 912 2535 potest
953 2479 1116 2534 super
1141 2463 1442 2519 Ecclesiam
1479 2461 1669 2531 accipi,
1709 2459 1853 2530 quod
1889 2473 1988 2529 per
2016 2473 2111 2512 ne-

514 2556 821 2628 gligentiam
849 2557 1151 2628 principum
1174 2557 1353 2612 omnis
1380 2557 1496 2627 ejus
1522 2561 1744 2611 corruat
1772 2551 2027 2616 altitudo;
2056 2559 2112 2604 et

513 2645 590 2701 ibi
633 2647 886 2702 vitiorum
932 2647 1405 2716 illecebrae-sunt,
1442 2646 1536 2703 ubi
1579 2656 1793 2718 tegmen
1836 2642 2111 2715 putabitur

517 2735 667 2811 [Ms.,
693 2737 1006 2811 putabatur]
1031 2754 1152 2795 esse
1182 2740 1465 2794 virtutum.

584 2829 748 2886 Vens.
775 2830 861 2885 19.
886 2861 958 2870 -
985 2829 1054 2884 1η
1090 2832 1201 2885 risu
1245 2830 1445 2900 faciunt
1481 2846 1668 2902 panem
1703 2845 1765 2884 ac
1804 2831 2011 2894 vinum,
2054 2832 2112 2878 ut

515 2919 792 2991 epulentur
839 2922 1108 2978 bibentes:
1141 2933 1190 2978 et
1226 2924 1461 2994 pecunia:
1501 2923 1744 2978 obediunt
1791 2922 1986 2975 omnia.
2035 2919 2114 2976 De

515 3012 886 3081 superioribus
913 3015 1074 3086 hujus
1114 3017 1395 3071 sententiae
1437 3011 1636 3086 pendet
1684 3014 2006 3070 intellectus.
2053 3013 2113 3068 In

518 3105 740 3175 pigritia
762 3107 904 3161 enim
930 3107 1065 3162 dixit
1089 3115 1143 3163 et
1165 3107 1413 3162 socordia
1433 3107 1817 3178 magistrorum
1838 3105 2113 3160 humiliari

520 3197 842 3267 Ecclesiam,
884 3208 941 3255 et
968 3200 1181 3256 culmen
1210 3202 1328 3273 ejus
1364 3201 1668 3266 concidere,
1711 3207 1766 3255 et
1803 3200 1950 3270 tigna
1992 3215 2114 3270 per-

518 3287 687 3344 fluere
713 3289 864 3360 [Ms.,
889 3291 1103 3365 perflui]
1129 3293 1399 3364 praedixit.
1425 3291 1580 3349 Nunc
1605 3300 1786 3347 autem
1814 3292 1878 3348 de
1909 3292 2112 3347 eisdem

521 3379 801 3449 magistris
833 3380 1090 3450 loquitur,
1133 3398 1399 3438 accusans
1442 3397 1536 3438 eos
1580 3381 1788 3436 deliciis
1834 3381 2013 3444 saeculi
2061 3387 2117 3436 et

519 3469 772 3536 luxuriae,
820 3472 1099 3542 epulisque
1145 3476 1317 3545 magis
1366 3474 1572 3528 servire
1617 3488 1780 3542 quam
1828 3472 2016 3537 saluti,
2060 3473 2115 3527 in

526 3564 915 3634 praedicatione
954 3567 1102 3621 verbi
1133 3567 1259 3633 Dei,
1290 3569 1467 3638 gregis
1497 3567 1598 3622 sibi
1641 3567 1946 3630 commissi,
1989 3565 2115 3619 dum

520 3655 764 3725 episcopi
795 3663 850 3710 et
875 3657 1176 3728 presbyteri
1209 3673 1317 3712 non
1361 3657 1610 3712 laborant
1637 3658 1690 3711 in
1719 3657 1961 3712 Ecclesia
1989 3673 2118 3712 ron-

521 3745 697 3800 stituti
726 3746 782 3800 in
810 3760 1059 3801 sermone
1099 3754 1153 3802 et
1179 3748 1455 3814 doctrina;
1488 3748 1575 3803 vel
1602 3749 1764 3802 etiam
1794 3763 1858 3802 ea
1900 3747 2114 3816 docent,

523 3851 644 3906 qua:
671 3837 779 3890 sint
805 3838 1001 3907 populo
1047 3839 1386 3894 delectabilia
1413 3841 1623 3903 audire,
1657 3849 1717 3894 ut
1759 3840 1990 3910 gratiam
2023 3841 2118 3894 ha-

522 3926 686 3982 beant
733 3929 1066 3984 audientium
1095 3931 1266 4003 magis
1309 3947 1471 4001 quam
1517 3931 1730 3985 illorum
1774 3929 2113 4001 profectum:

524 4023 605 4078 sic
646 4023 700 4077 in
730 4023 843 4078 risu
870 4024 996 4079 vitae
1040 4032 1254 4079 aeterna:
1298 4041 1516 4096 panem,
1541 4032 1597 4080 et
1631 4024 1819 4078 vinum
1845 4023 2121 4092 sapientia:

526 4120 724 4189 populo
746 4119 1075 4186 ministrant,
1103 4135 1210 4174 non
1235 4120 1304 4175 ad
1324 4119 1573 4185 salutem,
1598 4119 1693 4174 sed
1714 4117 1782 4172 ad
1804 4117 2117 4187 perniciem.

529 4211 619 4266 Sic
651 4212 750 4281 ipsi
775 4212 865 4281 qui
894 4212 1109 4278 docent,
1139 4213 1357 4268 divitias
1384 4221 1440 4267 et
1463 4227 1616 4282 opes,
1645 4219 1701 4266 et
1727 4210 1876 4264 cibos
1905 4224 2002 4280 per
2030 4209 2123 4264 de-

527 4301 796 4358 lectabilia
823 4304 1088 4373 promissa
1114 4305 1460 4373 conquirunt,
1488 4311 1544 4358 et
1577 4303 1646 4357 ad
1674 4304 1909 4356 honores
1933 4315 2123 4371 perve-

529 4395 685 4448 niunt
703 4393 1008 4460 saeculares,
1022 4394 1218 4462 quibus
1233 4393 1458 4464 subjecti
1477 4391 1628 4466 [Ms.,
1643 4400 1698 4447 et
1718 4391 1966 4464 subjecti]
1983 4406 2124 4463 saepe

529 4492 764 4563 perdunt
788 4491 1058 4545 crelestes.

2823 2027 3049 2086 CAPUT
3075 2028 3166 2084 X1.

2274 2162 2436 2217 Vens.
2455 2160 2639 2214 1.-Μ
2645 2162 2735 2215 itte
2745 2147 2934 2233 panem
2947 2173 3094 2215 tuum
3106 2162 3798 2233 supertranseuntes'aquas,

2207 2253 2331 2323 quia
2359 2260 2470 2322 post
2498 2249 2664 2304 multa
2693 2261 2927 2322 tempora
2948 2253 3172 2306 invenies
3203 2251 3372 2305 illum.
3400 2251 3481 2307 Ad
3507 2253 3801 2324 eleemosy-

2206 2358 2332 2397 nam
2361 2343 2701 2408 cohortatur,
2743 2343 2886 2412 quod
2931 2343 3077 2398 omni
3116 2343 3318 2412 petenti
3369 2344 3440 2397 sit
3463 2344 3724 2410 dandum,
3751 2355 3802 2398 et

2208 2433 2497 2490 indiscrete
2528 2433 2949 2506 [Ms.,discretc]
2973 2435 3278 2490 faciendum
3312 2437 3468 2490 bene.
3498 2435 3620 2503 Quo
3652 2437 3804 2493 modo

2208 2527 2352 2582 enim
2396 2526 2488 2596 qui
2536 2542 2696 2596 super
2727 2527 2926 2597 irrigua
2975 2527 3227 2593 seminat,
3260 2525 3498 2582 fructum
3544 2530 3802 2584 sementis

2209 2627 2507 2690 exspectat,
2543 2619 2618 2673 ita
2667 2619 2759 2689 qui
2803 2619 3033 2688 largitur
3078 2620 3378 2691 egentibus,
3430 2635 3540 2675 non
3575 2635 3805 2690 granum

2211 2718 2458 2785 seminis,
2515 2717 2610 2772 sed
2660 2716 2837 2786 ipsum
2885 2731 3078 2787 panem
3128 2716 3282 2781 serit,
3335 2715 3525 2771 fenore
3577 2717 3808 2785 quodam

2211 2810 2712 2880 multiplicationem
2744 2810 2887 2865 illius
2914 2810 3258 2880 praestolans,
3293 2817 3346 2864 et
3375 2824 3499 2863 cum
3524 2808 3648 2864 dies
3669 2805 3810 2877 judi-

2214 2904 2285 2960 cii
2312 2903 2538 2970 venerit,
2571 2902 2740 2958 multo
2769 2902 3000 2973 amplius
3025 2917 3187 2972 quam
3221 2895 3443 2957 dederat
3467 2899 3806 2971 recepturus.

2212 2995 2386 3051 Aliter
2415 3014 2427 3048 :
2459 2994 2518 3049 ιη
2545 3011 2866 3065 quocunque
2896 2995 3113 3050 homine
3151 2995 3298 3049 illam
3345 3011 3544 3064 aquam
3580 2994 3808 3060 videris,

2217 3088 2282 3143 de
2314 3103 2420 3156 qua
2455 3087 2653 3142 dicitur
2681 3102 2695 3141 :
2734 3086 2987 3142 Flumina
3033 3088 3097 3141 de
3125 3096 3296 3141 ventre
3325 3087 3439 3157 ejus
3469 3087 3640 3156 ﬂuent
3667 3102 3813 3140 naua

2216 3182 2342 3236 viva:
2368 3181 2550 3253 (Joan.
2583 3168 2680 3247 vn,
2709 3180 2820 3254 '58),
2851 3196 2918 3235 ne
2951 3187 3003 3235 te
3036 3182 3212 3252 pigeat
3247 3195 3443 3250 panem
3491 3180 3809 3248 sapientiae,

2217 3288 2410 3342 panem
2445 3272 2816 3327 rationabilem
2861 3282 3124 3342 praestare
3153 3272 3438 3327 sermonis.
3480 3269 3549 3323 Et
3581 3272 3641 3324 in
3683 3270 3812 3324 mul-

2218 3366 2441 3420 titudine
2466 3366 2670 3420 dierum
2694 3366 2921 3420 invenies
2949 3365 3126 3432 illum,
3150 3366 3202 3419 id
3233 3375 3334 3428 est,
3368 3365 3620 3419 invenies
3647 3364 3814 3433 longi-

2219 3457 2462 3512 tudinem
2495 3457 2704 3512 dierum
2734 3457 2859 3511 vita:
2908 3465 3120 3511 mternas
3152 3456 3206 3510 in
3254 3456 3615 3510 retributione
3647 3454 3812 3511 cmic-

2221 3549 2313 3604 sti.
2348 3548 2405 3604 Si
2452 3551 2597 3604 enim
2625 3550 2728 3604 hoc
2758 3549 2952 3603 feceris
2992 3549 3322 3618 frequenter,
3352 3549 3599 3602 invenies
3623 3557 3674 3602 te
3705 3561 3814 3603 non

2220 3641 2493 3698 incassum
2530 3641 2900 3697 doctrinarum
2920 3640 3119 3709 jecisse
3149 3648 3465 3694 sementem.
3511 3637 3646 3693 Tale
3688 3634 3812 3708 quid

2221 3730 2276 3786 in
2322 3731 2458 3786 Isaia
2505 3732 2708 3787 dictum
2759 3740 2890 3801 puto
2932 3745 2946 3783 :
3002 3730 3197 3783 Beatus
3243 3713 3358 3800 qui,
3386 3729 3614 3783 seminat
3664 3743 3816 3799 super

2222 3847 2413 3900 aquam
2463 3829 2550 3881 ubi
2601 3829 2690 3882 bos
2721 3837 2770 3881 et
2819 3827 3000 3881 asinus
3031 3826 3235 3880 calcant
3272 3826 3430 3898 (Isai.
3480 3842 3662 3890 xxx",
3700 3826 3811 3896 20).

2224 3920 2377 3986 Quod
2404 3919 2492 3973 ille
2541 3918 2799 3988 magister
2829 3917 3164 3972 beatitudine
3187 3918 3379 3988 dignus
3409 3917 3700 3980 habeatur,
3727 3916 3815 3986 qui

2225 4025 2387 4079 super
2433 4009 2696 4078 irriguum
2717 4017 2905 4078 pectus
2932 4009 3161 4062 seminat
3199 4007 3555 4072 audientium,
3597 4017 3712 4063 tam
3750 4023 3814 4063 ex

2225 4099 2424 4156 Judacis
2461 4115 2624 4169 quam
2651 4115 2719 4154 ex
2748 4099 2998 4168 gentibus
3027 4097 3225 4167 populo
3254 4105 3604 4167 congregato.

2295 4215 2458 4270 Vens.
2485 4214 2538 4269 2.
2567 4243 2639 4253 —-—
2660 4213 2745 4266 Da
2763 4220 2935 4282 partes
2961 4221 3175 4282 septem,
3207 4227 3405 4266 necnon
3429 4221 3477 4265 et
3500 4221 3643 4278 octo,
3691 4213 3811 4282 quia

2223 4309 2436 4379 ignoras
2476 4307 2602 4378 quid
2635 4305 2869 4375 futurum
2919 4305 2986 4358 sit
3015 4303 3142 4358 mali
3168 4321 3324 4375 super
3353 4313 3570 4358 terram.
3616 4305 3811 4360 Praeci-

2226 4401 2306 4471 pit
2326 4416 2455 4472 ergo
2480 4406 2769 4468 utrumque
2800 4397 3224 4462 Testamentum,
3258 4397 3311 4451 id
3341 4406 3425 4452 est
3459 4397 3650 4460 Vetus,
3676 4397 3814 4466 quod

2230 4490 2536 4561 septenario
2566 4502 2790 4542 numero
2819 4487 3145 4556 designatur,
3195 4493 3252 4540 et
3291 4485 3526 4552 Novum,
3564 4486 3712 4555 quod
3761 4485 3814 4538 in

607 4583 772 4638 Vens.
799 4581 889 4636 20.
907 4611 980 4620 -
1000 4580 1066 4634 In
1092 4580 1402 4651 cogitatione
1433 4588 1525 4634 tua
1553 4581 1660 4650 regi
1686 4596 1748 4634 ne
1777 4581 2042 4646 detrahas,
2076 4592 2124 4636 et
2151 4602 2203 4663 ι)
2231 4585 2510 4640 octonario
2540 4581 2880 4651 intelligitur,
2911 4580 3072 4650 digna
3100 4579 3450 4634 veneratione
3473 4578 3671 4632 haberi
3689 4592 3812 4633 san-

529 4673 588 4729 in
621 4683 817 4728 secreto
849 4673 1035 4728 cubilis
1061 4674 1140 4728 tui
1181 4691 1242 4729 ne
1268 4674 1603 4729 maledixeris
1629 4675 1796 4741 diviti,
1838 4676 1964 4746 quia
2003 4693 2120 4732 aves

531 4765 649 4823 caeli
679 4766 959 4838 portabunt
1002 4784 1176 4821 vocem
1205 4776 1372 4834 tuam,
1407 4776 1454 4821 et
1490 4767 1578 4838 qui
1616 4766 1765 4820 habet
1803 4783 2001 4838 pennas
2026 4784 2122 4822 an-

533 4859 797 4916 nuntiabit
847 4861 1177 4913 sententiam.
1227 4858 1466 4930 Simplex
1517 4867 1847 4928 praeceptum
1895 4858 2123 4914 aediﬁcat

534 4950 819 5008 audientes
846 4965 914 5004 ne
946 4949 1025 5004 ira
1051 4957 1105 5004 et
1129 4948 1313 5004 furore
1357 4950 1599 5020 superati
1618 4949 1674 5004 in
1698 4949 2041 5004 maledictum
2067 4955 2124 5003 et

533 5040 594 5100 in
634 5041 1026 5098 detractionem
1070 5056 1260 5112 regum
1305 5049 1362 5095 et
1387 5041 1694 5111 principum
1743 5055 2118 5110 erumpamus;

535 5135 662 5208 quia
693 5143 881 5191 contra
925 5149 1078 5206 spem
1104 5134 1378 5190 interdum
1407 5134 1606 5200 evenit,
1636 5143 1696 5190 ut
1739 5135 1784 5190 si
1814 5135 1899 5190 his
1929 5134 2124 5204 quibus

538 5226 908 5282 maledicimus
957 5225 1269 5292 nuntietur,
1325 5225 1668 5281 incurramus
1712 5225 2009 5295 periculum
2067 5224 2125 5278 in

537 5318 985 5374 immoderatione
1028 5317 1241 5388 linguae.
1276 5315 1430 5384 Quod
1471 5326 1652 5372 autem
1689 5317 1801 5370 ait:
1833 5317 1965 5370 Aves
2011 5314 2125 5370 coeli

539 5408 778 5480 auferent
800 5425 993 5475 vocem,
1017 5418 1066 5462 et
1097 5408 1290 5463 habens
1309 5425 1507 5479 pennas
1532 5405 1860 5460 annuntiabit
1890 5404 2120 5474 verbum,

539 5499 880 5572 hyperbolice
907 5498 1310 5572 intelligendum
1337 5506 1440 5554 est.
1467 5497 1624 5552 Modo
1656 5497 1808 5568 [Ms.,
1833 5496 2122 5570 quomodo]

541 5591 776 5650 solemus
815 5591 1017 5657 dicere,
1060 5592 1225 5646 etiam
1261 5591 1405 5661 ipsos
1453 5589 1709 5659 parietes,
1762 5589 1957 5657 quibus
1999 5607 2126 5644 con-

542 5682 670 5738 sciis
715 5680 1003 5750 loquimur,
1033 5696 1154 5751 quae
1201 5681 1486 5735 audierunt
1538 5694 1645 5734 non
1691 5677 1960 5734 celaturos
1991 5697 2003 5731 :
2033 5680 2126 5735 sed

545 5774 735 5829 melius
753 5782 838 5829 est
860 5774 939 5829 sic
967 5773 1150 5828 audire
1175 5780 1522 5844 praeceptum,
1547 5778 1608 5826 ut
1629 5770 1865 5826 sciamus
1893 5785 2013 5826 esse
2038 5757 2129 5826 no;

548 5866 630 5922 bis
659 5866 991 5935 mandatum,
1032 5881 1143 5925 non
1171 5867 1347 5925 solum
1370 5873 1558 5925 contra
1584 5863 1857 5925 Ghristum
1888 5864 2020 5922 nihil
2052 5872 2127 5922 te-

2230 4679 2553 4736 ctissimum.
2582 4675 2753 4732 Judaei
2781 4675 3041 4730 dederunt
3066 4683 3249 4743 partes
3273 4681 3501 4743 septem,
3532 4674 3814 4728 credentes

2229 4772 2546 4836 sabbatum;
2593 4768 2687 4824 sed
2721 4783 2828 4822 non
2859 4767 3122 4821 dederunt
3167 4773 3311 4830 octo,
3357 4767 3812 4821 resurrectionem

2233 4864 2319 4919 die
2348 4861 2626 4918 Dominico
2657 4858 2806 4932 [Λίδη
2825 4859 2930 4914 diei
2960 4847 3275 4928 Dominicze]
3310 4856 3366 4910 in
3400 4855 3624 4911 Christo
3656 4859 3814 4912 dene-

2232 4963 2438 5023 gantes.
2472 4953 2514 5007 E
2542 4951 2815 5007 contrario
2840 4950 3083 5005 haeretici
3111 4949 3347 5004 Marcion
3382 4955 3437 5003 et
3465 4948 3806 5012 Manichaeus,

2230 5055 2287 5103 et
2316 5060 2502 5100 omnes
2530 5042 2622 5113 qui
2652 5050 2890 5097 veterem
2937 5041 3110 5112 legem
3161 5040 3352 5095 rabido
3397 5054 3492 5094 ore
3534 5039 3810 5104 dilaniant,

2231 5138 2358 5193 dant
2382 5143 2564 5206 partes
2589 5142 2733 5200 octo,
2766 5132 3120 5202 suscipientes
3142 5131 3526 5201 Evangelium;
3558 5131 3654 5185 sed
3675 5147 3813 5184 cam-

2229 5233 2351 5285 dem
2371 5225 2675 5297 septenario
2703 5238 2930 5278 numero
2951 5238 3059 5278 non
3087 5223 3348 5286 tribuunt,
3375 5230 3621 5276 veterem
3649 5221 3811 5292 legem

2229 5328 2562 5393 respuentes.
2591 5317 2701 5373 Nos
2728 5332 2859 5373 vero
2885 5323 3132 5386 utraque,
3162 5331 3282 5386 qua}
3305 5315 3475 5385 ponit,
3506 5316 3809 5378 credamus,

2229 5419 2285 5468 et
2311 5419 2600 5480 utrumque
2645 5422 2985 5463 veneremur.
3037 5405 3155 5461 Non
3203 5406 3347 5460 enim
3372 5420 3664 5476 possumus
3697 5419 3812 5461 cru-

2228 5503 2403 5559 ciatus
2429 5501 2752 5570 dignamque
2779 5513 2994 5568 plenam
3033 5495 3147 5566 jam
3191 5512 3335 5552 nunc
3360 5504 3542 5551 mente
3573 5509 3813 5566 compre-

2224 5593 2481 5656 hendere,
2507 5605 2628 5661 quae
2653 5589 2889 5658 reposita
2919 5595 3002 5643 est
3028 5588 3113 5643 his
3141 5589 3232 5657 qui
3261 5596 3553 5642 versantur
3573 5588 3630 5642 in
3672 5595 3809 5641 terra

2226 5682 2581 5746 inﬁdelitatis,
2635 5679 2836 5735 Iudaeis
2865 5678 3071 5734 scilicet
3117 5685 3172 5732 et
3204 5677 3495 5742 haereticis,
3530 5694 3562 5733 e
3605 5677 3810 5733 duobus

2225 5775 2457 5830 alterum
2486 5772 2896 5844 denegantibus.
2930 5769 3140 5825 Hebraei
3173 5769 3354 5839 itaque
3404 5768 3554 5841 [Ms.,
3603 5765 3806 5824 Hebraei

2225 5865 2321 5939 ita]
2351 5866 2494 5922 hunc
2521 5865 2696 5921 locum
2723 5862 3032 5934 intelligunt
3055 5877 3069 5917 :
3104 5860 3172 5918 Et
3195 5861 3477 5918 sabbatum
3499 5867 3556 5916 et
3579 5859 3806 5916 circum-
