4072 6340
180 409 279 473 713

985 400 1396 469 EXEGETICA.
1435 435 1506 448 --
1534 397 1890 464 COMMENT.
1936 403 2003 460 1N
2033 397 2577 461 ECCLESIASTEN.
2627 454 2631 458 .

3350 411 3457 467 ἨΑ

179 524 437 588 cisionem
481 538 700 581 servare
747 521 903 596 μη,
934 521 1138 596 serva],
1167 537 1233 578 ne
1263 523 1309 577 si
1349 523 1452 578 hoc
1495 520 1635 576 forte
1665 535 1773 576 non
1798 527 2039 591 Asupra
2071 519 2326 585 diximus,
2369 519 2741 590 judicandum,
2795 531 2917 576 cum
2968 529 3067 577 Suo
3119 530 3364 595 tempore
3404 507 3460 584 et

178 617 390 683 feceris,
421 614 754 687 inopinatum
782 615 878 670 tibi
903 615 1247 686 superveniat
1274 613 1496 668 malum.

244 707 411 765 Vsus.
440 706 496 762 3.
521 734 594 746 —-
616 701 674 760 Si
701 702 908 776 repleta:
931 703 1129 774 fuerint
1156 703 1336 768 nubes,
1359 703 1575 757 imbrem
1597 703 1769 774 effun-

180 803 296 858 dent
347 813 504 868 super
532 806 747 850 terram.
791 793 850 850 Si
898 795 1142 850 ceciderit
1180 795 1378 866 lignum
1427 796 1496 850 ad
1529 806 1769 850 austrum

182 905 268 951 aut
296 893 365 948 ad
390 890 788 962 Aquilonem,in
814 906 1120 962 quocunque
1147 889 1260 944 loco
1282 890 1541 968 ceciderit,
1559 889 1631 943 ibi
1649 890 1769 944 erit.

183 986 346 1042 Serva
361 983 612 1040 mandata
627 999 745 1054 quze
763 983 860 1037 tibi
880 982 1129 1052 superius
1151 989 1275 1036 sunt
1287 989 1576 1052 praecepta,
1592 990 1651 1035 ut
1673 997 1773 1035 nu—

181 1079 275 1133 bes
287 1091 448 1147 super
463 1084 514 1130 te
528 1075 756 1131 fundant
771 1075 825 1129 in
838 1073 1215 1130 benedictione
1233 1073 1327 1128 Dei
1344 1075 1572 1130 imbrem
1589 1088 1768 1127 suum.

187 1169 502 1240 Ubicunque
529 1169 674 1224 enim
703 1168 801 1224 tibi
840 1168 1017 1223 locum
1039 1168 1452 1238 praeparaveris,
1494 1166 1773 1222 futuram-

185 1277 288 1334 que
329 1261 534 1324 sedem,
563 1261 676 1316 sive
703 1261 770 1316 ad
801 1269 1065 1324 austrum,
1103 1261 1216 1314 sive
1246 1260 1312 1316 ad
1338 1261 1664 1330 aquilonem,
1699 1260 1774 1316 ibi

185 1368 310 1409 cum
336 1361 584 1407 mortuus
625 1351 810 1418 fueris,
839 1352 1201 1421 permanebis.
1240 1351 1412 1407 Aliter
1438 1367 1452 1406 :
1477 1351 1775 1422 Propterea

187 1459 350 1515 supra
367 1444 601 1498 diximus
623 1462 634 1498 :
662 1442 810 1498 Mitte
827 1460 1014 1514 panem
1039 1453 1187 1496 tuum
1209 1461 1365 1514 super
1388 1441 1578 1514 {aciem
1601 1461 1775 1510 aqua',

187 1544 241 1592 et
269 1535 420 1591 omni
465 1535 670 1606 petenti
715 1534 912 1599 tribue,
960 1534 1083 1603 quia
1124 1543 1179 1588 et
1223 1536 1394 1590 nubes
1437 1549 1560 1589 cum
1603 1534 1777 1604 plena:

187 1625 412 1693 fuerint,
439 1627 656 1682 divitias
697 1642 824 1682 suas
865 1625 1185 1682 mortalibus
1211 1625 1530 1696 largiuntur.
1561 1625 1628 1680 Et
1670 1623 1775 1697 [tu]

191 1721 348 1794 quasi
401 1721 606 1793 lignum
651 1720 1013 1788 fructuosum,
1045 1721 1294 1792 quamvis
1340 1721 1611 1792 longaevus
1659 1720 1774 1786 sis,

192 1831 300 1872 non
336 1816 447 1871 eris
491 1816 546 1870 in
591 1824 933 1885 perpetuum,
963 1815 1056 1870 sed
1083 1815 1262 1870 subita
1303 1815 1353 1868 vi
1380 1823 1660 1870 ventorum
1703 1815 1778 1869 ita

1873 629 2034 668 cursu
2083 613 2278 668 debeat
2330 623 2479 668 sator
2520 627 2794 683 spargere,
2836 621 2891 669 et
2932 625 3184 671 eventum
3243 619 3461 677 Domini

1872 705 2153 760 sententiae
2206 719 2506 761 reservare.
2560 703 2684 759 Non
2727 717 2803 760 est
2837 707 2974 762 enim
3013 707 3258 773 volentis,
3299 729 3464 783 neque

1873 796 2149 857 currentis,
2173 795 2264 849 sed
2285 796 2582 849 miserantis
2611 794 2708 850 Dei
2737 795 2914 868 (Rom.
2949 815 3024 862 rx,
3052 798 3160 870 16).

1945 887 2106 940 Vens.
2134 885 2248 942 6-8.
2279 917 2351 926 —
2375 884 2531 941 Mane
2561 889 2762 941 semina
2787 905 2962 943 semen
2985 899 3153 956 tuum,
3181 902 3229 946 et
3258 910 3462 966 vespere

1875 997 1978 1034 non
2001 990 2161 1034 cesset
2189 997 2380 1034 manus
2409 990 2516 1042 tua,
2550 982 2673 1052 quia
2711 984 2873 1036 nescis
2895 983 3020 1052 quid
3049 987 3216 1056 magis
3239 988 3464 1052 oriatur,

1874 1071 1970 1124 hoc
2000 1089 2068 1125 an
2090 1069 2224 1124 illud
2250 1089 2268 1126 :
2302 1083 2348 1127 et
2377 1074 2423 1127 si
2446 1083 2724 1144 utrumque
2750 1074 2924 1138 simul,
2953 1075 3138 1132 melius
3160 1080 3277 1133 erit.
3301 1079 3470 1136 Dulce

1875 1164 2072 1229 lumen,
2095 1174 2142 1218 et
2173 1165 2476 1219 delectabile
2507 1176 2580 1220 est
2623 1166 2788 1220 oculis
2816 1167 2990 1222 videte
3011 1169 3193 1224 solem.
3224 1169 3283 1225 Si
3315 1175 3469 1228 annis

1876 1258 2055 1312 multis
2079 1259 2267 1312 vixerit
2309 1259 2484 1320 homo,
2514 1270 2560 1313 et
2584 1260 2638 1312 in
2682 1260 2764 1314 his
2791 1261 3028 1315 omnibus
3052 1260 3261 1318 lwtatus
3285 1264 3468 1334 fuerit,

1877 1352 2173 1406 meminisse
2201 1351 2346 1406 debet
2374 1351 2630 1406 tenebrosi
2653 1354 2919 1423 temporis,
2959 1363 3008 1408 et
3048 1355 3252 1410 dierum
3278 1356 3471 1412 multo-

1880 1461 1996 1497 rum
2023 1461 2041 1498 :
2067 1444 2156 1514 qui
2178 1459 2296 1496 cum
2327 1444 2578 1507 venerint,
2606 1444 2850 1497 vanitatis
2871 1455 3160 1515 urguentur
3183 1449 3469 1518 prseterita.

1880 1535 2140 1590 Hortatur
2171 1537 2425 1591 omnibus
2454 1533 2796 1599 benefacere,
2827 1549 2927 1590 nec
2957 1535 3156 1608 eligere
3185 1553 3474 1606 personam

1883 1626 1994 1701 [cui
2037 1627 2396 1700 benet‘aeias],
2443 1635 2538 1682 aut
2571 1636 2784 1698 tempus
2811 1627 2864 1683 in
2906 1643 3014 1698 quo
3047 1627 3472 1706 [tantummodo]

1880 1719 2212 1784 benelaeias,
2239 1734 2518 1788 nunquam
2548 1719 2693 1774 enim
2733 1729 2786 1775 te
2809 1720 2923 1775 vult
2947 1735 2978 1775 a
3015 1721 3159 1777 bono
3188 1739 3350 1794 opere
3381 1725 3475 1779 de-

1881 1811 2109 1877 sistere;
2141 1813 2236 1866 sed
2266 1813 2590 1866 matutinam
2611 1811 2881 1881 justitiam
2905 1828 3100 1884 vesper
3127 1814 3383 1877 inveniat,
3419 1823 3477 1869 et

189 1907 387 1964 mortis
427 1913 749 1977 tempestate
779 1907 1092 1972 subversus,
1143 1906 1450 1975 ubicunque
1475 1903 1772 1971 cecideris,
1807 1911 1853 1973 3
1882 1903 2122 1972 vesperis
2150 1903 2582 1958 misericordiam
2608 1903 2740 1958 solis
2765 1911 2918 1958 ortus
2949 1903 3271 1959 accumulet.
3302 1903 3474 1959 Incer-

189 2001 262 2057 ibi
290 1999 494 2071 jugiter
517 1999 863 2070 permanebis
898 2017 910 2052 :
946 1999 1060 2053 sive
1085 2006 1140 2054 te
1177 1996 1408 2070 rigidum
1443 2005 1499 2052 et
1521 2005 1733 2052 trucem
1755 2038 1770 2063 ,

190 2092 306 2148 sive
331 2093 654 2148 clementem
681 2101 735 2147 et
763 2091 1172 2147 misericordem
1213 2090 1466 2145 ultimum
1512 2091 1781 2146 invenerit

189 2193 423 2256 tempus.
459 2184 629 2240 Aliter
671 2183 896 2240 :Nubes
936 2185 1206 2256 siquidem
1247 2193 1372 2239 sunt
1398 2185 1679 2254 prophetae
1724 2193 1781 2240 et

188 2277 476 2344 doctores,
556 2279 646 2348 qui
712 2293 836 2334 cum
909 2278 1109 2332 multas
1173 2277 1413 2332 habeant
1488 2277 1543 2330 in
1619 2277 1783 2332 corde

185 2388 362 2429 sacrae
406 2371 702 2443 Scriptura:
727 2373 967 2427 rationes
995 2413 1010 2437 ,
1046 2379 1178 2426 tunc
1219 2371 1473 2426 valebunt
1510 2379 1782 2440 praecepta

182 2464 382 2534 pluere
429 2464 821 2529 doctrinarum,
871 2471 926 2518 et
967 2462 1150 2518 dicere
1189 2479 1204 2516 :
1243 2463 1602 2533 Exspectetur
1645 2463 1787 2517 sicut

180 2554 376 2625 pluvia
437 2553 712 2624 eloquium
777 2569 958 2608 meum
1007 2553 1188 2625 (Deut.
1265 2569 1449 2618 χχιιι,
1497 2553 1576 2625 2).
1627 2552 1783 2620 Quod

185 2657 330 2699 vero
358 2644 435 2698 ait
463 2661 477 2697 :
508 2645 613 2698 sive
638 2645 706 2698 ad
737 2645 1133 2712 Austrum,sive
1159 2645 1228 2699 ad
1251 2644 1558 2716 Aquilonem
1585 2643 1785 2715 lignum

185 2733 461 2799 ceciderit,
483 2744 745 2804 quantum
771 2737 1000 2802 :estimo,
1029 2751 1244 2806 semper
1270 2737 1324 2790 in
1349 2737 1545 2792 bonam
1576 2746 1787 2807 partem

187 2823 462 2893 accipitur
489 2824 706 2891 Auster,
738 2833 794 2880 et
812 2826 1006 2889 Aquilo
1033 2826 1089 2881 in
1123 2826 1340 2882 malam.
1367 2827 1521 2883 Unde
1553 2828 1607 2881 in
1649 2827 1789 2883 Can-

187 2915 302 2971 tieo
328 2917 668 2972 canticorum
697 2918 895 2973 dicitur
914 2938 926 2973 :
945 2919 1208 2990 Exsurge,
1228 2918 1437 2990 Aquilo,
1465 2920 1570 2974 hoc
1591 2928 1674 2974 est
1698 2936 1786 2974 re-

191 3009 327 3063 cede
353 3016 412 3063 et
429 3008 538 3075 abi,
566 3021 614 3063 et
641 3011 754 3064 veni
778 3010 968 3064 Auster
991 3008 1168 3083 (Cant.
1196 3025 1274 3075 tv,
1303 3008 1412 3080 16).
1448 3008 1560 3064 Nec
1579 3018 1666 3064 est
1685 3009 1788 3064 ali—

191 3099 338 3171 quod
369 3099 576 3170 lignum
607 3101 752 3170 quod
779 3099 862 3154 vel
892 3099 960 3154 ad
999 3099 1322 3169 Aquilonem
1368 3113 1475 3153 non
1514 3099 1584 3152 sit
1617 3098 1698 3153 vel
1721 3097 1789 3152 ad

191 3192 485 3258 Austrum,
529 3192 656 3263 quia
701 3193 880 3250 omnis
921 3194 1084 3249 homo
1124 3191 1300 3248 malus
1341 3191 1425 3248 vel
1450 3193 1624 3248 bonus
1665 3208 1787 3248 mo-

192 3285 394 3341 rictur.

257 3375 434 3450 “2
465 3377 630 3433 Vens.
659 3375 714 3432 4.
752 3407 822 3418 -
847 3376 951 3444 Qui
975 3377 1212 3433 observat
1251 3389 1478 3446 ventum,
1507 3396 1613 3435 non
1638 3381 1792 3434 semi-

192 3477 305 3536 nat,
333 3477 387 3522 et
414 3469 503 3540 qui
525 3469 824 3523 considerat
848 3469 1028 3536 nubes,
1063 3487 1330 3542 nunquam
1353 3472 1514 3526 metit.
1543 3471 1645 3539 Qui
1667 3488 1794 3527 con-

191 3557 405 3614 siderat
430 3559 516 3614 cui
543 3557 880 3626 benefaciat,
925 3570 980 3616 et
1020 3577 1129 3616 non
1157 3563 1303 3618 omni
1333 3563 1540 3632 petenti
1572 3563 1788 3629 tribuit,

193 3665 334 3721 saepe
361 3651 615 3722 praeterit
637 3667 762 3706 eum
787 3653 880 3722 qui
909 3662 1149 3709 meretur
1172 3656 1442 3725 accipere,
1467 3655 1552 3710 vel
1575 3656 1792 3712 miseri-

194 3743 400 3799 cordia)
437 3742 710 3810 solatium,
737 3743 823 3798 vel
865 3746 1013 3801 verbi
1047 3746 1141 3800 Dei
1168 3760 1372 3802 semen.
1404 3747 1463 3802 In
1488 3748 1618 3817 ipsis
1646 3747 1793 3802 enim

193 3835 500 3907 prosperis,
537 3836 663 3892 dum
690 3839 982 3908 nescimus,
1011 3841 1238 3896 adversa
1261 3850 1612 3913 consurgunt.
1651 3842 1796 3910 Qua-

194 3939 431 4000 propter
476 3939 782 4002 opportuno
829 3933 912 3988 vel
961 3933 1270 4003 importuno
1317 3945 1560 4006 tempore
1593 3937 1793 4005 praedi-

198 4021 409 4077 candus
439 4029 522 4076 est
552 4036 732 4077 sermo
755 4021 871 4088 Dei,
901 4039 1003 4078 nec
1029 4024 1202 4078 bonus
1226 4025 1520 4080 seminator
1542 4027 1795 4081 adversa-

199 4112 411 4170 riormn
440 4099 603 4170 vento
625 4115 870 4182 territus,
893 4116 978 4170 vel
1010 4117 1242 4171 nubibus
1265 4117 1660 4172 blandientium
1699 4118 1798 4173 ob-

199 4203 515 4271 umbratus,
565 4219 779 4260 cessare
827 4219 857 4258 a
914 4205 1316 4274 prmdicationis
1365 4207 1570 4261 semine
1611 4207 1791 4264 debet.

196 4292 427 4365 Absque
455 4295 887 4352 consideratione
911 4310 1041 4365 ergo
1073 4297 1297 4352 nubium
1328 4305 1384 4352 et
1413 4307 1695 4354 ventorum
1724 4299 1793 4354 ti-

199 4398 350 4440 more
377 4385 448 4441 in
471 4385 667 4441 mediis
698 4386 1110 4456 tempestatibus
1138 4387 1512 4442 seminandum
1547 4397 1664 4454 est;
1698 4405 1798 4444 nec

200 4473 501 4531 dicendum
525 4493 539 4528 :
570 4475 706 4532 Illud
733 4484 942 4546 tempus
963 4477 1303 4532 commodum
1328 4485 1432 4542 est,
1462 4477 1565 4533 hoc
1585 4477 1794 4545 inutile,

202 4580 322 4623 cum
360 4568 685 4640 ignoremus
711 4583 829 4639 quae
853 4570 940 4623 via
971 4577 1026 4623 et
1055 4567 1306 4625 voluntas
1334 4569 1406 4623 sit
1431 4569 1652 4640 spiritus
1678 4569 1797 4626 uni-

200 4671 356 4714 versa
383 4660 776 4731 dispensantis.
807 4661 961 4716 Unde
990 4661 1237 4732 sequitur
1263 4679 1276 4715 :

270 4753 448 4808 Vens.
482 4751 536 4806 5.
563 4783 635 4792 ——
667 4751 940 4818 Quomodo
967 4754 1179 4824 ignoras
1202 4770 1320 4824 quia
1357 4755 1423 4808 sit
1454 4755 1795 4826 viaispiritus,

202 4852 247 4896 et
266 4862 373 4915 qua
398 4844 610 4898 ratione
631 4846 1030 4916 compingantur
1046 4862 1163 4900 ossa
1184 4847 1240 4900 in
1264 4857 1438 4902 ventre
1457 4851 1796 4920 prmgnantis,

203 4935 277 4988 sic
302 4936 483 4991 nescis
509 4951 667 5006 opera
688 4934 804 5000 Dei,
829 4938 919 5007 qui
945 4935 1260 5008 gubernator
1281 4947 1356 4991 est
1379 4939 1630 4992 omnium.
1681 4935 1801 4993 Sic-

202 5039 261 5084 ut
300 5029 492 5085 nescis
531 5028 676 5082 viam
723 5028 966 5098 spiritus,
1009 5037 1064 5083 et
1106 5029 1300 5083 anima:
1350 5030 1700 5099 ingredientis
1741 5030 1797 5084 in

203 5122 521 5191 parvulum,
555 5129 610 5176 et
634 5121 852 5192 ignoras
896 5121 1101 5176 ossium
1129 5128 1183 5174 et
1220 5136 1481 5176 venarum
1519 5122 1804 5178 varietates

207 5212 261 5267 in
296 5221 504 5269 ventre
551 5213 904 5284 praegnantis,
962 5213 1233 5282 quomodo
1275 5227 1342 5267 ex
1390 5214 1481 5268 vili
1539 5213 1806 5269 elemento

209 5319 412 5376 corpus
427 5305 670 5361 hominis
693 5306 748 5361 in
777 5307 1020 5362 diversas
1042 5305 1244 5374 etligies
1266 5314 1522 5376 artusque
1545 5309 1804 5374 varietur,

207 5406 263 5454 et
303 5398 376 5455 de
410 5397 608 5456 eodem
655 5398 863 5454 semine
913 5397 1058 5453 aliud
1108 5397 1387 5453 mollescat
1430 5399 1485 5453 in
1532 5397 1806 5462 carnibus,

209 5491 360 5548 aliud
408 5493 698 5548 induretur
742 5492 796 5546 in
829 5491 1064 5558 ossibus,
1097 5491 1242 5545 aliud
1270 5491 1324 5545 in
1354 5491 1508 5546 venis
1559 5490 1806 5560 palpitet,

209 5585 360 5642 aliud
390 5586 600 5657 ligetur
625 5587 678 5641 in
705 5585 925 5641 nervis:
951 5585 1027 5640 ita
1072 5583 1167 5639 Dei
1191 5599 1358 5654 opera
1382 5585 1523 5640 scire
1562 5600 1670 5638 non
1713 5600 1810 5654 po-

209 5681 375 5746 teris,
402 5680 504 5750 qui
529 5679 700 5736 factor
723 5690 805 5736 est
823 5680 1085 5736 omnium.
1113 5679 1195 5733 Ex
1221 5694 1328 5749 quo
1350 5679 1506 5735 docet
1537 5679 1810 5734 contraria

207 5789 321 5832 non
346 5775 621 5842 timenda,
647 5789 748 5832 nec
769 5783 974 5831 temere
1003 5773 1073 5830 de
1099 5773 1274 5832 ventis
1301 5782 1357 5831 et
1385 5772 1640 5841 nubibus,
1675 5786 1810 5844 quas

276 5897 308 5928 ι
335 5884 506 5944 Finis
532 5887 733 5944 codicis
760 5901 864 5941 ms.

673 5982 948 6046 Ρλτιιοι..
993 5981 1060 6048 Ο

1887 2001 1997 2047 tum
2039 2002 2121 2049 est
2151 1994 2295 2064 quod
2323 1995 2541 2064 quidem
2570 1994 2742 2066 magis
2767 1994 2980 2066 placeat
3003 2010 3159 2065 opus,
3190 2004 3245 2050 et
3280 2010 3347 2050 ex
3370 2009 3479 2065 quo

1885 2086 1981 2142 tibi
2002 2085 2211 2142 fruetus
2230 2087 2455 2157 justitizr
2475 2096 2831 2156 praeparetur.
2857 2085 3043 2142 Potest
3064 2094 3242 2143 autem
3271 2085 3388 2142 tieri
3417 2095 3480 2142 ut

1883 2192 1990 2232 non
2035 2193 2223 2242 unum,
2254 2177 2348 2231 sed
2395 2185 2685 2246 utrumque
2712 2178 2924 2248 placeat
2962 2178 3092 2233 Deo.
3136 2179 3309 2233 Aliter
3351 2197 3364 2232 :
3409 2179 3479 2233 de

1884 2277 2043 2324 aetate
2073 2269 2308 2324 hominis
2352 2269 2578 2340 intelligi
2609 2271 2827 2340 poterit,
2871 2281 2930 2325 ut
2969 2271 3249 2341 aequaliter
3278 2272 3390 2326 sive
3420 2272 3470 2328 is

1886 2359 2277 2425 adolescentia,
2306 2360 2420 2414 sive
2445 2360 2608 2414 etiam
2637 2361 2692 2414 in
2723 2368 3004 2416 senectute
3026 2362 3166 2416 bona
3190 2361 3477 2428 faciamus,

1887 2452 2015 2522 quia
2055 2453 2234 2506 nescis
2256 2459 2438 2506 utrum
2469 2452 2521 2505 in
2545 2453 2847 2522 juventute,
2871 2469 2940 2508 an
2970 2455 3025 2508 in
3055 2461 3213 2510 aetate
3236 2455 3480 2526 longaeva

1888 2542 2064 2612 magis
2092 2543 2312 2612 placeas
2339 2543 2469 2597 Deo.
2499 2543 2608 2599 Nec
2645 2545 2868 2613 prodest
2897 2544 3273 2602 adolescentia:
3297 2558 3322 2587 ι
3357 2545 3478 2602 fru-

1888 2636 2097 2708 galitas,
2131 2636 2176 2691 si
2208 2645 2425 2692 senecta
2452 2638 2682 2692 ducatur
2708 2638 2763 2691 in
2796 2637 3040 2704 luxuria;
3069 2655 3175 2710 qua
3205 2639 3350 2694 enim
3391 2639 3480 2696 die

1882 2725 2064 2796 justus
2087 2729 2372 2794 erraverit,
2411 2737 2622 2784 veteres
2654 2745 2778 2784 eum
2800 2728 3028 2798 iustitiae
3055 2746 3086 2784 a
3125 2741 3298 2787 morte
3342 2731 3479 2788 libe-

1891 2835 2013 2876 rare
2039 2837 2148 2877 non
2170 2829 2444 2891 poterunt.
2469 2821 2622 2888 Quod
2649 2822 2695 2878 si
2719 2823 2875 2893 juxta
2896 2833 3183 2894 utramque
3211 2825 3478 2896 interpre-

1893 2912 2150 2967 tationem
2179 2926 2392 2980 semper
2431 2911 2785 2977 benet‘eceris,
2825 2922 2881 2968 et
2917 2915 3063 2969 omni
3108 2923 3268 2970 astate
3291 2930 3479 2985 aequa-

1892 3003 1996 3058 lem
2025 3018 2244 3058 cursum
2281 3002 2556 3066 habueris,
2591 3003 2799 3058 videbis
2834 3003 3003 3059 Deum
3041 3003 3255 3059 Patrem
3285 3004 3482 3059 dulcis-

1893 3079 2370 3159 simumdumen,
2436 3095 2643 3151 videbis
2691 3096 2964 3152 Christum
3015 3097 3184 3152 solem
3227 3094 3480 3164 justitiae.

1895 3185 2068 3242 Porro
2115 3186 2240 3241 etsi
2289 3187 2446 3240 annis
2489 3185 2673 3241 multis
2715 3186 2937 3251 vixeris,
2992 3194 3048 3241 et
3095 3187 3277 3242 omnia
3337 3189 3480 3244 bona

1815 3269 1862 3332 C
1894 3278 2172 3344 habueris,
2221 3278 2306 3332 vel
2353 3279 2494 3332 bona
2537 3291 2704 3348 opera
2743 3278 3042 3349 peregeris,
3089 3287 3144 3334 et
3193 3280 3384 3334 scieris
3433 3288 3485 3334 te

1895 3387 2112 3442 semper
2137 3371 2482 3436 moriturum,
2513 3379 2569 3425 et
2597 3380 2720 3426 ante
2759 3371 2943 3426 oculos
2971 3380 3091 3427 tuos
3115 3370 3482 3438 tenebrarum,

1894 3465 1949 3519 id
1977 3473 2062 3520 est
2085 3465 2297 3530 mortis,
2343 3478 2559 3533 semper
2587 3472 2838 3518 versetur
2872 3463 3155 3531 adventus,
3186 3465 3480 3535 praesentia

1895 3555 2051 3626 quasi
2081 3554 2245 3620 tluxa,
2278 3562 2331 3610 et
2361 3554 2594 3625 fragilia,
2627 3564 2682 3609 et
2709 3555 2909 3610 caduca
2937 3565 3286 3620 contemnes;
3312 3565 3368 3611 et
3388 3557 3482 3626 qui

1893 3647 1997 3703 hoc
2042 3647 2254 3712 fecerit,
2300 3647 2504 3703 videbit
2532 3645 2808 3702 Christum
2857 3647 3026 3702 solem
3072 3648 3298 3718 justitiae
3334 3664 3480 3704 sem-

1892 3755 1990 3809 per
2039 3740 2094 3794 in
2142 3747 2426 3794 aeternum.
2471 3737 2645 3792 Aliter
2687 3757 2700 3792 :
2749 3738 2839 3793 lux
2868 3747 2951 3794 est
2978 3739 3224 3794 doctrina
3264 3741 3480 3810 sapien-

1895 3830 1984 3884 tiae
2007 3829 2242 3885 caelestis
2266 3849 2279 3884 :
2308 3838 2362 3885 et
2389 3831 2589 3884 bonum
2619 3829 2789 3884 oculis
2837 3829 3024 3884 videre
3055 3831 3243 3894 solem,
3270 3830 3325 3886 id
3360 3840 3478 3898 est,

1895 3924 2143 3980 sensibus
2171 3924 2352 3977 cordis
2377 3923 2560 3977 videre
2586 3921 2879 3976 Christum.

1968 4017 2129 4070 Vens.
2159 4015 2310 4069 9-10.
2341 4043 2413 4053 —
2436 4013 2639 4067 Lcetare
2669 4031 2813 4083 ergo,
2831 4013 3060 4082 juvenis,
3093 4015 3147 4068 in
3179 4013 3482 4069 adolescen-

1897 4109 1972 4161 tia
1998 4117 2112 4172 tua,
2135 4117 2182 4160 et
2209 4107 2264 4160 in
2286 4105 2418 4158 bono
2441 4106 2505 4159 sit
2538 4122 2630 4158 cor
2654 4114 2820 4157 tuum.
2845 4104 2926 4158 Ab
2955 4104 3058 4160 hoc
3088 4103 3204 4160 loco
3228 4121 3399 4176 usque
3427 4107 3482 4162 in

1899 4199 2061 4253 linem
2089 4197 2252 4252 libelli
2275 4197 2453 4251 varias
2479 4197 2729 4251 doctores
2753 4205 2960 4267 ponunt
2984 4197 3479 4268 interpretationes.

1900 4290 2111 4345 Hebrzei
2124 4291 2190 4344 ad
2202 4289 2363 4344 lsrael
2379 4287 2630 4358 populum
2645 4289 2735 4343 Dei
2751 4298 2941 4358 putant
2953 4289 3095 4345 dicta
3105 4306 3242 4357 esse,
3257 4292 3340 4346 cui
3354 4307 3488 4362 pra:-

1898 4383 2096 4454 cipitur
2126 4391 2186 4437 ut
2216 4381 2427 4436 fruatur
2473 4382 2695 4446 divitiis,
2727 4389 3019 4452 antequam
3044 4384 3124 4438 eis
3149 4384 3483 4453 captivitatis

1901 4485 2112 4546 tempus
2151 4475 2420 4541 adveniat,
2465 4479 2548 4531 vel
2587 4475 3004 4532 adolescentiam
3036 4485 3310 4533 senectute
3334 4493 3485 4533 com-

1902 4579 2102 4636 mutet;
2135 4570 2208 4625 ita
2233 4578 2432 4634 tamen,
2462 4579 2522 4624 ut
2547 4570 2600 4624 in
2628 4572 2788 4635 bono,
2816 4570 2868 4623 id
2897 4579 2980 4626 est
3006 4570 3123 4642 lege
3154 4571 3270 4637 Dei,
3299 4572 3369 4626 sit
3390 4587 3487 4627 cor

1823 4633 1880 4696 Β
1903 4665 2038 4734 ejus.
2085 4663 2355 4719 Admonet
2377 4679 2611 4733 quoque,
2652 4672 2712 4717 ut
2739 4664 2791 4717 in
2823 4662 3012 4718 diebus
3036 4664 3411 4734 prosperitatis
3436 4671 3493 4720 et

1907 4757 2117 4819 salutis,
2141 4756 2196 4809 in
2235 4757 2333 4809 viis
2359 4755 2530 4808 cordis
2555 4757 2658 4820 sui,
2684 4764 2731 4809 et
2764 4756 2959 4808 intuitu
2987 4755 3277 4823 oculorum,
3302 4757 3356 4814 id
3383 4766 3488 4825 est,

1907 4846 2339 4904 consideratione
2401 4846 2778 4900 mandatorum
2841 4845 2935 4900 Dei
2997 4847 3254 4914 ambulet,
3312 4851 3486 4918 magis

1907 4957 2069 5013 quam
2094 4941 2148 4995 in
2199 4938 2508 4996 carnalibus
2537 4940 2848 5005 desideriis;
2899 4949 2952 4995 et
2990 4949 3050 4995 ut
3097 4941 3233 4996 sciat
3285 4957 3342 4995 se
3383 4957 3484 5010 pro

1908 5033 2160 5088 omnibus
2203 5047 2324 5101 quae
2353 5031 2601 5101 gesserit,
2635 5033 2749 5087 sive
2775 5032 2976 5086 bonum
3009 5033 3123 5087 sive
3155 5033 3352 5086 malum
3393 5033 3483 5099 sit,

1907 5144 1936 5183 a
1962 5129 2074 5182 Deo
2096 5141 2216 5182 esse
2223 5125 2602 5195 iudicandum;
2636 5134 2690 5180 et
2712 5136 2766 5179 ut
2793 5126 2997 5196 auferat
3019 5126 3153 5178 iram
3186 5143 3218 5178 a
3243 5123 3415 5188 corde,
3440 5134 3489 5177 et

1910 5220 2137 5275 malitias
2179 5237 2210 5271 a
2235 5234 2392 5272 carne
2432 5235 2549 5282 sua,
2579 5218 2632 5273 id
2661 5226 2764 5284 est,
2813 5217 3165 5288 cogitationes
3212 5215 3402 5279 malas,
3433 5225 3489 5270 et

1909 5312 2160 5368 libidines
2185 5310 2365 5365 carnis
2394 5325 2504 5365 sum
2534 5329 2546 5363 :
2584 5311 2708 5378 quia
2759 5309 3027 5364 desideria
3060 5308 3259 5372 carnis,
3304 5300 3521 5361 adole-ﬁ

1913 5405 2152 5465 scentite,
2171 5402 2610 5472 voluptatumque
2633 5401 2928 5460 carnalium
2958 5415 3095 5455 vana
3123 5410 3248 5454 sunt
3271 5418 3283 5453 :
3311 5414 3494 5454 recor-

1913 5497 2174 5564 deturque
2197 5509 2409 5563 semper
2429 5493 2705 5550 Creatoris
2732 5493 2838 5558 sui,
2867 5501 3153 5563 antequam
3174 5493 3356 5546 veniat
3376 5490 3494 5548 dies

1915 5585 2296 5652 tribulationis,
2330 5586 2384 5641 id
2412 5596 2515 5654 est,
2549 5585 2885 5658 Babyloniae
2914 5585 2998 5640 vel
3030 5583 3285 5639 Romanae
3323 5583 3494 5654 capti—

1911 5681 2095 5735 vitatis
2123 5678 2285 5753 m
2316 5680 2552 5744 miseria,
2582 5679 2776 5749 quibus
2803 5693 2908 5732 non
2938 5677 3136 5747 poterit
3162 5674 3365 5731 habere
3397 5689 3496 5730 vo-

1911 5771 2194 5828 luntatem.
2240 5770 2309 5826 Et
2336 5779 2509 5826 totum
2553 5771 2696 5827 hunc
2742 5767 2920 5825 locum
2951 5769 3004 5825 in
3029 5783 3138 5840 quo
3176 5767 3290 5823 ait:
3335 5765 3496 5821 Ante-

3045 5969 3124 6030 23
