4072 6340
192 449 294 535 ἰι-ι

1005 448 1419 521 ΕΧΕΕΕΤΙΟΑ.
1459 485 1531 498 -ι
1567 446 1925 517 COMMENT.
1968 454 2037 515 IN
2073 452 2602 519 ECCLESIASTEN.

3344 464 3451 524 7l8

192 575 395 643 volunt.
422 575 568 647 quod
599 586 813 646 semper
838 573 1086 637 sedeam,
1113 582 1172 631 et
1200 571 1479 633 ambulare
1512 585 1620 627 non
1640 584 1770 640 pos-
1794 576 1851 637 Α
1872 582 1940 624 ex
1962 569 2141 640 puteis
2164 569 2409 626 levantur
2427 585 2603 640 aquae,
2632 565 2680 627 si
2706 564 2980 627 confracta
3002 570 3169 630 luerit
3192 615 3211 642 ,
3262 591 3455 635 earnm

91 702 94 705 η
193 665 321 732 illi.
349 680 452 723 nos
472 664 847 737 ﬂongeuth
893 663 1033 723 ludis
1052 661 1334 731 iuvenum,
1358 662 1452 733 qui
1498 662 1551 717 in
1578 660 1770 730 plateis

193 757 366 825 solent
388 772 532 823 esse,
557 758 651 817 sed
690 755 873 814 clauso
907 757 1046 812 ostio
1084 754 1205 811 illos
1237 753 1441 825 fugiant
1476 753 1676 809 videre.
1709 751 1771 807 in

188 821 493 905 humilitate
516 821 699 903 antem
728 846 878 904 vocis
905 845 1174 911 meientis,
1205 844 1273 900 de
1293 821 1542 899 manibus
1567 841 1770 915 [Hier.,

194 936 258 993 de
287 935 632 1009 mandibulis]
683 937 1141 1006 interpretantur,
1176 938 1321 1005 quod
1355 935 1534 991 cibum
1588 932 1773 991 labore

191 1028 411 1099 proprio
432 1027 672 1091 invenire
693 1026 1049 1095 nonvaleant,
1070 1034 1126 1083 et
1138 1026 1329 1096 spiritu
1349 1032 1645 1092 coarctato,
1668 1039 1773 1085 vox

193 1120 249 1179 in
275 1119 432 1177 senili
457 1134 684 1191 corpore
709 1120 799 1177 vix
833 1120 1010 1181 tennis
1033 1120 1301 1179 audiatur.
1351 1119 1521 1175 Porro
1547 1134 1773 1175 consur-

191 1225 320 1285 gere
335 1226 459 1271 eum
474 1212 544 1269 ad
561 1226 750 1271 vocent
762 1211 997 1269 volucris
1017 1210 1273 1278 ostendit,
1287 1211 1432 1281 quod
1449 1208 1773 1280 trigescente

191 1303 453 1376 sanguine
473 1311 530 1363 et
556 1304 785 1365 humore
811 1304 1036 1370 siccato,
1071 1303 1271 1379 quibus
1300 1304 1528 1361 materia
1561 1304 1773 1373 soporis

191 1398 355 1457 alitur
380 1397 583 1470 [Iliam
608 1399 804 1468 quibus
825 1398 1067 1459 materiis
1086 1412 1249 1467 sopor
1272 1396 1478 1469 alitur],
1505 1398 1573 1453 ad
1596 1396 1772 1454 levem

191 1492 428 1551 sonitum
452 1491 688 1561 evigilat,
715 1491 998 1561 noctisque
1017 1489 1196 1547 medio
1212 1526 1228 1556 ,
1277 1505 1401 1547 cum
1426 1489 1600 1560 gallus
1627 1488 1772 1546 ceci-

191 1584 357 1650 nerit.
378 1581 606 1643 lesﬂnus
627 1590 904 1654 emergat,
940 1597 1279 1652 nequaquam
1306 1579 1493 1637 valens
1520 1580 1575 1635 in
1601 1587 1773 1637 strato

191 1677 387 1748 sapius
438 1677 683 1739 ntembra
714 1682 1053 1737 convertere.
1113 1674 1477 1733 Obmutescere
1516 1685 1731 1743 quoque
1753 1710 1771 1738 ,

190 1766 306 1825 sive
334 1772 393 1822 ut
417 1766 611 1827 melius
653 1764 884 1825 habetur
906 1765 963 1827 in
990 1763 1244 1830 Hebraeo,
1289 1763 1591 1819 surdascere
1630 1761 1771 1831 [ilius

1872 676 2005 723 usus
2034 661 2374 732 intercipitur
2400 676 2415 714 :
2446 662 2520 717 ita
2554 672 2612 717 et
2643 676 2765 717 eum
2803 660 3075 721 funiculus
3103 668 3314 736 argenti
3332 666 3459 726 tneo

1875 752 1948 809 rit
1966 752 2321 823 interruptus,
2346 760 2402 809 et
2421 754 2616 809 animas
2643 753 2791 810 rivus
2834 757 3067 812 recurrit
3105 758 3173 813 ad
3208 758 3411 816 fontem
3435 794 3460 828 ,

1874 841 2114 901 interibit
2148 844 2330 911 homo,
2356 850 2522 913 utque
2562 843 2902 901 manifestius
2948 846 3212 917 sequitur,
3237 866 3455 905 conver-

1874 945 2010 993 tetur
2034 937 2203 1008 pulvis
2223 939 2282 994 in
2309 947 2504 993 terram
2547 953 2696 993 suam
2723 937 2859 994 unde
2883 949 3121 1011 sumptus
3146 950 3315 1021 est,“
3348 944 3459 1014 spi-
3524 960 3535 1021 τὲ

1874 1029 2008 1085 ritus
2035 1038 2321 1089 revertetur
2344 1028 2414 1083 ad
2448 1027 2735 1084 Dominum
2762 1031 2853 1100 qui
2877 1030 3019 1086 dedit
3048 1030 3219 1087 illum.
3245 1014 3324 1088 Ex
3349 1049 3462 1102 quo
3530 1014 3533 1081 ί

1874 1118 2010 1175 satis
2028 1118 2238 1175 ridendi
2261 1125 2389 1175 sunt
2415 1119 2506 1189 qui
2526 1127 2718 1188 putant
2753 1120 2964 1177 animas
2990 1137 3112 1177 cum
3142 1124 3460 1193 corporibus

1876 1211 2008 1281 seri,
2038 1220 2227 1267 etnon
2247 1226 2277 1266 a
2312 1212 2444 1275 Deo,
2466 1213 2562 1269 sed
2585 1226 2613 1268 a
2637 1228 2923 1283 corporum
2942 1217 3255 1285 parentibus
3289 1232 3456 1289 gene~

1873 1304 1985 1360 rari
2011 1322 2024 1361 :
2063 1319 2187 1361 cum
2207 1304 2354 1361 enim
2377 1319 2505 1360 caro
2536 1315 2837 1362 revertatur
2866 1308 2923 1365 in
2944 1317 3146 1364 terram
3180 1326 3366 1377 suam,
3403 1320 3461 1367 et

1874 1395 2099 1464 spiritus
2124 1396 2311 1452 redeat
2328 1396 2396 1451 ad
2418 1394 2608 1463 Deum,
2631 1398 2724 1467 qui
2742 1397 2889 1455 dedit
2914 1399 3084 1465 illum,
3113 1401 3455 1460 manifestum

1874 1495 1960 1541 est
1990 1485 2279 1543 Dominum
2319 1496 2529 1559 patrem
2559 1489 2860 1545 animarum
2887 1505 3028 1558 esse,
3053 1508 3162 1548 non
3190 1494 3455 1550 homines.

1873 1574 2004 1632 Post
2030 1577 2449 1650 descriptionem
2475 1586 2653 1635 autem
2684 1579 2938 1636 interitus
2967 1582 3210 1649 humani,
3236 1584 3469 1653 pulchre:

1874 1666 2158 1725 exordium
2185 1667 2310 1723 libri
2335 1669 2418 1724 sui
2445 1679 2712 1740 repetens,
2741 1673 2819 1727 ait
2845 1690 2859 1728 :
2896 1671 3114 1730 Vanitas
3148 1678 3469 1745 vanitatunt,

1874 1754 2007 1810 dixit
2031 1746 2395 1823 Ecclesiastes,
2417 1761 2590 1814 omnia
2632 1763 2854 1817 vanitas.
2886 1762 3021 1820 Cum
3059 1766 3205 1821 enirn
3234 1778 3471 1824 cunctus.

190 1855 463 1920 caminis,
492 1869 650 1909 aures
682 1854 967 1925 signiﬁcat,
997 1853 1141 1924 quod
1172 1853 1389 1924 gravior
1418 1852 1535 1909 seni
1554 1852 1775 1908 auditus
1870 1842 2181 1905 mortalium
2204 1848 2374 1916 labor,
2403 1850 2469 1906 de
2488 1866 2594 1921 quo
2621 1851 2677 1906 in
2693 1860 2805 1909 toto
2828 1854 3098 1912 volumine
3125 1858 3469 1929 disputatum:

189 1943 305 2011 ﬁat,
333 1953 389 2000 et
415 1945 564 2005 nulla
599 1945 743 2003 inter
759 1960 923 2007 voces
947 1945 1087 2003 seire
1110 1944 1288 2002 valeat
1309 1944 1643 2009 discrimina,
1669 1958 1769 1998 nec
1797 1933 1845 1994 B
1873 1948 1975 2007 est,
2004 1941 2109 1999 huc
2148 1943 2451 2013 perveniat,
2476 1952 2537 1999 ut
2592 1953 2892 2003 revertatur
2938 1948 3117 2018 pulvis
3154 1950 3210 2005 in
3260 1959 3471 2007 terram

189 2054 223 2095 a
242 2031 573 2095 carminibus
608 2038 885 2099 delectari.
911 2037 1137 2094 Excelsa
1170 2037 1423 2093 timebunt
1447 2047 1495 2091 et
1523 2035 1775 2106 formida-

189 2129 319 2186 bant
356 2132 413 2185 in
442 2131 543 2198 via,
574 2128 631 2189 id
653 2138 755 2194 est,
786 2130 953 2186 ardua
1008 2128 1218 2203 ingredi
1264 2146 1371 2184 non
1403 2129 1691 2193 valebunt,
1719 2134 1777 2182 et

188 2222 351 2278 lassis
369 2222 659 2293 poplitibus
705 2237 770 2277 ac
816 2229 1168 2276 tremescente
1216 2218 1444 2290 vestigio
1500 2218 1664 2273 etiam
1718 2215 1775 2272 in

187 2313 353 2385 plano
400 2315 592 2369 itinere
628 2310 949 2367 ﬂuctuantes
970 2353 985 2378 ,
1034 2309 1237 2367 olTensa
1281 2324 1526 2382 gressum
1571 2306 1775 2381 [Hier.,

185 2404 454 2461 oﬂ'ensam
483 2400 784 2473 gressnum]
820 2396 1211 2487 formidabunt.’

262 2496 500 2551 Florebit
526 2492 880 2567 amygdalum,
908 2492 1320 2567 impinguabitur
1348 2492 1573 2562 lacusta,
1598 2503 1647 2549 et
1669 2493 1779 2574 dit-

184 2588 455 2659 sipabitur
475 2587 736 2657 capparis,
750 2587 998 2659 quoniam
1026 2582 1117 2641 ibit
1142 2586 1297 2642 homo
1322 2587 1376 2642 in
1392 2585 1606 2641 domum
1628 2594 1780 2641 teter-

190 2679 380 2734 nitatis
419 2693 550 2745 sum,
581 2686 628 2732 et
674 2677 963 2732 circuibunt
990 2677 1043 2733 in
1088 2674 1261 2749 platea
1305 2677 1624 2751 plangentes.
1675 2667 1781 2735 Per

189 2775 572 2847 metaphoram
598 2774 763 2831 etiam
785 2792 927 2831 nunc
952 2776 1020 2831 de
1058 2776 1313 2832 membris
1356 2777 1557 2832 nostris
1595 2774 1780 2831 Eccle-

191 2869 381 2925 siastis
401 2883 579 2939 sermo
606 2874 689 2924 est
710 2908 725 2934 ,
772 2868 914 2939 quod
942 2884 1065 2931 curn
1092 2876 1343 2933 senectus
1368 2869 1665 2935 advenerit,
1690 2884 1780 2924 ca-

188 2959 354 3033 pillus
390 2958 726 3026 incannerit,
779 2959 1130 3019 intumuerint
1158 2960 1363 3032 pedes,
1408 2960 1571 3019 libido
1623 2959 1781 3018 refri-

193 3046 395 3122 guerit,
416 3060 470 3105 et
493 3051 655 3107 homo
692 3049 855 3106 fuerit
890 3050 1201 3118 dissolutus,
1236 3061 1362 3115 tunc
1392 3058 1692 3111 revertatur
1723 3053 1781 3108 in

193 3150 404 3200 terram
431 3160 585 3205 suam
608 3146 923 3203 aeternitatis
963 3161 1097 3212 sum,
1126 3147 1194 3204 ad
1225 3147 1529 3217 sepulcrum
1553 3186 1573 3213 ,
1626 3162 1780 3209 exse-

194 3235 337 3305 quiis
371 3235 473 3289 rite
494 3230 777 3295 celebratis
799 3243 958 3307 atque
984 3235 1170 3303 ﬁnitis,
1200 3236 1573 3309 plangentium
1590 3238 1646 3293 in
1666 3236 1781 3308 pla-

195 3298 278 3380 tea
322 3326 472 3380 circa
518 3318 822 3394 sepulcrum
871 3298 1029 3380 turba
1089 3298 1447 3401 praecedente.
1490 3316 1616 3385 Haec
1652 3298 1782 3384 vero
1803 3298 1853 3365 (ἶ

195 3416 440 3481 nomine,
476 3410 830 3485 amygdalum,
863 3412 1084 3487 locusta,
1118 3423 1174 3470 et
1222 3416 1490 3487 capparis,
1516 3430 1613 3487 per
1639 3410 1779 3488 ﬁgu-

194 3521 311 3579 ram
332 3505 454 3575 seni
485 3505 835 3575 conveniunt;
880 3504 1217 3577 amygdalum
1264 3522 1362 3581 pro
1384 3505 1601 3573 canitie,
1627 3505 1780 3562 locu-

196 3592 275 3653 sta
302 3614 413 3668 pro
441 3612 658 3652 crurum
684 3592 869 3655 dolore
896 3615 960 3654 ac
979 3599 1173 3670 pedum
1201 3608 1430 3668 tumore,
1461 3610 1515 3656 et
1536 3603 1783 3674 capparis

195 3703 292 3759 pro
320 3688 651 3759 trigescente
682 3676 922 3758 libid‘me,
951 3686 1242 3751 secundum
1271 3692 1649 3767 etymologiam
1680 3680 1785 3750 lie-

196 3780 401 3837 braica:
426 3781 898 3850 interpretationis,
932 3790 991 3836 nt
1015 3778 1271 3849 diximus,
1291 3774 1409 3839 seni
1435 3782 1780 3843 conveniunt.

198 3869 478 3953 Hactenus
522 3871 874 3930 Ecclesiastes
897 3874 1129 3953 plurima
1156 3878 1449 3933 senectutis
1478 3878 1620 3935 mala
1652 3894 1782 3951 pro-

200 3962 445 4031 mtus,
476 3964 540 4037 de
568 3965 671 4035 line
697 3960 1114 4040 uniuscujusque
1148 3970 1382 4027 heminis
1404 3960 1515 4026 ait:

268 4056 443 4112 Vnus.
466 4050 579 4112 6-8.
605 4086 676 4096 —
705 4052 994 4129 Antequam
1030 4070 1302 4131 rumpatur
1324 4060 1471 4130 funis
1489 4064 1785 4132 argenteus,

200 4152 247 4223 ςι
273 4154 518 4227 recurrat
535 4146 658 4201 vitta
684 4164 867 4215 aurea,
889 4150 941 4203 et
963 4158 1262 4204 conteratur
1281 4151 1470 4221 hydria
1490 4164 1645 4223 super
1670 4153 1786 4223 fon-

200 4235 320 4301 tem,
351 4242 414 4292 et
439 4232 798 4309 confringatur
822 4248 935 4292 rota
988 4255 1143 4310 super
1188 4239 1381 4306 lacum,
1413 4246 1467 4295 et
1504 4252 1791 4298 revertatur

200 4329 369 4400 pulvis
397 4330 456 4386 in
484 4316 674 4385 terram
700 4349 849 4386 suam
878 4332 1009 4388 sicut
1032 4342 1164 4399 erat,
1191 4343 1238 4387 et
1264 4335 1477 4405 spiritus
1500 4335 1681 4389 redeat
1720 4332 1797 4390 ad

200 4420 494 4479 Dominum
518 4424 613 4497 qui
645 4422 789 4479 dedit
811 4422 981 4481 illum.
1006 4416 1251 4485 ,Vanitas
1273 4428 1558 4485 vanitatum
1582 4470 1598 4495 ,
1656 4428 1790 4491 dixit

202 4509 553 4569 Ecclesiastes
575 4554 590 4579 ,
636 4515 874 4569 universa
904 4516 1123 4569 vanitas.
1170 4515 1480 4571 Revertitur
1509 4518 1583 4574 ad
1629 4524 1789 4591 supc-

203 4603 372 4669 riora,
400 4611 460 4659 et
493 4611 614 4691 post
640 4600 841 4687 grande
884 4602 1216 4677 hyperbaton
1245 4605 1417 4678 (quod
1447 4600 1514 4663 ab
1553 4618 1619 4665 eo
1670 4609 1788 4667 loco
1821 4648 1847 4691 ί

202 4695 570 4768 interiecerat,
602 4697 656 4761 in
687 4708 794 4767 quo
845 4698 961 4752 ait:
994 4694 1254 4752 Hemento
1301 4701 1553 4754 creatoris
1601 4702 1679 4754 tui
1732 4702 1787 4754 in

202 4784 384 4844 diebus
403 4789 697 4860 juvetititti‘s
716 4774 845 4855 tum,
876 4792 1151 4859 antequam
1168 4782 1381 4843 veniant
1402 4788 1511 4845 dies
1538 4790 1787 4859 mam,

202 4893 248 4938 et
278 4886 569 4956 anteun
593 4883 951 4937 teneb’resca'nt'
978 4882 1065 4937 δοῖ
1089 4891 1137 4936 et
1355 4883 1502 4951 luna,
1525 4892 1575 4943 et
1601 4884 1787 4952 s'tellté,

205 4982 334 5041 etc.,
363 4977 421 5030 in
447 4975 532 5029 die
567 4978 670 5051 qua
709 4972 1043 5029 inoveBuntur
1067 4975 1305 5029 custodes
1346 4968 1591 5053 domus)‘,
1650 4994 1794 5034 nunc

211 5077 455 5138 emptam
502 5066 832 5122 sententiam
875 5066 1038 5122 simili
1100 5066 1203 5122 ﬂue
1249 5058 1520 5125 concludit
1563 5054 1791 5126 dicens:

212 5158 516 5230 Antequam
544 5141 816 5228 rumpatur
858 5154 1370 5229 funicul’us‘argenti‘,
1406 5159 1506 5215 hoc
1534 5156 1625 5215 vel’
1671 5156 1800 5216 illud

207 5248 323 5308 ﬁat.
366 5249 673 5325 Fonticulus
708 5256 893 5313 autem
907 5249 1134 5321 argenti,
1164 5249 1449 5307 candidam
1475 5251 1805 5307 hancvitam

205 5347 267 5399 ch
788 5340 997 5397 nobisa
1017 5339 1153 5397 celo
1184 5339 1439 5397 tribuitur
1460 5381 1475 5406 ,
1521 5341 1759 5399 ostendit
1783 5360 1808 5397 ιε

206 5440 473 5487 reum
498 5440 723 5503 quem
758 5434 911 5487 om!
949 5440 1125 5486 metu
1149 5471 1164 5498 ,
1213 5432 1461 5486 animum
1486 5430 1757 5504 smmi
1784 5460 1811 5499 ,ι

207 5532 341 5599 quas
363 5518 507 5591 illud
527 5524 765 5589 recurrit
789 5523 930 5583 unde
965 5520 1334 5587 descenderat.
1362 5512 1532 5589 Porro
1561 5522 1673 5582 duo‘
1711 5539 1800 5581 re-

202 5610 369 5684 liqua
391 5629 525 5684 qm
550 5624 879 5688 sequuntur.
896 5614 1148 5691 cultrin
1170 5615 1551 5687 bydriaeeuper
1576 5615 1805 5685 fontem,

203 5704 974 5783 “nominatam”
1017 5705 1248 5772 lacernis
1280 5722 1379 5777 per
1432 5710 1811 5779 mettrphoruua

204 5794 731 5869 tliorﬁs’thw
750 5800 879 5861 sunt
905 5814 931 5852 ει
967 5803 1083 5873 quor
1108 5796 1434 5881 ructrech
1686 5804 1809 5883 φνας

206 5888 524 5944 conteritur
551 5886 735 5946 c'ess'a’t‘
755 5886 1007 5959 liabr'ii‘é‘j
1039 5890 1103 5946 et
1122 5876 1254 5955 rota,
1274 5893 1373 5960 per
1402 5890 1569 5961 quain
1593 5876 1657 5948 at
1687 5876 1807 5949 l'acu

1873 2046 2048 2101 suam,
2077 2041 2131 2089 et
2155 2035 2334 2091 anima
2357 2035 2486 2092 illnc
2512 2036 2698 2092 redeat
2720 2038 2865 2095 unde
2910 2049 3187 2111 assumpta
3211 2050 3316 2109 est,
3347 2058 3472 2098 ma-

1874 2143 1993 2200 gnae
2017 2130 2270 2186 vanitatis
2314 2144 2402 2187 res
2435 2144 2555 2187 esse
2578 2131 2815 2199 videtur,
2846 2132 2903 2188 in
2927 2133 3109 2189 seculi
3135 2134 3346 2192 deliciis
3378 2144 3472 2191 at-

1874 2233 1983 2288 que
2010 2219 2241 2277 luxnriis
2272 2220 2455 2278 carnis
2492 2228 2606 2277 tota
2644 2221 2897 2279 laborare
2949 2225 3253 2281 intentione
3275 2266 3291 2292 ,
3342 2242 3473 2296 quae

1874 2308 2138 2367 citissima
2165 2317 2341 2365 morte
2363 2309 2654 2377 ﬁniuntur;
2694 2320 2749 2369 et
2777 2313 2945 2371 homo
2978 2315 3047 2369 ad
3091 2312 3357 2385 judicium
3387 2315 3474 2370 fe-

1876 2396 2042 2452 stinat
2068 2412 2168 2469 pro
2185 2398 2437 2477 omnibus
2458 2398 2710 2457 vanitatis
2736 2415 2851 2481 suae
2882 2404 3101 2460 erratis.
3128 2403 3205 2461 De
3237 2420 3297 2463 se
3346 2405 3472 2479 ipso

1877 2500 2091 2557 quoque
2119 2485 2415 2555 subiunxit,
2449 2488 2571 2561 quis
2597 2498 2764 2556 esset,
2786 2492 3009 2548 dicens:

1950 2564 2112 2635 Vsus.
2146 2579 2200 2645 9,
2225 2579 2312 2636 li).
2333 2579 2654 2652 —Cumque
2710 2581 3053 2645 Ecclesiastes
3089 2594 3222 2641 esset
3256 2589 3465 2659 sapien-

1879 2669 2142 2734 tissimus,
2186 2669 2363 2725 docuit
2389 2671 2637 2743 populum
2662 2710 2679 2739 ,
2718 2678 2775 2751 et
2804 2676 3066 2751 enarravit
3094 2692 3211 2749 qua
3232 2676 3464 2748 fecerat;
3508 2735 3513 2741 ,

1878 2770 1927 2825 et
1956 2762 2273 2832 investigans
2298 2762 2583 2833 composuit
2621 2748 2901 2834 parabolas
2944 2762 3138 2825 inultas
3161 2806 3178 2832 ,
3225 2770 3471 2839 quaeritnt

1878 2849 2034 2911 verba
2073 2849 2226 2907 utilia
2250 2891 2265 2919 ,
2317 2860 2366 2907 et
2405 2854 2709 2924 conscripsit
2750 2871 3011 2913 sermones
3050 2859 3361 2917 rectissimos
3403 2879 3467 2917 ac

1879 2943 2092 3009 veritate
2109 2943 2309 3015 plenos.
2351 2942 2507 3000 Nunc
2549 2946 2713 3002 etiam
2762 2948 2849 3005 bis
2888 2951 3065 3007 verbis
3105 2964 3365 3024 provocat
3391 2934 3477 3011 le-

1883 3043 2091 3089 ctorem
2117 3074 2133 3103 ,
2188 3034 2503 3106 allegoriam
2543 3052 2787 3107 quaerere
2832 3036 2889 3095 in
2933 3040 3086 3099 libris
3135 3044 3249 3100 suis
3292 3047 3511 3118 magis_

1882 3144 2045 3201 quam
2098 3130 2402 3202 simmicem
2444 3131 2767 3189 historiam:
2810 3139 2863 3189 et
2930 3135 3230 3192 doctrinam
3268 3139 3474 3213 populo

1881 3225 2139 3299 prodesse
2167 3239 2343 3290 suam,
2366 3225 2414 3279 si
2451 3224 2680 3296 mystice
2706 3225 3132 3297 intelli'gerentnr
3159 3232 3474 3301 proverbia,

1885 3316 2031 3373 aliud
2056 3312 2315 3373 habentes
2343 3317 2399 3372 in
2428 3317 2662 3377 medulla
2678 3356 2695 3385 ,
2721 3318 2867 3375 aliud
2900 3321 3186 3392 superﬁcie
3211 3323 3474 3393 pollicen-

1883 3422 1985 3466 tes.
2023 3409 2314 3467 Proverbia
2361 3410 2559 3481 quippe
2603 3425 2713 3466 non
2750 3412 2854 3469 hoc
2905 3427 3098 3469 sonare
3148 3415 3293 3484 quod
3333 3416 3476 3495 scri-

1883 3509 2039 3571 ptum
2057 3508 2162 3567 est,
2194 3500 2328 3557 etin
2356 3499 2650 3572 Evangelia
2675 3502 2965 3559 edocemnr
2981 3544 2998 3572 ,
3037 3504 3183 3576 quod
3208 3505 3471 3563 Dominus

1883 3591 2158 3663 populoin
2185 3591 2459 3663 parabolis
2499 3598 2554 3647 et
2598 3593 2654 3648 in
2678 3594 2977 3665 proverbiis
3014 3596 3086 3651 sit
3117 3595 3349 3666 locutus,
3376 3614 3467 3657 se-

1885 3692 2036 3775 creto
2060 3692 2239 3741 autem
2268 3683 2527 3755 apostolis
2548 3685 2851 3742 dissolverit
2874 3702 2941 3763 ea
2968 3685 3181 3765 (Matth.
3208 3706 3329 3758 xm,
3353 3691 3473 3779 15)Ἰ

1885 3770 1965 3835 Ex
1990 3794 2098 3853 quo
2124 3779 2472 3837 manifest
2495 3788 2581 3835 est
2602 3788 2659 3836 et
2680 3784 3089 3853 proverbiorum
3110 3786 3307 3843 librum
3332 3770 3469 3856 rion,

1884 3879 1947 3926 ut
1968 3871 2238 3941 simplices
2263 3872 2631 3939 arbitrantur,
2674 3875 2916 3943 patentia
2940 3874 3142 3931 habere
3177 3887 3471 3949 praecepta,

1886 3965 1985 4023 sed
2005 3965 2160 4037 quasi
2188 3965 2241 4020 in
2268 3974 2414 4022 terra
2443 3980 2661 4032 aurum,
2680 3966 2735 4025 in
2762 3979 2903 4024 nuce
2922 3968 3146 4025 nucleus
3164 4008 3179 4036 ,
3206 3970 3260 4025 in
3287 3971 3469 4027 hirsu-

1888 4057 1963 4113 tis
1987 4063 2364 4112 castanearum
2389 4057 2661 4129 operculis
2681 4057 3029 4115 absconditus
3052 4059 3261 4116 fructus
3283 4061 3463 4131 inqui-

1888 4146 2050 4211 ritur,
2080 4146 2157 4200 ita
2185 4146 2245 4201 in
2289 4146 2370 4202 eis
2411 4146 2658 4202 divinum
2697 4162 2915 4203 sensum
2941 4147 3104 4204 altius
3124 4158 3469 4220 perscrutan—

1889 4236 2035 4297 dum.
2073 4237 2203 4292 Post
2245 4232 2361 4293 hac
2385 4236 2592 4293 addidit
2614 4236 2785 4293 etiam
2812 4252 3003 4294 causas
3026 4247 3355 4311 naturasque
3384 4257 3472 4298 re»

1892 4343 2011 4382 rum
2034 4367 2053 4400 ,δ
2094 4337 2149 4381 et
2176 4312 2269 4382 Dei
2315 4312 2742 4398 dispositionem,
2789 4336 2844 4384 et
2884 4304 3471 4403 prudentiam-quare

1890 4419 2328 4491 unumquodque,
2363 4419 2447 4475 vel
2476 4434 2581 4490 quo
2610 4420 2769 4477 modo
2795 4419 2998 4476 factum
3023 4422 3115 4490 sit,
3145 4437 3207 4481 se
3232 4424 3471 4483 voluisse

1893 4526 2239 4583 cognoscere.

1964 4606 2124 4662 Vens.
2172 4605 2254 4660 ll‘.
2281 4636 2353 4645 —
2396 4602 2559 4685 Verba
2587 4607 2898 4678 sapientium
2925 4616 2980 4665 ut
3002 4608 3221 4677 stimuli,
3247 4619 3296 4666 et
3318 4616 3477 4684 quasi

1893 4696 2021 4751 clavi
2047 4697 2103 4753 in
2128 4696 2290 4751 altum
2317 4696 2498 4766 deﬁxi,
2539 4714 2655 4767 qua:
2685 4714 2775 4767 per
2798 4698 3167 4769 magistrorum
3193 4703 3474 4759 consilium

1894 4772 2019 4865 (lata
2062 4795 2183 4840 sunt
2213 4803 2245 4839 a
2274 4795 2480 4857 pastore
2525 4803 2649 4840 uno.
2716 4785 2795 4842 Ne
2838 4788 3114 4847 videretur
3146 4800 3271 4864 post
3300 4794 3475 4867 legem

1897 4876 1992 4931 Dei
2016 4877 2338 4930 temerarius
2381 4876 2557 4931 subito
2607 4877 2660 4931 in
2709 4887 3039 4950 prteceptum
3088 4897 3388 4955 erumpere,
3421 4893 3481 4939 et

1897 4966 2000 5024 sibi
2038 4964 2314 5023 vindicare
2344 4955 2665 5036 doctrinam,
2712 4970 2854 5040 quod
2884 4969 3085 5043 [Hier.,
3112 4973 3301 5047 quam}
3325 4972 3477 5046 Moy-

1899 5075 1984 5115 ses
2026 5076 2132 5114 non
2163 5069 2271 5113 tam
2322 5075 2417 5113 sua
2453 5070 2643 5130 sponte
2673 5076 2835 5131 quam
2883 5077 2916 5116 a
2950 5050 3081 5131 Deo,
3116 5064 3339 5135 jubeute
3365 5066 3479 5136 pri-

1899 5164 2046 5204 mum
2074 5144 2269 5203 dehinc
2297 5149 2612 5220 inSpirante,
2642 5161 2984 5223 susceperat,
3016 5153 3147 5208 dicit
3170 5170 3269 5210 sua
3310 5156 3478 5212 verba

1897 5256 2025 5303 vere
2054 5257 2176 5298 esse
2206 5242 2551 5327 sapientium,
2581 5258 2701 5314 quae
2721 5246 2776 5301 in
2799 5246 3202 5307 similitudinem
3225 5250 3476 5307 stimulo-

1899 5348 2020 5391 rum
2063 5336 2339 5406 corrigam
2388 5334 2771 5406 delinquenteo
2784 5377 2800 5405 ,
2845 5347 2902 5394 et
2937 5339 3121 5410 pigros
3165 5342 3477 5398 mortalium

1900 5436 2119 5496 gressus
2162 5425 2353 5481 aculeo
2391 5434 2671 5498 punget-te
2701 5434 3111 5498 omnmoveant,
3154 5432 3340 5501 sicque
3367 5434 3487 5487 sint

1903 5517 2068 5584 firmi“,
2095 5517 2257 5591 quasi
2278 5514 2477 5594 [eam
2494 5521 2555 5575 id‘
2582 5518 2755 5575 a‘lt’uib‘
2788 5516 3124 5595 solidumque
3152 5502 3319 5580 deliri
3332 5567 3346 5593 ,
3379 5540 3481 5583 nec

1904 5608 2229 5668 auctoritate
2251 5612 2413 5679 unius
2433 5651 2464 5679 ,.
2498 5600 2603 5669 sed
2626 5613 2857 5679 consilio
2884 5621 3046 5684 atque
3073 5630 3338 5673 consensu
3365 5633 3485 5672 ma-

1901 5707 2196 5784 mmam
2233 5706 2475 5781 omnium
2506 5705 2885 5781 proteram;
2924 5715 2990 5763 ec
3014 5718 3084 5763 ne
3108 5717 3483 5766 contemnere-

1904 5792 2565 5865 tirr'liominum'scicnt‘lll,
2594 5792 2689 5861 ait;
2719 5798 2851 5852 eam
2877 5796 2953 5854 ab’
2982 5814 3088 5855 uno
3112 5802 3329 5873 pastore
3350 5814 3482 5860 con-

1906 5888 2115 5948 cessam
2147 5912 2160 5947 :
2188 5890 2247 5948 id
2270 5899 2375 5959 eSt,
2399 5890 2519 5947 cum
2547 5888 2765 5962 plurimi
2791 5891 3025 5951 doceant
3037 5936 3054 5967 ,
3079 5898 3259 5960 tamen
3280 5892 3499 5954 doctri—
