  <div class='ocr_page' id='page_1' title='image "/cluster/home/n/w/nwhite01/storage/ocr_20150623/100/hvd.32044024239972/365.png"; bbox 0 0 4072 6340; ppageno 0'>
   <div class='ocr_carea' id='block_1_1' title="bbox 582 336 688 397">
    <p class='ocr_par' dir='ltr' id='par_1_1' title="bbox 582 336 688 397">
     <span class='ocr_line' id='line_1_1' title="bbox 582 336 688 397; baseline 0.009 -1"><span class='ocrx_word' id='word_1_1' title='bbox 582 336 688 397; x_wconf 67' lang='grc'><strong>719</strong></span> 
     </span>
    </p>
   </div>
   <div class='ocr_carea' id='block_1_2' title="bbox 1451 332 3002 398">
    <p class='ocr_par' dir='ltr' id='par_1_2' title="bbox 1451 332 3002 398">
     <span class='ocr_line' id='line_1_2' title="bbox 1451 332 3002 398; baseline -0.001 -3"><span class='ocrx_word' id='word_1_2' title='bbox 1451 336 1513 395; x_wconf 90' lang='grc' dir='ltr'><strong>Β.</strong></span> <span class='ocrx_word' id='word_1_3' title='bbox 1554 339 1617 394; x_wconf 85' lang='lat' dir='ltr'><strong>F.</strong></span> <span class='ocrx_word' id='word_1_4' title='bbox 1658 336 1881 394; x_wconf 84' lang='lat' dir='ltr'><strong>ALBINI</strong></span> <span class='ocrx_word' id='word_1_5' title='bbox 1921 333 2051 396; x_wconf 84' lang='lat' dir='ltr'><strong>SEU</strong></span> <span class='ocrx_word' id='word_1_6' title='bbox 2091 339 2362 397; x_wconf 82' lang='lat' dir='ltr'><strong>ALCUI‘Nl</strong></span> <span class='ocrx_word' id='word_1_7' title='bbox 2403 339 2689 398; x_wconf 81' lang='lat' dir='ltr'><strong>OPERUM</strong></span> <span class='ocrx_word' id='word_1_8' title='bbox 2725 332 2904 395; x_wconf 81' lang='lat' dir='ltr'><strong>PARS</strong></span> <span class='ocrx_word' id='word_1_9' title='bbox 2940 334 3002 394; x_wconf 86' lang='lat' dir='ltr'><strong>ll.</strong></span> 
     </span>
    </p>
   </div>
   <div class='ocr_carea' id='block_1_3' title="bbox 3744 336 3848 397">
    <p class='ocr_par' dir='ltr' id='par_1_3' title="bbox 3744 336 3848 397">
     <span class='ocr_line' id='line_1_3' title="bbox 3744 336 3848 397; baseline 0.029 -3"><span class='ocrx_word' id='word_1_10' title='bbox 3744 336 3848 397; x_wconf 67' lang='grc' dir='ltr'><strong>τω</strong></span> 
     </span>
    </p>
   </div>
   <div class='ocr_carea' id='block_1_4' title="bbox 574 447 3855 524">
    <p class='ocr_par' dir='ltr' id='par_1_4' title="bbox 574 447 3855 524">
     <span class='ocr_line' id='line_1_4' title="bbox 574 447 3855 524; baseline 0.001 -16"><span class='ocrx_word' id='word_1_11' title='bbox 574 467 660 508; x_wconf 73' lang='lat' dir='ltr'><strong>nte</strong></span> <span class='ocrx_word' id='word_1_12' title='bbox 693 449 854 520; x_wconf 90' lang='lat' dir='ltr'><strong>hujus</strong></span> <span class='ocrx_word' id='word_1_13' title='bbox 891 457 1080 506; x_wconf 98' lang='lat' dir='ltr'><strong>auctor</strong></span> <span class='ocrx_word' id='word_1_14' title='bbox 1106 457 1193 507; x_wconf 85' lang='lat' dir='ltr'><strong>est</strong></span> <span class='ocrx_word' id='word_1_15' title='bbox 1223 451 1499 507; x_wconf 89' lang='lat' dir='ltr'><strong>Dominus.</strong></span> <span class='ocrx_word' id='word_1_16' title='bbox 1566 453 1844 521; x_wconf 87' lang='lat' dir='ltr'><strong>Simulque</strong></span> <span class='ocrx_word' id='word_1_17' title='bbox 1873 453 2168 508; x_wconf 91' lang='lat' dir='ltr'><strong>notandum</strong></span> <span class='ocrx_word' id='word_1_18' title='bbox 2196 460 2242 518; x_wconf 77' lang='grc' dir='ltr'><strong>Α</strong></span> <span class='ocrx_word' id='word_1_19' title='bbox 2272 453 2449 509; x_wconf 89' lang='lat' dir='ltr'><strong>cibum</strong></span> <span class='ocrx_word' id='word_1_20' title='bbox 2476 461 2679 517; x_wconf 90' lang='lat' dir='ltr'><strong>autem,</strong></span> <span class='ocrx_word' id='word_1_21' title='bbox 2709 460 2765 508; x_wconf 91' lang='lat' dir='ltr'><strong>et</strong></span> <span class='ocrx_word' id='word_1_22' title='bbox 2786 461 2993 523; x_wconf 90' lang='lat' dir='ltr'><strong>potum,</strong></span> <span class='ocrx_word' id='word_1_23' title='bbox 3020 455 3077 506; x_wconf 87' lang='lat' dir='ltr'><strong>et</strong></span> <span class='ocrx_word' id='word_1_24' title='bbox 3099 447 3319 506; x_wconf 82' lang='lat' dir='ltr'><strong>delicias</strong></span> <span class='ocrx_word' id='word_1_25' title='bbox 3345 459 3686 508; x_wconf 78' lang='lat' dir='ltr'><strong>transeuntes</strong></span> <span class='ocrx_word' id='word_1_26' title='bbox 3711 469 3855 524; x_wconf 73' lang='lat' dir='ltr'><strong>prte-</strong></span> 
     </span>
    </p>
   </div>
   <div class='ocr_carea' id='block_1_5' title="bbox 572 542 2164 616">
    <p class='ocr_par' dir='ltr' id='par_1_5' title="bbox 572 542 2164 616">
     <span class='ocr_line' id='line_1_5' title="bbox 572 542 2164 616; baseline 0.001 -17"><span class='ocrx_word' id='word_1_27' title='bbox 572 553 659 600; x_wconf 84' lang='lat' dir='ltr'><strong>est</strong></span> <span class='ocrx_word' id='word_1_28' title='bbox 687 543 832 614; x_wconf 91' lang='lat' dir='ltr'><strong>quod</strong></span> <span class='ocrx_word' id='word_1_29' title='bbox 877 542 1131 598; x_wconf 80' lang='lat' dir='ltr'><strong>dicantur</strong></span> <span class='ocrx_word' id='word_1_30' title='bbox 1177 544 1344 598; x_wconf 83' lang='lat' dir='ltr'><strong>verba</strong></span> <span class='ocrx_word' id='word_1_31' title='bbox 1386 543 1710 614; x_wconf 88' lang='lat' dir='ltr'><strong>sapientium</strong></span> <span class='ocrx_word' id='word_1_32' title='bbox 1737 559 2008 616; x_wconf 90' lang='lat' dir='ltr'><strong>pungere,</strong></span> <span class='ocrx_word' id='word_1_33' title='bbox 2058 560 2164 600; x_wconf 93' lang='lat' dir='ltr'><strong>non</strong></span> 
     </span>
    </p>
   </div>
   <div class='ocr_carea' id='block_1_6' title="bbox 571 635 2166 709">
    <p class='ocr_par' dir='ltr' id='par_1_6' title="bbox 571 635 2166 709">
     <span class='ocr_line' id='line_1_6' title="bbox 571 635 2166 709; baseline 0 -18"><span class='ocrx_word' id='word_1_34' title='bbox 571 636 826 709; x_wconf 84' lang='lat' dir='ltr'><strong>palpare,</strong></span> <span class='ocrx_word' id='word_1_35' title='bbox 860 651 960 690; x_wconf 90' lang='lat' dir='ltr'><strong>nec</strong></span> <span class='ocrx_word' id='word_1_36' title='bbox 993 635 1136 689; x_wconf 89' lang='lat' dir='ltr'><strong>molli</strong></span> <span class='ocrx_word' id='word_1_37' title='bbox 1185 650 1347 689; x_wconf 89' lang='lat' dir='ltr'><strong>manu</strong></span> <span class='ocrx_word' id='word_1_38' title='bbox 1396 636 1669 689; x_wconf 85' lang='lat' dir='ltr'><strong>attrahere</strong></span> <span class='ocrx_word' id='word_1_39' title='bbox 1708 635 1983 691; x_wconf 91' lang='lat' dir='ltr'><strong>lasciviam</strong></span> <span class='ocrx_word' id='word_1_40' title='bbox 2008 677 2022 701; x_wconf 91' lang='lat'><strong>,</strong></span> <span class='ocrx_word' id='word_1_41' title='bbox 2070 637 2166 691; x_wconf 92' lang='lat' dir='ltr'><strong>sed</strong></span> 
     </span>
    </p>
   </div>
   <div class='ocr_carea' id='block_1_7' title="bbox 571 727 2167 800">
    <p class='ocr_par' dir='ltr' id='par_1_7' title="bbox 571 727 2167 800">
     <span class='ocr_line' id='line_1_7' title="bbox 571 727 2167 800; baseline -0.001 -15"><span class='ocrx_word' id='word_1_42' title='bbox 571 730 882 787; x_wconf 75' lang='lat' dir='ltr'><strong>errantibus</strong></span> <span class='ocrx_word' id='word_1_43' title='bbox 901 737 956 783; x_wconf 91' lang='lat' dir='ltr'><strong>et</strong></span> <span class='ocrx_word' id='word_1_44' title='bbox 986 729 1065 800; x_wconf 89' lang='lat' dir='ltr'><strong>(ut</strong></span> <span class='ocrx_word' id='word_1_45' title='bbox 1097 743 1259 799; x_wconf 88' lang='lat' dir='ltr'><strong>supra</strong></span> <span class='ocrx_word' id='word_1_46' title='bbox 1309 727 1562 800; x_wconf 82' lang='lat' dir='ltr'><strong>diximus)</strong></span> <span class='ocrx_word' id='word_1_47' title='bbox 1597 728 1800 793; x_wconf 89' lang='lat' dir='ltr'><strong>tardis,</strong></span> <span class='ocrx_word' id='word_1_48' title='bbox 1839 729 2167 799; x_wconf 65' lang='lat' dir='ltr'><strong>poenitentiae</strong></span> 
     </span>
    </p>
   </div>
   <div class='ocr_carea' id='block_1_8' title="bbox 572 825 2166 898">
    <p class='ocr_par' dir='ltr' id='par_1_8' title="bbox 572 825 2166 898">
     <span class='ocr_line' id='line_1_8' title="bbox 572 825 2166 898; baseline 0.001 -16"><span class='ocrx_word' id='word_1_49' title='bbox 572 827 790 882; x_wconf 88' lang='lat' dir='ltr'><strong>dolores</strong></span> <span class='ocrx_word' id='word_1_50' title='bbox 839 833 893 882; x_wconf 89' lang='lat' dir='ltr'><strong>et</strong></span> <span class='ocrx_word' id='word_1_51' title='bbox 937 827 1132 882; x_wconf 82' lang='lat' dir='ltr'><strong>vulnus</strong></span> <span class='ocrx_word' id='word_1_52' title='bbox 1181 825 1443 897; x_wconf 83' lang='lat' dir='ltr'><strong>inﬂigere.</strong></span> <span class='ocrx_word' id='word_1_53' title='bbox 1511 825 1568 881; x_wconf 93' lang='lat' dir='ltr'><strong>Si</strong></span> <span class='ocrx_word' id='word_1_54' title='bbox 1616 825 1769 896; x_wconf 90' lang='lat' dir='ltr'><strong>cujus</strong></span> <span class='ocrx_word' id='word_1_55' title='bbox 1791 828 1954 898; x_wconf 86' lang='lat' dir='ltr'><strong>igitur</strong></span> <span class='ocrx_word' id='word_1_56' title='bbox 1985 843 2166 883; x_wconf 87' lang='lat' dir='ltr'><strong>sermo</strong></span> 
     </span>
    </p>
   </div>
   <div class='ocr_carea' id='block_1_9' title="bbox 571 919 2166 991">
    <p class='ocr_par' dir='ltr' id='par_1_9' title="bbox 571 919 2166 991">
     <span class='ocr_line' id='line_1_9' title="bbox 571 919 2166 991; baseline 0 -16"><span class='ocrx_word' id='word_1_57' title='bbox 571 936 679 976; x_wconf 91' lang='lat' dir='ltr'><strong>non</strong></span> <span class='ocrx_word' id='word_1_58' title='bbox 706 919 914 991; x_wconf 89' lang='lat' dir='ltr'><strong>pungit,</strong></span> <span class='ocrx_word' id='word_1_59' title='bbox 948 920 1040 975; x_wconf 93' lang='lat' dir='ltr'><strong>sed</strong></span> <span class='ocrx_word' id='word_1_60' title='bbox 1067 919 1483 974; x_wconf 79' lang='lat' dir='ltr'><strong>oblectationem</strong></span> <span class='ocrx_word' id='word_1_61' title='bbox 1512 919 1644 974; x_wconf 89' lang='lat' dir='ltr'><strong>facit</strong></span> <span class='ocrx_word' id='word_1_62' title='bbox 1667 920 2030 985; x_wconf 88' lang='lat' dir='ltr'><strong>audientibus,</strong></span> <span class='ocrx_word' id='word_1_63' title='bbox 2062 921 2166 975; x_wconf 89' lang='lat' dir='ltr'><strong>iste</strong></span> 
     </span>
    </p>
   </div>
   <div class='ocr_carea' id='block_1_10' title="bbox 570 1010 2163 1082">
    <p class='ocr_par' dir='ltr' id='par_1_10' title="bbox 570 1010 2163 1082">
     <span class='ocr_line' id='line_1_10' title="bbox 570 1010 2163 1082; baseline -0.001 -16"><span class='ocrx_word' id='word_1_64' title='bbox 570 1028 676 1066; x_wconf 91' lang='lat' dir='ltr'><strong>non</strong></span> <span class='ocrx_word' id='word_1_65' title='bbox 705 1022 790 1067; x_wconf 90' lang='lat' dir='ltr'><strong>est</strong></span> <span class='ocrx_word' id='word_1_66' title='bbox 815 1028 994 1067; x_wconf 87' lang='lat' dir='ltr'><strong>sermo</strong></span> <span class='ocrx_word' id='word_1_67' title='bbox 1017 1013 1296 1081; x_wconf 85' lang='lat' dir='ltr'><strong>sapientis.</strong></span> <span class='ocrx_word' id='word_1_68' title='bbox 1335 1010 1498 1064; x_wconf 86' lang='lat' dir='ltr'><strong>Verba</strong></span> <span class='ocrx_word' id='word_1_69' title='bbox 1524 1013 1834 1082; x_wconf 86' lang='lat' dir='ltr'><strong>sapientium</strong></span> <span class='ocrx_word' id='word_1_70' title='bbox 1864 1022 1917 1065; x_wconf 85' lang='lat' dir='ltr'><strong>ut</strong></span> <span class='ocrx_word' id='word_1_71' title='bbox 1943 1011 2163 1077; x_wconf 77' lang='lat' dir='ltr'><strong>stimuli,</strong></span> 
     </span>
    </p>
   </div>
   <div class='ocr_carea' id='block_1_11' title="bbox 568 1103 2163 1174">
    <p class='ocr_par' dir='ltr' id='par_1_11' title="bbox 568 1103 2163 1174">
     <span class='ocr_line' id='line_1_11' title="bbox 568 1103 2163 1174; baseline 0 -18"><span class='ocrx_word' id='word_1_72' title='bbox 568 1103 825 1172; x_wconf 87' lang='lat' dir='ltr'><strong>quoniam</strong></span> <span class='ocrx_word' id='word_1_73' title='bbox 857 1103 924 1158; x_wconf 89' lang='lat' dir='ltr'><strong>ad</strong></span> <span class='ocrx_word' id='word_1_74' title='bbox 965 1103 1372 1158; x_wconf 84' lang='lat' dir='ltr'><strong>conversionem</strong></span> <span class='ocrx_word' id='word_1_75' title='bbox 1408 1111 1705 1174; x_wconf 89' lang='lat' dir='ltr'><strong>provocant</strong></span> <span class='ocrx_word' id='word_1_76' title='bbox 1743 1103 2163 1172; x_wconf 84' lang='lat' dir='ltr'><strong>delinquentem,</strong></span> 
     </span>
    </p>
   </div>
   <div class='ocr_carea' id='block_1_12' title="bbox 569 1191 2166 1261">
    <p class='ocr_par' dir='ltr' id='par_1_12' title="bbox 569 1191 2166 1261">
     <span class='ocr_line' id='line_1_12' title="bbox 569 1191 2166 1261; baseline 0 -15"><span class='ocrx_word' id='word_1_77' title='bbox 569 1201 625 1247; x_wconf 91' lang='lat' dir='ltr'><strong>et</strong></span> <span class='ocrx_word' id='word_1_78' title='bbox 654 1191 866 1247; x_wconf 91' lang='lat' dir='ltr'><strong>ﬁrmata</strong></span> <span class='ocrx_word' id='word_1_79' title='bbox 893 1202 1036 1257; x_wconf 90' lang='lat' dir='ltr'><strong>sunt,</strong></span> <span class='ocrx_word' id='word_1_80' title='bbox 1069 1200 1124 1248; x_wconf 90' lang='lat' dir='ltr'><strong>et</strong></span> <span class='ocrx_word' id='word_1_81' title='bbox 1151 1209 1180 1246; x_wconf 89' lang='lat' dir='ltr'><strong>a</strong></span> <span class='ocrx_word' id='word_1_82' title='bbox 1211 1193 1435 1247; x_wconf 91' lang='lat' dir='ltr'><strong>consilio</strong></span> <span class='ocrx_word' id='word_1_83' title='bbox 1465 1201 1774 1247; x_wconf 88' lang='lat' dir='ltr'><strong>sanctorum</strong></span> <span class='ocrx_word' id='word_1_84' title='bbox 1804 1193 1928 1246; x_wconf 91' lang='lat' dir='ltr'><strong>data</strong></span> <span class='ocrx_word' id='word_1_85' title='bbox 1948 1233 1962 1257; x_wconf 95' lang='lat'><strong>,</strong></span> <span class='ocrx_word' id='word_1_86' title='bbox 2005 1201 2166 1261; x_wconf 89' lang='lat' dir='ltr'><strong>atque</strong></span> 
     </span>
    </p>
   </div>
   <div class='ocr_carea' id='block_1_13' title="bbox 569 1284 2090 1356">
    <p class='ocr_par' dir='ltr' id='par_1_13' title="bbox 569 1284 2090 1356">
     <span class='ocr_line' id='line_1_13' title="bbox 569 1284 2090 1356; baseline -0.001 -17"><span class='ocrx_word' id='word_1_87' title='bbox 569 1286 639 1340; x_wconf 89' lang='lat' dir='ltr'><strong>ab</strong></span> <span class='ocrx_word' id='word_1_88' title='bbox 667 1302 774 1341; x_wconf 90' lang='lat' dir='ltr'><strong>uno</strong></span> <span class='ocrx_word' id='word_1_89' title='bbox 796 1295 1014 1356; x_wconf 80' lang='lat' dir='ltr'><strong>pastore</strong></span> <span class='ocrx_word' id='word_1_90' title='bbox 1039 1301 1296 1341; x_wconf 90' lang='lat' dir='ltr'><strong>concessa</strong></span> <span class='ocrx_word' id='word_1_91' title='bbox 1315 1327 1328 1351; x_wconf 94' lang='lat'><strong>,</strong></span> <span class='ocrx_word' id='word_1_92' title='bbox 1357 1293 1412 1339; x_wconf 90' lang='lat' dir='ltr'><strong>et</strong></span> <span class='ocrx_word' id='word_1_93' title='bbox 1437 1285 1604 1339; x_wconf 87' lang='lat' dir='ltr'><strong>solida</strong></span> <span class='ocrx_word' id='word_1_94' title='bbox 1635 1286 1819 1340; x_wconf 89' lang='lat' dir='ltr'><strong>radice</strong></span> <span class='ocrx_word' id='word_1_95' title='bbox 1847 1284 2090 1338; x_wconf 83' lang='lat' dir='ltr'><strong>fundata.</strong></span> 
     </span>
    </p>
   </div>
   <div class='ocr_carea' id='block_1_14' title="bbox 643 1374 2168 1446">
    <p class='ocr_par' dir='ltr' id='par_1_14' title="bbox 643 1374 2168 1446">
     <span class='ocr_line' id='line_1_14' title="bbox 643 1374 2168 1446; baseline -0.001 -16"><span class='ocrx_word' id='word_1_96' title='bbox 643 1376 804 1431; x_wconf 73' lang='lat' dir='ltr'><strong>Vens.</strong></span> <span class='ocrx_word' id='word_1_97' title='bbox 833 1375 918 1428; x_wconf 71' lang='lat'><strong>1‘2.</strong></span> <span class='ocrx_word' id='word_1_98' title='bbox 936 1405 1002 1414; x_wconf 94' lang='lat'><strong>—</strong></span> <span class='ocrx_word' id='word_1_99' title='bbox 1021 1375 1118 1430; x_wconf 79' lang='lat' dir='ltr'><strong>llis</strong></span> <span class='ocrx_word' id='word_1_100' title='bbox 1144 1374 1391 1446; x_wconf 82' lang='lat' dir='ltr'><strong>amplius,</strong></span> <span class='ocrx_word' id='word_1_101' title='bbox 1406 1374 1483 1444; x_wconf 77' lang='lat' dir='ltr'><strong>ﬁli</strong></span> <span class='ocrx_word' id='word_1_102' title='bbox 1499 1376 1592 1440; x_wconf 91' lang='lat' dir='ltr'><strong>mi,</strong></span> <span class='ocrx_word' id='word_1_103' title='bbox 1613 1392 1674 1428; x_wconf 90' lang='lat' dir='ltr'><strong>ne</strong></span> <span class='ocrx_word' id='word_1_104' title='bbox 1691 1375 1946 1445; x_wconf 78' lang='lat' dir='ltr'><strong>requiras,</strong></span> <span class='ocrx_word' id='word_1_105' title='bbox 1969 1375 2168 1444; x_wconf 78' lang='lat' dir='ltr'><strong>facien-</strong></span> 
     </span>
    </p>
   </div>
   <div class='ocr_carea' id='block_1_15' title="bbox 568 1470 2162 1544">
    <p class='ocr_par' dir='ltr' id='par_1_15' title="bbox 568 1470 2162 1544">
     <span class='ocr_line' id='line_1_15' title="bbox 568 1470 2162 1544; baseline 0.001 -20"><span class='ocrx_word' id='word_1_106' title='bbox 568 1472 623 1524; x_wconf 88' lang='lat' dir='ltr'><strong>di</strong></span> <span class='ocrx_word' id='word_1_107' title='bbox 647 1470 822 1542; x_wconf 78' lang='lat' dir='ltr'><strong>plures</strong></span> <span class='ocrx_word' id='word_1_108' title='bbox 852 1471 1010 1525; x_wconf 88' lang='lat' dir='ltr'><strong>libros</strong></span> <span class='ocrx_word' id='word_1_109' title='bbox 1033 1471 1207 1525; x_wconf 82' lang='lat' dir='ltr'><strong>nullus</strong></span> <span class='ocrx_word' id='word_1_110' title='bbox 1233 1482 1306 1525; x_wconf 87' lang='lat' dir='ltr'><strong>est</strong></span> <span class='ocrx_word' id='word_1_111' title='bbox 1331 1472 1474 1540; x_wconf 79' lang='lat' dir='ltr'><strong>ﬁnis,</strong></span> <span class='ocrx_word' id='word_1_112' title='bbox 1505 1472 1846 1544; x_wconf 81' lang='lat' dir='ltr'><strong>frequensque</strong></span> <span class='ocrx_word' id='word_1_113' title='bbox 1868 1472 2162 1539; x_wconf 75' lang='lat' dir='ltr'><strong>meditatio,</strong></span> 
     </span>
    </p>
   </div>
   <div class='ocr_carea' id='block_1_16' title="bbox 569 1563 2165 1634">
    <p class='ocr_par' dir='ltr' id='par_1_16' title="bbox 569 1563 2165 1634">
     <span class='ocr_line' id='line_1_16' title="bbox 569 1563 2165 1634; baseline 0 -16"><span class='ocrx_word' id='word_1_114' title='bbox 569 1564 744 1618; x_wconf 87' lang='lat' dir='ltr'><strong>carnis</strong></span> <span class='ocrx_word' id='word_1_115' title='bbox 776 1563 997 1633; x_wconf 78' lang='lat' dir='ltr'><strong>afﬂictio</strong></span> <span class='ocrx_word' id='word_1_116' title='bbox 1026 1573 1122 1617; x_wconf 86' lang='lat' dir='ltr'><strong>est.</strong></span> <span class='ocrx_word' id='word_1_117' title='bbox 1169 1563 1424 1634; x_wconf 84' lang='lat' dir='ltr'><strong>Exceptis</strong></span> <span class='ocrx_word' id='word_1_118' title='bbox 1456 1564 1541 1618; x_wconf 90' lang='lat' dir='ltr'><strong>his</strong></span> <span class='ocrx_word' id='word_1_119' title='bbox 1578 1564 1758 1618; x_wconf 86' lang='lat' dir='ltr'><strong>verbis</strong></span> <span class='ocrx_word' id='word_1_120' title='bbox 1804 1580 1925 1634; x_wconf 60' lang='lat' dir='ltr'><strong>qua!</strong></span> <span class='ocrx_word' id='word_1_121' title='bbox 1965 1565 2033 1618; x_wconf 89' lang='lat' dir='ltr'><strong>ab</strong></span> <span class='ocrx_word' id='word_1_122' title='bbox 2057 1579 2165 1618; x_wconf 90' lang='lat' dir='ltr'><strong>uno</strong></span> 
     </span>
    </p>
   </div>
   <div class='ocr_carea' id='block_1_17' title="bbox 565 1654 2167 1726">
    <p class='ocr_par' dir='ltr' id='par_1_17' title="bbox 565 1654 2167 1726">
     <span class='ocr_line' id='line_1_17' title="bbox 565 1654 2167 1726; baseline 0.001 -18"><span class='ocrx_word' id='word_1_123' title='bbox 565 1663 786 1724; x_wconf 86' lang='lat' dir='ltr'><strong>pastore</strong></span> <span class='ocrx_word' id='word_1_124' title='bbox 801 1663 925 1708; x_wconf 91' lang='lat' dir='ltr'><strong>sunt</strong></span> <span class='ocrx_word' id='word_1_125' title='bbox 945 1656 1092 1718; x_wconf 90' lang='lat' dir='ltr'><strong>data,</strong></span> <span class='ocrx_word' id='word_1_126' title='bbox 1115 1662 1169 1708; x_wconf 90' lang='lat' dir='ltr'><strong>et</strong></span> <span class='ocrx_word' id='word_1_127' title='bbox 1191 1671 1220 1708; x_wconf 90' lang='lat' dir='ltr'><strong>a</strong></span> <span class='ocrx_word' id='word_1_128' title='bbox 1236 1654 1462 1709; x_wconf 91' lang='lat' dir='ltr'><strong>consilio</strong></span> <span class='ocrx_word' id='word_1_129' title='bbox 1486 1665 1648 1726; x_wconf 79' lang='lat' dir='ltr'><strong>atque</strong></span> <span class='ocrx_word' id='word_1_130' title='bbox 1671 1670 1938 1711; x_wconf 90' lang='lat' dir='ltr'><strong>consensu</strong></span> <span class='ocrx_word' id='word_1_131' title='bbox 1955 1657 2167 1726; x_wconf 84' lang='lat' dir='ltr'><strong>sapien-</strong></span> 
     </span>
    </p>
   </div>
   <div class='ocr_carea' id='block_1_18' title="bbox 569 1745 2166 1820">
    <p class='ocr_par' dir='ltr' id='par_1_18' title="bbox 569 1745 2166 1820">
     <span class='ocr_line' id='line_1_18' title="bbox 569 1745 2166 1820; baseline 0.002 -20"><span class='ocrx_word' id='word_1_132' title='bbox 569 1747 726 1811; x_wconf 90' lang='lat' dir='ltr'><strong>tium,</strong></span> <span class='ocrx_word' id='word_1_133' title='bbox 766 1746 897 1801; x_wconf 85' lang='lat' dir='ltr'><strong>nihil</strong></span> <span class='ocrx_word' id='word_1_134' title='bbox 922 1745 1111 1811; x_wconf 82' lang='lat' dir='ltr'><strong>facias,</strong></span> <span class='ocrx_word' id='word_1_135' title='bbox 1142 1747 1275 1800; x_wconf 90' lang='lat' dir='ltr'><strong>nihil</strong></span> <span class='ocrx_word' id='word_1_136' title='bbox 1299 1747 1392 1801; x_wconf 87' lang='lat' dir='ltr'><strong>tibi</strong></span> <span class='ocrx_word' id='word_1_137' title='bbox 1414 1748 1684 1813; x_wconf 86' lang='lat' dir='ltr'><strong>vindices;</strong></span> <span class='ocrx_word' id='word_1_138' title='bbox 1716 1747 2166 1820; x_wconf 66' lang='lat' dir='ltr'><strong>majorumm</strong></span> 
     </span>
    </p>
   </div>
   <div class='ocr_carea' id='block_1_19' title="bbox 2270 541 3860 612">
    <p class='ocr_par' dir='ltr' id='par_1_19' title="bbox 2270 541 3860 612">
     <span class='ocr_line' id='line_1_19' title="bbox 2270 541 3860 612; baseline 0.002 -14"><span class='ocrx_word' id='word_1_139' title='bbox 2270 543 2436 598; x_wconf 90' lang='lat' dir='ltr'><strong>ferret</strong></span> <span class='ocrx_word' id='word_1_140' title='bbox 2465 543 2732 608; x_wconf 90' lang='lat' dir='ltr'><strong>omnibus,</strong></span> <span class='ocrx_word' id='word_1_141' title='bbox 2765 558 2830 597; x_wconf 88' lang='lat' dir='ltr'><strong>ex</strong></span> <span class='ocrx_word' id='word_1_142' title='bbox 2864 558 2971 598; x_wconf 92' lang='lat' dir='ltr'><strong>uno</strong></span> <span class='ocrx_word' id='word_1_143' title='bbox 3007 541 3242 612; x_wconf 90' lang='lat' dir='ltr'><strong>capitulo</strong></span> <span class='ocrx_word' id='word_1_144' title='bbox 3269 543 3536 598; x_wconf 86' lang='lat' dir='ltr'><strong>meruisse</strong></span> <span class='ocrx_word' id='word_1_145' title='bbox 3561 546 3860 600; x_wconf 85' lang='lat' dir='ltr'><strong>auctorita-</strong></span> 
     </span>
    </p>
   </div>
   <div class='ocr_carea' id='block_1_20' title="bbox 2269 633 3853 704">
    <p class='ocr_par' dir='ltr' id='par_1_20' title="bbox 2269 633 3853 704">
     <span class='ocr_line' id='line_1_20' title="bbox 2269 633 3853 704; baseline 0 -14"><span class='ocrx_word' id='word_1_146' title='bbox 2269 644 2376 690; x_wconf 89' lang='lat' dir='ltr'><strong>tem</strong></span> <span class='ocrx_word' id='word_1_147' title='bbox 2401 644 2463 690; x_wconf 90' lang='lat' dir='ltr'><strong>ut</strong></span> <span class='ocrx_word' id='word_1_148' title='bbox 2506 635 2558 689; x_wconf 90' lang='lat' dir='ltr'><strong>in</strong></span> <span class='ocrx_word' id='word_1_149' title='bbox 2595 635 2898 690; x_wconf 90' lang='lat' dir='ltr'><strong>divinorum</strong></span> <span class='ocrx_word' id='word_1_150' title='bbox 2929 633 3258 688; x_wconf 87' lang='lat' dir='ltr'><strong>voluminum</strong></span> <span class='ocrx_word' id='word_1_151' title='bbox 3285 647 3512 687; x_wconf 88' lang='lat' dir='ltr'><strong>numero</strong></span> <span class='ocrx_word' id='word_1_152' title='bbox 3539 643 3853 704; x_wconf 79' lang='lat' dir='ltr'><strong>poneretur,</strong></span> 
     </span>
    </p>
   </div>
   <div class='ocr_carea' id='block_1_21' title="bbox 2267 729 3857 800">
    <p class='ocr_par' dir='ltr' id='par_1_21' title="bbox 2267 729 3857 800">
     <span class='ocr_line' id='line_1_21' title="bbox 2267 729 3857 800; baseline -0.001 -16"><span class='ocrx_word' id='word_1_153' title='bbox 2267 731 2409 800; x_wconf 92' lang='lat' dir='ltr'><strong>quod</strong></span> <span class='ocrx_word' id='word_1_154' title='bbox 2438 738 2604 784; x_wconf 90' lang='lat' dir='ltr'><strong>totam</strong></span> <span class='ocrx_word' id='word_1_155' title='bbox 2647 729 3068 800; x_wconf 88' lang='lat' dir='ltr'><strong>disputationem</strong></span> <span class='ocrx_word' id='word_1_156' title='bbox 3113 742 3265 782; x_wconf 89' lang='lat' dir='ltr'><strong>suam</strong></span> <span class='ocrx_word' id='word_1_157' title='bbox 3287 767 3302 793; x_wconf 94' lang='lat'><strong>,</strong></span> <span class='ocrx_word' id='word_1_158' title='bbox 3333 735 3388 780; x_wconf 91' lang='lat' dir='ltr'><strong>et</strong></span> <span class='ocrx_word' id='word_1_159' title='bbox 3411 741 3626 782; x_wconf 85' lang='lat' dir='ltr'><strong>onmem</strong></span> <span class='ocrx_word' id='word_1_160' title='bbox 3651 729 3857 783; x_wconf 88' lang='lat' dir='ltr'><strong>catalo-</strong></span> 
     </span>
    </p>
   </div>
   <div class='ocr_carea' id='block_1_22' title="bbox 2268 817 3858 894">
    <p class='ocr_par' dir='ltr' id='par_1_22' title="bbox 2268 817 3858 894">
     <span class='ocr_line' id='line_1_22' title="bbox 2268 817 3858 894; baseline -0.001 -19"><span class='ocrx_word' id='word_1_161' title='bbox 2268 839 2394 894; x_wconf 87' lang='lat' dir='ltr'><strong>gum</strong></span> <span class='ocrx_word' id='word_1_162' title='bbox 2421 822 2521 878; x_wconf 86' lang='lat' dir='ltr'><strong>sub</strong></span> <span class='ocrx_word' id='word_1_163' title='bbox 2564 823 2667 876; x_wconf 92' lang='lat' dir='ltr'><strong>hac</strong></span> <span class='ocrx_word' id='word_1_164' title='bbox 2720 819 3161 890; x_wconf 90' lang='lat' dir='ltr'><strong>recapitulatione</strong></span> <span class='ocrx_word' id='word_1_165' title='bbox 3189 817 3508 872; x_wconf 80' lang='lat' dir='ltr'><strong>brevissima</strong></span> <span class='ocrx_word' id='word_1_166' title='bbox 3541 828 3858 874; x_wconf 86' lang='lat' dir='ltr'><strong>coarctave-</strong></span> 
     </span>
    </p>
   </div>
   <div class='ocr_carea' id='block_1_23' title="bbox 2269 911 3854 978">
    <p class='ocr_par' dir='ltr' id='par_1_23' title="bbox 2269 911 3854 978">
     <span class='ocr_line' id='line_1_23' title="bbox 2269 911 3854 978; baseline -0.001 -10"><span class='ocrx_word' id='word_1_167' title='bbox 2269 915 2358 978; x_wconf 90' lang='lat' dir='ltr'><strong>rit,</strong></span> <span class='ocrx_word' id='word_1_168' title='bbox 2391 922 2446 968; x_wconf 91' lang='lat' dir='ltr'><strong>et</strong></span> <span class='ocrx_word' id='word_1_169' title='bbox 2472 913 2669 967; x_wconf 76' lang='lat' dir='ltr'><strong>dixerit</strong></span> <span class='ocrx_word' id='word_1_170' title='bbox 2695 953 2709 977; x_wconf 94' lang='lat'><strong>,</strong></span> <span class='ocrx_word' id='word_1_171' title='bbox 2754 926 2968 966; x_wconf 90' lang='lat' dir='ltr'><strong>omnem</strong></span> <span class='ocrx_word' id='word_1_172' title='bbox 3012 925 3321 965; x_wconf 88' lang='lat' dir='ltr'><strong>sermonum</strong></span> <span class='ocrx_word' id='word_1_173' title='bbox 3361 925 3580 964; x_wconf 87' lang='lat' dir='ltr'><strong>suorum</strong></span> <span class='ocrx_word' id='word_1_174' title='bbox 3613 911 3854 966; x_wconf 90' lang='lat' dir='ltr'><strong>auditum</strong></span> 
     </span>
    </p>
   </div>
   <div class='ocr_carea' id='block_1_24' title="bbox 2268 1001 3854 1074">
    <p class='ocr_par' dir='ltr' id='par_1_24' title="bbox 2268 1001 3854 1074">
     <span class='ocr_line' id='line_1_24' title="bbox 2268 1001 3854 1074; baseline -0.002 -14"><span class='ocrx_word' id='word_1_175' title='bbox 2268 1019 2388 1060; x_wconf 88' lang='lat' dir='ltr'><strong>esse</strong></span> <span class='ocrx_word' id='word_1_176' title='bbox 2413 1005 2874 1074; x_wconf 89' lang='lat' dir='ltr'><strong>promptissimum</strong></span> <span class='ocrx_word' id='word_1_177' title='bbox 2897 1044 2910 1065; x_wconf 93' lang='lat'><strong>,</strong></span> <span class='ocrx_word' id='word_1_178' title='bbox 2946 1017 3047 1057; x_wconf 90' lang='lat' dir='ltr'><strong>nec</strong></span> <span class='ocrx_word' id='word_1_179' title='bbox 3075 1001 3278 1071; x_wconf 89' lang='lat' dir='ltr'><strong>aliquid</strong></span> <span class='ocrx_word' id='word_1_180' title='bbox 3307 1003 3360 1056; x_wconf 91' lang='lat' dir='ltr'><strong>in</strong></span> <span class='ocrx_word' id='word_1_181' title='bbox 3392 1017 3451 1056; x_wconf 89' lang='lat' dir='ltr'><strong>se</strong></span> <span class='ocrx_word' id='word_1_182' title='bbox 3482 1001 3688 1058; x_wconf 88' lang='lat' dir='ltr'><strong>habere</strong></span> <span class='ocrx_word' id='word_1_183' title='bbox 3718 1003 3854 1058; x_wconf 81' lang='lat' dir='ltr'><strong>difﬁ-</strong></span> 
     </span>
    </p>
   </div>
   <div class='ocr_carea' id='block_1_25' title="bbox 2268 1091 3854 1164">
    <p class='ocr_par' dir='ltr' id='par_1_25' title="bbox 2268 1091 3854 1164">
     <span class='ocr_line' id='line_1_25' title="bbox 2268 1091 3854 1164; baseline -0.001 -14"><span class='ocrx_word' id='word_1_184' title='bbox 2268 1097 2390 1159; x_wconf 79' lang='lat' dir='ltr'><strong>cile.</strong></span> <span class='ocrx_word' id='word_1_185' title='bbox 2423 1104 2481 1151; x_wconf 92' lang='lat' dir='ltr'><strong>ut</strong></span> <span class='ocrx_word' id='word_1_186' title='bbox 2514 1096 2719 1150; x_wconf 86' lang='lat' dir='ltr'><strong>scilicet</strong></span> <span class='ocrx_word' id='word_1_187' title='bbox 2758 1095 2925 1149; x_wconf 90' lang='lat' dir='ltr'><strong>Deum</strong></span> <span class='ocrx_word' id='word_1_188' title='bbox 2970 1095 3292 1157; x_wconf 88' lang='lat' dir='ltr'><strong>timeamus,</strong></span> <span class='ocrx_word' id='word_1_189' title='bbox 3325 1101 3381 1147; x_wconf 91' lang='lat' dir='ltr'><strong>et</strong></span> <span class='ocrx_word' id='word_1_190' title='bbox 3427 1091 3546 1160; x_wconf 88' lang='lat' dir='ltr'><strong>ejus</strong></span> <span class='ocrx_word' id='word_1_191' title='bbox 3587 1106 3854 1164; x_wconf 67' lang='lat' dir='ltr'><strong>praecepta</strong></span> 
     </span>
    </p>
   </div>
   <div class='ocr_carea' id='block_1_26' title="bbox 2267 1184 3854 1250">
    <p class='ocr_par' dir='ltr' id='par_1_26' title="bbox 2267 1184 3854 1250">
     <span class='ocr_line' id='line_1_26' title="bbox 2267 1184 3854 1250; baseline -0.002 -9"><span class='ocrx_word' id='word_1_192' title='bbox 2267 1189 2550 1242; x_wconf 79' lang='lat' dir='ltr'><strong>faciamus.</strong></span> <span class='ocrx_word' id='word_1_193' title='bbox 2591 1187 2672 1241; x_wconf 86' lang='lat' dir='ltr'><strong>Ad</strong></span> <span class='ocrx_word' id='word_1_194' title='bbox 2720 1187 2821 1240; x_wconf 92' lang='lat' dir='ltr'><strong>hoc</strong></span> <span class='ocrx_word' id='word_1_195' title='bbox 2863 1186 3008 1240; x_wconf 92' lang='lat' dir='ltr'><strong>enim</strong></span> <span class='ocrx_word' id='word_1_196' title='bbox 3031 1199 3151 1240; x_wconf 89' lang='lat' dir='ltr'><strong>esse</strong></span> <span class='ocrx_word' id='word_1_197' title='bbox 3193 1184 3464 1239; x_wconf 85' lang='lat' dir='ltr'><strong>hominem</strong></span> <span class='ocrx_word' id='word_1_198' title='bbox 3509 1193 3754 1239; x_wconf 86' lang='lat' dir='ltr'><strong>creatum</strong></span> <span class='ocrx_word' id='word_1_199' title='bbox 3781 1195 3854 1250; x_wconf 87' lang='lat' dir='ltr'><strong>ut,</strong></span> 
     </span>
    </p>
   </div>
   <div class='ocr_carea' id='block_1_27' title="bbox 2267 1276 3853 1347">
    <p class='ocr_par' dir='ltr' id='par_1_27' title="bbox 2267 1276 3853 1347">
     <span class='ocr_line' id='line_1_27' title="bbox 2267 1276 3853 1347; baseline -0.001 -15"><span class='ocrx_word' id='word_1_200' title='bbox 2267 1277 2581 1333; x_wconf 88' lang='lat' dir='ltr'><strong>Creatorem</strong></span> <span class='ocrx_word' id='word_1_201' title='bbox 2613 1293 2770 1332; x_wconf 90' lang='lat' dir='ltr'><strong>suum</strong></span> <span class='ocrx_word' id='word_1_202' title='bbox 2801 1276 3124 1347; x_wconf 80' lang='lat' dir='ltr'><strong>intelligens,</strong></span> <span class='ocrx_word' id='word_1_203' title='bbox 3173 1283 3466 1330; x_wconf 87' lang='lat' dir='ltr'><strong>veneretur</strong></span> <span class='ocrx_word' id='word_1_204' title='bbox 3511 1290 3637 1331; x_wconf 89' lang='lat' dir='ltr'><strong>eum</strong></span> <span class='ocrx_word' id='word_1_205' title='bbox 3689 1286 3853 1343; x_wconf 89' lang='lat' dir='ltr'><strong>metu,</strong></span> 
     </span>
    </p>
   </div>
   <div class='ocr_carea' id='block_1_28' title="bbox 2267 1365 3854 1438">
    <p class='ocr_par' dir='ltr' id='par_1_28' title="bbox 2267 1365 3854 1438">
     <span class='ocr_line' id='line_1_28' title="bbox 2267 1365 3854 1438; baseline -0.001 -14"><span class='ocrx_word' id='word_1_206' title='bbox 2267 1378 2323 1424; x_wconf 91' lang='lat' dir='ltr'><strong>et</strong></span> <span class='ocrx_word' id='word_1_207' title='bbox 2347 1371 2589 1432; x_wconf 91' lang='lat' dir='ltr'><strong>honore,</strong></span> <span class='ocrx_word' id='word_1_208' title='bbox 2641 1377 2696 1423; x_wconf 90' lang='lat' dir='ltr'><strong>et</strong></span> <span class='ocrx_word' id='word_1_209' title='bbox 2739 1382 2905 1438; x_wconf 89' lang='lat' dir='ltr'><strong>opere</strong></span> <span class='ocrx_word' id='word_1_210' title='bbox 2948 1367 3349 1422; x_wconf 87' lang='lat' dir='ltr'><strong>mandatorum.</strong></span> <span class='ocrx_word' id='word_1_211' title='bbox 3408 1365 3690 1436; x_wconf 86' lang='lat' dir='ltr'><strong>Siquidem</strong></span> <span class='ocrx_word' id='word_1_212' title='bbox 3739 1382 3854 1422; x_wconf 85' lang='lat' dir='ltr'><strong>cum</strong></span> 
     </span>
    </p>
   </div>
   <div class='ocr_carea' id='block_1_29' title="bbox 2259 1461 3856 1534">
    <p class='ocr_par' dir='ltr' id='par_1_29' title="bbox 2259 1461 3856 1534">
     <span class='ocr_line' id='line_1_29' title="bbox 2259 1461 3856 1534; baseline -0.002 -15"><span class='ocrx_word' id='word_1_213' title='bbox 2259 1464 2447 1534; x_wconf 91' lang='lat' dir='ltr'><strong>judicii</strong></span> <span class='ocrx_word' id='word_1_214' title='bbox 2478 1473 2690 1534; x_wconf 89' lang='lat' dir='ltr'><strong>tempus</strong></span> <span class='ocrx_word' id='word_1_215' title='bbox 2721 1463 3038 1528; x_wconf 89' lang='lat' dir='ltr'><strong>advenerit,</strong></span> <span class='ocrx_word' id='word_1_216' title='bbox 3075 1461 3336 1532; x_wconf 89' lang='lat' dir='ltr'><strong>quidquid</strong></span> <span class='ocrx_word' id='word_1_217' title='bbox 3387 1476 3419 1515; x_wconf 90' lang='lat' dir='ltr'><strong>a</strong></span> <span class='ocrx_word' id='word_1_218' title='bbox 3461 1461 3618 1516; x_wconf 90' lang='lat' dir='ltr'><strong>nobis</strong></span> <span class='ocrx_word' id='word_1_219' title='bbox 3646 1469 3856 1532; x_wconf 86' lang='lat' dir='ltr'><strong>gestum</strong></span> 
     </span>
    </p>
   </div>
   <div class='ocr_carea' id='block_1_30' title="bbox 2266 1553 3854 1624">
    <p class='ocr_par' dir='ltr' id='par_1_30' title="bbox 2266 1553 3854 1624">
     <span class='ocr_line' id='line_1_30' title="bbox 2266 1553 3854 1624; baseline -0.001 -13"><span class='ocrx_word' id='word_1_220' title='bbox 2266 1565 2371 1621; x_wconf 92' lang='lat' dir='ltr'><strong>est,</strong></span> <span class='ocrx_word' id='word_1_221' title='bbox 2400 1564 2546 1610; x_wconf 91' lang='lat' dir='ltr'><strong>stare</strong></span> <span class='ocrx_word' id='word_1_222' title='bbox 2576 1555 2677 1608; x_wconf 87' lang='lat' dir='ltr'><strong>sub</strong></span> <span class='ocrx_word' id='word_1_223' title='bbox 2697 1553 2895 1624; x_wconf 86' lang='lat' dir='ltr'><strong>judice,</strong></span> <span class='ocrx_word' id='word_1_224' title='bbox 2923 1562 2979 1608; x_wconf 91' lang='lat' dir='ltr'><strong>et</strong></span> <span class='ocrx_word' id='word_1_225' title='bbox 2999 1553 3287 1623; x_wconf 89' lang='lat' dir='ltr'><strong>ancipitem</strong></span> <span class='ocrx_word' id='word_1_226' title='bbox 3309 1553 3523 1608; x_wconf 89' lang='lat' dir='ltr'><strong>Domini</strong></span> <span class='ocrx_word' id='word_1_227' title='bbox 3545 1561 3854 1623; x_wconf 84' lang='lat' dir='ltr'><strong>exspectare</strong></span> 
     </span>
    </p>
   </div>
   <div class='ocr_carea' id='block_1_31' title="bbox 2267 1644 3854 1714">
    <p class='ocr_par' dir='ltr' id='par_1_31' title="bbox 2267 1644 3854 1714">
     <span class='ocr_line' id='line_1_31' title="bbox 2267 1644 3854 1714; baseline -0.003 -13"><span class='ocrx_word' id='word_1_228' title='bbox 2267 1649 2593 1703; x_wconf 88' lang='lat' dir='ltr'><strong>sententiam</strong></span> <span class='ocrx_word' id='word_1_229' title='bbox 2619 1687 2634 1713; x_wconf 93' lang='lat'><strong>,</strong></span> <span class='ocrx_word' id='word_1_230' title='bbox 2677 1655 2734 1699; x_wconf 91' lang='lat' dir='ltr'><strong>et</strong></span> <span class='ocrx_word' id='word_1_231' title='bbox 2783 1659 3222 1714; x_wconf 88' lang='lat' dir='ltr'><strong>unumquemque</strong></span> <span class='ocrx_word' id='word_1_232' title='bbox 3270 1644 3512 1714; x_wconf 86' lang='lat' dir='ltr'><strong>recipere</strong></span> <span class='ocrx_word' id='word_1_233' title='bbox 3553 1658 3645 1714; x_wconf 90' lang='lat' dir='ltr'><strong>pro</strong></span> <span class='ocrx_word' id='word_1_234' title='bbox 3690 1658 3854 1714; x_wconf 86' lang='lat' dir='ltr'><strong>opere</strong></span> 
     </span>
    </p>
   </div>
   <div class='ocr_carea' id='block_1_32' title="bbox 2268 1733 3853 1807">
    <p class='ocr_par' dir='ltr' id='par_1_32' title="bbox 2268 1733 3853 1807">
     <span class='ocr_line' id='line_1_32' title="bbox 2268 1733 3853 1807; baseline -0.004 -13"><span class='ocrx_word' id='word_1_235' title='bbox 2268 1755 2387 1805; x_wconf 90' lang='lat' dir='ltr'><strong>suo,</strong></span> <span class='ocrx_word' id='word_1_236' title='bbox 2419 1739 2535 1793; x_wconf 88' lang='lat' dir='ltr'><strong>sive</strong></span> <span class='ocrx_word' id='word_1_237' title='bbox 2567 1737 2696 1792; x_wconf 88' lang='lat' dir='ltr'><strong>mali</strong></span> <span class='ocrx_word' id='word_1_238' title='bbox 2722 1737 2852 1807; x_wconf 92' lang='lat' dir='ltr'><strong>quid</strong></span> <span class='ocrx_word' id='word_1_239' title='bbox 2890 1735 3146 1807; x_wconf 77' lang='lat' dir='ltr'><strong>gesserit,</strong></span> <span class='ocrx_word' id='word_1_240' title='bbox 3178 1735 3290 1790; x_wconf 88' lang='lat' dir='ltr'><strong>sive</strong></span> <span class='ocrx_word' id='word_1_241' title='bbox 3310 1735 3459 1800; x_wconf 92' lang='lat' dir='ltr'><strong>boni,</strong></span> <span class='ocrx_word' id='word_1_242' title='bbox 3487 1733 3853 1803; x_wconf 65' lang='lat' dir='ltr'><strong>judiciitequi-</strong></span> 
     </span>
    </p>
   </div>
   <div class='ocr_carea' id='block_1_33' title="bbox 565 1825 2180 1913">
    <p class='ocr_par' dir='ltr' id='par_1_33' title="bbox 565 1841 2161 1913">
     <span class='ocr_line' id='line_1_33' title="bbox 565 1841 2161 1913; baseline 0.002 -18"><span class='ocrx_word' id='word_1_243' title='bbox 565 1841 1031 1910; x_wconf 85' lang='lat' dir='ltr'><strong>sequerevestigia</strong></span> <span class='ocrx_word' id='word_1_244' title='bbox 1054 1849 1109 1896; x_wconf 90' lang='lat' dir='ltr'><strong>et</strong></span> <span class='ocrx_word' id='word_1_245' title='bbox 1127 1842 1195 1896; x_wconf 91' lang='lat' dir='ltr'><strong>ab</strong></span> <span class='ocrx_word' id='word_1_246' title='bbox 1214 1858 1402 1896; x_wconf 87' lang='lat' dir='ltr'><strong>eorum</strong></span> <span class='ocrx_word' id='word_1_247' title='bbox 1431 1843 1755 1898; x_wconf 87' lang='lat' dir='ltr'><strong>auctoritate</strong></span> <span class='ocrx_word' id='word_1_248' title='bbox 1776 1860 1842 1898; x_wconf 90' lang='lat' dir='ltr'><strong>ne</strong></span> <span class='ocrx_word' id='word_1_249' title='bbox 1866 1844 2161 1913; x_wconf 87' lang='lat' dir='ltr'><strong>discrepes,</strong></span> 
     </span>
    </p>
   </div>
   <div class='ocr_carea' id='block_1_34' title="bbox 2268 1825 3222 1913">
    <p class='ocr_par' dir='ltr' id='par_1_34' title="bbox 2273 1831 3222 1904">
     <span class='ocr_line' id='line_1_34' title="bbox 2273 1831 3222 1904; baseline -0.005 -16"><span class='ocrx_word' id='word_1_250' title='bbox 2273 1842 2386 1888; x_wconf 91' lang='lat' dir='ltr'><strong>tate</strong></span> <span class='ocrx_word' id='word_1_251' title='bbox 2416 1846 2774 1904; x_wconf 88' lang='lat' dir='ltr'><strong>permansura</strong></span> <span class='ocrx_word' id='word_1_252' title='bbox 2803 1831 2856 1884; x_wconf 91' lang='lat' dir='ltr'><strong>in</strong></span> <span class='ocrx_word' id='word_1_253' title='bbox 2881 1838 3143 1884; x_wconf 76' lang='lat' dir='ltr'><strong>:eternum</strong></span> <span class='ocrx_word' id='word_1_254' title='bbox 3174 1841 3222 1882; x_wconf 74' lang='grc' dir='ltr'>ι.</span> 
     </span>
    </p>
   </div>
   <div class='ocr_carea' id='block_1_35' title="bbox 567 1925 2166 2004">
    <p class='ocr_par' dir='ltr' id='par_1_35' title="bbox 567 1925 2166 2004">
     <span class='ocr_line' id='line_1_35' title="bbox 567 1925 2166 2004; baseline 0.001 -17"><span class='ocrx_word' id='word_1_255' title='bbox 567 1933 806 2003; x_wconf 86' lang='lat' dir='ltr'><strong>alioquin</strong></span> <span class='ocrx_word' id='word_1_256' title='bbox 856 1933 1120 2004; x_wconf 66' lang='lat' dir='ltr'><strong>qurerenti</strong></span> <span class='ocrx_word' id='word_1_257' title='bbox 1141 1925 1344 1998; x_wconf 57' lang='lat' dir='ltr'><strong>multa;</strong></span> <span class='ocrx_word' id='word_1_258' title='bbox 1360 1933 1601 1989; x_wconf 89' lang='lat' dir='ltr'><strong>inﬁnitus</strong></span> <span class='ocrx_word' id='word_1_259' title='bbox 1623 1933 1883 1988; x_wconf 88' lang='lat' dir='ltr'><strong>librorum</strong></span> <span class='ocrx_word' id='word_1_260' title='bbox 1907 1948 2166 1988; x_wconf 89' lang='lat' dir='ltr'><strong>numerus</strong></span> 
     </span>
    </p>
   </div>
   <div class='ocr_carea' id='block_1_36' title="bbox 564 2026 2166 2096">
    <p class='ocr_par' dir='ltr' id='par_1_36' title="bbox 564 2026 2166 2096">
     <span class='ocr_line' id='line_1_36' title="bbox 564 2026 2166 2096; baseline -0.001 -17"><span class='ocrx_word' id='word_1_261' title='bbox 564 2034 850 2091; x_wconf 89' lang='lat' dir='ltr'><strong>occurret,</strong></span> <span class='ocrx_word' id='word_1_262' title='bbox 882 2026 975 2096; x_wconf 92' lang='lat' dir='ltr'><strong>qui</strong></span> <span class='ocrx_word' id='word_1_263' title='bbox 1017 2034 1068 2079; x_wconf 94' lang='lat' dir='ltr'><strong>te</strong></span> <span class='ocrx_word' id='word_1_264' title='bbox 1099 2026 1381 2096; x_wconf 89' lang='lat' dir='ltr'><strong>pertrahat</strong></span> <span class='ocrx_word' id='word_1_265' title='bbox 1429 2026 1496 2079; x_wconf 92' lang='lat' dir='ltr'><strong>ad</strong></span> <span class='ocrx_word' id='word_1_266' title='bbox 1543 2041 1786 2080; x_wconf 90' lang='lat' dir='ltr'><strong>errorem</strong></span> <span class='ocrx_word' id='word_1_267' title='bbox 1813 2034 1868 2081; x_wconf 92' lang='lat' dir='ltr'><strong>et</strong></span> <span class='ocrx_word' id='word_1_268' title='bbox 1899 2026 2166 2096; x_wconf 81' lang='lat' dir='ltr'><strong>legentem</strong></span> 
     </span>
    </p>
   </div>
   <div class='ocr_carea' id='block_1_37' title="bbox 565 2116 2166 2174">
    <p class='ocr_par' dir='ltr' id='par_1_37' title="bbox 565 2116 2166 2174">
     <span class='ocr_line' id='line_1_37' title="bbox 565 2116 2166 2174; baseline -0.001 -2"><span class='ocrx_word' id='word_1_269' title='bbox 565 2117 769 2174; x_wconf 81' lang='lat' dir='ltr'><strong>frustra</strong></span> <span class='ocrx_word' id='word_1_270' title='bbox 812 2117 975 2172; x_wconf 82' lang='lat' dir='ltr'><strong>faciat</strong></span> <span class='ocrx_word' id='word_1_271' title='bbox 1027 2117 1294 2172; x_wconf 83' lang='lat' dir='ltr'><strong>laborare.</strong></span> <span class='ocrx_word' id='word_1_272' title='bbox 1339 2117 1435 2172; x_wconf 77' lang='lat' dir='ltr'><strong>Vel</strong></span> <span class='ocrx_word' id='word_1_273' title='bbox 1487 2127 1634 2173; x_wconf 88' lang='lat' dir='ltr'><strong>certe</strong></span> <span class='ocrx_word' id='word_1_274' title='bbox 1681 2119 1837 2173; x_wconf 89' lang='lat' dir='ltr'><strong>docet</strong></span> <span class='ocrx_word' id='word_1_275' title='bbox 1881 2116 2166 2172; x_wconf 88' lang='lat' dir='ltr'><strong>brevitatis</strong></span> 
     </span>
    </p>
   </div>
   <div class='ocr_carea' id='block_1_38' title="bbox 563 2209 2164 2280">
    <p class='ocr_par' dir='ltr' id='par_1_38' title="bbox 563 2209 2164 2280">
     <span class='ocr_line' id='line_1_38' title="bbox 563 2209 2164 2280; baseline -0.002 -14"><span class='ocrx_word' id='word_1_276' title='bbox 563 2211 801 2266; x_wconf 84' lang='lat' dir='ltr'><strong>studium</strong></span> <span class='ocrx_word' id='word_1_277' title='bbox 829 2252 844 2277; x_wconf 92' lang='lat'><strong>,</strong></span> <span class='ocrx_word' id='word_1_278' title='bbox 894 2219 950 2264; x_wconf 90' lang='lat' dir='ltr'><strong>et</strong></span> <span class='ocrx_word' id='word_1_279' title='bbox 989 2225 1210 2266; x_wconf 90' lang='lat' dir='ltr'><strong>sensum</strong></span> <span class='ocrx_word' id='word_1_280' title='bbox 1265 2210 1438 2280; x_wconf 89' lang='lat' dir='ltr'><strong>magis</strong></span> <span class='ocrx_word' id='word_1_281' title='bbox 1482 2209 1798 2264; x_wconf 89' lang='lat' dir='ltr'><strong>sectandum</strong></span> <span class='ocrx_word' id='word_1_282' title='bbox 1849 2225 1971 2263; x_wconf 89' lang='lat' dir='ltr'><strong>esse</strong></span> <span class='ocrx_word' id='word_1_283' title='bbox 2001 2224 2164 2278; x_wconf 87' lang='lat' dir='ltr'><strong>quam</strong></span> 
     </span>
    </p>
   </div>
   <div class='ocr_carea' id='block_1_39' title="bbox 561 2300 2168 2373">
    <p class='ocr_par' dir='ltr' id='par_1_39' title="bbox 561 2300 2168 2373">
     <span class='ocr_line' id='line_1_39' title="bbox 561 2300 2168 2373; baseline 0 -17"><span class='ocrx_word' id='word_1_284' title='bbox 561 2303 729 2358; x_wconf 87' lang='lat' dir='ltr'><strong>verba</strong></span> <span class='ocrx_word' id='word_1_285' title='bbox 765 2303 1027 2357; x_wconf 89' lang='lat' dir='ltr'><strong>adversus</strong></span> <span class='ocrx_word' id='word_1_286' title='bbox 1054 2302 1401 2373; x_wconf 91' lang='lat' dir='ltr'><strong>philosophos</strong></span> <span class='ocrx_word' id='word_1_287' title='bbox 1429 2311 1484 2356; x_wconf 91' lang='lat' dir='ltr'><strong>et</strong></span> <span class='ocrx_word' id='word_1_288' title='bbox 1520 2302 1703 2356; x_wconf 68' lang='lat' dir='ltr'><strong>saeculi</strong></span> <span class='ocrx_word' id='word_1_289' title='bbox 1734 2300 1894 2370; x_wconf 87' lang='lat' dir='ltr'><strong>hujus</strong></span> <span class='ocrx_word' id='word_1_290' title='bbox 1924 2309 2168 2356; x_wconf 89' lang='lat' dir='ltr'><strong>rectores</strong></span> 
     </span>
    </p>
   </div>
   <div class='ocr_carea' id='block_1_40' title="bbox 565 2393 2168 2468">
    <p class='ocr_par' dir='ltr' id='par_1_40' title="bbox 565 2393 2168 2468">
     <span class='ocr_line' id='line_1_40' title="bbox 565 2393 2168 2468; baseline -0.001 -20"><span class='ocrx_word' id='word_1_291' title='bbox 565 2393 768 2468; x_wconf 83' lang='lat' dir='ltr'><strong>[Hier.,</strong></span> <span class='ocrx_word' id='word_1_292' title='bbox 801 2393 1113 2466; x_wconf 83' lang='lat' dir='ltr'><strong>doctores],</strong></span> <span class='ocrx_word' id='word_1_293' title='bbox 1166 2393 1257 2464; x_wconf 92' lang='lat' dir='ltr'><strong>qui</strong></span> <span class='ocrx_word' id='word_1_294' title='bbox 1291 2409 1515 2449; x_wconf 89' lang='lat' dir='ltr'><strong>suorum</strong></span> <span class='ocrx_word' id='word_1_295' title='bbox 1547 2394 1861 2465; x_wconf 84' lang='lat' dir='ltr'><strong>dogmatum</strong></span> <span class='ocrx_word' id='word_1_296' title='bbox 1900 2393 2168 2448; x_wconf 87' lang='lat' dir='ltr'><strong>falsitates</strong></span> 
     </span>
    </p>
   </div>
   <div class='ocr_carea' id='block_1_41' title="bbox 563 2485 2170 2544">
    <p class='ocr_par' dir='ltr' id='par_1_41' title="bbox 563 2485 2170 2544">
     <span class='ocr_line' id='line_1_41' title="bbox 563 2485 2170 2544; baseline -0.002 -1"><span class='ocrx_word' id='word_1_297' title='bbox 563 2496 834 2544; x_wconf 88' lang='lat' dir='ltr'><strong>conantur</strong></span> <span class='ocrx_word' id='word_1_298' title='bbox 859 2503 1108 2542; x_wconf 84' lang='lat' dir='ltr'><strong>asserere</strong></span> <span class='ocrx_word' id='word_1_299' title='bbox 1155 2487 1418 2541; x_wconf 86' lang='lat' dir='ltr'><strong>varietate</strong></span> <span class='ocrx_word' id='word_1_300' title='bbox 1467 2501 1531 2540; x_wconf 92' lang='lat' dir='ltr'><strong>ac</strong></span> <span class='ocrx_word' id='word_1_301' title='bbox 1579 2485 1918 2540; x_wconf 89' lang='lat' dir='ltr'><strong>multitudine</strong></span> <span class='ocrx_word' id='word_1_302' title='bbox 1958 2500 2170 2540; x_wconf 84' lang='lat' dir='ltr'><strong>sermo-</strong></span> 
     </span>
    </p>
   </div>
   <div class='ocr_carea' id='block_1_42' title="bbox 565 2574 2169 2646">
    <p class='ocr_par' dir='ltr' id='par_1_42' title="bbox 565 2574 2169 2646">
     <span class='ocr_line' id='line_1_42' title="bbox 565 2574 2169 2646; baseline -0.004 -12"><span class='ocrx_word' id='word_1_303' title='bbox 565 2594 717 2634; x_wconf 91' lang='lat' dir='ltr'><strong>num.</strong></span> <span class='ocrx_word' id='word_1_304' title='bbox 805 2578 873 2633; x_wconf 88' lang='lat' dir='ltr'><strong>Et</strong></span> <span class='ocrx_word' id='word_1_305' title='bbox 927 2584 1140 2642; x_wconf 89' lang='lat' dir='ltr'><strong>contra,</strong></span> <span class='ocrx_word' id='word_1_306' title='bbox 1194 2576 1477 2646; x_wconf 90' lang='lat' dir='ltr'><strong>Scriptura</strong></span> <span class='ocrx_word' id='word_1_307' title='bbox 1532 2575 1714 2630; x_wconf 88' lang='lat' dir='ltr'><strong>divina</strong></span> <span class='ocrx_word' id='word_1_308' title='bbox 1764 2575 1912 2630; x_wconf 88' lang='lat' dir='ltr'><strong>brevi</strong></span> <span class='ocrx_word' id='word_1_309' title='bbox 1963 2574 2169 2629; x_wconf 90' lang='lat' dir='ltr'><strong>circulo</strong></span> 
     </span>
    </p>
   </div>
   <div class='ocr_carea' id='block_1_43' title="bbox 565 2667 2170 2738">
    <p class='ocr_par' dir='ltr' id='par_1_43' title="bbox 565 2667 2170 2738">
     <span class='ocr_line' id='line_1_43' title="bbox 565 2667 2170 2738; baseline -0.005 -11"><span class='ocrx_word' id='word_1_310' title='bbox 565 2679 845 2727; x_wconf 89' lang='lat' dir='ltr'><strong>coarctata</strong></span> <span class='ocrx_word' id='word_1_311' title='bbox 874 2679 978 2734; x_wconf 92' lang='lat' dir='ltr'><strong>est,</strong></span> <span class='ocrx_word' id='word_1_312' title='bbox 1008 2678 1063 2723; x_wconf 90' lang='lat' dir='ltr'><strong>et</strong></span> <span class='ocrx_word' id='word_1_313' title='bbox 1091 2677 1351 2738; x_wconf 90' lang='lat' dir='ltr'><strong>quantum</strong></span> <span class='ocrx_word' id='word_1_314' title='bbox 1391 2667 1648 2721; x_wconf 90' lang='lat' dir='ltr'><strong>dilatatur</strong></span> <span class='ocrx_word' id='word_1_315' title='bbox 1676 2668 1729 2721; x_wconf 92' lang='lat' dir='ltr'><strong>in</strong></span> <span class='ocrx_word' id='word_1_316' title='bbox 1751 2667 2020 2730; x_wconf 90' lang='lat' dir='ltr'><strong>sensibus,</strong></span> <span class='ocrx_word' id='word_1_317' title='bbox 2048 2674 2170 2719; x_wconf 86' lang='lat' dir='ltr'><strong>tan-</strong></span> 
     </span>
    </p>
   </div>
   <div class='ocr_carea' id='block_1_44' title="bbox 561 2761 2169 2831">
    <p class='ocr_par' dir='ltr' id='par_1_44' title="bbox 561 2761 2169 2831">
     <span class='ocr_line' id='line_1_44' title="bbox 561 2761 2169 2831; baseline -0.006 -11"><span class='ocrx_word' id='word_1_318' title='bbox 561 2774 680 2821; x_wconf 88' lang='lat' dir='ltr'><strong>tum</strong></span> <span class='ocrx_word' id='word_1_319' title='bbox 726 2765 782 2818; x_wconf 92' lang='lat' dir='ltr'><strong>in</strong></span> <span class='ocrx_word' id='word_1_320' title='bbox 825 2777 1076 2818; x_wconf 88' lang='lat' dir='ltr'><strong>sermone</strong></span> <span class='ocrx_word' id='word_1_321' title='bbox 1105 2761 1526 2831; x_wconf 88' lang='lat' dir='ltr'><strong>constringitur,</strong></span> <span class='ocrx_word' id='word_1_322' title='bbox 1560 2761 1704 2830; x_wconf 91' lang='lat' dir='ltr'><strong>quod</strong></span> <span class='ocrx_word' id='word_1_323' title='bbox 1733 2769 2169 2814; x_wconf 88' lang='lat' dir='ltr'><strong>consummatum</strong></span> 
     </span>
    </p>
   </div>
   <div class='ocr_carea' id='block_1_45' title="bbox 559 2854 2170 2927">
    <p class='ocr_par' dir='ltr' id='par_1_45' title="bbox 559 2854 2170 2927">
     <span class='ocr_line' id='line_1_45' title="bbox 559 2854 2170 2927; baseline -0.006 -11"><span class='ocrx_word' id='word_1_324' title='bbox 559 2857 976 2927; x_wconf 83' lang='lat' dir='ltr'><strong>breviatumque</strong></span> <span class='ocrx_word' id='word_1_325' title='bbox 1028 2870 1333 2911; x_wconf 91' lang='lat' dir='ltr'><strong>sermonem</strong></span> <span class='ocrx_word' id='word_1_326' title='bbox 1379 2854 1544 2909; x_wconf 87' lang='lat' dir='ltr'><strong>faciat</strong></span> <span class='ocrx_word' id='word_1_327' title='bbox 1586 2855 1845 2908; x_wconf 87' lang='lat' dir='ltr'><strong>Dominus</strong></span> <span class='ocrx_word' id='word_1_328' title='bbox 1870 2869 2034 2923; x_wconf 89' lang='lat' dir='ltr'><strong>super</strong></span> <span class='ocrx_word' id='word_1_329' title='bbox 2063 2861 2170 2907; x_wconf 89' lang='lat' dir='ltr'><strong>ter-</strong></span> 
     </span>
    </p>
   </div>
   <div class='ocr_carea' id='block_1_46' title="bbox 562 2947 2169 3018">
    <p class='ocr_par' dir='ltr' id='par_1_46' title="bbox 562 2947 2169 3018">
     <span class='ocr_line' id='line_1_46' title="bbox 562 2947 2169 3018; baseline -0.004 -11"><span class='ocrx_word' id='word_1_330' title='bbox 562 2965 717 3017; x_wconf 87' lang='lat' dir='ltr'><strong>ram,</strong></span> <span class='ocrx_word' id='word_1_331' title='bbox 773 2959 830 3005; x_wconf 92' lang='lat' dir='ltr'><strong>et</strong></span> <span class='ocrx_word' id='word_1_332' title='bbox 867 2948 1092 3004; x_wconf 87' lang='lat' dir='ltr'><strong>verbum</strong></span> <span class='ocrx_word' id='word_1_333' title='bbox 1135 2947 1252 3018; x_wconf 83' lang='lat' dir='ltr'><strong>ejus</strong></span> <span class='ocrx_word' id='word_1_334' title='bbox 1291 2947 1449 3016; x_wconf 88' lang='lat' dir='ltr'><strong>juxta</strong></span> <span class='ocrx_word' id='word_1_335' title='bbox 1486 2957 1571 3003; x_wconf 90' lang='lat' dir='ltr'><strong>est</strong></span> <span class='ocrx_word' id='word_1_336' title='bbox 1607 2948 1660 3001; x_wconf 93' lang='lat' dir='ltr'><strong>in</strong></span> <span class='ocrx_word' id='word_1_337' title='bbox 1692 2963 1784 3002; x_wconf 87' lang='lat' dir='ltr'><strong>ore</strong></span> <span class='ocrx_word' id='word_1_338' title='bbox 1813 2955 2000 3002; x_wconf 90' lang='lat' dir='ltr'><strong>nostro</strong></span> <span class='ocrx_word' id='word_1_339' title='bbox 2034 2947 2169 3000; x_wconf 90' lang='lat' dir='ltr'><strong>etin</strong></span> 
     </span>
    </p>
   </div>
   <div class='ocr_carea' id='block_1_47' title="bbox 563 3037 2169 3109">
    <p class='ocr_par' dir='ltr' id='par_1_47' title="bbox 563 3037 2169 3109">
     <span class='ocr_line' id='line_1_47' title="bbox 563 3037 2169 3109; baseline -0.005 -9"><span class='ocrx_word' id='word_1_340' title='bbox 563 3042 733 3100; x_wconf 84' lang='lat' dir='ltr'><strong>corde</strong></span> <span class='ocrx_word' id='word_1_341' title='bbox 781 3049 971 3096; x_wconf 89' lang='lat' dir='ltr'><strong>nostro</strong></span> <span class='ocrx_word' id='word_1_342' title='bbox 1003 3039 1179 3109; x_wconf 84' lang='lat' dir='ltr'><strong>(Deut.</strong></span> <span class='ocrx_word' id='word_1_343' title='bbox 1212 3054 1342 3104; x_wconf 85' lang='lat' dir='ltr'><strong>xxx,</strong></span> <span class='ocrx_word' id='word_1_344' title='bbox 1377 3038 1486 3109; x_wconf 59' lang='lat' dir='ltr'><strong>lxi).</strong></span> <span class='ocrx_word' id='word_1_345' title='bbox 1545 3037 1699 3092; x_wconf 83' lang='lat' dir='ltr'><strong>llunc</strong></span> <span class='ocrx_word' id='word_1_346' title='bbox 1742 3038 1906 3108; x_wconf 79' lang='lat' dir='ltr'><strong>igitur</strong></span> <span class='ocrx_word' id='word_1_347' title='bbox 1945 3053 2169 3092; x_wconf 91' lang='lat' dir='ltr'><strong>sensum</strong></span> 
     </span>
    </p>
   </div>
   <div class='ocr_carea' id='block_1_48' title="bbox 563 3129 2170 3203">
    <p class='ocr_par' dir='ltr' id='par_1_48' title="bbox 563 3129 2170 3203">
     <span class='ocr_line' id='line_1_48' title="bbox 563 3129 2170 3203; baseline -0.004 -13"><span class='ocrx_word' id='word_1_348' title='bbox 563 3134 805 3190; x_wconf 86' lang='lat' dir='ltr'><strong>arbitror</strong></span> <span class='ocrx_word' id='word_1_349' title='bbox 831 3147 975 3188; x_wconf 92' lang='lat' dir='ltr'><strong>nunc</strong></span> <span class='ocrx_word' id='word_1_350' title='bbox 1008 3139 1354 3203; x_wconf 54' lang='lat' dir='ltr'><strong>praeceptum,</strong></span> <span class='ocrx_word' id='word_1_351' title='bbox 1382 3146 1450 3185; x_wconf 89' lang='lat' dir='ltr'><strong>ne</strong></span> <span class='ocrx_word' id='word_1_352' title='bbox 1470 3131 1655 3201; x_wconf 91' lang='lat' dir='ltr'><strong>plures</strong></span> <span class='ocrx_word' id='word_1_353' title='bbox 1672 3130 1795 3184; x_wconf 89' lang='lat' dir='ltr'><strong>libri</strong></span> <span class='ocrx_word' id='word_1_354' title='bbox 1821 3129 1954 3184; x_wconf 92' lang='lat' dir='ltr'><strong>ﬁant</strong></span> <span class='ocrx_word' id='word_1_355' title='bbox 1977 3147 1988 3183; x_wconf 94' lang='lat'>:</span> <span class='ocrx_word' id='word_1_356' title='bbox 2011 3129 2170 3200; x_wconf 88' lang='lat' dir='ltr'><strong>quid—</strong></span> 
     </span>
    </p>
   </div>
   <div class='ocr_carea' id='block_1_49' title="bbox 563 3224 2169 3297">
    <p class='ocr_par' dir='ltr' id='par_1_49' title="bbox 563 3224 2169 3297">
     <span class='ocr_line' id='line_1_49' title="bbox 563 3224 2169 3297; baseline -0.002 -15"><span class='ocrx_word' id='word_1_357' title='bbox 563 3228 695 3297; x_wconf 88' lang='lat' dir='ltr'><strong>quid</strong></span> <span class='ocrx_word' id='word_1_358' title='bbox 729 3227 873 3282; x_wconf 84' lang='lat' dir='ltr'><strong>enim</strong></span> <span class='ocrx_word' id='word_1_359' title='bbox 907 3227 1130 3291; x_wconf 76' lang='lat' dir='ltr'><strong>dixeris,</strong></span> <span class='ocrx_word' id='word_1_360' title='bbox 1165 3226 1214 3280; x_wconf 89' lang='lat' dir='ltr'><strong>si</strong></span> <span class='ocrx_word' id='word_1_361' title='bbox 1245 3225 1311 3279; x_wconf 91' lang='lat' dir='ltr'><strong>ad</strong></span> <span class='ocrx_word' id='word_1_362' title='bbox 1342 3241 1465 3280; x_wconf 90' lang='lat' dir='ltr'><strong>eum</strong></span> <span class='ocrx_word' id='word_1_363' title='bbox 1496 3224 1768 3280; x_wconf 83' lang='lat' dir='ltr'><strong>referatur</strong></span> <span class='ocrx_word' id='word_1_364' title='bbox 1803 3228 1894 3294; x_wconf 88' lang='lat' dir='ltr'><strong>qui</strong></span> <span class='ocrx_word' id='word_1_365' title='bbox 1937 3225 1991 3278; x_wconf 88' lang='lat' dir='ltr'><strong>in</strong></span> <span class='ocrx_word' id='word_1_366' title='bbox 2019 3225 2169 3295; x_wconf 88' lang='lat' dir='ltr'><strong>prin-</strong></span> 
     </span>
    </p>
   </div>
   <div class='ocr_carea' id='block_1_50' title="bbox 565 3315 2169 3391">
    <p class='ocr_par' dir='ltr' id='par_1_50' title="bbox 565 3315 2169 3391">
     <span class='ocr_line' id='line_1_50' title="bbox 565 3315 2169 3391; baseline -0.003 -16"><span class='ocrx_word' id='word_1_367' title='bbox 565 3320 704 3391; x_wconf 80' lang='lat' dir='ltr'><strong>cipio</strong></span> <span class='ocrx_word' id='word_1_368' title='bbox 732 3329 844 3372; x_wconf 85' lang='lat' dir='ltr'><strong>erat</strong></span> <span class='ocrx_word' id='word_1_369' title='bbox 881 3319 1101 3373; x_wconf 83' lang='lat' dir='ltr'><strong>Verbum</strong></span> <span class='ocrx_word' id='word_1_370' title='bbox 1131 3319 1271 3390; x_wconf 83' lang='lat' dir='ltr'><strong>apud</strong></span> <span class='ocrx_word' id='word_1_371' title='bbox 1313 3319 1482 3373; x_wconf 88' lang='lat' dir='ltr'><strong>Deum</strong></span> <span class='ocrx_word' id='word_1_372' title='bbox 1504 3359 1518 3382; x_wconf 92' lang='lat'><strong>,</strong></span> <span class='ocrx_word' id='word_1_373' title='bbox 1549 3328 1595 3372; x_wconf 89' lang='lat' dir='ltr'><strong>et</strong></span> <span class='ocrx_word' id='word_1_374' title='bbox 1621 3317 1763 3372; x_wconf 87' lang='lat' dir='ltr'><strong>Deus</strong></span> <span class='ocrx_word' id='word_1_375' title='bbox 1793 3327 1906 3371; x_wconf 86' lang='lat' dir='ltr'><strong>erat</strong></span> <span class='ocrx_word' id='word_1_376' title='bbox 1942 3315 2169 3371; x_wconf 84' lang='lat' dir='ltr'><strong>Verbum</strong></span> 
     </span>
    </p>
   </div>
   <div class='ocr_carea' id='block_1_51' title="bbox 547 3401 2171 3482">
    <p class='ocr_par' dir='ltr' id='par_1_51' title="bbox 547 3401 2171 3482">
     <span class='ocr_line' id='line_1_51' title="bbox 547 3401 2171 3482; baseline -0.001 -18"><span class='ocrx_word' id='word_1_377' title='bbox 547 3401 755 3482; x_wconf 29' lang='lat' dir='ltr'><strong>\(Ioan.</strong></span> <span class='ocrx_word' id='word_1_378' title='bbox 791 3425 831 3473; x_wconf 88' lang='grc' dir='ltr'>ι,</span> <span class='ocrx_word' id='word_1_379' title='bbox 875 3409 962 3478; x_wconf 83' lang='lat' dir='ltr'><strong>l);</strong></span> <span class='ocrx_word' id='word_1_380' title='bbox 992 3425 1158 3463; x_wconf 88' lang='lat' dir='ltr'><strong>unum</strong></span> <span class='ocrx_word' id='word_1_381' title='bbox 1201 3408 1454 3462; x_wconf 90' lang='lat' dir='ltr'><strong>volumen</strong></span> <span class='ocrx_word' id='word_1_382' title='bbox 1486 3417 1602 3473; x_wconf 88' lang='lat' dir='ltr'><strong>est,</strong></span> <span class='ocrx_word' id='word_1_383' title='bbox 1657 3407 2078 3462; x_wconf 88' lang='lat' dir='ltr'><strong>innumerabiles</strong></span> <span class='ocrx_word' id='word_1_384' title='bbox 2104 3407 2171 3462; x_wconf 89' lang='lat' dir='ltr'><strong>li-</strong></span> 
     </span>
    </p>
   </div>
   <div class='ocr_carea' id='block_1_52' title="bbox 563 3497 2169 3567">
    <p class='ocr_par' dir='ltr' id='par_1_52' title="bbox 563 3497 2169 3567">
     <span class='ocr_line' id='line_1_52' title="bbox 563 3497 2169 3567; baseline -0.002 -10"><span class='ocrx_word' id='word_1_385' title='bbox 563 3501 689 3566; x_wconf 87' lang='lat' dir='ltr'><strong>bri;</strong></span> <span class='ocrx_word' id='word_1_386' title='bbox 731 3515 839 3555; x_wconf 89' lang='lat' dir='ltr'><strong>una</strong></span> <span class='ocrx_word' id='word_1_387' title='bbox 867 3500 977 3564; x_wconf 91' lang='lat' dir='ltr'><strong>lex,</strong></span> <span class='ocrx_word' id='word_1_388' title='bbox 1007 3513 1174 3553; x_wconf 91' lang='lat' dir='ltr'><strong>unum</strong></span> <span class='ocrx_word' id='word_1_389' title='bbox 1205 3497 1558 3567; x_wconf 86' lang='lat' dir='ltr'><strong>Evangelium</strong></span> <span class='ocrx_word' id='word_1_390' title='bbox 1591 3499 1918 3552; x_wconf 89' lang='lat' dir='ltr'><strong>nominatur.</strong></span> <span class='ocrx_word' id='word_1_391' title='bbox 1947 3498 2101 3564; x_wconf 85' lang='lat' dir='ltr'><strong>Quod</strong></span> <span class='ocrx_word' id='word_1_392' title='bbox 2121 3498 2169 3553; x_wconf 89' lang='lat' dir='ltr'><strong>si</strong></span> 
     </span>
    </p>
   </div>
   <div class='ocr_carea' id='block_1_53' title="bbox 562 3587 2169 3657">
    <p class='ocr_par' dir='ltr' id='par_1_53' title="bbox 562 3587 2169 3657">
     <span class='ocr_line' id='line_1_53' title="bbox 562 3587 2169 3657; baseline -0.003 -11"><span class='ocrx_word' id='word_1_393' title='bbox 562 3591 778 3647; x_wconf 89' lang='lat' dir='ltr'><strong>diversa</strong></span> <span class='ocrx_word' id='word_1_394' title='bbox 831 3597 888 3643; x_wconf 90' lang='lat' dir='ltr'><strong>et</strong></span> <span class='ocrx_word' id='word_1_395' title='bbox 933 3587 1295 3657; x_wconf 87' lang='lat' dir='ltr'><strong>discrepantia</strong></span> <span class='ocrx_word' id='word_1_396' title='bbox 1327 3587 1719 3656; x_wconf 89' lang='lat' dir='ltr'><strong>disputaveris,</strong></span> <span class='ocrx_word' id='word_1_397' title='bbox 1772 3595 1827 3641; x_wconf 91' lang='lat' dir='ltr'><strong>et</strong></span> <span class='ocrx_word' id='word_1_398' title='bbox 1853 3587 2169 3642; x_wconf 90' lang='lat' dir='ltr'><strong>curiositate</strong></span> 
     </span>
    </p>
   </div>
   <div class='ocr_carea' id='block_1_54' title="bbox 565 3677 2166 3751">
    <p class='ocr_par' dir='ltr' id='par_1_54' title="bbox 565 3677 2166 3751">
     <span class='ocr_line' id='line_1_54' title="bbox 565 3677 2166 3751; baseline -0.003 -14"><span class='ocrx_word' id='word_1_399' title='bbox 565 3681 736 3738; x_wconf 89' lang='lat' dir='ltr'><strong>nimia</strong></span> <span class='ocrx_word' id='word_1_400' title='bbox 766 3682 875 3736; x_wconf 91' lang='lat' dir='ltr'><strong>huc</strong></span> <span class='ocrx_word' id='word_1_401' title='bbox 901 3689 1062 3750; x_wconf 83' lang='lat' dir='ltr'><strong>atque</strong></span> <span class='ocrx_word' id='word_1_402' title='bbox 1092 3679 1218 3734; x_wconf 91' lang='lat' dir='ltr'><strong>illuc</strong></span> <span class='ocrx_word' id='word_1_403' title='bbox 1249 3679 1489 3734; x_wconf 90' lang='lat' dir='ltr'><strong>animum</strong></span> <span class='ocrx_word' id='word_1_404' title='bbox 1514 3677 1803 3732; x_wconf 80' lang='lat' dir='ltr'><strong>adduxeris</strong></span> <span class='ocrx_word' id='word_1_405' title='bbox 1823 3718 1837 3743; x_wconf 94' lang='lat'><strong>,</strong></span> <span class='ocrx_word' id='word_1_406' title='bbox 1881 3687 1936 3734; x_wconf 93' lang='lat' dir='ltr'><strong>et</strong></span> <span class='ocrx_word' id='word_1_407' title='bbox 1962 3677 2166 3751; x_wconf 86' lang='lat' dir='ltr'><strong>[Hicr.,</strong></span> 
     </span>
    </p>
   </div>
   <div class='ocr_carea' id='block_1_55' title="bbox 564 3768 2168 3843">
    <p class='ocr_par' dir='ltr' id='par_1_55' title="bbox 564 3768 2168 3843">
     <span class='ocr_line' id='line_1_55' title="bbox 564 3768 2168 3843; baseline 0 -17"><span class='ocrx_word' id='word_1_408' title='bbox 564 3770 755 3843; x_wconf 88' lang='lat' dir='ltr'><strong>etiam]</strong></span> <span class='ocrx_word' id='word_1_409' title='bbox 813 3771 867 3825; x_wconf 92' lang='lat' dir='ltr'><strong>in</strong></span> <span class='ocrx_word' id='word_1_410' title='bbox 895 3785 1004 3824; x_wconf 92' lang='lat' dir='ltr'><strong>uno</strong></span> <span class='ocrx_word' id='word_1_411' title='bbox 1031 3769 1169 3824; x_wconf 91' lang='lat' dir='ltr'><strong>libro</strong></span> <span class='ocrx_word' id='word_1_412' title='bbox 1217 3769 1371 3824; x_wconf 89' lang='lat' dir='ltr'><strong>multi</strong></span> <span class='ocrx_word' id='word_1_413' title='bbox 1403 3768 1528 3824; x_wconf 88' lang='lat' dir='ltr'><strong>libri</strong></span> <span class='ocrx_word' id='word_1_414' title='bbox 1561 3779 1726 3834; x_wconf 89' lang='lat' dir='ltr'><strong>sunt,</strong></span> <span class='ocrx_word' id='word_1_415' title='bbox 1777 3769 1917 3824; x_wconf 90' lang='lat' dir='ltr'><strong>unde</strong></span> <span class='ocrx_word' id='word_1_416' title='bbox 1965 3771 2168 3826; x_wconf 91' lang='lat' dir='ltr'><strong>dictum</strong></span> 
     </span>
    </p>
   </div>
   <div class='ocr_carea' id='block_1_56' title="bbox 564 3859 2166 3935">
    <p class='ocr_par' dir='ltr' id='par_1_56' title="bbox 564 3859 2166 3935">
     <span class='ocr_line' id='line_1_56' title="bbox 564 3859 2166 3935; baseline 0 -17"><span class='ocrx_word' id='word_1_417' title='bbox 564 3870 698 3918; x_wconf 85' lang='lat' dir='ltr'><strong>est:</strong></span> <span class='ocrx_word' id='word_1_418' title='bbox 746 3861 830 3916; x_wconf 70' lang='lat' dir='ltr'><strong>Ex</strong></span> <span class='ocrx_word' id='word_1_419' title='bbox 874 3859 1208 3932; x_wconf 86' lang='lat' dir='ltr'><strong>multiloquio</strong></span> <span class='ocrx_word' id='word_1_420' title='bbox 1240 3878 1344 3916; x_wconf 87' lang='lat' dir='ltr'><strong>non</strong></span> <span class='ocrx_word' id='word_1_421' title='bbox 1399 3862 1616 3932; x_wconf 74' lang='lat' dir='ltr'><strong>eﬂugics</strong></span> <span class='ocrx_word' id='word_1_422' title='bbox 1661 3873 1931 3934; x_wconf 88' lang='lat' dir='ltr'><strong>peccatum</strong></span> <span class='ocrx_word' id='word_1_423' title='bbox 1981 3861 2166 3935; x_wconf 87' lang='lat' dir='ltr'><strong>(Prov.</strong></span> 
     </span>
    </p>
   </div>
   <div class='ocr_carea' id='block_1_57' title="bbox 563 3943 2169 4026">
    <p class='ocr_par' dir='ltr' id='par_1_57' title="bbox 563 3943 2169 4026">
     <span class='ocr_line' id='line_1_57' title="bbox 563 3943 2169 4026; baseline 0.001 -17"><span class='ocrx_word' id='word_1_424' title='bbox 563 3970 623 4021; x_wconf 70' lang='grc' dir='ltr'>ι,</span> <span class='ocrx_word' id='word_1_425' title='bbox 665 3953 778 4026; x_wconf 80' lang='lat' dir='ltr'><strong>l9).</strong></span> <span class='ocrx_word' id='word_1_426' title='bbox 822 3953 1044 4009; x_wconf 87' lang='lat' dir='ltr'><strong>Talibus</strong></span> <span class='ocrx_word' id='word_1_427' title='bbox 1092 3943 1258 4024; x_wconf 79' lang='lat' dir='ltr'><strong>igitur</strong></span> <span class='ocrx_word' id='word_1_428' title='bbox 1307 3952 1460 4008; x_wconf 91' lang='lat' dir='ltr'><strong>libris</strong></span> <span class='ocrx_word' id='word_1_429' title='bbox 1509 3969 1616 4009; x_wconf 93' lang='lat' dir='ltr'><strong>non</strong></span> <span class='ocrx_word' id='word_1_430' title='bbox 1647 3965 1732 4010; x_wconf 89' lang='lat' dir='ltr'><strong>est</strong></span> <span class='ocrx_word' id='word_1_431' title='bbox 1761 3956 1884 4010; x_wconf 88' lang='lat' dir='ltr'><strong>linis</strong></span> <span class='ocrx_word' id='word_1_432' title='bbox 1919 3975 1932 4010; x_wconf 90' lang='lat'>:</span> <span class='ocrx_word' id='word_1_433' title='bbox 1965 3956 2169 4012; x_wconf 91' lang='lat' dir='ltr'><strong>bonum</strong></span> 
     </span>
    </p>
   </div>
   <div class='ocr_carea' id='block_1_58' title="bbox 563 4043 2167 4114">
    <p class='ocr_par' dir='ltr' id='par_1_58' title="bbox 563 4043 2167 4114">
     <span class='ocr_line' id='line_1_58' title="bbox 563 4043 2167 4114; baseline 0.002 -13"><span class='ocrx_word' id='word_1_434' title='bbox 563 4045 712 4102; x_wconf 88' lang='lat' dir='ltr'><strong>enim</strong></span> <span class='ocrx_word' id='word_1_435' title='bbox 736 4054 791 4100; x_wconf 87' lang='lat' dir='ltr'><strong>et</strong></span> <span class='ocrx_word' id='word_1_436' title='bbox 809 4046 986 4100; x_wconf 89' lang='lat' dir='ltr'><strong>omnis</strong></span> <span class='ocrx_word' id='word_1_437' title='bbox 1018 4046 1223 4100; x_wconf 87' lang='lat' dir='ltr'><strong>veritas</strong></span> <span class='ocrx_word' id='word_1_438' title='bbox 1244 4053 1396 4100; x_wconf 91' lang='lat' dir='ltr'><strong>certo</strong></span> <span class='ocrx_word' id='word_1_439' title='bbox 1425 4043 1533 4101; x_wconf 92' lang='lat' dir='ltr'><strong>ﬁne</strong></span> <span class='ocrx_word' id='word_1_440' title='bbox 1562 4047 1924 4114; x_wconf 89' lang='lat' dir='ltr'><strong>concluditur,</strong></span> <span class='ocrx_word' id='word_1_441' title='bbox 1957 4049 2167 4104; x_wconf 84' lang='lat' dir='ltr'><strong>malitia</strong></span> 
     </span>
    </p>
   </div>
   <div class='ocr_carea' id='block_1_59' title="bbox 565 4135 2168 4210">
    <p class='ocr_par' dir='ltr' id='par_1_59' title="bbox 565 4135 2168 4210">
     <span class='ocr_line' id='line_1_59' title="bbox 565 4135 2168 4210; baseline 0.002 -18"><span class='ocrx_word' id='word_1_442' title='bbox 565 4145 730 4207; x_wconf 87' lang='lat' dir='ltr'><strong>atque</strong></span> <span class='ocrx_word' id='word_1_443' title='bbox 755 4137 1099 4192; x_wconf 84' lang='lat' dir='ltr'><strong>mendacium</strong></span> <span class='ocrx_word' id='word_1_444' title='bbox 1129 4137 1247 4192; x_wconf 89' lang='lat' dir='ltr'><strong>sine</strong></span> <span class='ocrx_word' id='word_1_445' title='bbox 1272 4135 1378 4192; x_wconf 92' lang='lat' dir='ltr'><strong>ﬁne</strong></span> <span class='ocrx_word' id='word_1_446' title='bbox 1407 4146 1566 4203; x_wconf 91' lang='lat' dir='ltr'><strong>sunt;</strong></span> <span class='ocrx_word' id='word_1_447' title='bbox 1606 4138 1728 4193; x_wconf 84' lang='lat' dir='ltr'><strong>talis</strong></span> <span class='ocrx_word' id='word_1_448' title='bbox 1757 4139 2023 4210; x_wconf 89' lang='lat' dir='ltr'><strong>siquidem</strong></span> <span class='ocrx_word' id='word_1_449' title='bbox 2051 4155 2168 4196; x_wconf 84' lang='lat' dir='ltr'><strong>me-</strong></span> 
     </span>
    </p>
   </div>
   <div class='ocr_carea' id='block_1_60' title="bbox 560 4230 2166 4301">
    <p class='ocr_par' dir='ltr' id='par_1_60' title="bbox 560 4230 2166 4301">
     <span class='ocr_line' id='line_1_60' title="bbox 560 4230 2166 4301; baseline 0.003 -15"><span class='ocrx_word' id='word_1_450' title='bbox 560 4231 753 4287; x_wconf 67' lang='lat' dir='ltr'><strong>ditatio</strong></span> <span class='ocrx_word' id='word_1_451' title='bbox 776 4232 958 4294; x_wconf 83' lang='lat' dir='ltr'><strong>carnis</strong></span> <span class='ocrx_word' id='word_1_452' title='bbox 978 4240 1064 4287; x_wconf 91' lang='lat' dir='ltr'><strong>est</strong></span> <span class='ocrx_word' id='word_1_453' title='bbox 1086 4230 1330 4296; x_wconf 78' lang='lat' dir='ltr'><strong>aﬂlictio,</strong></span> <span class='ocrx_word' id='word_1_454' title='bbox 1356 4232 1410 4286; x_wconf 92' lang='lat' dir='ltr'><strong>id</strong></span> <span class='ocrx_word' id='word_1_455' title='bbox 1437 4240 1523 4287; x_wconf 91' lang='lat' dir='ltr'><strong>est</strong></span> <span class='ocrx_word' id='word_1_456' title='bbox 1541 4234 1777 4289; x_wconf 89' lang='lat' dir='ltr'><strong>carnalis</strong></span> <span class='ocrx_word' id='word_1_457' title='bbox 1816 4250 2029 4301; x_wconf 88' lang='lat' dir='ltr'><strong>sensus,</strong></span> <span class='ocrx_word' id='word_1_458' title='bbox 2057 4243 2166 4291; x_wconf 77' lang='lat' dir='ltr'><strong>nun</strong></span> 
     </span>
    </p>
   </div>
   <div class='ocr_carea' id='block_1_61' title="bbox 559 4326 851 4398">
    <p class='ocr_par' dir='ltr' id='par_1_61' title="bbox 559 4326 851 4398">
     <span class='ocr_line' id='line_1_61' title="bbox 559 4326 851 4398; baseline -0.007 -16"><span class='ocrx_word' id='word_1_459' title='bbox 559 4326 827 4398; x_wconf 70' lang='lat' dir='ltr'><strong>spiritalis</strong></span> <span class='ocrx_word' id='word_1_460' title='bbox 838 4365 851 4380; x_wconf 95' lang='lat'><strong>.</strong></span> 
     </span>
    </p>
   </div>
   <div class='ocr_carea' id='block_1_62' title="bbox 635 4413 2170 4489">
    <p class='ocr_par' dir='ltr' id='par_1_62' title="bbox 635 4413 2170 4489">
     <span class='ocr_line' id='line_1_62' title="bbox 635 4413 2170 4489; baseline -0.001 -16"><span class='ocrx_word' id='word_1_461' title='bbox 635 4418 800 4474; x_wconf 76' lang='lat' dir='ltr'><strong>Vnus.</strong></span> <span class='ocrx_word' id='word_1_462' title='bbox 859 4417 948 4480; x_wconf 77' lang='grc'><strong>1⁸5,</strong></span> <span class='ocrx_word' id='word_1_463' title='bbox 999 4415 1182 4468; x_wconf 75' lang='lat' dir='ltr'><strong>M.—</strong></span> <span class='ocrx_word' id='word_1_464' title='bbox 1224 4413 1413 4469; x_wconf 85' lang='lat' dir='ltr'><strong>Finem</strong></span> <span class='ocrx_word' id='word_1_465' title='bbox 1453 4415 1696 4488; x_wconf 83' lang='lat' dir='ltr'><strong>loquendi</strong></span> <span class='ocrx_word' id='word_1_466' title='bbox 1747 4432 1921 4472; x_wconf 90' lang='lat' dir='ltr'><strong>omnes</strong></span> <span class='ocrx_word' id='word_1_467' title='bbox 1969 4419 2170 4489; x_wconf 85' lang='lat' dir='ltr'><strong>pariter</strong></span> 
     </span>
    </p>
   </div>
   <div class='ocr_carea' id='block_1_63' title="bbox 561 4509 2167 4580">
    <p class='ocr_par' dir='ltr' id='par_1_63' title="bbox 561 4509 2167 4580">
     <span class='ocr_line' id='line_1_63' title="bbox 561 4509 2167 4580; baseline 0.002 -16"><span class='ocrx_word' id='word_1_468' title='bbox 561 4509 845 4564; x_wconf 76' lang='lat' dir='ltr'><strong>audiamus</strong></span> <span class='ocrx_word' id='word_1_469' title='bbox 875 4526 891 4563; x_wconf 91' lang='lat'><strong><em>:</em></strong></span> <span class='ocrx_word' id='word_1_470' title='bbox 922 4509 1092 4562; x_wconf 88' lang='lat' dir='ltr'><strong>Deum</strong></span> <span class='ocrx_word' id='word_1_471' title='bbox 1114 4509 1258 4572; x_wconf 86' lang='lat' dir='ltr'><strong>time,</strong></span> <span class='ocrx_word' id='word_1_472' title='bbox 1287 4519 1334 4562; x_wconf 86' lang='lat' dir='ltr'><strong>et</strong></span> <span class='ocrx_word' id='word_1_473' title='bbox 1360 4510 1614 4564; x_wconf 85' lang='lat' dir='ltr'><strong>mandata</strong></span> <span class='ocrx_word' id='word_1_474' title='bbox 1647 4511 1762 4580; x_wconf 89' lang='lat' dir='ltr'><strong>ejus</strong></span> <span class='ocrx_word' id='word_1_475' title='bbox 1790 4512 2002 4566; x_wconf 86' lang='lat' dir='ltr'><strong>observa</strong></span> <span class='ocrx_word' id='word_1_476' title='bbox 2028 4528 2048 4566; x_wconf 90' lang='lat'><strong><em>:</em></strong></span> <span class='ocrx_word' id='word_1_477' title='bbox 2069 4513 2167 4567; x_wconf 83' lang='lat' dir='ltr'><strong>hoc</strong></span> 
     </span>
    </p>
   </div>
   <div class='ocr_carea' id='block_1_64' title="bbox 559 4601 2167 4672">
    <p class='ocr_par' dir='ltr' id='par_1_64' title="bbox 559 4601 2167 4672">
     <span class='ocr_line' id='line_1_64' title="bbox 559 4601 2167 4672; baseline 0.002 -16"><span class='ocrx_word' id='word_1_478' title='bbox 559 4609 638 4656; x_wconf 84' lang='lat' dir='ltr'><strong>est</strong></span> <span class='ocrx_word' id='word_1_479' title='bbox 668 4602 837 4655; x_wconf 88' lang='lat' dir='ltr'><strong>omnis</strong></span> <span class='ocrx_word' id='word_1_480' title='bbox 866 4601 1021 4655; x_wconf 86' lang='lat' dir='ltr'><strong>homo</strong></span> <span class='ocrx_word' id='word_1_481' title='bbox 1052 4616 1069 4654; x_wconf 92' lang='lat'><strong><em>:</em></strong></span> <span class='ocrx_word' id='word_1_482' title='bbox 1098 4610 1144 4656; x_wconf 84' lang='lat' dir='ltr'><strong>et</strong></span> <span class='ocrx_word' id='word_1_483' title='bbox 1168 4611 1356 4655; x_wconf 86' lang='lat' dir='ltr'><strong>cuncta</strong></span> <span class='ocrx_word' id='word_1_484' title='bbox 1393 4617 1511 4672; x_wconf 59' lang='lat' dir='ltr'><strong>qua!</strong></span> <span class='ocrx_word' id='word_1_485' title='bbox 1539 4601 1673 4670; x_wconf 81' lang='lat' dir='ltr'><strong>ﬁunt</strong></span> <span class='ocrx_word' id='word_1_486' title='bbox 1701 4602 1923 4656; x_wconf 79' lang='lat' dir='ltr'><strong>adducet</strong></span> <span class='ocrx_word' id='word_1_487' title='bbox 1945 4602 2088 4658; x_wconf 85' lang='lat' dir='ltr'><strong>Deus</strong></span> <span class='ocrx_word' id='word_1_488' title='bbox 2111 4605 2167 4659; x_wconf 88' lang='lat' dir='ltr'><strong>in</strong></span> 
     </span>
    </p>
   </div>
   <div class='ocr_carea' id='block_1_65' title="bbox 561 4693 2166 4764">
    <p class='ocr_par' dir='ltr' id='par_1_65' title="bbox 561 4693 2166 4764">
     <span class='ocr_line' id='line_1_65' title="bbox 561 4693 2166 4764; baseline 0.002 -17"><span class='ocrx_word' id='word_1_489' title='bbox 561 4693 821 4752; x_wconf 83' lang='lat' dir='ltr'><strong>iudicium</strong></span> <span class='ocrx_word' id='word_1_490' title='bbox 850 4709 944 4764; x_wconf 90' lang='lat' dir='ltr'><strong>pro</strong></span> <span class='ocrx_word' id='word_1_491' title='bbox 985 4695 1132 4747; x_wconf 86' lang='lat' dir='ltr'><strong>omni</strong></span> <span class='ocrx_word' id='word_1_492' title='bbox 1183 4704 1382 4759; x_wconf 90' lang='lat' dir='ltr'><strong>errato,</strong></span> <span class='ocrx_word' id='word_1_493' title='bbox 1429 4695 1536 4748; x_wconf 79' lang='lat' dir='ltr'><strong>sive</strong></span> <span class='ocrx_word' id='word_1_494' title='bbox 1582 4694 1790 4758; x_wconf 84' lang='lat' dir='ltr'><strong>bonum,</strong></span> <span class='ocrx_word' id='word_1_495' title='bbox 1840 4695 1945 4750; x_wconf 78' lang='lat' dir='ltr'><strong>sive</strong></span> <span class='ocrx_word' id='word_1_496' title='bbox 1967 4695 2166 4750; x_wconf 90' lang='lat' dir='ltr'><strong>malum</strong></span> 
     </span>
    </p>
   </div>
   <div class='ocr_carea' id='block_1_66' title="bbox 558 4785 2166 4861">
    <p class='ocr_par' dir='ltr' id='par_1_66' title="bbox 558 4785 2166 4861">
     <span class='ocr_line' id='line_1_66' title="bbox 558 4785 2166 4861; baseline 0.002 -19"><span class='ocrx_word' id='word_1_497' title='bbox 558 4788 650 4842; x_wconf 85' lang='lat' dir='ltr'><strong>sit.</strong></span> <span class='ocrx_word' id='word_1_498' title='bbox 690 4785 858 4842; x_wconf 82' lang='lat' dir='ltr'><strong>Aiunt</strong></span> <span class='ocrx_word' id='word_1_499' title='bbox 884 4786 1115 4852; x_wconf 66' lang='lat' dir='ltr'><strong>Hebraei,</strong></span> <span class='ocrx_word' id='word_1_500' title='bbox 1145 4802 1270 4843; x_wconf 92' lang='lat' dir='ltr'><strong>cum</strong></span> <span class='ocrx_word' id='word_1_501' title='bbox 1297 4789 1440 4844; x_wconf 92' lang='lat' dir='ltr'><strong>inter</strong></span> <span class='ocrx_word' id='word_1_502' title='bbox 1464 4797 1659 4844; x_wconf 82' lang='lat' dir='ltr'><strong>caetera</strong></span> <span class='ocrx_word' id='word_1_503' title='bbox 1686 4789 1887 4861; x_wconf 89' lang='lat' dir='ltr'><strong>scripta</strong></span> <span class='ocrx_word' id='word_1_504' title='bbox 1917 4788 2166 4846; x_wconf 89' lang='lat' dir='ltr'><strong>Salomo-</strong></span> 
     </span>
    </p>
   </div>
   <div class='ocr_carea' id='block_1_67' title="bbox 567 4878 2162 4958">
    <p class='ocr_par' dir='ltr' id='par_1_67' title="bbox 567 4878 2162 4958">
     <span class='ocr_line' id='line_1_67' title="bbox 567 4878 2162 4958; baseline 0.002 -24"><span class='ocrx_word' id='word_1_505' title='bbox 567 4878 662 4958; x_wconf 84' lang='lat' dir='ltr'><strong>nis</strong></span> <span class='ocrx_word' id='word_1_506' title='bbox 687 4893 808 4950; x_wconf 53' lang='lat' dir='ltr'><strong>quae</strong></span> <span class='ocrx_word' id='word_1_507' title='bbox 835 4878 1118 4949; x_wconf 90' lang='lat' dir='ltr'><strong>antiquata</strong></span> <span class='ocrx_word' id='word_1_508' title='bbox 1143 4889 1271 4935; x_wconf 90' lang='lat' dir='ltr'><strong>sunt</strong></span> <span class='ocrx_word' id='word_1_509' title='bbox 1299 4895 1400 4936; x_wconf 90' lang='lat' dir='ltr'><strong>nec</strong></span> <span class='ocrx_word' id='word_1_510' title='bbox 1439 4882 1492 4936; x_wconf 92' lang='lat' dir='ltr'><strong>in</strong></span> <span class='ocrx_word' id='word_1_511' title='bbox 1520 4881 1780 4936; x_wconf 90' lang='lat' dir='ltr'><strong>memoria</strong></span> <span class='ocrx_word' id='word_1_512' title='bbox 1811 4882 2162 4950; x_wconf 90' lang='lat' dir='ltr'><strong>duraverunt,</strong></span> 
     </span>
    </p>
   </div>
   <div class='ocr_carea' id='block_1_68' title="bbox 563 4969 2166 5044">
    <p class='ocr_par' dir='ltr' id='par_1_68' title="bbox 563 4969 2166 5044">
     <span class='ocr_line' id='line_1_68' title="bbox 563 4969 2166 5044; baseline 0.002 -17"><span class='ocrx_word' id='word_1_513' title='bbox 563 4979 622 5027; x_wconf 92' lang='lat' dir='ltr'><strong>et</strong></span> <span class='ocrx_word' id='word_1_514' title='bbox 648 4971 738 5027; x_wconf 91' lang='lat' dir='ltr'><strong>hic</strong></span> <span class='ocrx_word' id='word_1_515' title='bbox 775 4969 914 5026; x_wconf 88' lang='lat' dir='ltr'><strong>liber</strong></span> <span class='ocrx_word' id='word_1_516' title='bbox 957 4970 1349 5027; x_wconf 90' lang='lat' dir='ltr'><strong>oblitteraudus</strong></span> <span class='ocrx_word' id='word_1_517' title='bbox 1385 4972 1682 5039; x_wconf 88' lang='lat' dir='ltr'><strong>videretur,</strong></span> <span class='ocrx_word' id='word_1_518' title='bbox 1731 4987 1796 5028; x_wconf 92' lang='lat' dir='ltr'><strong>co</strong></span> <span class='ocrx_word' id='word_1_519' title='bbox 1824 4975 1964 5044; x_wconf 91' lang='lat' dir='ltr'><strong>quod</strong></span> <span class='ocrx_word' id='word_1_520' title='bbox 1995 4991 2166 5032; x_wconf 87' lang='lat' dir='ltr'><strong>vanas</strong></span> 
     </span>
    </p>
   </div>
   <div class='ocr_carea' id='block_1_69' title="bbox 561 5063 2161 5137">
    <p class='ocr_par' dir='ltr' id='par_1_69' title="bbox 561 5063 2161 5137">
     <span class='ocr_line' id='line_1_69' title="bbox 561 5063 2161 5137; baseline 0.001 -18"><span class='ocrx_word' id='word_1_521' title='bbox 561 5071 836 5119; x_wconf 81' lang='lat' dir='ltr'><strong>assereret</strong></span> <span class='ocrx_word' id='word_1_522' title='bbox 883 5063 979 5118; x_wconf 90' lang='lat' dir='ltr'><strong>Dei</strong></span> <span class='ocrx_word' id='word_1_523' title='bbox 1010 5075 1326 5131; x_wconf 88' lang='lat' dir='ltr'><strong>creaturas,</strong></span> <span class='ocrx_word' id='word_1_524' title='bbox 1368 5073 1425 5120; x_wconf 88' lang='lat' dir='ltr'><strong>et</strong></span> <span class='ocrx_word' id='word_1_525' title='bbox 1449 5073 1624 5121; x_wconf 87' lang='lat' dir='ltr'><strong>totum</strong></span> <span class='ocrx_word' id='word_1_526' title='bbox 1653 5078 1774 5121; x_wconf 90' lang='lat' dir='ltr'><strong>esse</strong></span> <span class='ocrx_word' id='word_1_527' title='bbox 1810 5079 1911 5137; x_wconf 91' lang='lat' dir='ltr'><strong>pro</strong></span> <span class='ocrx_word' id='word_1_528' title='bbox 1947 5064 2161 5133; x_wconf 89' lang='lat' dir='ltr'><strong>nihilo;</strong></span> 
     </span>
    </p>
   </div>
   <div class='ocr_carea' id='block_1_70' title="bbox 636 5227 2177 5310">
    <p class='ocr_par' dir='ltr' id='par_1_70' title="bbox 636 5227 2177 5310">
     <span class='ocr_line' id='line_1_70' title="bbox 636 5227 2177 5310; baseline 0.001 -14"><span class='ocrx_word' id='word_1_529' title='bbox 636 5255 662 5283; x_wconf 80' lang='grc' dir='ltr'><strong>ιι</strong></span> <span class='ocrx_word' id='word_1_530' title='bbox 702 5243 1164 5298; x_wconf 85' lang='lat' dir='ltr'><strong>Animadverterit</strong></span> <span class='ocrx_word' id='word_1_531' title='bbox 1186 5239 1357 5295; x_wconf 84' lang='lat' dir='ltr'><strong>lector</strong></span> <span class='ocrx_word' id='word_1_532' title='bbox 1378 5241 1624 5296; x_wconf 89' lang='lat' dir='ltr'><strong>eruditus</strong></span> <span class='ocrx_word' id='word_1_533' title='bbox 1645 5241 1788 5310; x_wconf 94' lang='lat' dir='ltr'><strong>quod</strong></span> <span class='ocrx_word' id='word_1_534' title='bbox 1810 5239 2068 5296; x_wconf 89' lang='lat' dir='ltr'><strong>Alcuinus</strong></span> <span class='ocrx_word' id='word_1_535' title='bbox 2103 5227 2177 5297; x_wconf 90' lang='lat' dir='ltr'><strong>in</strong></span> 
     </span>
    </p>
   </div>
   <div class='ocr_carea' id='block_1_71' title="bbox 563 5311 2158 5395">
    <p class='ocr_par' dir='ltr' id='par_1_71' title="bbox 563 5311 2158 5395">
     <span class='ocr_line' id='line_1_71' title="bbox 563 5311 2158 5395; baseline 0.001 -28"><span class='ocrx_word' id='word_1_536' title='bbox 563 5312 792 5395; x_wconf 43' lang='lat' dir='ltr'><strong>bac-sua</strong></span> <span class='ocrx_word' id='word_1_537' title='bbox 821 5311 1660 5395; x_wconf 42' lang='lat' dir='ltr'><strong>Expositionecom‘mentarium.</strong></span> <span class='ocrx_word' id='word_1_538' title='bbox 1678 5311 1736 5365; x_wconf 90' lang='lat' dir='ltr'><strong>S.</strong></span> <span class='ocrx_word' id='word_1_539' title='bbox 1765 5311 2080 5395; x_wconf 64' lang='lat' dir='ltr'><strong>Hieronymi</strong></span> <span class='ocrx_word' id='word_1_540' title='bbox 2103 5313 2158 5368; x_wconf 93' lang='lat' dir='ltr'><strong>in</strong></span> 
     </span>
    </p>
   </div>
   <div class='ocr_carea' id='block_1_72' title="bbox 563 5382 2160 5452">
    <p class='ocr_par' dir='ltr' id='par_1_72' title="bbox 563 5382 2160 5452">
     <span class='ocr_line' id='line_1_72' title="bbox 563 5382 2160 5452; baseline 0 -14"><span class='ocrx_word' id='word_1_541' title='bbox 563 5382 931 5441; x_wconf 79' lang='lat' dir='ltr'><strong>Ecclesiasten</strong></span> <span class='ocrx_word' id='word_1_542' title='bbox 979 5383 1092 5438; x_wconf 88' lang='lat' dir='ltr'><strong>fere</strong></span> <span class='ocrx_word' id='word_1_543' title='bbox 1119 5383 1188 5438; x_wconf 92' lang='lat' dir='ltr'><strong>ad</strong></span> <span class='ocrx_word' id='word_1_544' title='bbox 1211 5383 1438 5438; x_wconf 85' lang='lat' dir='ltr'><strong>verbum</strong></span> <span class='ocrx_word' id='word_1_545' title='bbox 1487 5382 1837 5452; x_wconf 88' lang='lat' dir='ltr'><strong>descripserit</strong></span> <span class='ocrx_word' id='word_1_546' title='bbox 1871 5392 1927 5437; x_wconf 87' lang='lat' dir='ltr'><strong>et</strong></span> <span class='ocrx_word' id='word_1_547' title='bbox 1966 5382 2020 5437; x_wconf 93' lang='lat' dir='ltr'><strong>in</strong></span> <span class='ocrx_word' id='word_1_548' title='bbox 2061 5399 2160 5439; x_wconf 88' lang='lat' dir='ltr'><strong>sua</strong></span> 
     </span>
    </p>
   </div>
   <div class='ocr_carea' id='block_1_73' title="bbox 565 5453 2162 5524">
    <p class='ocr_par' dir='ltr' id='par_1_73' title="bbox 565 5453 2162 5524">
     <span class='ocr_line' id='line_1_73' title="bbox 565 5453 2162 5524; baseline 0.002 -17"><span class='ocrx_word' id='word_1_549' title='bbox 565 5456 927 5520; x_wconf 88' lang='lat' dir='ltr'><strong>transtulerit,</strong></span> <span class='ocrx_word' id='word_1_550' title='bbox 961 5469 1082 5510; x_wconf 89' lang='lat' dir='ltr'><strong>raro</strong></span> <span class='ocrx_word' id='word_1_551' title='bbox 1110 5468 1239 5509; x_wconf 87' lang='lat' dir='ltr'><strong>vero</strong></span> <span class='ocrx_word' id='word_1_552' title='bbox 1267 5453 1557 5510; x_wconf 91' lang='lat' dir='ltr'><strong>admodum</strong></span> <span class='ocrx_word' id='word_1_553' title='bbox 1577 5453 1708 5524; x_wconf 83' lang='lat' dir='ltr'><strong>suis</strong></span> <span class='ocrx_word' id='word_1_554' title='bbox 1737 5454 1972 5524; x_wconf 90' lang='lat' dir='ltr'><strong>pr0priis</strong></span> <span class='ocrx_word' id='word_1_555' title='bbox 2000 5454 2162 5510; x_wconf 92' lang='lat' dir='ltr'><strong>lumi-</strong></span> 
     </span>
    </p>
   </div>
   <div class='ocr_carea' id='block_1_74' title="bbox 565 5523 2160 5594">
    <p class='ocr_par' dir='ltr' id='par_1_74' title="bbox 565 5523 2160 5594">
     <span class='ocr_line' id='line_1_74' title="bbox 565 5523 2160 5594; baseline 0.001 -16"><span class='ocrx_word' id='word_1_556' title='bbox 565 5525 725 5581; x_wconf 90' lang='lat' dir='ltr'><strong>nibus</strong></span> <span class='ocrx_word' id='word_1_557' title='bbox 754 5542 882 5582; x_wconf 89' lang='lat' dir='ltr'><strong>usus</strong></span> <span class='ocrx_word' id='word_1_558' title='bbox 911 5526 1089 5580; x_wconf 87' lang='lat' dir='ltr'><strong>fuerit.</strong></span> <span class='ocrx_word' id='word_1_559' title='bbox 1152 5525 1260 5580; x_wconf 89' lang='lat' dir='ltr'><strong>Sed</strong></span> <span class='ocrx_word' id='word_1_560' title='bbox 1303 5527 1391 5581; x_wconf 88' lang='lat' dir='ltr'><strong>hic</strong></span> <span class='ocrx_word' id='word_1_561' title='bbox 1419 5540 1535 5579; x_wconf 89' lang='lat' dir='ltr'><strong>mos</strong></span> <span class='ocrx_word' id='word_1_562' title='bbox 1564 5523 1666 5579; x_wconf 88' lang='lat' dir='ltr'><strong>fuit</strong></span> <span class='ocrx_word' id='word_1_563' title='bbox 1693 5523 1775 5579; x_wconf 80' lang='lat' dir='ltr'><strong>sui</strong></span> <span class='ocrx_word' id='word_1_564' title='bbox 1805 5523 1986 5580; x_wconf 70' lang='lat' dir='ltr'><strong>sfeculi</strong></span> <span class='ocrx_word' id='word_1_565' title='bbox 2004 5565 2019 5588; x_wconf 95' lang='lat'><strong>,</strong></span> <span class='ocrx_word' id='word_1_566' title='bbox 2051 5540 2160 5594; x_wconf 88' lang='lat' dir='ltr'><strong>quo</strong></span> 
     </span>
    </p>
   </div>
   <div class='ocr_carea' id='block_1_75' title="bbox 567 5596 2158 5667">
    <p class='ocr_par' dir='ltr' id='par_1_75' title="bbox 567 5596 2158 5667">
     <span class='ocr_line' id='line_1_75' title="bbox 567 5596 2158 5667; baseline 0 -17"><span class='ocrx_word' id='word_1_567' title='bbox 567 5597 804 5652; x_wconf 86' lang='lat' dir='ltr'><strong>studium</strong></span> <span class='ocrx_word' id='word_1_568' title='bbox 837 5612 1007 5652; x_wconf 68' lang='lat' dir='ltr'><strong>sacrae</strong></span> <span class='ocrx_word' id='word_1_569' title='bbox 1062 5596 1386 5667; x_wconf 70' lang='lat' dir='ltr'><strong>Scriptum,</strong></span> <span class='ocrx_word' id='word_1_570' title='bbox 1439 5605 1499 5650; x_wconf 92' lang='lat' dir='ltr'><strong>ut</strong></span> <span class='ocrx_word' id='word_1_571' title='bbox 1527 5596 1756 5650; x_wconf 90' lang='lat' dir='ltr'><strong>aliarum</strong></span> <span class='ocrx_word' id='word_1_572' title='bbox 1785 5597 2158 5667; x_wconf 89' lang='lat' dir='ltr'><strong>scientiarum,</strong></span> 
     </span>
    </p>
   </div>
   <div class='ocr_carea' id='block_1_76' title="bbox 569 5666 2158 5738">
    <p class='ocr_par' dir='ltr' id='par_1_76' title="bbox 569 5666 2158 5738">
     <span class='ocr_line' id='line_1_76' title="bbox 569 5666 2158 5738; baseline -0.001 -18"><span class='ocrx_word' id='word_1_573' title='bbox 569 5667 785 5738; x_wconf 81' lang='lat' dir='ltr'><strong>quidem</strong></span> <span class='ocrx_word' id='word_1_574' title='bbox 847 5667 1128 5723; x_wconf 81' lang='lat' dir='ltr'><strong>reformari</strong></span> <span class='ocrx_word' id='word_1_575' title='bbox 1183 5666 1381 5738; x_wconf 74' lang='lat' dir='ltr'><strong>erepit,</strong></span> <span class='ocrx_word' id='word_1_576' title='bbox 1440 5668 1678 5738; x_wconf 87' lang='lat' dir='ltr'><strong>nondum</strong></span> <span class='ocrx_word' id='word_1_577' title='bbox 1722 5675 1901 5721; x_wconf 90' lang='lat' dir='ltr'><strong>tamen</strong></span> <span class='ocrx_word' id='word_1_578' title='bbox 1931 5666 2158 5738; x_wconf 57' lang='lat' dir='ltr'><strong>adeam</strong></span> 
     </span>
    </p>
   </div>
   <div class='ocr_carea' id='block_1_77' title="bbox 567 5735 2161 5808">
    <p class='ocr_par' dir='ltr' id='par_1_77' title="bbox 567 5735 2161 5808">
     <span class='ocr_line' id='line_1_77' title="bbox 567 5735 2161 5808; baseline 0.003 -18"><span class='ocrx_word' id='word_1_579' title='bbox 567 5737 959 5806; x_wconf 83' lang='lat' dir='ltr'><strong>perfectionem</strong></span> <span class='ocrx_word' id='word_1_580' title='bbox 991 5735 1357 5808; x_wconf 59' lang='lat' dir='ltr'><strong>pervenit,&#39;ut</strong></span> <span class='ocrx_word' id='word_1_581' title='bbox 1383 5738 1484 5792; x_wconf 86' lang='lat' dir='ltr'><strong>viri</strong></span> <span class='ocrx_word' id='word_1_582' title='bbox 1525 5737 1700 5804; x_wconf 91' lang='lat' dir='ltr'><strong>docti,</strong></span> <span class='ocrx_word' id='word_1_583' title='bbox 1731 5739 1787 5792; x_wconf 91' lang='lat' dir='ltr'><strong>in</strong></span> <span class='ocrx_word' id='word_1_584' title='bbox 1818 5737 1989 5808; x_wconf 86' lang='lat' dir='ltr'><strong>sacris</strong></span> <span class='ocrx_word' id='word_1_585' title='bbox 2009 5735 2161 5794; x_wconf 86' lang='lat' dir='ltr'><strong>libris</strong></span> 
     </span>
    </p>
   </div>
   <div class='ocr_carea' id='block_1_78' title="bbox 569 5807 2159 5882">
    <p class='ocr_par' dir='ltr' id='par_1_78' title="bbox 569 5807 2159 5882">
     <span class='ocr_line' id='line_1_78' title="bbox 569 5807 2159 5882; baseline 0.004 -23"><span class='ocrx_word' id='word_1_586' title='bbox 569 5809 920 5878; x_wconf 84' lang='lat' dir='ltr'><strong>exponendis,</strong></span> <span class='ocrx_word' id='word_1_587' title='bbox 953 5807 1184 5880; x_wconf 74' lang='lat' dir='ltr'><strong>propriae</strong></span> <span class='ocrx_word' id='word_1_588' title='bbox 1210 5810 1452 5866; x_wconf 72' lang='lat' dir='ltr'><strong>scicntize</strong></span> <span class='ocrx_word' id='word_1_589' title='bbox 1487 5809 1644 5865; x_wconf 91' lang='lat' dir='ltr'><strong>facile</strong></span> <span class='ocrx_word' id='word_1_590' title='bbox 1673 5825 1732 5866; x_wconf 90' lang='lat' dir='ltr'><strong>se</strong></span> <span class='ocrx_word' id='word_1_591' title='bbox 1759 5807 2159 5882; x_wconf 84' lang='lat' dir='ltr'><strong>permitterent,</strong></span> 
     </span>
    </p>
   </div>
   <div class='ocr_carea' id='block_1_79' title="bbox 2441 1920 3678 1990">
    <p class='ocr_par' dir='ltr' id='par_1_79' title="bbox 2441 1920 3678 1990">
     <span class='ocr_line' id='line_1_79' title="bbox 2441 1920 3678 1990; baseline -0.003 -12"><span class='ocrx_word' id='word_1_592' title='bbox 2441 1923 2616 1978; x_wconf 83' lang='lat' dir='ltr'><strong>Albini</strong></span> <span class='ocrx_word' id='word_1_593' title='bbox 2640 1924 2696 1976; x_wconf 87' lang='lat' dir='ltr'><strong>in</strong></span> <span class='ocrx_word' id='word_1_594' title='bbox 2722 1921 3075 1976; x_wconf 80' lang='lat' dir='ltr'><strong>Ecclesiasten</strong></span> <span class='ocrx_word' id='word_1_595' title='bbox 3095 1920 3508 1975; x_wconf 86' lang='lat' dir='ltr'><strong>commentarioli</strong></span> <span class='ocrx_word' id='word_1_596' title='bbox 3529 1921 3678 1990; x_wconf 81' lang='lat' dir='ltr'><strong>ﬁnis.</strong></span> 
     </span>
    </p>
   </div>
   <div class='ocr_carea' id='block_1_80' title="bbox 2625 2035 3496 2094">
    <p class='ocr_par' dir='ltr' id='par_1_80' title="bbox 2625 2035 3496 2094">
     <span class='ocr_line' id='line_1_80' title="bbox 2625 2035 3496 2094; baseline -0.003 -1"><span class='ocrx_word' id='word_1_597' title='bbox 2625 2037 2937 2094; x_wconf 67' lang='lat' dir='ltr'><strong>EIUSDEM</strong></span> <span class='ocrx_word' id='word_1_598' title='bbox 2974 2037 3066 2091; x_wconf 92' lang='lat' dir='ltr'><strong>AD</strong></span> <span class='ocrx_word' id='word_1_599' title='bbox 3105 2035 3496 2093; x_wconf 79' lang='lat' dir='ltr'><strong>LECTOREM.</strong></span> 
     </span>
    </p>
   </div>
   <div class='ocr_carea' id='block_1_81' title="bbox 2267 2131 3486 2201">
    <p class='ocr_par' dir='ltr' id='par_1_81' title="bbox 2267 2131 3486 2201">
     <span class='ocr_line' id='line_1_81' title="bbox 2267 2131 3486 2201; baseline -0.002 -14"><span class='ocrx_word' id='word_1_600' title='bbox 2267 2132 2372 2188; x_wconf 81' lang='lat' dir='ltr'><strong>Iste</strong></span> <span class='ocrx_word' id='word_1_601' title='bbox 2401 2132 2538 2186; x_wconf 90' lang='lat' dir='ltr'><strong>liber</strong></span> <span class='ocrx_word' id='word_1_602' title='bbox 2563 2133 2716 2186; x_wconf 90' lang='lat' dir='ltr'><strong>vario</strong></span> <span class='ocrx_word' id='word_1_603' title='bbox 2751 2146 2940 2185; x_wconf 89' lang='lat' dir='ltr'><strong>sensus</strong></span> <span class='ocrx_word' id='word_1_604' title='bbox 2969 2145 3220 2186; x_wconf 88' lang='lat' dir='ltr'><strong>sermone</strong></span> <span class='ocrx_word' id='word_1_605' title='bbox 3254 2131 3486 2201; x_wconf 88' lang='lat' dir='ltr'><strong>patescit</strong></span> 
     </span>
    </p>
   </div>
   <div class='ocr_carea' id='block_1_82' title="bbox 2341 2223 3573 2294">
    <p class='ocr_par' dir='ltr' id='par_1_82' title="bbox 2341 2223 3573 2294">
     <span class='ocr_line' id='line_1_82' title="bbox 2341 2223 3573 2294; baseline 0.001 -17"><span class='ocrx_word' id='word_1_606' title='bbox 2341 2223 2595 2279; x_wconf 88' lang='lat' dir='ltr'><strong>Diversos</strong></span> <span class='ocrx_word' id='word_1_607' title='bbox 2619 2225 2920 2290; x_wconf 90' lang='lat' dir='ltr'><strong>hominum,</strong></span> <span class='ocrx_word' id='word_1_608' title='bbox 2945 2225 3072 2294; x_wconf 89' lang='lat' dir='ltr'><strong>quid</strong></span> <span class='ocrx_word' id='word_1_609' title='bbox 3096 2225 3312 2278; x_wconf 91' lang='lat' dir='ltr'><strong>cuinam</strong></span> <span class='ocrx_word' id='word_1_610' title='bbox 3341 2224 3573 2294; x_wconf 89' lang='lat' dir='ltr'><strong>placeat.</strong></span> 
     </span>
    </p>
   </div>
   <div class='ocr_carea' id='block_1_83' title="bbox 2270 2315 3765 2384">
    <p class='ocr_par' dir='ltr' id='par_1_83' title="bbox 2270 2315 3765 2384">
     <span class='ocr_line' id='line_1_83' title="bbox 2270 2315 3765 2384; baseline 0.003 -15"><span class='ocrx_word' id='word_1_611' title='bbox 2270 2315 2441 2382; x_wconf 86' lang='lat' dir='ltr'><strong>Quem</strong></span> <span class='ocrx_word' id='word_1_612' title='bbox 2472 2325 2618 2380; x_wconf 88' lang='lat' dir='ltr'><strong>tuus,</strong></span> <span class='ocrx_word' id='word_1_613' title='bbox 2645 2331 2678 2370; x_wconf 91' lang='grc' dir='ltr'><strong>ο</strong></span> <span class='ocrx_word' id='word_1_614' title='bbox 2697 2315 2913 2384; x_wconf 84' lang='lat' dir='ltr'><strong>juvenis</strong></span> <span class='ocrx_word' id='word_1_615' title='bbox 2939 2319 2952 2369; x_wconf 87' lang='lat' dir='ltr'><strong>l</strong></span> <span class='ocrx_word' id='word_1_616' title='bbox 2989 2324 3141 2370; x_wconf 89' lang='lat' dir='ltr'><strong>tanto</strong></span> <span class='ocrx_word' id='word_1_617' title='bbox 3171 2317 3542 2371; x_wconf 89' lang='lat' dir='ltr'><strong>moderamine</strong></span> <span class='ocrx_word' id='word_1_618' title='bbox 3572 2332 3765 2373; x_wconf 88' lang='lat' dir='ltr'><strong>sensus</strong></span> 
     </span>
    </p>
   </div>
   <div class='ocr_carea' id='block_1_84' title="bbox 2341 2406 3446 2479">
    <p class='ocr_par' dir='ltr' id='par_1_84' title="bbox 2341 2406 3446 2479">
     <span class='ocr_line' id='line_1_84' title="bbox 2341 2406 3446 2479; baseline -0.001 -18"><span class='ocrx_word' id='word_1_619' title='bbox 2341 2407 2610 2479; x_wconf 85' lang='lat' dir='ltr'><strong>Perlegat,</strong></span> <span class='ocrx_word' id='word_1_620' title='bbox 2641 2407 2859 2478; x_wconf 86' lang='lat' dir='ltr'><strong>Epicuri</strong></span> <span class='ocrx_word' id='word_1_621' title='bbox 2887 2421 2954 2460; x_wconf 91' lang='lat' dir='ltr'><strong>ne</strong></span> <span class='ocrx_word' id='word_1_622' title='bbox 2985 2416 3105 2461; x_wconf 89' lang='lat' dir='ltr'><strong>ruat</strong></span> <span class='ocrx_word' id='word_1_623' title='bbox 3131 2408 3183 2460; x_wconf 92' lang='lat' dir='ltr'><strong>in</strong></span> <span class='ocrx_word' id='word_1_624' title='bbox 3216 2406 3446 2462; x_wconf 90' lang='lat' dir='ltr'><strong>foveam.</strong></span> 
     </span>
    </p>
   </div>
   <div class='ocr_carea' id='block_1_85' title="bbox 2269 2500 3591 2572">
    <p class='ocr_par' dir='ltr' id='par_1_85' title="bbox 2269 2500 3591 2572">
     <span class='ocr_line' id='line_1_85' title="bbox 2269 2500 3591 2572; baseline 0 -18"><span class='ocrx_word' id='word_1_625' title='bbox 2269 2500 2496 2556; x_wconf 86' lang='lat' dir='ltr'><strong>Albinus</strong></span> <span class='ocrx_word' id='word_1_626' title='bbox 2520 2501 2744 2554; x_wconf 88' lang='lat' dir='ltr'><strong>Patrum</strong></span> <span class='ocrx_word' id='word_1_627' title='bbox 2767 2501 3022 2572; x_wconf 83' lang='lat' dir='ltr'><strong>gradiens</strong></span> <span class='ocrx_word' id='word_1_628' title='bbox 3046 2515 3143 2570; x_wconf 89' lang='lat' dir='ltr'><strong>per</strong></span> <span class='ocrx_word' id='word_1_629' title='bbox 3171 2509 3328 2570; x_wconf 90' lang='lat' dir='ltr'><strong>prata</strong></span> <span class='ocrx_word' id='word_1_630' title='bbox 3354 2501 3591 2570; x_wconf 91' lang='lat' dir='ltr'><strong>piorum,</strong></span> 
     </span>
    </p>
   </div>
   <div class='ocr_carea' id='block_1_86' title="bbox 2342 2592 3535 2663">
    <p class='ocr_par' dir='ltr' id='par_1_86' title="bbox 2342 2592 3535 2663">
     <span class='ocr_line' id='line_1_86' title="bbox 2342 2592 3535 2663; baseline -0.001 -16"><span class='ocrx_word' id='word_1_631' title='bbox 2342 2592 2605 2663; x_wconf 86' lang='lat' dir='ltr'><strong>Carperet</strong></span> <span class='ocrx_word' id='word_1_632' title='bbox 2625 2601 2685 2647; x_wconf 92' lang='lat' dir='ltr'><strong>ut</strong></span> <span class='ocrx_word' id='word_1_633' title='bbox 2705 2592 2884 2657; x_wconf 85' lang='lat' dir='ltr'><strong>ﬁeres,</strong></span> <span class='ocrx_word' id='word_1_634' title='bbox 2911 2608 3009 2663; x_wconf 89' lang='lat' dir='ltr'><strong>per</strong></span> <span class='ocrx_word' id='word_1_635' title='bbox 3036 2593 3124 2662; x_wconf 91' lang='lat' dir='ltr'><strong>pia</strong></span> <span class='ocrx_word' id='word_1_636' title='bbox 3155 2609 3280 2646; x_wconf 85' lang='lat' dir='ltr'><strong>rura</strong></span> <span class='ocrx_word' id='word_1_637' title='bbox 3309 2608 3494 2648; x_wconf 91' lang='lat' dir='ltr'><strong>sacros</strong></span> <span class='ocrx_word' id='word_1_638' title='bbox 3518 2633 3535 2659; x_wconf 90' lang='lat'><strong>,</strong></span> 
     </span>
    </p>
   </div>
   <div class='ocr_carea' id='block_1_87' title="bbox 2271 2683 3851 2758">
    <p class='ocr_par' dir='ltr' id='par_1_87' title="bbox 2271 2683 3851 2758">
     <span class='ocr_line' id='line_1_87' title="bbox 2271 2683 3851 2758; baseline 0.001 -18"><span class='ocrx_word' id='word_1_639' title='bbox 2271 2685 2500 2757; x_wconf 85' lang='lat' dir='ltr'><strong>Fingere</strong></span> <span class='ocrx_word' id='word_1_640' title='bbox 2547 2683 2665 2757; x_wconf 84' lang='lat' dir='ltr'><strong>[F.,</strong></span> <span class='ocrx_word' id='word_1_641' title='bbox 2695 2683 2944 2757; x_wconf 86' lang='lat' dir='ltr'><strong>Cingere]</strong></span> <span class='ocrx_word' id='word_1_642' title='bbox 2987 2695 3132 2740; x_wconf 89' lang='lat' dir='ltr'><strong>serta</strong></span> <span class='ocrx_word' id='word_1_643' title='bbox 3178 2686 3363 2742; x_wconf 84' lang='lat' dir='ltr'><strong>volens</strong></span> <span class='ocrx_word' id='word_1_644' title='bbox 3408 2701 3703 2758; x_wconf 87' lang='lat' dir='ltr'><strong>puerorum</strong></span> <span class='ocrx_word' id='word_1_645' title='bbox 3736 2699 3851 2742; x_wconf 85' lang='lat' dir='ltr'><strong>con-</strong></span> 
     </span>
    </p>
   </div>
   <div class='ocr_carea' id='block_1_88' title="bbox 3401 2777 3785 2850">
    <p class='ocr_par' dir='ltr' id='par_1_88' title="bbox 3401 2777 3785 2850">
     <span class='ocr_line' id='line_1_88' title="bbox 3401 2777 3785 2850; baseline 0.008 -18"><span class='ocrx_word' id='word_1_646' title='bbox 3401 2777 3559 2850; x_wconf 87' lang='lat' dir='ltr'><strong>[grua</strong></span> <span class='ocrx_word' id='word_1_647' title='bbox 3592 2777 3785 2847; x_wconf 78' lang='lat' dir='ltr'><strong>fronte,</strong></span> 
     </span>
    </p>
   </div>
   <div class='ocr_carea' id='block_1_89' title="bbox 2343 2867 3674 2940">
    <p class='ocr_par' dir='ltr' id='par_1_89' title="bbox 2343 2867 3674 2940">
     <span class='ocr_line' id='line_1_89' title="bbox 2343 2867 3674 2940; baseline -0.001 -17"><span class='ocrx_word' id='word_1_648' title='bbox 2343 2868 2582 2924; x_wconf 78' lang='lat' dir='ltr'><strong>Grandia</strong></span> <span class='ocrx_word' id='word_1_649' title='bbox 2607 2884 2838 2938; x_wconf 81' lang='lat' dir='ltr'><strong>quorum</strong></span> <span class='ocrx_word' id='word_1_650' title='bbox 2865 2876 2996 2924; x_wconf 66' lang='lat' dir='ltr'><strong>mtas</strong></span> <span class='ocrx_word' id='word_1_651' title='bbox 3020 2869 3263 2940; x_wconf 90' lang='lat' dir='ltr'><strong>pondera</strong></span> <span class='ocrx_word' id='word_1_652' title='bbox 3291 2867 3434 2924; x_wconf 88' lang='lat' dir='ltr'><strong>ferre</strong></span> <span class='ocrx_word' id='word_1_653' title='bbox 3464 2870 3674 2940; x_wconf 88' lang='lat' dir='ltr'><strong>nequit.</strong></span> 
     </span>
    </p>
   </div>
   <div class='ocr_carea' id='block_1_90' title="bbox 2271 2961 3744 3034">
    <p class='ocr_par' dir='ltr' id='par_1_90' title="bbox 2271 2961 3744 3034">
     <span class='ocr_line' id='line_1_90' title="bbox 2271 2961 3744 3034; baseline 0.001 -18"><span class='ocrx_word' id='word_1_654' title='bbox 2271 2961 2434 3034; x_wconf 64' lang='grc'><strong>447</strong></span> <span class='ocrx_word' id='word_1_655' title='bbox 2466 2962 2574 3016; x_wconf 87' lang='lat' dir='ltr'><strong>Has</strong></span> <span class='ocrx_word' id='word_1_656' title='bbox 2599 2977 2730 3033; x_wconf 85' lang='lat' dir='ltr'><strong>rogo</strong></span> <span class='ocrx_word' id='word_1_657' title='bbox 2760 2962 3027 3017; x_wconf 89' lang='lat' dir='ltr'><strong>litterulas</strong></span> <span class='ocrx_word' id='word_1_658' title='bbox 3065 2962 3237 3016; x_wconf 80' lang='lat' dir='ltr'><strong>nostri</strong></span> <span class='ocrx_word' id='word_1_659' title='bbox 3266 2961 3561 3033; x_wconf 90' lang='lat' dir='ltr'><strong>perdiscite</strong></span> <span class='ocrx_word' id='word_1_660' title='bbox 3589 2961 3705 3017; x_wconf 88' lang='lat' dir='ltr'><strong>nati</strong></span> <span class='ocrx_word' id='word_1_661' title='bbox 3727 3001 3744 3030; x_wconf 96' lang='lat'><strong>,</strong></span> 
     </span>
    </p>
   </div>
   <div class='ocr_carea' id='block_1_91' title="bbox 2346 3054 3382 3110">
    <p class='ocr_par' dir='ltr' id='par_1_91' title="bbox 2346 3054 3382 3110">
     <span class='ocr_line' id='line_1_91' title="bbox 2346 3054 3382 3110; baseline -0.001 -2"><span class='ocrx_word' id='word_1_662' title='bbox 2346 3055 2412 3108; x_wconf 89' lang='lat' dir='ltr'><strong>Et</strong></span> <span class='ocrx_word' id='word_1_663' title='bbox 2442 3063 2552 3108; x_wconf 90' lang='lat' dir='ltr'><strong>tota</strong></span> <span class='ocrx_word' id='word_1_664' title='bbox 2580 3062 2812 3109; x_wconf 66' lang='lat' dir='ltr'><strong>aeternos</strong></span> <span class='ocrx_word' id='word_1_665' title='bbox 2842 3062 3022 3110; x_wconf 90' lang='lat' dir='ltr'><strong>mente</strong></span> <span class='ocrx_word' id='word_1_666' title='bbox 3048 3061 3226 3110; x_wconf 89' lang='lat' dir='ltr'><strong>tenete</strong></span> <span class='ocrx_word' id='word_1_667' title='bbox 3248 3054 3382 3109; x_wconf 92' lang='lat' dir='ltr'><strong>dies.</strong></span> 
     </span>
    </p>
   </div>
   <div class='ocr_carea' id='block_1_92' title="bbox 2195 3145 3539 3250">
    <p class='ocr_par' dir='ltr' id='par_1_92' title="bbox 2195 3145 3539 3250">
     <span class='ocr_line' id='line_1_92' title="bbox 2195 3145 3539 3250; baseline -0.001 -48"><span class='ocrx_word' id='word_1_668' title='bbox 2195 3187 2244 3250; x_wconf 68' lang='grc' dir='ltr'>ο</span> <span class='ocrx_word' id='word_1_669' title='bbox 2275 3146 2466 3202; x_wconf 91' lang='lat' dir='ltr'><strong>Omnia</strong></span> <span class='ocrx_word' id='word_1_670' title='bbox 2493 3145 2634 3200; x_wconf 85' lang='lat' dir='ltr'><strong>ﬂuxa</strong></span> <span class='ocrx_word' id='word_1_671' title='bbox 2660 3146 2832 3200; x_wconf 90' lang='lat' dir='ltr'><strong>lluunt</strong></span> <span class='ocrx_word' id='word_1_672' title='bbox 2853 3146 3118 3201; x_wconf 91' lang='lat' dir='ltr'><strong>seclorum</strong></span> <span class='ocrx_word' id='word_1_673' title='bbox 3143 3145 3336 3217; x_wconf 91' lang='lat' dir='ltr'><strong>gaudia</strong></span> <span class='ocrx_word' id='word_1_674' title='bbox 3358 3145 3539 3218; x_wconf 85' lang='lat' dir='ltr'><strong>longe,</strong></span> 
     </span>
    </p>
   </div>
   <div class='ocr_carea' id='block_1_93' title="bbox 2349 3235 3586 3306">
    <p class='ocr_par' dir='ltr' id='par_1_93' title="bbox 2349 3235 3586 3306">
     <span class='ocr_line' id='line_1_93' title="bbox 2349 3235 3586 3306; baseline -0.002 -14"><span class='ocrx_word' id='word_1_675' title='bbox 2349 3237 2458 3292; x_wconf 85' lang='lat' dir='ltr'><strong>Nec</strong></span> <span class='ocrx_word' id='word_1_676' title='bbox 2485 3237 2714 3292; x_wconf 90' lang='lat' dir='ltr'><strong>redeunt</strong></span> <span class='ocrx_word' id='word_1_677' title='bbox 2740 3237 2955 3301; x_wconf 88' lang='lat' dir='ltr'><strong>iterum,</strong></span> <span class='ocrx_word' id='word_1_678' title='bbox 2984 3251 3136 3291; x_wconf 90' lang='lat' dir='ltr'><strong>more</strong></span> <span class='ocrx_word' id='word_1_679' title='bbox 3165 3235 3382 3291; x_wconf 86' lang='lat' dir='ltr'><strong>liuentis</strong></span> <span class='ocrx_word' id='word_1_680' title='bbox 3410 3251 3586 3306; x_wconf 71' lang='lat' dir='ltr'><strong>aquae.</strong></span> 
     </span>
    </p>
   </div>
   <div class='ocr_carea' id='block_1_94' title="bbox 2273 3328 3575 3392">
    <p class='ocr_par' dir='ltr' id='par_1_94' title="bbox 2273 3328 3575 3392">
     <span class='ocr_line' id='line_1_94' title="bbox 2273 3328 3575 3392; baseline -0.002 -8"><span class='ocrx_word' id='word_1_681' title='bbox 2273 3330 2502 3386; x_wconf 86' lang='lat' dir='ltr'><strong>Pectora</strong></span> <span class='ocrx_word' id='word_1_682' title='bbox 2536 3345 2636 3384; x_wconf 90' lang='lat' dir='ltr'><strong>nec</strong></span> <span class='ocrx_word' id='word_1_683' title='bbox 2665 3329 2889 3383; x_wconf 91' lang='lat' dir='ltr'><strong>nimium</strong></span> <span class='ocrx_word' id='word_1_684' title='bbox 2918 3329 3072 3383; x_wconf 90' lang='lat' dir='ltr'><strong>vanis</strong></span> <span class='ocrx_word' id='word_1_685' title='bbox 3098 3329 3350 3384; x_wconf 90' lang='lat' dir='ltr'><strong>incessite</strong></span> <span class='ocrx_word' id='word_1_686' title='bbox 3379 3328 3536 3384; x_wconf 89' lang='lat' dir='ltr'><strong>rebus</strong></span> <span class='ocrx_word' id='word_1_687' title='bbox 3559 3368 3575 3392; x_wconf 96' lang='lat'><strong>,</strong></span> 
     </span>
    </p>
   </div>
   <div class='ocr_carea' id='block_1_95' title="bbox 2348 3420 3398 3490">
    <p class='ocr_par' dir='ltr' id='par_1_95' title="bbox 2348 3420 3398 3490">
     <span class='ocr_line' id='line_1_95' title="bbox 2348 3420 3398 3490; baseline -0.001 -14"><span class='ocrx_word' id='word_1_688' title='bbox 2348 3421 2455 3477; x_wconf 91' lang='lat' dir='ltr'><strong>Sed</strong></span> <span class='ocrx_word' id='word_1_689' title='bbox 2478 3421 2796 3476; x_wconf 88' lang='lat' dir='ltr'><strong>conﬁrmate</strong></span> <span class='ocrx_word' id='word_1_690' title='bbox 2826 3436 3040 3490; x_wconf 90' lang='lat' dir='ltr'><strong>semper</strong></span> <span class='ocrx_word' id='word_1_691' title='bbox 3069 3436 3252 3476; x_wconf 90' lang='lat' dir='ltr'><strong>amore</strong></span> <span class='ocrx_word' id='word_1_692' title='bbox 3280 3420 3398 3476; x_wconf 92' lang='lat' dir='ltr'><strong>Dei.</strong></span> 
     </span>
    </p>
   </div>
   <div class='ocr_carea' id='block_1_96' title="bbox 2273 3512 3855 3583">
    <p class='ocr_par' dir='ltr' id='par_1_96' title="bbox 2273 3512 3855 3583">
     <span class='ocr_line' id='line_1_96' title="bbox 2273 3512 3855 3583; baseline -0.001 -15"><span class='ocrx_word' id='word_1_693' title='bbox 2273 3513 2420 3568; x_wconf 88' lang='lat' dir='ltr'><strong>Mors</strong></span> <span class='ocrx_word' id='word_1_694' title='bbox 2440 3521 2694 3583; x_wconf 89' lang='lat' dir='ltr'><strong>properat</strong></span> <span class='ocrx_word' id='word_1_695' title='bbox 2729 3513 2882 3567; x_wconf 90' lang='lat' dir='ltr'><strong>horis</strong></span> <span class='ocrx_word' id='word_1_696' title='bbox 2914 3527 3038 3567; x_wconf 83' lang='lat' dir='ltr'><strong>mox</strong></span> <span class='ocrx_word' id='word_1_697' title='bbox 3075 3512 3326 3567; x_wconf 87' lang='lat' dir='ltr'><strong>omnibus</strong></span> <span class='ocrx_word' id='word_1_698' title='bbox 3363 3520 3530 3583; x_wconf 85' lang='lat' dir='ltr'><strong>atque</strong></span> <span class='ocrx_word' id='word_1_699' title='bbox 3554 3517 3855 3579; x_wconf 60' lang='lat' dir='ltr'><strong>momen“,</strong></span> 
     </span>
    </p>
   </div>
   <div class='ocr_carea' id='block_1_97' title="bbox 2348 3604 3457 3678">
    <p class='ocr_par' dir='ltr' id='par_1_97' title="bbox 2348 3604 3457 3678">
     <span class='ocr_line' id='line_1_97' title="bbox 2348 3604 3457 3678; baseline -0.004 -15"><span class='ocrx_word' id='word_1_700' title='bbox 2348 3607 2421 3664; x_wconf 92' lang='lat' dir='ltr'><strong>Ut</strong></span> <span class='ocrx_word' id='word_1_701' title='bbox 2456 3608 2632 3678; x_wconf 87' lang='lat' dir='ltr'><strong>rapiat</strong></span> <span class='ocrx_word' id='word_1_702' title='bbox 2659 3616 2889 3673; x_wconf 90' lang='lat' dir='ltr'><strong>nosmet,</strong></span> <span class='ocrx_word' id='word_1_703' title='bbox 2917 3604 3118 3675; x_wconf 88' lang='lat' dir='ltr'><strong>judicis</strong></span> <span class='ocrx_word' id='word_1_704' title='bbox 3148 3608 3215 3662; x_wconf 89' lang='lat' dir='ltr'><strong>ad</strong></span> <span class='ocrx_word' id='word_1_705' title='bbox 3243 3605 3457 3662; x_wconf 89' lang='lat' dir='ltr'><strong>faciem.</strong></span> 
     </span>
    </p>
   </div>
   <div class='ocr_carea' id='block_1_98' title="bbox 2274 3698 3622 3771">
    <p class='ocr_par' dir='ltr' id='par_1_98' title="bbox 2274 3698 3622 3771">
     <span class='ocr_line' id='line_1_98' title="bbox 2274 3698 3622 3771; baseline -0.001 -14"><span class='ocrx_word' id='word_1_706' title='bbox 2274 3701 2393 3771; x_wconf 87' lang='lat' dir='ltr'><strong>Quo</strong></span> <span class='ocrx_word' id='word_1_707' title='bbox 2419 3709 2633 3758; x_wconf 90' lang='lat' dir='ltr'><strong>constat</strong></span> <span class='ocrx_word' id='word_1_708' title='bbox 2666 3701 2888 3768; x_wconf 87' lang='lat' dir='ltr'><strong>nostris,</strong></span> <span class='ocrx_word' id='word_1_709' title='bbox 2919 3708 3069 3756; x_wconf 89' lang='lat' dir='ltr'><strong>certo</strong></span> <span class='ocrx_word' id='word_1_710' title='bbox 3097 3700 3430 3766; x_wconf 90' lang='lat' dir='ltr'><strong>discrimine,</strong></span> <span class='ocrx_word' id='word_1_711' title='bbox 3463 3698 3622 3756; x_wconf 87' lang='lat' dir='ltr'><strong>factis</strong></span> 
     </span>
    </p>
   </div>
   <div class='ocr_carea' id='block_1_99' title="bbox 2346 3793 3452 3860">
    <p class='ocr_par' dir='ltr' id='par_1_99' title="bbox 2346 3793 3452 3860">
     <span class='ocr_line' id='line_1_99' title="bbox 2346 3793 3452 3860; baseline -0.005 -9"><span class='ocrx_word' id='word_1_712' title='bbox 2346 3794 2618 3852; x_wconf 72' lang='lat' dir='ltr'><strong>Iudicium</strong></span> <span class='ocrx_word' id='word_1_713' title='bbox 2643 3794 2874 3860; x_wconf 90' lang='lat' dir='ltr'><strong>cunctis,</strong></span> <span class='ocrx_word' id='word_1_714' title='bbox 2906 3803 2967 3848; x_wconf 91' lang='lat' dir='ltr'><strong>ut</strong></span> <span class='ocrx_word' id='word_1_715' title='bbox 2989 3793 3125 3849; x_wconf 90' lang='lat' dir='ltr'><strong>liber</strong></span> <span class='ocrx_word' id='word_1_716' title='bbox 3154 3793 3257 3848; x_wconf 91' lang='lat' dir='ltr'><strong>iste</strong></span> <span class='ocrx_word' id='word_1_717' title='bbox 3285 3793 3452 3848; x_wconf 89' lang='lat' dir='ltr'><strong>canit.</strong></span> 
     </span>
    </p>
   </div>
   <div class='ocr_carea' id='block_1_100' title="bbox 2275 3882 3792 3956">
    <p class='ocr_par' dir='ltr' id='par_1_100' title="bbox 2275 3882 3792 3956">
     <span class='ocr_line' id='line_1_100' title="bbox 2275 3882 3792 3956; baseline -0.002 -14"><span class='ocrx_word' id='word_1_718' title='bbox 2275 3885 2429 3954; x_wconf 85' lang='lat' dir='ltr'><strong>Quod</strong></span> <span class='ocrx_word' id='word_1_719' title='bbox 2454 3887 2642 3942; x_wconf 90' lang='lat' dir='ltr'><strong>timeat</strong></span> <span class='ocrx_word' id='word_1_720' title='bbox 2669 3885 2838 3951; x_wconf 90' lang='lat' dir='ltr'><strong>dives,</strong></span> <span class='ocrx_word' id='word_1_721' title='bbox 2870 3899 3093 3956; x_wconf 90' lang='lat' dir='ltr'><strong>pauper,</strong></span> <span class='ocrx_word' id='word_1_722' title='bbox 3121 3882 3462 3953; x_wconf 88' lang='lat' dir='ltr'><strong>juvenisque,</strong></span> <span class='ocrx_word' id='word_1_723' title='bbox 3499 3893 3792 3956; x_wconf 70' lang='lat' dir='ltr'><strong>senexque,</strong></span> 
     </span>
    </p>
   </div>
   <div class='ocr_carea' id='block_1_101' title="bbox 2346 3976 3626 4050">
    <p class='ocr_par' dir='ltr' id='par_1_101' title="bbox 2346 3976 3626 4050">
     <span class='ocr_line' id='line_1_101' title="bbox 2346 3976 3626 4050; baseline -0.002 -16"><span class='ocrx_word' id='word_1_724' title='bbox 2346 3979 2483 4035; x_wconf 87' lang='lat' dir='ltr'><strong>Tum</strong></span> <span class='ocrx_word' id='word_1_725' title='bbox 2512 3979 2704 4050; x_wconf 88' lang='lat' dir='ltr'><strong>recipit</strong></span> <span class='ocrx_word' id='word_1_726' title='bbox 2732 3979 2942 4034; x_wconf 89' lang='lat' dir='ltr'><strong>meritis</strong></span> <span class='ocrx_word' id='word_1_727' title='bbox 2976 3977 3197 4048; x_wconf 64' lang='lat' dir='ltr'><strong>prtemia</strong></span> <span class='ocrx_word' id='word_1_728' title='bbox 3221 3977 3451 4047; x_wconf 89' lang='lat' dir='ltr'><strong>quisque</strong></span> <span class='ocrx_word' id='word_1_729' title='bbox 3485 3976 3626 4043; x_wconf 86' lang='lat' dir='ltr'><strong>suis,</strong></span> 
     </span>
    </p>
   </div>
   <div class='ocr_carea' id='block_1_102' title="bbox 2274 4068 3570 4142">
    <p class='ocr_par' dir='ltr' id='par_1_102' title="bbox 2274 4068 3570 4142">
     <span class='ocr_line' id='line_1_102' title="bbox 2274 4068 3570 4142; baseline -0.002 -16"><span class='ocrx_word' id='word_1_730' title='bbox 2274 4071 2507 4127; x_wconf 64' lang='lat' dir='ltr'><strong>Prtemia</strong></span> <span class='ocrx_word' id='word_1_731' title='bbox 2534 4071 2808 4142; x_wconf 90' lang='lat' dir='ltr'><strong>perpetuis</strong></span> <span class='ocrx_word' id='word_1_732' title='bbox 2837 4085 3052 4140; x_wconf 88' lang='lat' dir='ltr'><strong>semper</strong></span> <span class='ocrx_word' id='word_1_733' title='bbox 3076 4084 3333 4124; x_wconf 90' lang='lat' dir='ltr'><strong>mansura</strong></span> <span class='ocrx_word' id='word_1_734' title='bbox 3356 4068 3570 4124; x_wconf 88' lang='lat' dir='ltr'><strong>diebus.</strong></span> 
     </span>
    </p>
   </div>
   <div class='ocr_carea' id='block_1_103' title="bbox 2347 4154 3853 4233">
    <p class='ocr_par' dir='ltr' id='par_1_103' title="bbox 2347 4154 3853 4233">
     <span class='ocr_line' id='line_1_103' title="bbox 2347 4154 3853 4233; baseline -0.005 -13"><span class='ocrx_word' id='word_1_735' title='bbox 2347 4164 2469 4220; x_wconf 79' lang='lat' dir='ltr'><strong>Mox</strong></span> <span class='ocrx_word' id='word_1_736' title='bbox 2491 4165 2633 4220; x_wconf 89' lang='lat' dir='ltr'><strong>bona</strong></span> <span class='ocrx_word' id='word_1_737' title='bbox 2649 4163 2879 4233; x_wconf 88' lang='lat' dir='ltr'><strong>quisque</strong></span> <span class='ocrx_word' id='word_1_738' title='bbox 2891 4163 3086 4227; x_wconf 93' lang='lat' dir='ltr'><strong>bonus,</strong></span> <span class='ocrx_word' id='word_1_739' title='bbox 3103 4175 3229 4216; x_wconf 86' lang='lat' dir='ltr'><strong>mox</strong></span> <span class='ocrx_word' id='word_1_740' title='bbox 3251 4159 3392 4214; x_wconf 84' lang='lat' dir='ltr'><strong>mala</strong></span> <span class='ocrx_word' id='word_1_741' title='bbox 3407 4160 3645 4230; x_wconf 86' lang='lat' dir='ltr'><strong>quisque</strong></span> <span class='ocrx_word' id='word_1_742' title='bbox 3663 4154 3853 4216; x_wconf 70' lang='lat' dir='ltr'><strong>malm:</strong></span> 
     </span>
    </p>
   </div>
   <div class='ocr_carea' id='block_1_104' title="bbox 2272 4251 3705 4327">
    <p class='ocr_par' dir='ltr' id='par_1_104' title="bbox 2272 4251 3705 4327">
     <span class='ocr_line' id='line_1_104' title="bbox 2272 4251 3705 4327; baseline -0.003 -16"><span class='ocrx_word' id='word_1_743' title='bbox 2272 4256 2476 4327; x_wconf 83' lang='lat' dir='ltr'><strong>Impius</strong></span> <span class='ocrx_word' id='word_1_744' title='bbox 2497 4256 2552 4310; x_wconf 89' lang='lat' dir='ltr'><strong>in</strong></span> <span class='ocrx_word' id='word_1_745' title='bbox 2583 4253 2835 4310; x_wconf 90' lang='lat' dir='ltr'><strong>tenebras</strong></span> <span class='ocrx_word' id='word_1_746' title='bbox 2862 4269 2986 4309; x_wconf 92' lang='lat' dir='ltr'><strong>cum</strong></span> <span class='ocrx_word' id='word_1_747' title='bbox 3014 4253 3258 4308; x_wconf 80' lang='lat' dir='ltr'><strong>daemone</strong></span> <span class='ocrx_word' id='word_1_748' title='bbox 3282 4251 3504 4322; x_wconf 88' lang='lat' dir='ltr'><strong>pellitur</strong></span> <span class='ocrx_word' id='word_1_749' title='bbox 3525 4259 3705 4319; x_wconf 88' lang='lat' dir='ltr'><strong>atras,</strong></span> 
     </span>
    </p>
   </div>
   <div class='ocr_carea' id='block_1_105' title="bbox 2345 4343 3576 4419">
    <p class='ocr_par' dir='ltr' id='par_1_105' title="bbox 2345 4343 3576 4419">
     <span class='ocr_line' id='line_1_105' title="bbox 2345 4343 3576 4419; baseline -0.003 -14"><span class='ocrx_word' id='word_1_750' title='bbox 2345 4349 2480 4405; x_wconf 88' lang='lat' dir='ltr'><strong>Cum</strong></span> <span class='ocrx_word' id='word_1_751' title='bbox 2510 4348 2729 4404; x_wconf 91' lang='lat' dir='ltr'><strong>Christo</strong></span> <span class='ocrx_word' id='word_1_752' title='bbox 2757 4356 2948 4419; x_wconf 88' lang='lat' dir='ltr'><strong>regnat</strong></span> <span class='ocrx_word' id='word_1_753' title='bbox 2969 4347 3104 4402; x_wconf 88' lang='lat' dir='ltr'><strong>lucis</strong></span> <span class='ocrx_word' id='word_1_754' title='bbox 3139 4345 3194 4400; x_wconf 90' lang='lat' dir='ltr'><strong>in</strong></span> <span class='ocrx_word' id='word_1_755' title='bbox 3223 4360 3350 4400; x_wconf 88' lang='lat' dir='ltr'><strong>arce</strong></span> <span class='ocrx_word' id='word_1_756' title='bbox 3375 4343 3576 4401; x_wconf 86' lang='lat' dir='ltr'><strong>bonus.</strong></span> 
     </span>
    </p>
   </div>
   <div class='ocr_carea' id='block_1_106' title="bbox 2271 4437 3625 4512">
    <p class='ocr_par' dir='ltr' id='par_1_106' title="bbox 2271 4437 3625 4512">
     <span class='ocr_line' id='line_1_106' title="bbox 2271 4437 3625 4512; baseline -0.001 -17"><span class='ocrx_word' id='word_1_757' title='bbox 2271 4439 2515 4512; x_wconf 81' lang='lat' dir='ltr'><strong>Accipite</strong></span> <span class='ocrx_word' id='word_1_758' title='bbox 2544 4441 2659 4497; x_wconf 71' lang='lat' dir='ltr'><strong>haec</strong></span> <span class='ocrx_word' id='word_1_759' title='bbox 2679 4441 2873 4496; x_wconf 89' lang='lat' dir='ltr'><strong>animis</strong></span> <span class='ocrx_word' id='word_1_760' title='bbox 2891 4438 3165 4511; x_wconf 90' lang='lat' dir='ltr'><strong>paschalia</strong></span> <span class='ocrx_word' id='word_1_761' title='bbox 3189 4453 3418 4494; x_wconf 90' lang='lat' dir='ltr'><strong>munera</strong></span> <span class='ocrx_word' id='word_1_762' title='bbox 3443 4437 3587 4494; x_wconf 67' lang='lat' dir='ltr'><strong>laetis</strong></span> <span class='ocrx_word' id='word_1_763' title='bbox 3603 4478 3625 4506; x_wconf 90' lang='lat'><strong>,</strong></span> 
     </span>
    </p>
   </div>
   <div class='ocr_carea' id='block_1_107' title="bbox 2345 4534 3405 4606">
    <p class='ocr_par' dir='ltr' id='par_1_107' title="bbox 2345 4534 3405 4606">
     <span class='ocr_line' id='line_1_107' title="bbox 2345 4534 3405 4606; baseline -0.005 -14"><span class='ocrx_word' id='word_1_764' title='bbox 2345 4537 2606 4593; x_wconf 88' lang='lat' dir='ltr'><strong>Mittentis</strong></span> <span class='ocrx_word' id='word_1_765' title='bbox 2630 4551 2898 4592; x_wconf 90' lang='lat' dir='ltr'><strong>memores</strong></span> <span class='ocrx_word' id='word_1_766' title='bbox 2922 4535 3059 4601; x_wconf 91' lang='lat' dir='ltr'><strong>sitis,</strong></span> <span class='ocrx_word' id='word_1_767' title='bbox 3100 4543 3156 4590; x_wconf 89' lang='lat' dir='ltr'><strong>et</strong></span> <span class='ocrx_word' id='word_1_768' title='bbox 3175 4549 3271 4591; x_wconf 90' lang='lat' dir='ltr'><strong>ore</strong></span> <span class='ocrx_word' id='word_1_769' title='bbox 3294 4534 3405 4606; x_wconf 90' lang='lat' dir='ltr'><strong>pio.</strong></span> 
     </span>
    </p>
   </div>
   <div class='ocr_carea' id='block_1_108' title="bbox 2274 4623 3706 4701">
    <p class='ocr_par' dir='ltr' id='par_1_108' title="bbox 2274 4623 3706 4701">
     <span class='ocr_line' id='line_1_108' title="bbox 2274 4623 3706 4701; baseline -0.003 -17"><span class='ocrx_word' id='word_1_770' title='bbox 2274 4629 2387 4686; x_wconf 87' lang='lat' dir='ltr'><strong>Hoc</strong></span> <span class='ocrx_word' id='word_1_771' title='bbox 2409 4645 2567 4701; x_wconf 91' lang='lat' dir='ltr'><strong>opus,</strong></span> <span class='ocrx_word' id='word_1_772' title='bbox 2596 4629 2701 4684; x_wconf 90' lang='lat' dir='ltr'><strong>hoc</strong></span> <span class='ocrx_word' id='word_1_773' title='bbox 2726 4628 2955 4685; x_wconf 90' lang='lat' dir='ltr'><strong>crudum</strong></span> <span class='ocrx_word' id='word_1_774' title='bbox 2983 4628 3164 4698; x_wconf 90' lang='lat' dir='ltr'><strong>rapuit</strong></span> <span class='ocrx_word' id='word_1_775' title='bbox 3182 4634 3431 4697; x_wconf 90' lang='lat' dir='ltr'><strong>portator</strong></span> <span class='ocrx_word' id='word_1_776' title='bbox 3459 4623 3530 4680; x_wconf 91' lang='lat' dir='ltr'><strong>ab</strong></span> <span class='ocrx_word' id='word_1_777' title='bbox 3553 4625 3706 4698; x_wconf 87' lang='lat' dir='ltr'><strong>igne,</strong></span> 
     </span>
    </p>
   </div>
   <div class='ocr_carea' id='block_1_109' title="bbox 2342 4717 3552 4794">
    <p class='ocr_par' dir='ltr' id='par_1_109' title="bbox 2342 4717 3552 4794">
     <span class='ocr_line' id='line_1_109' title="bbox 2342 4717 3552 4794; baseline -0.003 -18"><span class='ocrx_word' id='word_1_778' title='bbox 2342 4723 2618 4794; x_wconf 80' lang='lat' dir='ltr'><strong>lgnivomo</strong></span> <span class='ocrx_word' id='word_1_779' title='bbox 2647 4733 2862 4777; x_wconf 85' lang='lat' dir='ltr'><strong>coetum</strong></span> <span class='ocrx_word' id='word_1_780' title='bbox 2890 4735 2991 4776; x_wconf 90' lang='lat' dir='ltr'><strong>nec</strong></span> <span class='ocrx_word' id='word_1_781' title='bbox 3016 4719 3154 4776; x_wconf 88' lang='lat' dir='ltr'><strong>bene</strong></span> <span class='ocrx_word' id='word_1_782' title='bbox 3179 4718 3279 4774; x_wconf 92' lang='lat' dir='ltr'><strong>sub</strong></span> <span class='ocrx_word' id='word_1_783' title='bbox 3313 4717 3552 4774; x_wconf 90' lang='lat' dir='ltr'><strong>camino.</strong></span> 
     </span>
    </p>
   </div>
   <div class='ocr_carea' id='block_1_110' title="bbox 2271 4809 3592 4883">
    <p class='ocr_par' dir='ltr' id='par_1_110' title="bbox 2271 4809 3592 4883">
     <span class='ocr_line' id='line_1_110' title="bbox 2271 4809 3592 4883; baseline -0.002 -17"><span class='ocrx_word' id='word_1_784' title='bbox 2271 4812 2487 4877; x_wconf 79' lang='lat' dir='ltr'><strong>Vestra,</strong></span> <span class='ocrx_word' id='word_1_785' title='bbox 2516 4825 2732 4883; x_wconf 88' lang='lat' dir='ltr'><strong>precor,</strong></span> <span class='ocrx_word' id='word_1_786' title='bbox 2760 4809 2858 4877; x_wconf 91' lang='lat' dir='ltr'><strong>ﬁli,</strong></span> <span class='ocrx_word' id='word_1_787' title='bbox 2887 4811 3063 4881; x_wconf 90' lang='lat' dir='ltr'><strong>pietas</strong></span> <span class='ocrx_word' id='word_1_788' title='bbox 3091 4817 3275 4865; x_wconf 90' lang='lat' dir='ltr'><strong>errata</strong></span> <span class='ocrx_word' id='word_1_789' title='bbox 3305 4815 3592 4880; x_wconf 82' lang='lat' dir='ltr'><strong>repurget,</strong></span> 
     </span>
    </p>
   </div>
   <div class='ocr_carea' id='block_1_111' title="bbox 2343 4901 3513 4976">
    <p class='ocr_par' dir='ltr' id='par_1_111' title="bbox 2343 4901 3513 4976">
     <span class='ocr_line' id='line_1_111' title="bbox 2343 4901 3513 4976; baseline -0.004 -16"><span class='ocrx_word' id='word_1_790' title='bbox 2343 4906 2486 4960; x_wconf 87' lang='lat' dir='ltr'><strong>Dens</strong></span> <span class='ocrx_word' id='word_1_791' title='bbox 2514 4904 2645 4960; x_wconf 88' lang='lat' dir='ltr'><strong>illud</strong></span> <span class='ocrx_word' id='word_1_792' title='bbox 2671 4903 2923 4976; x_wconf 89' lang='lat' dir='ltr'><strong>putridus</strong></span> <span class='ocrx_word' id='word_1_793' title='bbox 2956 4903 3148 4958; x_wconf 90' lang='lat' dir='ltr'><strong>rodere</strong></span> <span class='ocrx_word' id='word_1_794' title='bbox 3177 4917 3278 4958; x_wconf 89' lang='lat' dir='ltr'><strong>nec</strong></span> <span class='ocrx_word' id='word_1_795' title='bbox 3299 4901 3513 4968; x_wconf 87' lang='lat' dir='ltr'><strong>valeat;</strong></span> 
     </span>
    </p>
   </div>
   <div class='ocr_carea' id='block_1_112' title="bbox 2269 4994 3518 5068">
    <p class='ocr_par' dir='ltr' id='par_1_112' title="bbox 2269 4994 3518 5068">
     <span class='ocr_line' id='line_1_112' title="bbox 2269 4994 3518 5068; baseline -0.004 -15"><span class='ocrx_word' id='word_1_796' title='bbox 2269 4999 2378 5054; x_wconf 87' lang='lat' dir='ltr'><strong>Aut</strong></span> <span class='ocrx_word' id='word_1_797' title='bbox 2401 4997 2588 5054; x_wconf 90' lang='lat' dir='ltr'><strong>oculus</strong></span> <span class='ocrx_word' id='word_1_798' title='bbox 2610 4998 2767 5068; x_wconf 91' lang='lat' dir='ltr'><strong>nigro</strong></span> <span class='ocrx_word' id='word_1_799' title='bbox 2794 4994 3030 5051; x_wconf 82' lang='lat' dir='ltr'><strong>suffusus</strong></span> <span class='ocrx_word' id='word_1_800' title='bbox 3061 4995 3202 5061; x_wconf 90' lang='lat' dir='ltr'><strong>felle,</strong></span> <span class='ocrx_word' id='word_1_801' title='bbox 3228 5009 3328 5065; x_wconf 92' lang='lat' dir='ltr'><strong>per</strong></span> <span class='ocrx_word' id='word_1_802' title='bbox 3352 5007 3518 5049; x_wconf 86' lang='lat' dir='ltr'><strong>auras</strong></span> 
     </span>
    </p>
   </div>
   <div class='ocr_carea' id='block_1_113' title="bbox 2337 5088 3494 5159">
    <p class='ocr_par' dir='ltr' id='par_1_113' title="bbox 2337 5088 3494 5159">
     <span class='ocr_line' id='line_1_113' title="bbox 2337 5088 3494 5159; baseline -0.006 -14"><span class='ocrx_word' id='word_1_803' title='bbox 2337 5089 2640 5145; x_wconf 85' lang='lat' dir='ltr'><strong>Contendat</strong></span> <span class='ocrx_word' id='word_1_804' title='bbox 2660 5088 2899 5159; x_wconf 90' lang='lat' dir='ltr'><strong>patulas,</strong></span> <span class='ocrx_word' id='word_1_805' title='bbox 2927 5101 3182 5159; x_wconf 85' lang='lat' dir='ltr'><strong>spargere</strong></span> <span class='ocrx_word' id='word_1_806' title='bbox 3200 5101 3353 5142; x_wconf 92' lang='lat' dir='ltr'><strong>more</strong></span> <span class='ocrx_word' id='word_1_807' title='bbox 3373 5099 3494 5140; x_wconf 92' lang='lat' dir='ltr'><strong>suo.</strong></span> 
     </span>
    </p>
   </div>
   <div class='ocr_carea' id='block_1_114' title="bbox 2265 5238 3857 5328">
    <p class='ocr_par' dir='ltr' id='par_1_114' title="bbox 2265 5238 3857 5328">
     <span class='ocr_line' id='line_1_114' title="bbox 2265 5238 3857 5328; baseline -0.002 -29"><span class='ocrx_word' id='word_1_808' title='bbox 2265 5243 2648 5328; x_wconf 47' lang='lat' dir='ltr'><strong>sedﬁdoctrinis</strong></span> <span class='ocrx_word' id='word_1_809' title='bbox 2687 5251 2744 5297; x_wconf 89' lang='lat' dir='ltr'><strong>et</strong></span> <span class='ocrx_word' id='word_1_810' title='bbox 2783 5241 3606 5328; x_wconf 26' lang='lat' dir='ltr'><strong>expositionibus.antiquiorum</strong></span> 
     </span>
    </p>
   </div>
   <div class='ocr_carea' id='block_1_115' title="bbox 2269 5311 3856 5384">
    <p class='ocr_par' dir='ltr' id='par_1_115' title="bbox 2269 5311 3856 5384">
     <span class='ocr_line' id='line_1_115' title="bbox 2269 5311 3856 5384; baseline -0.003 -13"><span class='ocrx_word' id='word_1_811' title='bbox 2269 5316 2324 5371; x_wconf 93' lang='lat' dir='ltr'><strong>in</strong></span> <span class='ocrx_word' id='word_1_812' title='bbox 2346 5314 2588 5369; x_wconf 87' lang='lat' dir='ltr'><strong>Ecclesia</strong></span> <span class='ocrx_word' id='word_1_813' title='bbox 2627 5311 3046 5384; x_wconf 80' lang='lat' dir='ltr'><strong>approbatorum</strong></span> <span class='ocrx_word' id='word_1_814' title='bbox 3082 5313 3255 5382; x_wconf 86' lang='lat' dir='ltr'><strong>magis</strong></span> <span class='ocrx_word' id='word_1_815' title='bbox 3296 5311 3554 5384; x_wconf 86' lang='lat' dir='ltr'><strong>insistere</strong></span> <span class='ocrx_word' id='word_1_816' title='bbox 3591 5311 3856 5384; x_wconf 68' lang='lat' dir='ltr'><strong>volebant.</strong></span> 
     </span>
    </p>
   </div>
   <div class='ocr_carea' id='block_1_116' title="bbox 2265 5378 3861 5455">
    <p class='ocr_par' dir='ltr' id='par_1_116' title="bbox 2265 5378 3861 5455">
     <span class='ocr_line' id='line_1_116' title="bbox 2265 5378 3861 5455; baseline -0.004 -13"><span class='ocrx_word' id='word_1_817' title='bbox 2265 5395 2326 5442; x_wconf 91' lang='lat' dir='ltr'><strong>ut</strong></span> <span class='ocrx_word' id='word_1_818' title='bbox 2351 5384 2443 5438; x_wconf 89' lang='lat' dir='ltr'><strong>tali</strong></span> <span class='ocrx_word' id='word_1_819' title='bbox 2467 5378 2678 5439; x_wconf 78' lang='lat' dir='ltr'><strong>ratione</strong></span> <span class='ocrx_word' id='word_1_820' title='bbox 2697 5378 2862 5439; x_wconf 64' lang='lat' dir='ltr'><strong>&#39;omne</strong></span> <span class='ocrx_word' id='word_1_821' title='bbox 2880 5378 3462 5455; x_wconf 55' lang='lat' dir='ltr'><strong>periculum—novitatis</strong></span> <span class='ocrx_word' id='word_1_822' title='bbox 3478 5423 3504 5455; x_wconf 20' lang='lat' dir='ltr'><strong>,A</strong></span> <span class='ocrx_word' id='word_1_823' title='bbox 3538 5399 3667 5454; x_wconf 76' lang='lat' dir='ltr'><strong>qua:</strong></span> <span class='ocrx_word' id='word_1_824' title='bbox 3692 5378 3861 5455; x_wconf 64' lang='lat' dir='ltr'><strong>Eccle-</strong></span> 
     </span>
    </p>
   </div>
   <div class='ocr_carea' id='block_1_117' title="bbox 2268 5449 3862 5528">
    <p class='ocr_par' dir='ltr' id='par_1_117' title="bbox 2268 5449 3862 5528">
     <span class='ocr_line' id='line_1_117' title="bbox 2268 5449 3862 5528; baseline -0.006 -16"><span class='ocrx_word' id='word_1_825' title='bbox 2268 5459 2362 5513; x_wconf 64' lang='lat' dir='ltr'><strong>siae</strong></span> <span class='ocrx_word' id='word_1_826' title='bbox 2389 5449 3088 5528; x_wconf 57' lang='lat' dir='ltr'><strong>semper-perniciosam“,</strong></span> <span class='ocrx_word' id='word_1_827' title='bbox 3125 5455 3416 5528; x_wconf 65' lang='lat' dir='ltr'><strong>evitarent.</strong></span> <span class='ocrx_word' id='word_1_828' title='bbox 3475 5449 3758 5528; x_wconf 73' lang='lat' dir='ltr'><strong>Czeterum</strong></span> <span class='ocrx_word' id='word_1_829' title='bbox 3777 5449 3862 5528; x_wconf 74' lang='lat' dir='ltr'><strong>d9-</strong></span> 
     </span>
    </p>
   </div>
   <div class='ocr_carea' id='block_1_118' title="bbox 2269 5521 3857 5597">
    <p class='ocr_par' dir='ltr' id='par_1_118' title="bbox 2269 5521 3857 5597">
     <span class='ocr_line' id='line_1_118' title="bbox 2269 5521 3857 5597; baseline -0.008 -15"><span class='ocrx_word' id='word_1_830' title='bbox 2269 5521 2543 5597; x_wconf 77' lang='lat' dir='ltr'><strong>ctissinnis</strong></span> <span class='ocrx_word' id='word_1_831' title='bbox 2573 5521 2887 5597; x_wconf 12' lang='lat' dir='ltr'><strong>vallarsiurs,</strong></span> <span class='ocrx_word' id='word_1_832' title='bbox 2929 5523 3165 5596; x_wconf 81' lang='lat' dir='ltr'><strong>Operam</strong></span> <span class='ocrx_word' id='word_1_833' title='bbox 3194 5524 3253 5579; x_wconf 91' lang='lat' dir='ltr'><strong>S.</strong></span> <span class='ocrx_word' id='word_1_834' title='bbox 3282 5521 3857 5597; x_wconf 16' lang='lat' dir='ltr'><strong>llieronymignovissi-</strong></span> 
     </span>
    </p>
   </div>
   <div class='ocr_carea' id='block_1_119' title="bbox 2271 5592 3863 5668">
    <p class='ocr_par' dir='ltr' id='par_1_119' title="bbox 2271 5592 3863 5668">
     <span class='ocr_line' id='line_1_119' title="bbox 2271 5592 3863 5668; baseline -0.006 -16"><span class='ocrx_word' id='word_1_835' title='bbox 2271 5613 2390 5652; x_wconf 92' lang='lat' dir='ltr'><strong>mus</strong></span> <span class='ocrx_word' id='word_1_836' title='bbox 2420 5596 2615 5662; x_wconf 86' lang='lat' dir='ltr'><strong>editor,</strong></span> <span class='ocrx_word' id='word_1_837' title='bbox 2660 5605 2792 5652; x_wconf 92' lang='lat' dir='ltr'><strong>tom.</strong></span> <span class='ocrx_word' id='word_1_838' title='bbox 2825 5596 2913 5664; x_wconf 89' lang='lat' dir='ltr'><strong>Ill,</strong></span> <span class='ocrx_word' id='word_1_839' title='bbox 2943 5592 3068 5668; x_wconf 75' lang='lat' dir='ltr'><strong>pag.</strong></span> <span class='ocrx_word' id='word_1_840' title='bbox 3114 5597 3252 5668; x_wconf 75' lang='lat'><strong>581,</strong></span> <span class='ocrx_word' id='word_1_841' title='bbox 3288 5592 3446 5668; x_wconf 65' lang='lat' dir='ltr'><strong>lict,</strong></span> <span class='ocrx_word' id='word_1_842' title='bbox 3487 5592 3783 5668; x_wconf 81' lang='lat' dir='ltr'><strong>proﬁtetur</strong></span> <span class='ocrx_word' id='word_1_843' title='bbox 3811 5598 3863 5641; x_wconf 80' lang='lat' dir='ltr'><strong>se</strong></span> 
     </span>
    </p>
   </div>
   <div class='ocr_carea' id='block_1_120' title="bbox 2270 5612 3864 5745">
    <p class='ocr_par' dir='ltr' id='par_1_120' title="bbox 2270 5612 3864 5745">
     <span class='ocr_line' id='line_1_120' title="bbox 2271 5612 3863 5668; baseline -0.007 -16"><span class='ocrx_word' id='word_1_844' title='bbox 2271 5613 2390 5652; x_wconf 92' lang='lat' dir='ltr'><strong>mus</strong></span> <span class='ocrx_word' id='word_1_845' title='bbox 2420 5612 2615 5662; x_wconf 83' lang='lat' dir='ltr'><strong>emtor,</strong></span> <span class='ocrx_word' id='word_1_846' title='bbox 2660 5612 2792 5652; x_wconf 84' lang='lat' dir='ltr'><strong>tom.</strong></span> <span class='ocrx_word' id='word_1_847' title='bbox 2825 5612 2913 5664; x_wconf 85' lang='grc' dir='ltr'>ιιι,</span> <span class='ocrx_word' id='word_1_848' title='bbox 2982 5612 3068 5668; x_wconf 85' lang='lat' dir='ltr'><strong>ag.</strong></span> <span class='ocrx_word' id='word_1_849' title='bbox 3114 5612 3215 5652; x_wconf 71' lang='lat' dir='ltr'><strong>aut</strong></span> <span class='ocrx_word' id='word_1_850' title='bbox 3237 5637 3252 5662; x_wconf 91' lang='lat'><strong>,</strong></span> <span class='ocrx_word' id='word_1_851' title='bbox 3288 5612 3438 5662; x_wconf 62' lang='lat' dir='ltr'><strong>non,</strong></span> <span class='ocrx_word' id='word_1_852' title='bbox 3487 5612 3783 5667; x_wconf 75' lang='lat' dir='ltr'><strong>pI‘Olllelul&#39;</strong></span> <span class='ocrx_word' id='word_1_853' title='bbox 3811 5612 3863 5641; x_wconf 70' lang='grc' dir='ltr'><strong>ευ</strong></span> 
     </span>
     <span class='ocr_line' id='line_1_121' title="bbox 2270 5612 3864 5745; baseline 0.001 -24"><span class='ocrx_word' id='word_1_854' title='bbox 2270 5668 2723 5745; x_wconf 75' lang='lat' dir='ltr'><strong>commentarium</strong></span> <span class='ocrx_word' id='word_1_855' title='bbox 2739 5668 2915 5745; x_wconf 74' lang='lat' dir='ltr'><strong>hujus</strong></span> <span class='ocrx_word' id='word_1_856' title='bbox 3036 5667 3212 5745; x_wconf 77' lang='lat' dir='ltr'><strong>Patris</strong></span> <span class='ocrx_word' id='word_1_857' title='bbox 3245 5668 3299 5722; x_wconf 89' lang='lat' dir='ltr'><strong>in</strong></span> <span class='ocrx_word' id='word_1_858' title='bbox 3325 5666 3864 5745; x_wconf 63' lang='lat' dir='ltr'><strong>Ecclesiasten,</strong></span> 
     </span>
    </p>
   </div>
   <div class='ocr_carea' id='block_1_121' title="bbox 2271 5735 3866 5812">
    <p class='ocr_par' dir='ltr' id='par_1_121' title="bbox 2271 5735 3866 5812">
     <span class='ocr_line' id='line_1_122' title="bbox 2271 5735 3866 5812; baseline -0.004 -18"><span class='ocrx_word' id='word_1_859' title='bbox 2271 5737 2615 5812; x_wconf 77' lang='lat' dir='ltr'><strong>hocAlcuini</strong></span> <span class='ocrx_word' id='word_1_860' title='bbox 2643 5754 2710 5812; x_wconf 83' lang='lat' dir='ltr'><strong>ex</strong></span> <span class='ocrx_word' id='word_1_861' title='bbox 2738 5735 2950 5812; x_wconf 83' lang='lat' dir='ltr'><strong>integro</strong></span> <span class='ocrx_word' id='word_1_862' title='bbox 2997 5738 3323 5812; x_wconf 70' lang='lat' dir='ltr'><strong>contulisse,</strong></span> <span class='ocrx_word' id='word_1_863' title='bbox 3351 5738 3595 5812; x_wconf 79' lang='lat' dir='ltr'><strong>huicque</strong></span> <span class='ocrx_word' id='word_1_864' title='bbox 3619 5735 3866 5794; x_wconf 74' lang='lat' dir='ltr'><strong>meliores</strong></span> 
     </span>
    </p>
   </div>
   <div class='ocr_carea' id='block_1_122' title="bbox 2269 5807 3514 5883">
    <p class='ocr_par' dir='ltr' id='par_1_122' title="bbox 2269 5807 3514 5883">
     <span class='ocr_line' id='line_1_123' title="bbox 2269 5807 3514 5883; baseline 0.001 -18"><span class='ocrx_word' id='word_1_865' title='bbox 2269 5808 2532 5866; x_wconf 89' lang='lat' dir='ltr'><strong>lectiones</strong></span> <span class='ocrx_word' id='word_1_866' title='bbox 2551 5810 2758 5882; x_wconf 86' lang='lat' dir='ltr'><strong>passim</strong></span> <span class='ocrx_word' id='word_1_867' title='bbox 2785 5807 3038 5883; x_wconf 76' lang='lat' dir='ltr'><strong>acceptas</strong></span> <span class='ocrx_word' id='word_1_868' title='bbox 3066 5807 3262 5868; x_wconf 82' lang='lat' dir='ltr'><strong>referri</strong></span> <span class='ocrx_word' id='word_1_869' title='bbox 3289 5807 3514 5867; x_wconf 62' lang='lat' dir='ltr'><strong>debere;</strong></span> 
     </span>
    </p>
   </div>
  </div>
