  <div class='ocr_page' id='page_1' title='image "/cluster/home/n/w/nwhite01/storage/ocr_20150623/100/hvd.32044024239972/366.png"; bbox 0 0 4072 6340; ppageno 0'>
   <div class='ocr_carea' id='block_1_1' title="bbox 275 451 371 508">
    <p class='ocr_par' dir='ltr' id='par_1_1' title="bbox 275 451 371 508">
     <span class='ocr_line' id='line_1_1' title="bbox 275 451 371 508; baseline 0 0"><span class='ocrx_word' id='word_1_1' title='bbox 275 451 371 508; x_wconf 70' lang='grc'><strong>721</strong></span> 
     </span>
    </p>
   </div>
   <div class='ocr_carea' id='block_1_2' title="bbox 711 559 1425 629">
    <p class='ocr_par' dir='ltr' id='par_1_2' title="bbox 711 559 1425 629">
     <span class='ocr_line' id='line_1_2' title="bbox 711 559 1425 629; baseline -0.006 -9"><span class='ocrx_word' id='word_1_2' title='bbox 711 561 968 620; x_wconf 76' lang='lat' dir='ltr'><strong>ORATIO</strong></span> <span class='ocrx_word' id='word_1_3' title='bbox 1007 559 1396 618; x_wconf 76' lang='lat' dir='ltr'><strong>SALOMONIS</strong></span> <span class='ocrx_word' id='word_1_4' title='bbox 1411 601 1425 629; x_wconf 60' lang='grc' dir='ltr'><strong><em>ι</em></strong></span> 
     </span>
    </p>
   </div>
   <div class='ocr_carea' id='block_1_3' title="bbox 303 673 1826 750">
    <p class='ocr_par' dir='ltr' id='par_1_3' title="bbox 303 673 1826 750">
     <span class='ocr_line' id='line_1_3' title="bbox 303 673 1826 750; baseline -0.004 -12"><span class='ocrx_word' id='word_1_5' title='bbox 303 691 453 748; x_wconf 71' lang='lat' dir='ltr'><strong>qua</strong></span> <span class='ocrx_word' id='word_1_6' title='bbox 488 693 688 734; x_wconf 69' lang='lat' dir='ltr'><strong>unum</strong></span> <span class='ocrx_word' id='word_1_7' title='bbox 727 693 781 732; x_wconf 77' lang='lat' dir='ltr'><strong>IN</strong></span> <span class='ocrx_word' id='word_1_8' title='bbox 819 691 1178 732; x_wconf 73' lang='lat' dir='ltr'><strong>DEDICA&#39;I‘IONE</strong></span> <span class='ocrx_word' id='word_1_9' title='bbox 1221 691 1415 732; x_wconf 71' lang='lat' dir='ltr'><strong>nuru</strong></span> <span class='ocrx_word' id='word_1_10' title='bbox 1449 673 1551 750; x_wconf 85' lang='lat' dir='ltr'><strong>(II</strong></span> <span class='ocrx_word' id='word_1_11' title='bbox 1573 675 1706 732; x_wconf 88' lang='lat' dir='ltr'><strong>Par.</strong></span> <span class='ocrx_word' id='word_1_12' title='bbox 1748 691 1826 743; x_wconf 82' lang='lat' dir='ltr'><strong>vt,</strong></span> 
     </span>
    </p>
   </div>
   <div class='ocr_carea' id='block_1_4' title="bbox 950 770 1195 842">
    <p class='ocr_par' dir='ltr' id='par_1_4' title="bbox 950 770 1195 842">
     <span class='ocr_line' id='line_1_4' title="bbox 950 770 1195 842; baseline 0 -17"><span class='ocrx_word' id='word_1_13' title='bbox 950 770 1017 825; x_wconf 76' lang='grc'><strong>14</strong></span> <span class='ocrx_word' id='word_1_14' title='bbox 1041 771 1195 842; x_wconf 81' lang='lat' dir='ltr'><strong>seq.).</strong></span> 
     </span>
    </p>
   </div>
   <div class='ocr_carea' id='block_1_5' title="bbox 347 885 1863 952">
    <p class='ocr_par' dir='ltr' id='par_1_5' title="bbox 347 885 1863 952">
     <span class='ocr_line' id='line_1_5' title="bbox 347 885 1863 952; baseline -0.001 -8"><span class='ocrx_word' id='word_1_15' title='bbox 347 887 571 944; x_wconf 86' lang='lat' dir='ltr'><strong>Domine</strong></span> <span class='ocrx_word' id='word_1_16' title='bbox 610 887 755 942; x_wconf 87' lang='lat' dir='ltr'><strong>Deus</strong></span> <span class='ocrx_word' id='word_1_17' title='bbox 803 885 1002 952; x_wconf 88' lang='lat' dir='ltr'><strong>Israel,</strong></span> <span class='ocrx_word' id='word_1_18' title='bbox 1059 899 1168 940; x_wconf 91' lang='lat' dir='ltr'><strong>non</strong></span> <span class='ocrx_word' id='word_1_19' title='bbox 1208 893 1294 940; x_wconf 91' lang='lat' dir='ltr'><strong>est</strong></span> <span class='ocrx_word' id='word_1_20' title='bbox 1319 885 1512 942; x_wconf 85' lang='lat' dir='ltr'><strong>similis</strong></span> <span class='ocrx_word' id='word_1_21' title='bbox 1533 886 1612 940; x_wconf 91' lang='lat' dir='ltr'><strong>tui</strong></span> <span class='ocrx_word' id='word_1_22' title='bbox 1635 885 1778 942; x_wconf 87' lang='lat' dir='ltr'><strong>Deus</strong></span> <span class='ocrx_word' id='word_1_23' title='bbox 1807 886 1863 942; x_wconf 92' lang='lat' dir='ltr'><strong>in</strong></span> 
     </span>
    </p>
   </div>
   <div class='ocr_carea' id='block_1_6' title="bbox 276 978 1866 1052">
    <p class='ocr_par' dir='ltr' id='par_1_6' title="bbox 276 978 1866 1052">
     <span class='ocr_line' id='line_1_6' title="bbox 276 978 1866 1052; baseline -0.001 -13"><span class='ocrx_word' id='word_1_24' title='bbox 276 982 412 1040; x_wconf 66' lang='lat' dir='ltr'><strong>caelo</strong></span> <span class='ocrx_word' id='word_1_25' title='bbox 441 982 695 1052; x_wconf 84' lang='lat' dir='ltr'><strong>desuper,</strong></span> <span class='ocrx_word' id='word_1_26' title='bbox 722 989 778 1035; x_wconf 93' lang='lat' dir='ltr'><strong>et</strong></span> <span class='ocrx_word' id='word_1_27' title='bbox 797 997 959 1052; x_wconf 91' lang='lat' dir='ltr'><strong>super</strong></span> <span class='ocrx_word' id='word_1_28' title='bbox 987 989 1188 1034; x_wconf 86' lang='lat' dir='ltr'><strong>terram</strong></span> <span class='ocrx_word' id='word_1_29' title='bbox 1225 978 1512 1046; x_wconf 82' lang='lat' dir='ltr'><strong>deorsum;</strong></span> <span class='ocrx_word' id='word_1_30' title='bbox 1554 981 1648 1051; x_wconf 88' lang='lat' dir='ltr'><strong>qui</strong></span> <span class='ocrx_word' id='word_1_31' title='bbox 1686 992 1866 1038; x_wconf 87' lang='lat' dir='ltr'><strong>custo-</strong></span> 
     </span>
    </p>
   </div>
   <div class='ocr_carea' id='block_1_7' title="bbox 276 1071 1865 1146">
    <p class='ocr_par' dir='ltr' id='par_1_7' title="bbox 276 1071 1865 1146">
     <span class='ocr_line' id='line_1_7' title="bbox 276 1071 1865 1146; baseline -0.002 -15"><span class='ocrx_word' id='word_1_32' title='bbox 276 1076 361 1131; x_wconf 88' lang='lat' dir='ltr'><strong>dis</strong></span> <span class='ocrx_word' id='word_1_33' title='bbox 384 1082 600 1146; x_wconf 90' lang='lat' dir='ltr'><strong>pactum</strong></span> <span class='ocrx_word' id='word_1_34' title='bbox 629 1082 685 1128; x_wconf 91' lang='lat' dir='ltr'><strong>et</strong></span> <span class='ocrx_word' id='word_1_35' title='bbox 720 1073 1145 1128; x_wconf 86' lang='lat' dir='ltr'><strong>misericordiam</strong></span> <span class='ocrx_word' id='word_1_36' title='bbox 1177 1071 1347 1126; x_wconf 81' lang='lat' dir='ltr'><strong>servis</strong></span> <span class='ocrx_word' id='word_1_37' title='bbox 1373 1073 1513 1138; x_wconf 83' lang='lat' dir='ltr'><strong>tuis,</strong></span> <span class='ocrx_word' id='word_1_38' title='bbox 1557 1073 1647 1142; x_wconf 88' lang='lat' dir='ltr'><strong>qui</strong></span> <span class='ocrx_word' id='word_1_39' title='bbox 1679 1073 1865 1128; x_wconf 88' lang='lat' dir='ltr'><strong>ambu-</strong></span> 
     </span>
    </p>
   </div>
   <div class='ocr_carea' id='block_1_8' title="bbox 275 1167 1866 1236">
    <p class='ocr_par' dir='ltr' id='par_1_8' title="bbox 275 1167 1866 1236">
     <span class='ocr_line' id='line_1_8' title="bbox 275 1167 1866 1236; baseline 0 -12"><span class='ocrx_word' id='word_1_40' title='bbox 275 1169 393 1224; x_wconf 87' lang='lat' dir='ltr'><strong>lant</strong></span> <span class='ocrx_word' id='word_1_41' title='bbox 417 1183 602 1224; x_wconf 89' lang='lat' dir='ltr'><strong>coram</strong></span> <span class='ocrx_word' id='word_1_42' title='bbox 633 1176 685 1222; x_wconf 89' lang='lat' dir='ltr'><strong>te</strong></span> <span class='ocrx_word' id='word_1_43' title='bbox 713 1167 768 1222; x_wconf 92' lang='lat' dir='ltr'><strong>in</strong></span> <span class='ocrx_word' id='word_1_44' title='bbox 803 1176 917 1222; x_wconf 91' lang='lat' dir='ltr'><strong>toto</strong></span> <span class='ocrx_word' id='word_1_45' title='bbox 938 1167 1100 1222; x_wconf 92' lang='lat' dir='ltr'><strong>corde</strong></span> <span class='ocrx_word' id='word_1_46' title='bbox 1121 1182 1247 1234; x_wconf 90' lang='lat' dir='ltr'><strong>suo;</strong></span> <span class='ocrx_word' id='word_1_47' title='bbox 1273 1167 1366 1236; x_wconf 91' lang='lat' dir='ltr'><strong>qui</strong></span> <span class='ocrx_word' id='word_1_48' title='bbox 1397 1169 1679 1224; x_wconf 87' lang='lat' dir='ltr'><strong>custodisti</strong></span> <span class='ocrx_word' id='word_1_49' title='bbox 1708 1184 1866 1224; x_wconf 88' lang='lat' dir='ltr'><strong>servo</strong></span> 
     </span>
    </p>
   </div>
   <div class='ocr_carea' id='block_1_9' title="bbox 276 1260 1867 1330">
    <p class='ocr_par' dir='ltr' id='par_1_9' title="bbox 276 1260 1867 1330">
     <span class='ocr_line' id='line_1_9' title="bbox 276 1260 1867 1330; baseline -0.003 -11"><span class='ocrx_word' id='word_1_50' title='bbox 276 1269 374 1319; x_wconf 80' lang='lat' dir='ltr'><strong>tuo</strong></span> <span class='ocrx_word' id='word_1_51' title='bbox 404 1261 595 1324; x_wconf 83' lang='lat' dir='ltr'><strong>David,</strong></span> <span class='ocrx_word' id='word_1_52' title='bbox 623 1260 768 1330; x_wconf 88' lang='lat' dir='ltr'><strong>patri</strong></span> <span class='ocrx_word' id='word_1_53' title='bbox 803 1275 945 1325; x_wconf 88' lang='lat' dir='ltr'><strong>meo,</strong></span> <span class='ocrx_word' id='word_1_54' title='bbox 969 1275 1088 1330; x_wconf 70' lang='lat' dir='ltr'><strong>qua:</strong></span> <span class='ocrx_word' id='word_1_55' title='bbox 1109 1261 1318 1316; x_wconf 90' lang='lat' dir='ltr'><strong>locutus</strong></span> <span class='ocrx_word' id='word_1_56' title='bbox 1343 1277 1403 1316; x_wconf 90' lang='lat' dir='ltr'><strong>es</strong></span> <span class='ocrx_word' id='word_1_57' title='bbox 1431 1262 1500 1316; x_wconf 88' lang='lat' dir='ltr'><strong>ei.</strong></span> <span class='ocrx_word' id='word_1_58' title='bbox 1530 1261 1635 1316; x_wconf 93' lang='lat' dir='ltr'><strong>Ore</strong></span> <span class='ocrx_word' id='word_1_59' title='bbox 1656 1261 1867 1316; x_wconf 87' lang='lat' dir='ltr'><strong>locutus</strong></span> 
     </span>
    </p>
   </div>
   <div class='ocr_carea' id='block_1_10' title="bbox 276 1350 1868 1423">
    <p class='ocr_par' dir='ltr' id='par_1_10' title="bbox 276 1350 1868 1423">
     <span class='ocr_line' id='line_1_10' title="bbox 276 1350 1868 1423; baseline -0.001 -13"><span class='ocrx_word' id='word_1_60' title='bbox 276 1368 357 1417; x_wconf 88' lang='lat' dir='ltr'><strong>es,</strong></span> <span class='ocrx_word' id='word_1_61' title='bbox 390 1361 447 1408; x_wconf 91' lang='lat' dir='ltr'><strong>et</strong></span> <span class='ocrx_word' id='word_1_62' title='bbox 465 1351 714 1407; x_wconf 87' lang='lat' dir='ltr'><strong>manibus</strong></span> <span class='ocrx_word' id='word_1_63' title='bbox 739 1350 1013 1421; x_wconf 90' lang='lat' dir='ltr'><strong>perfecisti</strong></span> <span class='ocrx_word' id='word_1_64' title='bbox 1031 1391 1046 1416; x_wconf 94' lang='lat'><strong>,</strong></span> <span class='ocrx_word' id='word_1_65' title='bbox 1090 1361 1150 1406; x_wconf 92' lang='lat' dir='ltr'><strong>ut</strong></span> <span class='ocrx_word' id='word_1_66' title='bbox 1174 1353 1292 1408; x_wconf 82' lang='lat' dir='ltr'><strong>haec</strong></span> <span class='ocrx_word' id='word_1_67' title='bbox 1313 1353 1430 1408; x_wconf 91' lang='lat' dir='ltr'><strong>dies</strong></span> <span class='ocrx_word' id='word_1_68' title='bbox 1459 1353 1672 1423; x_wconf 88' lang='lat' dir='ltr'><strong>probat.</strong></span> <span class='ocrx_word' id='word_1_69' title='bbox 1714 1353 1868 1408; x_wconf 91' lang='lat' dir='ltr'><strong>Nunc</strong></span> 
     </span>
    </p>
   </div>
   <div class='ocr_carea' id='block_1_11' title="bbox 274 1443 1868 1518">
    <p class='ocr_par' dir='ltr' id='par_1_11' title="bbox 274 1443 1868 1518">
     <span class='ocr_line' id='line_1_11' title="bbox 274 1443 1868 1518; baseline 0.001 -16"><span class='ocrx_word' id='word_1_70' title='bbox 274 1447 461 1518; x_wconf 91' lang='lat' dir='ltr'><strong>igitur,</strong></span> <span class='ocrx_word' id='word_1_71' title='bbox 483 1443 708 1500; x_wconf 85' lang='lat' dir='ltr'><strong>Domine</strong></span> <span class='ocrx_word' id='word_1_72' title='bbox 729 1443 871 1499; x_wconf 89' lang='lat' dir='ltr'><strong>Deus</strong></span> <span class='ocrx_word' id='word_1_73' title='bbox 903 1445 1088 1512; x_wconf 89' lang='lat' dir='ltr'><strong>Israel,</strong></span> <span class='ocrx_word' id='word_1_74' title='bbox 1121 1461 1382 1502; x_wconf 85' lang='lat' dir='ltr'><strong>conserva</strong></span> <span class='ocrx_word' id='word_1_75' title='bbox 1406 1447 1609 1503; x_wconf 87' lang='lat' dir='ltr'><strong>famulo</strong></span> <span class='ocrx_word' id='word_1_76' title='bbox 1642 1457 1732 1504; x_wconf 93' lang='lat' dir='ltr'><strong>tuo</strong></span> <span class='ocrx_word' id='word_1_77' title='bbox 1758 1451 1868 1504; x_wconf 90' lang='lat' dir='ltr'><strong>Da-</strong></span> 
     </span>
    </p>
   </div>
   <div class='ocr_carea' id='block_1_12' title="bbox 273 1536 1869 1607">
    <p class='ocr_par' dir='ltr' id='par_1_12' title="bbox 273 1536 1869 1607">
     <span class='ocr_line' id='line_1_12' title="bbox 273 1536 1869 1607; baseline 0.004 -15"><span class='ocrx_word' id='word_1_78' title='bbox 273 1537 367 1592; x_wconf 91' lang='lat' dir='ltr'><strong>vid</strong></span> <span class='ocrx_word' id='word_1_79' title='bbox 400 1537 540 1607; x_wconf 89' lang='lat' dir='ltr'><strong>patri</strong></span> <span class='ocrx_word' id='word_1_80' title='bbox 576 1551 697 1591; x_wconf 89' lang='lat' dir='ltr'><strong>meo</strong></span> <span class='ocrx_word' id='word_1_81' title='bbox 739 1552 858 1606; x_wconf 74' lang='lat' dir='ltr'><strong>qua:</strong></span> <span class='ocrx_word' id='word_1_82' title='bbox 888 1536 1100 1592; x_wconf 89' lang='lat' dir='ltr'><strong>locutus</strong></span> <span class='ocrx_word' id='word_1_83' title='bbox 1134 1552 1194 1592; x_wconf 92' lang='lat' dir='ltr'><strong>es</strong></span> <span class='ocrx_word' id='word_1_84' title='bbox 1223 1539 1295 1604; x_wconf 92' lang='lat' dir='ltr'><strong>ei,</strong></span> <span class='ocrx_word' id='word_1_85' title='bbox 1323 1538 1542 1594; x_wconf 89' lang='lat' dir='ltr'><strong>dicens:</strong></span> <span class='ocrx_word' id='word_1_86' title='bbox 1572 1541 1690 1596; x_wconf 84' lang='lat' dir='ltr'><strong>Non</strong></span> <span class='ocrx_word' id='word_1_87' title='bbox 1717 1545 1869 1598; x_wconf 87' lang='lat' dir='ltr'><strong>aufe-</strong></span> 
     </span>
    </p>
   </div>
   <div class='ocr_carea' id='block_1_13' title="bbox 275 1628 1868 1702">
    <p class='ocr_par' dir='ltr' id='par_1_13' title="bbox 275 1628 1868 1702">
     <span class='ocr_line' id='line_1_13' title="bbox 275 1628 1868 1702; baseline 0.003 -17"><span class='ocrx_word' id='word_1_88' title='bbox 275 1638 430 1685; x_wconf 89' lang='lat' dir='ltr'><strong>retur</strong></span> <span class='ocrx_word' id='word_1_89' title='bbox 457 1628 524 1684; x_wconf 89' lang='lat' dir='ltr'><strong>de</strong></span> <span class='ocrx_word' id='word_1_90' title='bbox 555 1637 607 1682; x_wconf 90' lang='lat' dir='ltr'><strong>te</strong></span> <span class='ocrx_word' id='word_1_91' title='bbox 634 1629 718 1683; x_wconf 89' lang='lat' dir='ltr'><strong>vir</strong></span> <span class='ocrx_word' id='word_1_92' title='bbox 745 1643 932 1683; x_wconf 89' lang='lat' dir='ltr'><strong>coram</strong></span> <span class='ocrx_word' id='word_1_93' title='bbox 951 1644 1057 1694; x_wconf 88' lang='lat' dir='ltr'><strong>me,</strong></span> <span class='ocrx_word' id='word_1_94' title='bbox 1087 1629 1179 1698; x_wconf 89' lang='lat' dir='ltr'><strong>qui</strong></span> <span class='ocrx_word' id='word_1_95' title='bbox 1207 1631 1395 1684; x_wconf 89' lang='lat' dir='ltr'><strong>sedeat</strong></span> <span class='ocrx_word' id='word_1_96' title='bbox 1413 1647 1578 1702; x_wconf 86' lang='lat' dir='ltr'><strong>super</strong></span> <span class='ocrx_word' id='word_1_97' title='bbox 1613 1634 1868 1690; x_wconf 84' lang='lat' dir='ltr'><strong>thronum</strong></span> 
     </span>
    </p>
   </div>
   <div class='ocr_carea' id='block_1_14' title="bbox 274 1719 1865 1793">
    <p class='ocr_par' dir='ltr' id='par_1_14' title="bbox 274 1719 1865 1793">
     <span class='ocr_line' id='line_1_14' title="bbox 274 1719 1865 1793; baseline 0.001 -13"><span class='ocrx_word' id='word_1_98' title='bbox 274 1723 464 1788; x_wconf 87' lang='lat' dir='ltr'><strong>Israel,</strong></span> <span class='ocrx_word' id='word_1_99' title='bbox 494 1723 571 1776; x_wconf 85' lang='lat' dir='ltr'><strong>ita</strong></span> <span class='ocrx_word' id='word_1_100' title='bbox 600 1731 801 1788; x_wconf 89' lang='lat' dir='ltr'><strong>tamen,</strong></span> <span class='ocrx_word' id='word_1_101' title='bbox 833 1719 878 1777; x_wconf 89' lang='lat' dir='ltr'><strong>si</strong></span> <span class='ocrx_word' id='word_1_102' title='bbox 905 1724 1262 1777; x_wconf 90' lang='lat' dir='ltr'><strong>custodierint</strong></span> <span class='ocrx_word' id='word_1_103' title='bbox 1289 1722 1385 1777; x_wconf 82' lang='lat' dir='ltr'><strong>filii</strong></span> <span class='ocrx_word' id='word_1_104' title='bbox 1409 1726 1485 1779; x_wconf 92' lang='lat' dir='ltr'><strong>tui</strong></span> <span class='ocrx_word' id='word_1_105' title='bbox 1515 1725 1658 1780; x_wconf 89' lang='lat' dir='ltr'><strong>viam</strong></span> <span class='ocrx_word' id='word_1_106' title='bbox 1689 1742 1865 1793; x_wconf 92' lang='lat' dir='ltr'><strong>suam,</strong></span> 
     </span>
    </p>
   </div>
   <div class='ocr_carea' id='block_1_15' title="bbox 275 1815 1870 1880">
    <p class='ocr_par' dir='ltr' id='par_1_15' title="bbox 275 1815 1870 1880">
     <span class='ocr_line' id='line_1_15' title="bbox 275 1815 1870 1880; baseline 0.001 -8"><span class='ocrx_word' id='word_1_107' title='bbox 275 1825 340 1872; x_wconf 90' lang='lat' dir='ltr'><strong>ut</strong></span> <span class='ocrx_word' id='word_1_108' title='bbox 369 1815 646 1870; x_wconf 84' lang='lat' dir='ltr'><strong>ambulent</strong></span> <span class='ocrx_word' id='word_1_109' title='bbox 689 1831 873 1870; x_wconf 91' lang='lat' dir='ltr'><strong>coram</strong></span> <span class='ocrx_word' id='word_1_110' title='bbox 921 1831 1028 1880; x_wconf 87' lang='lat' dir='ltr'><strong>me,</strong></span> <span class='ocrx_word' id='word_1_111' title='bbox 1081 1817 1222 1871; x_wconf 85' lang='lat' dir='ltr'><strong>sicut</strong></span> <span class='ocrx_word' id='word_1_112' title='bbox 1246 1824 1300 1870; x_wconf 94' lang='lat' dir='ltr'><strong>tu</strong></span> <span class='ocrx_word' id='word_1_113' title='bbox 1337 1817 1621 1873; x_wconf 90' lang='lat' dir='ltr'><strong>ambulasti</strong></span> <span class='ocrx_word' id='word_1_114' title='bbox 1649 1819 1702 1873; x_wconf 92' lang='lat' dir='ltr'><strong>in</strong></span> <span class='ocrx_word' id='word_1_115' title='bbox 1741 1836 1870 1874; x_wconf 89' lang='lat' dir='ltr'><strong>con-</strong></span> 
     </span>
    </p>
   </div>
   <div class='ocr_carea' id='block_1_16' title="bbox 1117 440 2716 507">
    <p class='ocr_par' dir='ltr' id='par_1_16' title="bbox 1117 440 2716 507">
     <span class='ocr_line' id='line_1_16' title="bbox 1117 440 2716 507; baseline -0.007 -1"><span class='ocrx_word' id='word_1_116' title='bbox 1117 447 1531 507; x_wconf 80' lang='lat' dir='ltr'><strong>EXEGETICA.</strong></span> <span class='ocrx_word' id='word_1_117' title='bbox 1571 479 1642 492; x_wconf 88' lang='lat'><strong>—</strong></span> <span class='ocrx_word' id='word_1_118' title='bbox 1679 445 2034 506; x_wconf 77' lang='lat' dir='ltr'><strong>COMMENT.</strong></span> <span class='ocrx_word' id='word_1_119' title='bbox 2075 446 2146 503; x_wconf 87' lang='lat' dir='ltr'><strong>IN</strong></span> <span class='ocrx_word' id='word_1_120' title='bbox 2182 440 2716 502; x_wconf 81' lang='lat' dir='ltr'><strong>ECCLESIASTEN.</strong></span> 
     </span>
    </p>
   </div>
   <div class='ocr_carea' id='block_1_17' title="bbox 3402 431 3558 498">
    <p class='ocr_par' dir='ltr' id='par_1_17' title="bbox 3402 431 3558 498">
     <span class='ocr_line' id='line_1_17' title="bbox 3402 431 3558 498; baseline 0.019 -3"><span class='ocrx_word' id='word_1_121' title='bbox 3402 431 3558 498; x_wconf 30' lang='lat'><strong>.722</strong></span> 
     </span>
    </p>
   </div>
   <div class='ocr_carea' id='block_1_18' title="bbox 1890 550 3560 632">
    <p class='ocr_par' dir='ltr' id='par_1_18' title="bbox 1890 550 3560 632">
     <span class='ocr_line' id='line_1_18' title="bbox 1890 550 3560 632; baseline -0.005 -14"><span class='ocrx_word' id='word_1_122' title='bbox 1890 571 1939 626; x_wconf 76' lang='grc' dir='ltr'><strong>Α</strong></span> <span class='ocrx_word' id='word_1_123' title='bbox 1967 561 2156 632; x_wconf 85' lang='lat' dir='ltr'><strong>rubigo</strong></span> <span class='ocrx_word' id='word_1_124' title='bbox 2176 600 2190 625; x_wconf 93' lang='lat'><strong>,</strong></span> <span class='ocrx_word' id='word_1_125' title='bbox 2234 568 2291 615; x_wconf 90' lang='lat' dir='ltr'><strong>et</strong></span> <span class='ocrx_word' id='word_1_126' title='bbox 2317 556 2574 612; x_wconf 83' lang='lat' dir='ltr'><strong>afflixerit</strong></span> <span class='ocrx_word' id='word_1_127' title='bbox 2614 570 2739 610; x_wconf 89' lang='lat' dir='ltr'><strong>eum</strong></span> <span class='ocrx_word' id='word_1_128' title='bbox 2783 553 3032 609; x_wconf 88' lang='lat' dir='ltr'><strong>inimicus</strong></span> <span class='ocrx_word' id='word_1_129' title='bbox 3063 550 3180 621; x_wconf 90' lang='lat' dir='ltr'><strong>ejus</strong></span> <span class='ocrx_word' id='word_1_130' title='bbox 3203 559 3389 625; x_wconf 91' lang='lat' dir='ltr'><strong>portas</strong></span> <span class='ocrx_word' id='word_1_131' title='bbox 3411 553 3560 611; x_wconf 86' lang='lat' dir='ltr'><strong>obsi-</strong></span> 
     </span>
    </p>
   </div>
   <div class='ocr_carea' id='block_1_19' title="bbox 1966 645 3561 723">
    <p class='ocr_par' dir='ltr' id='par_1_19' title="bbox 1966 645 3561 723">
     <span class='ocr_line' id='line_1_19' title="bbox 1966 645 3561 723; baseline -0.006 -11"><span class='ocrx_word' id='word_1_132' title='bbox 1966 656 2119 720; x_wconf 88' lang='lat' dir='ltr'><strong>dens,</strong></span> <span class='ocrx_word' id='word_1_133' title='bbox 2146 653 2323 708; x_wconf 92' lang='lat' dir='ltr'><strong>omnis</strong></span> <span class='ocrx_word' id='word_1_134' title='bbox 2343 651 2522 723; x_wconf 82' lang='lat' dir='ltr'><strong>plaga,</strong></span> <span class='ocrx_word' id='word_1_135' title='bbox 2567 649 2821 705; x_wconf 87' lang='lat' dir='ltr'><strong>universa</strong></span> <span class='ocrx_word' id='word_1_136' title='bbox 2868 645 3190 712; x_wconf 83' lang='lat' dir='ltr'><strong>infirmitas,</strong></span> <span class='ocrx_word' id='word_1_137' title='bbox 3240 655 3435 701; x_wconf 88' lang='lat' dir='ltr'><strong>cuncta</strong></span> <span class='ocrx_word' id='word_1_138' title='bbox 3465 646 3561 703; x_wconf 86' lang='lat' dir='ltr'><strong>de-</strong></span> 
     </span>
    </p>
   </div>
   <div class='ocr_carea' id='block_1_20' title="bbox 1963 736 3562 814">
    <p class='ocr_par' dir='ltr' id='par_1_20' title="bbox 1963 736 3562 814">
     <span class='ocr_line' id='line_1_20' title="bbox 1963 736 3562 814; baseline -0.004 -12"><span class='ocrx_word' id='word_1_139' title='bbox 1963 747 2132 812; x_wconf 88' lang='lat' dir='ltr'><strong>votio,</strong></span> <span class='ocrx_word' id='word_1_140' title='bbox 2175 753 2231 800; x_wconf 90' lang='lat' dir='ltr'><strong>et</strong></span> <span class='ocrx_word' id='word_1_141' title='bbox 2274 742 2612 814; x_wconf 88' lang='lat' dir='ltr'><strong>imprecatio,</strong></span> <span class='ocrx_word' id='word_1_142' title='bbox 2649 755 2770 811; x_wconf 63' lang='lat' dir='ltr'><strong>quae</strong></span> <span class='ocrx_word' id='word_1_143' title='bbox 2807 737 3069 794; x_wconf 90' lang='lat' dir='ltr'><strong>acciderit</strong></span> <span class='ocrx_word' id='word_1_144' title='bbox 3095 737 3241 792; x_wconf 91' lang='lat' dir='ltr'><strong>omni</strong></span> <span class='ocrx_word' id='word_1_145' title='bbox 3263 736 3562 796; x_wconf 80' lang='lat' dir='ltr'><strong>hominide</strong></span> 
     </span>
    </p>
   </div>
   <div class='ocr_carea' id='block_1_21' title="bbox 1964 827 3564 910">
    <p class='ocr_par' dir='ltr' id='par_1_21' title="bbox 1964 827 3564 910">
     <span class='ocr_line' id='line_1_21' title="bbox 1964 827 3564 910; baseline -0.004 -19"><span class='ocrx_word' id='word_1_146' title='bbox 1964 837 2164 910; x_wconf 88' lang='lat' dir='ltr'><strong>populo</strong></span> <span class='ocrx_word' id='word_1_147' title='bbox 2207 843 2298 890; x_wconf 91' lang='lat' dir='ltr'><strong>tuo</strong></span> <span class='ocrx_word' id='word_1_148' title='bbox 2338 833 2527 898; x_wconf 88' lang='lat' dir='ltr'><strong>Israel,</strong></span> <span class='ocrx_word' id='word_1_149' title='bbox 2558 832 2606 886; x_wconf 92' lang='lat' dir='ltr'><strong>si</strong></span> <span class='ocrx_word' id='word_1_150' title='bbox 2631 832 2754 903; x_wconf 89' lang='lat' dir='ltr'><strong>quis</strong></span> <span class='ocrx_word' id='word_1_151' title='bbox 2793 831 3103 902; x_wconf 76' lang='lat' dir='ltr'><strong>cognoverit</strong></span> <span class='ocrx_word' id='word_1_152' title='bbox 3128 829 3342 900; x_wconf 79' lang='lat' dir='ltr'><strong>plagam</strong></span> <span class='ocrx_word' id='word_1_153' title='bbox 3380 827 3564 886; x_wconf 70' lang='lat' dir='ltr'><strong>cordis</strong></span> 
     </span>
    </p>
   </div>
   <div class='ocr_carea' id='block_1_22' title="bbox 1966 923 3562 1000">
    <p class='ocr_par' dir='ltr' id='par_1_22' title="bbox 1966 923 3562 1000">
     <span class='ocr_line' id='line_1_22' title="bbox 1966 923 3562 1000; baseline -0.006 -14"><span class='ocrx_word' id='word_1_154' title='bbox 1966 930 2069 995; x_wconf 88' lang='lat' dir='ltr'><strong>sui,</strong></span> <span class='ocrx_word' id='word_1_155' title='bbox 2094 938 2150 983; x_wconf 90' lang='lat' dir='ltr'><strong>et</strong></span> <span class='ocrx_word' id='word_1_156' title='bbox 2171 928 2491 1000; x_wconf 83' lang='lat' dir='ltr'><strong>expanderit</strong></span> <span class='ocrx_word' id='word_1_157' title='bbox 2518 941 2710 981; x_wconf 91' lang='lat' dir='ltr'><strong>manus</strong></span> <span class='ocrx_word' id='word_1_158' title='bbox 2735 939 2865 980; x_wconf 88' lang='lat' dir='ltr'><strong>suas</strong></span> <span class='ocrx_word' id='word_1_159' title='bbox 2895 924 2951 978; x_wconf 94' lang='lat' dir='ltr'><strong>in</strong></span> <span class='ocrx_word' id='word_1_160' title='bbox 2973 923 3133 978; x_wconf 91' lang='lat' dir='ltr'><strong>domo</strong></span> <span class='ocrx_word' id='word_1_161' title='bbox 3163 924 3286 988; x_wconf 89' lang='lat' dir='ltr'><strong>hac,</strong></span> <span class='ocrx_word' id='word_1_162' title='bbox 3311 930 3366 976; x_wconf 94' lang='lat' dir='ltr'><strong>tu</strong></span> <span class='ocrx_word' id='word_1_163' title='bbox 3392 938 3562 978; x_wconf 79' lang='lat' dir='ltr'><strong>exau-</strong></span> 
     </span>
    </p>
   </div>
   <div class='ocr_carea' id='block_1_23' title="bbox 1888 1012 3564 1084">
    <p class='ocr_par' dir='ltr' id='par_1_23' title="bbox 1888 1012 3564 1084">
     <span class='ocr_line' id='line_1_23' title="bbox 1888 1012 3564 1084; baseline -0.007 -7"><span class='ocrx_word' id='word_1_164' title='bbox 1888 1040 1894 1046; x_wconf 95' lang='grc'><strong>·</strong></span> <span class='ocrx_word' id='word_1_165' title='bbox 1967 1021 2082 1077; x_wconf 91' lang='lat' dir='ltr'><strong>dies</strong></span> <span class='ocrx_word' id='word_1_166' title='bbox 2105 1021 2159 1074; x_wconf 92' lang='lat' dir='ltr'><strong>in</strong></span> <span class='ocrx_word' id='word_1_167' title='bbox 2179 1019 2336 1084; x_wconf 87' lang='lat' dir='ltr'><strong>coelo,</strong></span> <span class='ocrx_word' id='word_1_168' title='bbox 2368 1019 2423 1072; x_wconf 89' lang='lat' dir='ltr'><strong>in</strong></span> <span class='ocrx_word' id='word_1_169' title='bbox 2454 1018 2572 1072; x_wconf 92' lang='lat' dir='ltr'><strong>loco</strong></span> <span class='ocrx_word' id='word_1_170' title='bbox 2601 1014 2950 1071; x_wconf 84' lang='lat' dir='ltr'><strong>habitationis</strong></span> <span class='ocrx_word' id='word_1_171' title='bbox 2978 1022 3116 1079; x_wconf 75' lang='lat' dir='ltr'><strong>tuae,</strong></span> <span class='ocrx_word' id='word_1_172' title='bbox 3146 1021 3203 1068; x_wconf 93' lang='lat' dir='ltr'><strong>et</strong></span> <span class='ocrx_word' id='word_1_173' title='bbox 3240 1012 3564 1083; x_wconf 84' lang='lat' dir='ltr'><strong>repropitia—</strong></span> 
     </span>
    </p>
   </div>
   <div class='ocr_carea' id='block_1_24' title="bbox 1966 1107 3565 1178">
    <p class='ocr_par' dir='ltr' id='par_1_24' title="bbox 1966 1107 3565 1178">
     <span class='ocr_line' id='line_1_24' title="bbox 1966 1107 3565 1178; baseline -0.006 -9"><span class='ocrx_word' id='word_1_174' title='bbox 1966 1114 2132 1178; x_wconf 88' lang='lat' dir='ltr'><strong>beris,</strong></span> <span class='ocrx_word' id='word_1_175' title='bbox 2163 1121 2219 1167; x_wconf 91' lang='lat' dir='ltr'><strong>et</strong></span> <span class='ocrx_word' id='word_1_176' title='bbox 2237 1111 2403 1167; x_wconf 82' lang='lat' dir='ltr'><strong>facies</strong></span> <span class='ocrx_word' id='word_1_177' title='bbox 2425 1153 2441 1178; x_wconf 91' lang='lat'><strong>,</strong></span> <span class='ocrx_word' id='word_1_178' title='bbox 2485 1119 2545 1166; x_wconf 89' lang='lat' dir='ltr'><strong>ut</strong></span> <span class='ocrx_word' id='word_1_179' title='bbox 2584 1113 2679 1166; x_wconf 90' lang='lat' dir='ltr'><strong>des</strong></span> <span class='ocrx_word' id='word_1_180' title='bbox 2717 1109 3005 1177; x_wconf 89' lang='lat' dir='ltr'><strong>unicuique</strong></span> <span class='ocrx_word' id='word_1_181' title='bbox 3043 1107 3337 1162; x_wconf 90' lang='lat' dir='ltr'><strong>secundum</strong></span> <span class='ocrx_word' id='word_1_182' title='bbox 3372 1121 3565 1161; x_wconf 83' lang='lat' dir='ltr'><strong>omnes</strong></span> 
     </span>
    </p>
   </div>
   <div class='ocr_carea' id='block_1_25' title="bbox 1966 1195 3566 1270">
    <p class='ocr_par' dir='ltr' id='par_1_25' title="bbox 1966 1195 3566 1270">
     <span class='ocr_line' id='line_1_25' title="bbox 1966 1195 3566 1270; baseline -0.008 -8"><span class='ocrx_word' id='word_1_183' title='bbox 1966 1207 2086 1262; x_wconf 88' lang='lat' dir='ltr'><strong>vias</strong></span> <span class='ocrx_word' id='word_1_184' title='bbox 2114 1221 2259 1267; x_wconf 88' lang='lat' dir='ltr'><strong>suas,</strong></span> <span class='ocrx_word' id='word_1_185' title='bbox 2286 1204 2428 1257; x_wconf 89' lang='lat' dir='ltr'><strong>sicut</strong></span> <span class='ocrx_word' id='word_1_186' title='bbox 2455 1203 2655 1256; x_wconf 90' lang='lat' dir='ltr'><strong>videris</strong></span> <span class='ocrx_word' id='word_1_187' title='bbox 2685 1216 2778 1256; x_wconf 92' lang='lat' dir='ltr'><strong>cor</strong></span> <span class='ocrx_word' id='word_1_188' title='bbox 2803 1200 2922 1269; x_wconf 80' lang='lat' dir='ltr'><strong>ejus</strong></span> <span class='ocrx_word' id='word_1_189' title='bbox 2942 1240 2956 1262; x_wconf 94' lang='lat'><strong>,</strong></span> <span class='ocrx_word' id='word_1_190' title='bbox 3003 1199 3130 1270; x_wconf 87' lang='lat' dir='ltr'><strong>quia</strong></span> <span class='ocrx_word' id='word_1_191' title='bbox 3161 1206 3218 1252; x_wconf 92' lang='lat' dir='ltr'><strong>tu</strong></span> <span class='ocrx_word' id='word_1_192' title='bbox 3248 1197 3389 1252; x_wconf 89' lang='lat' dir='ltr'><strong>nosti</strong></span> <span class='ocrx_word' id='word_1_193' title='bbox 3415 1195 3566 1252; x_wconf 87' lang='lat' dir='ltr'><strong>solus</strong></span> 
     </span>
    </p>
   </div>
   <div class='ocr_carea' id='block_1_26' title="bbox 1969 1289 3565 1355">
    <p class='ocr_par' dir='ltr' id='par_1_26' title="bbox 1969 1289 3565 1355">
     <span class='ocr_line' id='line_1_26' title="bbox 1969 1289 3565 1355; baseline -0.007 -3"><span class='ocrx_word' id='word_1_194' title='bbox 1969 1312 2064 1352; x_wconf 91' lang='lat' dir='ltr'><strong>cor</strong></span> <span class='ocrx_word' id='word_1_195' title='bbox 2102 1296 2343 1351; x_wconf 91' lang='lat' dir='ltr'><strong>omnium</strong></span> <span class='ocrx_word' id='word_1_196' title='bbox 2385 1293 2617 1347; x_wconf 78' lang='lat' dir='ltr'><strong>filiorum</strong></span> <span class='ocrx_word' id='word_1_197' title='bbox 2645 1293 2954 1355; x_wconf 85' lang='lat' dir='ltr'><strong>hominum,</strong></span> <span class='ocrx_word' id='word_1_198' title='bbox 2988 1299 3049 1344; x_wconf 90' lang='lat' dir='ltr'><strong>ut</strong></span> <span class='ocrx_word' id='word_1_199' title='bbox 3082 1289 3307 1344; x_wconf 86' lang='lat' dir='ltr'><strong>timeant</strong></span> <span class='ocrx_word' id='word_1_200' title='bbox 3347 1296 3398 1342; x_wconf 90' lang='lat' dir='ltr'><strong>te</strong></span> <span class='ocrx_word' id='word_1_201' title='bbox 3432 1302 3565 1342; x_wconf 80' lang='lat' dir='ltr'><strong>cun-</strong></span> 
     </span>
    </p>
   </div>
   <div class='ocr_carea' id='block_1_27' title="bbox 1969 1378 3566 1453">
    <p class='ocr_par' dir='ltr' id='par_1_27' title="bbox 1969 1378 3566 1453">
     <span class='ocr_line' id='line_1_27' title="bbox 1969 1378 3566 1453; baseline -0.008 -12"><span class='ocrx_word' id='word_1_202' title='bbox 1969 1387 2073 1442; x_wconf 90' lang='lat' dir='ltr'><strong>ctis</strong></span> <span class='ocrx_word' id='word_1_203' title='bbox 2098 1386 2287 1441; x_wconf 90' lang='lat' dir='ltr'><strong>diebus</strong></span> <span class='ocrx_word' id='word_1_204' title='bbox 2323 1383 2517 1453; x_wconf 89' lang='lat' dir='ltr'><strong>quibus</strong></span> <span class='ocrx_word' id='word_1_205' title='bbox 2556 1382 2742 1435; x_wconf 88' lang='lat' dir='ltr'><strong>vivunt</strong></span> <span class='ocrx_word' id='word_1_206' title='bbox 2775 1395 2938 1450; x_wconf 89' lang='lat' dir='ltr'><strong>super</strong></span> <span class='ocrx_word' id='word_1_207' title='bbox 2976 1378 3168 1434; x_wconf 83' lang='lat' dir='ltr'><strong>faciem</strong></span> <span class='ocrx_word' id='word_1_208' title='bbox 3190 1387 3368 1441; x_wconf 81' lang='lat' dir='ltr'><strong>teme,</strong></span> <span class='ocrx_word' id='word_1_209' title='bbox 3400 1390 3566 1446; x_wconf 90' lang='lat' dir='ltr'><strong>quam</strong></span> 
     </span>
    </p>
   </div>
   <div class='ocr_carea' id='block_1_28' title="bbox 1971 1467 3570 1548">
    <p class='ocr_par' dir='ltr' id='par_1_28' title="bbox 1971 1467 3570 1548">
     <span class='ocr_line' id='line_1_28' title="bbox 1971 1467 3570 1548; baseline -0.008 -14"><span class='ocrx_word' id='word_1_210' title='bbox 1971 1479 2168 1535; x_wconf 89' lang='lat' dir='ltr'><strong>dedisti</strong></span> <span class='ocrx_word' id='word_1_211' title='bbox 2209 1477 2454 1548; x_wconf 88' lang='lat' dir='ltr'><strong>patribus</strong></span> <span class='ocrx_word' id='word_1_212' title='bbox 2499 1473 2720 1528; x_wconf 88' lang='lat' dir='ltr'><strong>nostris.</strong></span> <span class='ocrx_word' id='word_1_213' title='bbox 2762 1472 2986 1541; x_wconf 89' lang='lat' dir='ltr'><strong>Insuper</strong></span> <span class='ocrx_word' id='word_1_214' title='bbox 3033 1478 3088 1524; x_wconf 89' lang='lat' dir='ltr'><strong>et</strong></span> <span class='ocrx_word' id='word_1_215' title='bbox 3117 1469 3438 1540; x_wconf 78' lang='lat' dir='ltr'><strong>alienigena,</strong></span> <span class='ocrx_word' id='word_1_216' title='bbox 3475 1467 3570 1537; x_wconf 88' lang='lat' dir='ltr'><strong>qui</strong></span> 
     </span>
    </p>
   </div>
   <div class='ocr_carea' id='block_1_29' title="bbox 1971 1560 3567 1636">
    <p class='ocr_par' dir='ltr' id='par_1_29' title="bbox 1971 1560 3567 1636">
     <span class='ocr_line' id='line_1_29' title="bbox 1971 1560 3567 1636; baseline -0.008 -12"><span class='ocrx_word' id='word_1_217' title='bbox 1971 1585 2081 1625; x_wconf 91' lang='lat' dir='ltr'><strong>non</strong></span> <span class='ocrx_word' id='word_1_218' title='bbox 2131 1577 2213 1623; x_wconf 89' lang='lat' dir='ltr'><strong>est</strong></span> <span class='ocrx_word' id='word_1_219' title='bbox 2253 1568 2318 1621; x_wconf 91' lang='lat' dir='ltr'><strong>de</strong></span> <span class='ocrx_word' id='word_1_220' title='bbox 2346 1565 2541 1636; x_wconf 91' lang='lat' dir='ltr'><strong>popqu</strong></span> <span class='ocrx_word' id='word_1_221' title='bbox 2581 1573 2672 1617; x_wconf 93' lang='lat' dir='ltr'><strong>tuo</strong></span> <span class='ocrx_word' id='word_1_222' title='bbox 2711 1561 2900 1626; x_wconf 85' lang='lat' dir='ltr'><strong>Israel,</strong></span> <span class='ocrx_word' id='word_1_223' title='bbox 2930 1577 3051 1616; x_wconf 91' lang='lat' dir='ltr'><strong>cum</strong></span> <span class='ocrx_word' id='word_1_224' title='bbox 3088 1561 3299 1616; x_wconf 84' lang='lat' dir='ltr'><strong>venerit</strong></span> <span class='ocrx_word' id='word_1_225' title='bbox 3323 1560 3389 1615; x_wconf 91' lang='lat' dir='ltr'><strong>de</strong></span> <span class='ocrx_word' id='word_1_226' title='bbox 3418 1568 3567 1613; x_wconf 88' lang='lat' dir='ltr'><strong>terra</strong></span> 
     </span>
    </p>
   </div>
   <div class='ocr_carea' id='block_1_30' title="bbox 1971 1650 3571 1732">
    <p class='ocr_par' dir='ltr' id='par_1_30' title="bbox 1971 1650 3571 1732">
     <span class='ocr_line' id='line_1_30' title="bbox 1971 1650 3571 1732; baseline -0.01 -15"><span class='ocrx_word' id='word_1_227' title='bbox 1971 1661 2265 1732; x_wconf 86' lang='lat' dir='ltr'><strong>longinqua</strong></span> <span class='ocrx_word' id='word_1_228' title='bbox 2294 1666 2515 1729; x_wconf 89' lang='lat' dir='ltr'><strong>pr0pter</strong></span> <span class='ocrx_word' id='word_1_229' title='bbox 2563 1671 2758 1710; x_wconf 86' lang='lat' dir='ltr'><strong>nomen</strong></span> <span class='ocrx_word' id='word_1_230' title='bbox 2813 1661 2961 1708; x_wconf 90' lang='lat' dir='ltr'><strong>tuum</strong></span> <span class='ocrx_word' id='word_1_231' title='bbox 2989 1652 3272 1725; x_wconf 85' lang='lat' dir='ltr'><strong>(audietur</strong></span> <span class='ocrx_word' id='word_1_232' title='bbox 3295 1650 3439 1705; x_wconf 91' lang='lat' dir='ltr'><strong>enim</strong></span> <span class='ocrx_word' id='word_1_233' title='bbox 3468 1662 3571 1702; x_wconf 85' lang='lat' dir='ltr'><strong>no-</strong></span> 
     </span>
    </p>
   </div>
   <div class='ocr_carea' id='block_1_31' title="bbox 1974 1737 3570 1818">
    <p class='ocr_par' dir='ltr' id='par_1_31' title="bbox 1974 1737 3570 1818">
     <span class='ocr_line' id='line_1_31' title="bbox 1974 1737 3570 1818; baseline -0.011 -11"><span class='ocrx_word' id='word_1_234' title='bbox 1974 1768 2100 1808; x_wconf 88' lang='lat' dir='ltr'><strong>men</strong></span> <span class='ocrx_word' id='word_1_235' title='bbox 2127 1760 2276 1805; x_wconf 91' lang='lat' dir='ltr'><strong>tuum</strong></span> <span class='ocrx_word' id='word_1_236' title='bbox 2298 1763 2570 1818; x_wconf 89' lang='lat' dir='ltr'><strong>magnum,</strong></span> <span class='ocrx_word' id='word_1_237' title='bbox 2588 1754 2644 1798; x_wconf 89' lang='lat' dir='ltr'><strong>et</strong></span> <span class='ocrx_word' id='word_1_238' title='bbox 2662 1760 2856 1799; x_wconf 91' lang='lat' dir='ltr'><strong>manus</strong></span> <span class='ocrx_word' id='word_1_239' title='bbox 2878 1752 2967 1797; x_wconf 91' lang='lat' dir='ltr'><strong>tua</strong></span> <span class='ocrx_word' id='word_1_240' title='bbox 2999 1741 3176 1806; x_wconf 87' lang='lat' dir='ltr'><strong>fortis,</strong></span> <span class='ocrx_word' id='word_1_241' title='bbox 3207 1748 3263 1796; x_wconf 89' lang='lat' dir='ltr'><strong>ct</strong></span> <span class='ocrx_word' id='word_1_242' title='bbox 3284 1737 3570 1794; x_wconf 86' lang='lat' dir='ltr'><strong>brachium</strong></span> 
     </span>
    </p>
   </div>
   <div class='ocr_carea' id='block_1_32' title="bbox 1974 1833 3564 1906">
    <p class='ocr_par' dir='ltr' id='par_1_32' title="bbox 1974 1833 3564 1906">
     <span class='ocr_line' id='line_1_32' title="bbox 1974 1833 3564 1906; baseline -0.013 -7"><span class='ocrx_word' id='word_1_243' title='bbox 1974 1853 2129 1899; x_wconf 92' lang='lat' dir='ltr'><strong>tuum</strong></span> <span class='ocrx_word' id='word_1_244' title='bbox 2154 1848 2434 1896; x_wconf 75' lang='lat' dir='ltr'><strong>extentum</strong></span> <span class='ocrx_word' id='word_1_245' title='bbox 2463 1835 2716 1906; x_wconf 87' lang='lat' dir='ltr'><strong>ubique),</strong></span> <span class='ocrx_word' id='word_1_246' title='bbox 2770 1850 2892 1889; x_wconf 92' lang='lat' dir='ltr'><strong>cum</strong></span> <span class='ocrx_word' id='word_1_247' title='bbox 2923 1833 3134 1888; x_wconf 87' lang='lat' dir='ltr'><strong>venerit</strong></span> <span class='ocrx_word' id='word_1_248' title='bbox 3156 1846 3302 1902; x_wconf 87' lang='lat' dir='ltr'><strong>ergo,</strong></span> <span class='ocrx_word' id='word_1_249' title='bbox 3336 1838 3394 1884; x_wconf 89' lang='lat' dir='ltr'><strong>et</strong></span> <span class='ocrx_word' id='word_1_250' title='bbox 3435 1841 3564 1882; x_wconf 89' lang='lat' dir='ltr'><strong>ora-</strong></span> 
     </span>
    </p>
   </div>
   <div class='ocr_carea' id='block_1_33' title="bbox 274 1907 3567 1993">
    <p class='ocr_par' dir='ltr' id='par_1_33' title="bbox 274 1907 3567 1993">
     <span class='ocr_line' id='line_1_33' title="bbox 274 1907 3567 1993; baseline -0.001 -29"><span class='ocrx_word' id='word_1_251' title='bbox 274 1917 464 1979; x_wconf 87' lang='lat' dir='ltr'><strong>spectu</strong></span> <span class='ocrx_word' id='word_1_252' title='bbox 491 1922 632 1962; x_wconf 91' lang='lat' dir='ltr'><strong>meo.</strong></span> <span class='ocrx_word' id='word_1_253' title='bbox 671 1907 740 1961; x_wconf 90' lang='lat' dir='ltr'><strong>Et</strong></span> <span class='ocrx_word' id='word_1_254' title='bbox 766 1923 931 1972; x_wconf 92' lang='lat' dir='ltr'><strong>nunc,</strong></span> <span class='ocrx_word' id='word_1_255' title='bbox 955 1908 1179 1962; x_wconf 87' lang='lat' dir='ltr'><strong>Domine</strong></span> <span class='ocrx_word' id='word_1_256' title='bbox 1201 1908 1345 1962; x_wconf 93' lang='lat' dir='ltr'><strong>Deus</strong></span> <span class='ocrx_word' id='word_1_257' title='bbox 1367 1907 1552 1975; x_wconf 89' lang='lat' dir='ltr'><strong>Israel,</strong></span> <span class='ocrx_word' id='word_1_258' title='bbox 1582 1910 1868 1966; x_wconf 83' lang='lat' dir='ltr'><strong>firmentur</strong></span> <span class='ocrx_word' id='word_1_259' title='bbox 1899 1931 1945 1988; x_wconf 74' lang='grc' dir='ltr'><strong>Β</strong></span> <span class='ocrx_word' id='word_1_260' title='bbox 1979 1938 2117 1993; x_wconf 53' lang='lat' dir='ltr'><strong>veri,</strong></span> <span class='ocrx_word' id='word_1_261' title='bbox 2147 1937 2199 1989; x_wconf 66' lang='lat' dir='ltr'>in</span> <span class='ocrx_word' id='word_1_262' title='bbox 2224 1936 2328 1988; x_wconf 70' lang='lat' dir='ltr'><strong>hoc</strong></span> <span class='ocrx_word' id='word_1_263' title='bbox 2352 1932 2488 1993; x_wconf 50' lang='grc' dir='ltr'><strong>ιοεο,</strong></span> <span class='ocrx_word' id='word_1_264' title='bbox 2515 1939 2574 1984; x_wconf 72' lang='grc' dir='ltr'>ω</span> <span class='ocrx_word' id='word_1_265' title='bbox 2602 1928 2859 1984; x_wconf 60' lang='lat' dir='ltr'><strong>exaudies</strong></span> <span class='ocrx_word' id='word_1_266' title='bbox 2888 1927 2942 1980; x_wconf 70' lang='lat' dir='ltr'><strong>in</strong></span> <span class='ocrx_word' id='word_1_267' title='bbox 2967 1925 3124 1990; x_wconf 56' lang='grc' dir='ltr'><strong>οωιο,</strong></span> <span class='ocrx_word' id='word_1_268' title='bbox 3158 1926 3212 1979; x_wconf 70' lang='lat' dir='ltr'><strong>in</strong></span> <span class='ocrx_word' id='word_1_269' title='bbox 3250 1923 3567 1977; x_wconf 67' lang='lat' dir='ltr'><strong>ﬁrmamen-</strong></span> 
     </span>
    </p>
   </div>
   <div class='ocr_carea' id='block_1_34' title="bbox 279 1999 1864 2072">
    <p class='ocr_par' dir='ltr' id='par_1_34' title="bbox 279 1999 1864 2072">
     <span class='ocr_line' id='line_1_34' title="bbox 279 1999 1864 2072; baseline 0.006 -22"><span class='ocrx_word' id='word_1_270' title='bbox 279 1999 449 2054; x_wconf 87' lang='lat' dir='ltr'><strong>verba</strong></span> <span class='ocrx_word' id='word_1_271' title='bbox 475 2008 568 2054; x_wconf 93' lang='lat' dir='ltr'><strong>tua</strong></span> <span class='ocrx_word' id='word_1_272' title='bbox 597 2013 716 2068; x_wconf 62' lang='lat' dir='ltr'><strong>quae</strong></span> <span class='ocrx_word' id='word_1_273' title='bbox 737 1999 945 2054; x_wconf 89' lang='lat' dir='ltr'><strong>locutus</strong></span> <span class='ocrx_word' id='word_1_274' title='bbox 964 2014 1024 2054; x_wconf 87' lang='lat' dir='ltr'><strong>es</strong></span> <span class='ocrx_word' id='word_1_275' title='bbox 1047 2015 1203 2055; x_wconf 88' lang='lat' dir='ltr'><strong>servo</strong></span> <span class='ocrx_word' id='word_1_276' title='bbox 1233 2008 1325 2054; x_wconf 94' lang='lat' dir='ltr'><strong>tuo</strong></span> <span class='ocrx_word' id='word_1_277' title='bbox 1354 2000 1524 2056; x_wconf 83' lang='lat' dir='ltr'><strong>David</strong></span> <span class='ocrx_word' id='word_1_278' title='bbox 1551 2004 1692 2072; x_wconf 90' lang='lat' dir='ltr'><strong>patri</strong></span> <span class='ocrx_word' id='word_1_279' title='bbox 1722 2019 1864 2059; x_wconf 90' lang='lat' dir='ltr'><strong>meo.</strong></span> 
     </span>
    </p>
   </div>
   <div class='ocr_carea' id='block_1_35' title="bbox 277 2091 1872 2186">
    <p class='ocr_par' dir='ltr' id='par_1_35' title="bbox 277 2091 1872 2186">
     <span class='ocr_line' id='line_1_35' title="bbox 277 2091 1872 2186; baseline 0.004 -40"><span class='ocrx_word' id='word_1_280' title='bbox 277 2091 492 2164; x_wconf 87' lang='lat' dir='ltr'><strong>Ergone</strong></span> <span class='ocrx_word' id='word_1_281' title='bbox 504 2092 814 2186; x_wconf 38' lang='lat' dir='ltr'><strong>putvdum</strong></span> <span class='ocrx_word' id='word_1_282' title='bbox 862 2101 948 2186; x_wconf 84' lang='lat' dir='ltr'><strong>est</strong></span> <span class='ocrx_word' id='word_1_283' title='bbox 981 2093 1124 2164; x_wconf 91' lang='lat' dir='ltr'><strong>quod</strong></span> <span class='ocrx_word' id='word_1_284' title='bbox 1151 2109 1274 2149; x_wconf 87' lang='lat' dir='ltr'><strong>vere</strong></span> <span class='ocrx_word' id='word_1_285' title='bbox 1299 2094 1442 2149; x_wconf 91' lang='lat' dir='ltr'><strong>Deus</strong></span> <span class='ocrx_word' id='word_1_286' title='bbox 1473 2096 1680 2152; x_wconf 86' lang='lat' dir='ltr'><strong>habitet</strong></span> <span class='ocrx_word' id='word_1_287' title='bbox 1708 2112 1872 2168; x_wconf 88' lang='lat' dir='ltr'><strong>super</strong></span> 
     </span>
    </p>
   </div>
   <div class='ocr_carea' id='block_1_36' title="bbox 276 2183 1872 2260">
    <p class='ocr_par' dir='ltr' id='par_1_36' title="bbox 276 2183 1872 2260">
     <span class='ocr_line' id='line_1_36' title="bbox 276 2183 1872 2260; baseline 0.003 -20"><span class='ocrx_word' id='word_1_288' title='bbox 276 2185 521 2240; x_wconf 82' lang='lat' dir='ltr'><strong>terram?</strong></span> <span class='ocrx_word' id='word_1_289' title='bbox 550 2184 606 2240; x_wconf 91' lang='lat' dir='ltr'><strong>Si</strong></span> <span class='ocrx_word' id='word_1_290' title='bbox 630 2183 778 2240; x_wconf 69' lang='lat' dir='ltr'><strong>cnim</strong></span> <span class='ocrx_word' id='word_1_291' title='bbox 819 2183 1016 2240; x_wconf 61' lang='lat' dir='ltr'><strong>caelum</strong></span> <span class='ocrx_word' id='word_1_292' title='bbox 1051 2194 1107 2241; x_wconf 90' lang='lat' dir='ltr'><strong>et</strong></span> <span class='ocrx_word' id='word_1_293' title='bbox 1138 2186 1260 2254; x_wconf 68' lang='grc' dir='ltr'><strong>(ξωιί</strong></span> <span class='ocrx_word' id='word_1_294' title='bbox 1300 2188 1559 2242; x_wconf 63' lang='lat' dir='ltr'><strong>caelorum</strong></span> <span class='ocrx_word' id='word_1_295' title='bbox 1589 2197 1641 2243; x_wconf 89' lang='lat' dir='ltr'><strong>te</strong></span> <span class='ocrx_word' id='word_1_296' title='bbox 1675 2205 1872 2260; x_wconf 90' lang='lat' dir='ltr'><strong>capere</strong></span> 
     </span>
    </p>
   </div>
   <div class='ocr_carea' id='block_1_37' title="bbox 278 2277 1871 2348">
    <p class='ocr_par' dir='ltr' id='par_1_37' title="bbox 278 2277 1871 2348">
     <span class='ocr_line' id='line_1_37' title="bbox 278 2277 1871 2348; baseline 0.001 -16"><span class='ocrx_word' id='word_1_297' title='bbox 278 2291 391 2332; x_wconf 90' lang='lat' dir='ltr'><strong>non</strong></span> <span class='ocrx_word' id='word_1_298' title='bbox 416 2284 668 2346; x_wconf 91' lang='lat' dir='ltr'><strong>possunt,</strong></span> <span class='ocrx_word' id='word_1_299' title='bbox 692 2284 896 2344; x_wconf 80' lang='lat' dir='ltr'><strong>quanto</strong></span> <span class='ocrx_word' id='word_1_300' title='bbox 917 2277 1091 2346; x_wconf 89' lang='lat' dir='ltr'><strong>magis</strong></span> <span class='ocrx_word' id='word_1_301' title='bbox 1119 2277 1311 2330; x_wconf 91' lang='lat' dir='ltr'><strong>domus</strong></span> <span class='ocrx_word' id='word_1_302' title='bbox 1337 2278 1473 2342; x_wconf 70' lang='lat' dir='ltr'><strong>haec,</strong></span> <span class='ocrx_word' id='word_1_303' title='bbox 1508 2294 1672 2348; x_wconf 89' lang='lat' dir='ltr'><strong>quam</strong></span> <span class='ocrx_word' id='word_1_304' title='bbox 1701 2280 1871 2335; x_wconf 68' lang='lat' dir='ltr'><strong>aadifi-</strong></span> 
     </span>
    </p>
   </div>
   <div class='ocr_carea' id='block_1_38' title="bbox 277 2366 1875 2441">
    <p class='ocr_par' dir='ltr' id='par_1_38' title="bbox 277 2366 1875 2441">
     <span class='ocr_line' id='line_1_38' title="bbox 277 2366 1875 2441; baseline 0.003 -18"><span class='ocrx_word' id='word_1_305' title='bbox 277 2368 440 2424; x_wconf 89' lang='lat' dir='ltr'><strong>cavi?</strong></span> <span class='ocrx_word' id='word_1_306' title='bbox 469 2366 576 2421; x_wconf 89' lang='lat' dir='ltr'><strong>Sed</strong></span> <span class='ocrx_word' id='word_1_307' title='bbox 597 2367 807 2436; x_wconf 92' lang='lat' dir='ltr'><strong>respice</strong></span> <span class='ocrx_word' id='word_1_308' title='bbox 827 2367 896 2420; x_wconf 89' lang='lat' dir='ltr'><strong>ad</strong></span> <span class='ocrx_word' id='word_1_309' title='bbox 929 2368 1233 2423; x_wconf 89' lang='lat' dir='ltr'><strong>orationem</strong></span> <span class='ocrx_word' id='word_1_310' title='bbox 1271 2369 1414 2423; x_wconf 87' lang='lat' dir='ltr'><strong>servi</strong></span> <span class='ocrx_word' id='word_1_311' title='bbox 1436 2369 1546 2435; x_wconf 92' lang='lat' dir='ltr'><strong>tui,</strong></span> <span class='ocrx_word' id='word_1_312' title='bbox 1575 2377 1632 2426; x_wconf 91' lang='lat' dir='ltr'><strong>et</strong></span> <span class='ocrx_word' id='word_1_313' title='bbox 1658 2371 1726 2425; x_wconf 91' lang='lat' dir='ltr'><strong>ad</strong></span> <span class='ocrx_word' id='word_1_314' title='bbox 1752 2387 1875 2441; x_wconf 89' lang='lat' dir='ltr'><strong>pre-</strong></span> 
     </span>
    </p>
   </div>
   <div class='ocr_carea' id='block_1_39' title="bbox 279 2455 1877 2532">
    <p class='ocr_par' dir='ltr' id='par_1_39' title="bbox 279 2455 1877 2532">
     <span class='ocr_line' id='line_1_39' title="bbox 279 2455 1877 2532; baseline 0.003 -19"><span class='ocrx_word' id='word_1_315' title='bbox 279 2473 378 2513; x_wconf 86' lang='lat' dir='ltr'><strong>ces</strong></span> <span class='ocrx_word' id='word_1_316' title='bbox 415 2455 554 2525; x_wconf 88' lang='lat' dir='ltr'><strong>ejus,</strong></span> <span class='ocrx_word' id='word_1_317' title='bbox 585 2455 812 2512; x_wconf 90' lang='lat' dir='ltr'><strong>Domine</strong></span> <span class='ocrx_word' id='word_1_318' title='bbox 837 2457 980 2511; x_wconf 92' lang='lat' dir='ltr'><strong>Deus</strong></span> <span class='ocrx_word' id='word_1_319' title='bbox 1002 2474 1174 2514; x_wconf 88' lang='lat' dir='ltr'><strong>meus.</strong></span> <span class='ocrx_word' id='word_1_320' title='bbox 1213 2459 1352 2514; x_wconf 88' lang='lat' dir='ltr'><strong>Audi</strong></span> <span class='ocrx_word' id='word_1_321' title='bbox 1373 2461 1634 2532; x_wconf 85' lang='lat' dir='ltr'><strong>hymnum</strong></span> <span class='ocrx_word' id='word_1_322' title='bbox 1673 2471 1730 2517; x_wconf 91' lang='lat' dir='ltr'><strong>et</strong></span> <span class='ocrx_word' id='word_1_323' title='bbox 1752 2478 1877 2517; x_wconf 87' lang='lat' dir='ltr'><strong>ora-</strong></span> 
     </span>
    </p>
   </div>
   <div class='ocr_carea' id='block_1_40' title="bbox 282 2549 1878 2620">
    <p class='ocr_par' dir='ltr' id='par_1_40' title="bbox 282 2549 1878 2620">
     <span class='ocr_line' id='line_1_40' title="bbox 282 2549 1878 2620; baseline 0.005 -18"><span class='ocrx_word' id='word_1_324' title='bbox 282 2549 490 2603; x_wconf 91' lang='lat' dir='ltr'><strong>tionem</strong></span> <span class='ocrx_word' id='word_1_325' title='bbox 516 2589 532 2613; x_wconf 95' lang='lat'><strong>,</strong></span> <span class='ocrx_word' id='word_1_326' title='bbox 582 2563 746 2618; x_wconf 90' lang='lat' dir='ltr'><strong>quam</strong></span> <span class='ocrx_word' id='word_1_327' title='bbox 787 2565 977 2605; x_wconf 85' lang='lat' dir='ltr'><strong>servus</strong></span> <span class='ocrx_word' id='word_1_328' title='bbox 1007 2558 1130 2606; x_wconf 90' lang='lat' dir='ltr'><strong>tuus</strong></span> <span class='ocrx_word' id='word_1_329' title='bbox 1155 2561 1279 2606; x_wconf 87' lang='lat' dir='ltr'><strong>orat</strong></span> <span class='ocrx_word' id='word_1_330' title='bbox 1305 2568 1488 2608; x_wconf 90' lang='lat' dir='ltr'><strong>coram</strong></span> <span class='ocrx_word' id='word_1_331' title='bbox 1528 2563 1582 2610; x_wconf 91' lang='lat' dir='ltr'><strong>te</strong></span> <span class='ocrx_word' id='word_1_332' title='bbox 1605 2556 1786 2620; x_wconf 88' lang='lat' dir='ltr'><strong>hodie,</strong></span> <span class='ocrx_word' id='word_1_333' title='bbox 1818 2563 1878 2610; x_wconf 92' lang='lat' dir='ltr'><strong>ut</strong></span> 
     </span>
    </p>
   </div>
   <div class='ocr_carea' id='block_1_41' title="bbox 281 2640 1875 2719">
    <p class='ocr_par' dir='ltr' id='par_1_41' title="bbox 281 2640 1875 2719">
     <span class='ocr_line' id='line_1_41' title="bbox 281 2640 1875 2719; baseline 0.005 -24"><span class='ocrx_word' id='word_1_334' title='bbox 281 2640 399 2695; x_wconf 86' lang='lat' dir='ltr'><strong>sint</strong></span> <span class='ocrx_word' id='word_1_335' title='bbox 416 2640 555 2696; x_wconf 92' lang='lat' dir='ltr'><strong>oculi</strong></span> <span class='ocrx_word' id='word_1_336' title='bbox 579 2641 662 2719; x_wconf 8' lang='lat' dir='ltr'><strong>tui,</strong></span> <span class='ocrx_word' id='word_1_337' title='bbox 688 2643 862 2712; x_wconf 91' lang='lat' dir='ltr'><strong>aperti</strong></span> <span class='ocrx_word' id='word_1_338' title='bbox 897 2659 1060 2714; x_wconf 86' lang='lat' dir='ltr'><strong>super</strong></span> <span class='ocrx_word' id='word_1_339' title='bbox 1081 2644 1300 2699; x_wconf 91' lang='lat' dir='ltr'><strong>domum</strong></span> <span class='ocrx_word' id='word_1_340' title='bbox 1328 2646 1468 2700; x_wconf 91' lang='lat' dir='ltr'><strong>hanc</strong></span> <span class='ocrx_word' id='word_1_341' title='bbox 1497 2646 1583 2702; x_wconf 91' lang='lat' dir='ltr'><strong>die</strong></span> <span class='ocrx_word' id='word_1_342' title='bbox 1609 2662 1673 2702; x_wconf 91' lang='lat' dir='ltr'><strong>ac</strong></span> <span class='ocrx_word' id='word_1_343' title='bbox 1695 2656 1875 2715; x_wconf 90' lang='lat' dir='ltr'><strong>nocte,</strong></span> 
     </span>
    </p>
   </div>
   <div class='ocr_carea' id='block_1_42' title="bbox 280 2732 1878 2805">
    <p class='ocr_par' dir='ltr' id='par_1_42' title="bbox 280 2732 1878 2805">
     <span class='ocr_line' id='line_1_42' title="bbox 280 2732 1878 2805; baseline 0.006 -18"><span class='ocrx_word' id='word_1_344' title='bbox 280 2746 452 2801; x_wconf 87' lang='lat' dir='ltr'><strong>super</strong></span> <span class='ocrx_word' id='word_1_345' title='bbox 479 2732 730 2798; x_wconf 90' lang='lat' dir='ltr'><strong>domum,</strong></span> <span class='ocrx_word' id='word_1_346' title='bbox 773 2733 840 2789; x_wconf 89' lang='lat' dir='ltr'><strong>de</strong></span> <span class='ocrx_word' id='word_1_347' title='bbox 876 2751 982 2805; x_wconf 91' lang='lat' dir='ltr'><strong>qua</strong></span> <span class='ocrx_word' id='word_1_348' title='bbox 1025 2735 1244 2792; x_wconf 82' lang='lat' dir='ltr'><strong>dixisti:</strong></span> <span class='ocrx_word' id='word_1_349' title='bbox 1276 2739 1395 2792; x_wconf 90' lang='lat' dir='ltr'><strong>Erit</strong></span> <span class='ocrx_word' id='word_1_350' title='bbox 1449 2755 1644 2796; x_wconf 88' lang='lat' dir='ltr'><strong>nomen</strong></span> <span class='ocrx_word' id='word_1_351' title='bbox 1695 2757 1878 2796; x_wconf 90' lang='lat' dir='ltr'><strong>meum</strong></span> 
     </span>
    </p>
   </div>
   <div class='ocr_carea' id='block_1_43' title="bbox 281 2822 1880 2900">
    <p class='ocr_par' dir='ltr' id='par_1_43' title="bbox 281 2822 1880 2900">
     <span class='ocr_line' id='line_1_43' title="bbox 281 2822 1880 2900; baseline 0.006 -22"><span class='ocrx_word' id='word_1_352' title='bbox 281 2822 360 2878; x_wconf 90' lang='lat' dir='ltr'><strong>ibi</strong></span> <span class='ocrx_word' id='word_1_353' title='bbox 401 2841 414 2876; x_wconf 90' lang='lat'>:</span> <span class='ocrx_word' id='word_1_354' title='bbox 457 2832 517 2878; x_wconf 94' lang='lat' dir='ltr'><strong>ut</strong></span> <span class='ocrx_word' id='word_1_355' title='bbox 563 2825 818 2880; x_wconf 81' lang='lat' dir='ltr'><strong>exaudias</strong></span> <span class='ocrx_word' id='word_1_356' title='bbox 867 2828 1167 2884; x_wconf 90' lang='lat' dir='ltr'><strong>orationem</strong></span> <span class='ocrx_word' id='word_1_357' title='bbox 1205 2846 1371 2900; x_wconf 90' lang='lat' dir='ltr'><strong>quam</strong></span> <span class='ocrx_word' id='word_1_358' title='bbox 1415 2840 1537 2886; x_wconf 89' lang='lat' dir='ltr'><strong>orat</strong></span> <span class='ocrx_word' id='word_1_359' title='bbox 1571 2832 1638 2886; x_wconf 90' lang='lat' dir='ltr'><strong>ad</strong></span> <span class='ocrx_word' id='word_1_360' title='bbox 1678 2841 1730 2889; x_wconf 91' lang='lat' dir='ltr'><strong>te</strong></span> <span class='ocrx_word' id='word_1_361' title='bbox 1760 2849 1880 2890; x_wconf 90' lang='lat' dir='ltr'><strong>ser-</strong></span> 
     </span>
    </p>
   </div>
   <div class='ocr_carea' id='block_1_44' title="bbox 279 2917 1882 2997">
    <p class='ocr_par' dir='ltr' id='par_1_44' title="bbox 279 2917 1882 2997">
     <span class='ocr_line' id='line_1_44' title="bbox 279 2917 1882 2997; baseline 0.006 -25"><span class='ocrx_word' id='word_1_362' title='bbox 279 2929 388 2972; x_wconf 84' lang='lat' dir='ltr'><strong>vus</strong></span> <span class='ocrx_word' id='word_1_363' title='bbox 435 2922 562 2970; x_wconf 90' lang='lat' dir='ltr'><strong>tuus</strong></span> <span class='ocrx_word' id='word_1_364' title='bbox 620 2917 674 2970; x_wconf 92' lang='lat' dir='ltr'><strong>in</strong></span> <span class='ocrx_word' id='word_1_365' title='bbox 723 2917 840 2973; x_wconf 88' lang='lat' dir='ltr'><strong>loco</strong></span> <span class='ocrx_word' id='word_1_366' title='bbox 902 2919 1038 2985; x_wconf 90' lang='lat' dir='ltr'><strong>isto,</strong></span> <span class='ocrx_word' id='word_1_367' title='bbox 1100 2929 1160 2974; x_wconf 93' lang='lat' dir='ltr'><strong>ut</strong></span> <span class='ocrx_word' id='word_1_368' title='bbox 1224 2923 1485 2978; x_wconf 80' lang='lat' dir='ltr'><strong>exaudias</strong></span> <span class='ocrx_word' id='word_1_369' title='bbox 1545 2926 1882 2997; x_wconf 88' lang='lat' dir='ltr'><strong>deprecatio-</strong></span> 
     </span>
    </p>
   </div>
   <div class='ocr_carea' id='block_1_45' title="bbox 279 3008 1882 3089">
    <p class='ocr_par' dir='ltr' id='par_1_45' title="bbox 279 3008 1882 3089">
     <span class='ocr_line' id='line_1_45' title="bbox 279 3008 1882 3089; baseline 0.009 -29"><span class='ocrx_word' id='word_1_370' title='bbox 279 3021 412 3060; x_wconf 89' lang='lat' dir='ltr'><strong>nem</strong></span> <span class='ocrx_word' id='word_1_371' title='bbox 462 3008 603 3062; x_wconf 89' lang='lat' dir='ltr'><strong>servi</strong></span> <span class='ocrx_word' id='word_1_372' title='bbox 665 3009 778 3074; x_wconf 93' lang='lat' dir='ltr'><strong>tui,</strong></span> <span class='ocrx_word' id='word_1_373' title='bbox 831 3017 886 3065; x_wconf 89' lang='lat' dir='ltr'><strong>et</strong></span> <span class='ocrx_word' id='word_1_374' title='bbox 929 3013 1106 3082; x_wconf 91' lang='lat' dir='ltr'><strong>populi</strong></span> <span class='ocrx_word' id='word_1_375' title='bbox 1150 3014 1228 3067; x_wconf 92' lang='lat' dir='ltr'><strong>tui</strong></span> <span class='ocrx_word' id='word_1_376' title='bbox 1270 3015 1468 3079; x_wconf 89' lang='lat' dir='ltr'><strong>Israel,</strong></span> <span class='ocrx_word' id='word_1_377' title='bbox 1526 3020 1882 3089; x_wconf 89' lang='lat' dir='ltr'><strong>quodcunque</strong></span> 
     </span>
    </p>
   </div>
   <div class='ocr_carea' id='block_1_46' title="bbox 277 3098 1883 3168">
    <p class='ocr_par' dir='ltr' id='par_1_46' title="bbox 277 3098 1883 3168">
     <span class='ocr_line' id='line_1_46' title="bbox 277 3098 1883 3168; baseline 0.01 -16"><span class='ocrx_word' id='word_1_378' title='bbox 277 3098 564 3152; x_wconf 85' lang='lat' dir='ltr'><strong>oraverint</strong></span> <span class='ocrx_word' id='word_1_379' title='bbox 608 3099 663 3154; x_wconf 90' lang='lat' dir='ltr'><strong>in</strong></span> <span class='ocrx_word' id='word_1_380' title='bbox 708 3099 825 3156; x_wconf 90' lang='lat' dir='ltr'><strong>loco</strong></span> <span class='ocrx_word' id='word_1_381' title='bbox 877 3102 1020 3168; x_wconf 92' lang='lat' dir='ltr'><strong>isto,</strong></span> <span class='ocrx_word' id='word_1_382' title='bbox 1072 3112 1126 3158; x_wconf 92' lang='lat' dir='ltr'><strong>et</strong></span> <span class='ocrx_word' id='word_1_383' title='bbox 1161 3107 1417 3163; x_wconf 78' lang='lat' dir='ltr'><strong>exaudies</strong></span> <span class='ocrx_word' id='word_1_384' title='bbox 1453 3109 1505 3164; x_wconf 90' lang='lat' dir='ltr'><strong>in</strong></span> <span class='ocrx_word' id='word_1_385' title='bbox 1536 3109 1653 3165; x_wconf 90' lang='lat' dir='ltr'><strong>loco</strong></span> <span class='ocrx_word' id='word_1_386' title='bbox 1672 3112 1883 3167; x_wconf 91' lang='lat' dir='ltr'><strong>habita-</strong></span> 
     </span>
    </p>
   </div>
   <div class='ocr_carea' id='block_1_47' title="bbox 281 3189 1962 3272">
    <p class='ocr_par' dir='ltr' id='par_1_47' title="bbox 281 3189 1962 3272">
     <span class='ocr_line' id='line_1_47' title="bbox 281 3189 1962 3272; baseline 0.009 -28"><span class='ocrx_word' id='word_1_387' title='bbox 281 3189 400 3244; x_wconf 88' lang='lat' dir='ltr'><strong>culi</strong></span> <span class='ocrx_word' id='word_1_388' title='bbox 427 3190 502 3244; x_wconf 86' lang='lat' dir='ltr'><strong>tui</strong></span> <span class='ocrx_word' id='word_1_389' title='bbox 531 3191 585 3245; x_wconf 91' lang='lat' dir='ltr'><strong>in</strong></span> <span class='ocrx_word' id='word_1_390' title='bbox 611 3192 748 3247; x_wconf 71' lang='lat' dir='ltr'><strong>cmlo</strong></span> <span class='ocrx_word' id='word_1_391' title='bbox 767 3234 781 3259; x_wconf 95' lang='lat'><strong>,</strong></span> <span class='ocrx_word' id='word_1_392' title='bbox 823 3203 880 3249; x_wconf 91' lang='lat' dir='ltr'><strong>et</strong></span> <span class='ocrx_word' id='word_1_393' title='bbox 905 3211 1026 3250; x_wconf 91' lang='lat' dir='ltr'><strong>cum</strong></span> <span class='ocrx_word' id='word_1_394' title='bbox 1051 3197 1286 3252; x_wconf 88' lang='lat' dir='ltr'><strong>audieris</strong></span> <span class='ocrx_word' id='word_1_395' title='bbox 1305 3241 1319 3264; x_wconf 92' lang='lat'><strong>,</strong></span> <span class='ocrx_word' id='word_1_396' title='bbox 1357 3202 1622 3272; x_wconf 91' lang='lat' dir='ltr'><strong>propitius</strong></span> <span class='ocrx_word' id='word_1_397' title='bbox 1650 3205 1778 3259; x_wconf 91' lang='lat' dir='ltr'><strong>eris.</strong></span> <span class='ocrx_word' id='word_1_398' title='bbox 1823 3205 1880 3260; x_wconf 90' lang='lat' dir='ltr'><strong>Si</strong></span> <span class='ocrx_word' id='word_1_399' title='bbox 1960 3213 1962 3215; x_wconf 74' lang='grc'><em>’</em></span> 
     </span>
    </p>
   </div>
   <div class='ocr_carea' id='block_1_48' title="bbox 1979 1995 3647 2087">
    <p class='ocr_par' dir='ltr' id='par_1_48' title="bbox 1979 1995 3647 2087">
     <span class='ocr_line' id='line_1_48' title="bbox 1979 1995 3647 2087; baseline -0.01 -4"><span class='ocrx_word' id='word_1_400' title='bbox 1979 2038 2035 2083; x_wconf 90' lang='lat' dir='ltr'><strong>to</strong></span> <span class='ocrx_word' id='word_1_401' title='bbox 2061 2024 2352 2083; x_wconf 86' lang='lat' dir='ltr'><strong>habitaculi</strong></span> <span class='ocrx_word' id='word_1_402' title='bbox 2385 2023 2481 2087; x_wconf 91' lang='lat' dir='ltr'><strong>tui,</strong></span> <span class='ocrx_word' id='word_1_403' title='bbox 2513 2027 2566 2076; x_wconf 91' lang='lat' dir='ltr'><strong>et</strong></span> <span class='ocrx_word' id='word_1_404' title='bbox 2596 2020 2762 2075; x_wconf 78' lang='lat' dir='ltr'><strong>facies</strong></span> <span class='ocrx_word' id='word_1_405' title='bbox 2786 2019 2966 2073; x_wconf 87' lang='lat' dir='ltr'><strong>omnia</strong></span> <span class='ocrx_word' id='word_1_406' title='bbox 2995 2033 3094 2087; x_wconf 91' lang='lat' dir='ltr'><strong>pro</strong></span> <span class='ocrx_word' id='word_1_407' title='bbox 3121 2016 3314 2086; x_wconf 90' lang='lat' dir='ltr'><strong>quibus</strong></span> <span class='ocrx_word' id='word_1_408' title='bbox 3348 2015 3572 2068; x_wconf 86' lang='lat' dir='ltr'><strong>invoca-</strong></span> <span class='ocrx_word' id='word_1_409' title='bbox 3639 1995 3647 2003; x_wconf 66' lang='grc'><strong>’</strong></span> 
     </span>
    </p>
   </div>
   <div class='ocr_carea' id='block_1_49' title="bbox 1975 2104 3573 2185">
    <p class='ocr_par' dir='ltr' id='par_1_49' title="bbox 1975 2104 3573 2185">
     <span class='ocr_line' id='line_1_49' title="bbox 1975 2104 3573 2185; baseline -0.012 -11"><span class='ocrx_word' id='word_1_410' title='bbox 1975 2119 2117 2174; x_wconf 92' lang='lat' dir='ltr'><strong>verit</strong></span> <span class='ocrx_word' id='word_1_411' title='bbox 2144 2125 2197 2171; x_wconf 92' lang='lat' dir='ltr'><strong>te</strong></span> <span class='ocrx_word' id='word_1_412' title='bbox 2227 2115 2526 2185; x_wconf 86' lang='lat' dir='ltr'><strong>alienigena</strong></span> <span class='ocrx_word' id='word_1_413' title='bbox 2547 2153 2562 2177; x_wconf 92' lang='lat'><strong>,</strong></span> <span class='ocrx_word' id='word_1_414' title='bbox 2595 2120 2656 2166; x_wconf 94' lang='lat' dir='ltr'><strong>ut</strong></span> <span class='ocrx_word' id='word_1_415' title='bbox 2681 2111 2891 2165; x_wconf 88' lang='lat' dir='ltr'><strong>discant</strong></span> <span class='ocrx_word' id='word_1_416' title='bbox 2917 2108 3156 2163; x_wconf 90' lang='lat' dir='ltr'><strong>universi</strong></span> <span class='ocrx_word' id='word_1_417' title='bbox 3183 2104 3365 2177; x_wconf 91' lang='lat' dir='ltr'><strong>populi</strong></span> <span class='ocrx_word' id='word_1_418' title='bbox 3395 2112 3573 2158; x_wconf 88' lang='lat' dir='ltr'><strong>terra-</strong></span> 
     </span>
    </p>
   </div>
   <div class='ocr_carea' id='block_1_50' title="bbox 1977 2193 3574 2271">
    <p class='ocr_par' dir='ltr' id='par_1_50' title="bbox 1977 2193 3574 2271">
     <span class='ocr_line' id='line_1_50' title="bbox 1977 2193 3574 2271; baseline -0.013 -5"><span class='ocrx_word' id='word_1_419' title='bbox 1977 2228 2098 2267; x_wconf 90' lang='lat' dir='ltr'><strong>rum</strong></span> <span class='ocrx_word' id='word_1_420' title='bbox 2139 2223 2334 2264; x_wconf 89' lang='lat' dir='ltr'><strong>nomen</strong></span> <span class='ocrx_word' id='word_1_421' title='bbox 2379 2216 2527 2262; x_wconf 90' lang='lat' dir='ltr'><strong>tuum</strong></span> <span class='ocrx_word' id='word_1_422' title='bbox 2561 2205 2752 2259; x_wconf 90' lang='lat' dir='ltr'><strong>timere</strong></span> <span class='ocrx_word' id='word_1_423' title='bbox 2779 2203 2919 2256; x_wconf 90' lang='lat' dir='ltr'><strong>sicut</strong></span> <span class='ocrx_word' id='word_1_424' title='bbox 2956 2199 3183 2271; x_wconf 86' lang='lat' dir='ltr'><strong>p0pulus</strong></span> <span class='ocrx_word' id='word_1_425' title='bbox 3223 2205 3348 2250; x_wconf 90' lang='lat' dir='ltr'><strong>tuus</strong></span> <span class='ocrx_word' id='word_1_426' title='bbox 3384 2193 3574 2258; x_wconf 90' lang='lat' dir='ltr'><strong>Israel,</strong></span> 
     </span>
    </p>
   </div>
   <div class='ocr_carea' id='block_1_51' title="bbox 1977 2293 3580 2372">
    <p class='ocr_par' dir='ltr' id='par_1_51' title="bbox 1977 2293 3580 2372">
     <span class='ocr_line' id='line_1_51' title="bbox 1977 2293 3580 2372; baseline -0.013 -14"><span class='ocrx_word' id='word_1_427' title='bbox 1977 2313 2035 2359; x_wconf 92' lang='lat' dir='ltr'><strong>et</strong></span> <span class='ocrx_word' id='word_1_428' title='bbox 2073 2301 2304 2372; x_wconf 87' lang='lat' dir='ltr'><strong>probent</strong></span> <span class='ocrx_word' id='word_1_429' title='bbox 2345 2299 2471 2370; x_wconf 87' lang='lat' dir='ltr'><strong>quia</strong></span> <span class='ocrx_word' id='word_1_430' title='bbox 2519 2311 2714 2350; x_wconf 92' lang='lat' dir='ltr'><strong>nomen</strong></span> <span class='ocrx_word' id='word_1_431' title='bbox 2764 2303 2916 2348; x_wconf 89' lang='lat' dir='ltr'><strong>tuum</strong></span> <span class='ocrx_word' id='word_1_432' title='bbox 2962 2293 3270 2346; x_wconf 89' lang='lat' dir='ltr'><strong>invocatum</strong></span> <span class='ocrx_word' id='word_1_433' title='bbox 3308 2295 3392 2341; x_wconf 91' lang='lat' dir='ltr'><strong>est</strong></span> <span class='ocrx_word' id='word_1_434' title='bbox 3415 2299 3580 2354; x_wconf 89' lang='lat' dir='ltr'><strong>super</strong></span> 
     </span>
    </p>
   </div>
   <div class='ocr_carea' id='block_1_52' title="bbox 1979 2379 3577 2458">
    <p class='ocr_par' dir='ltr' id='par_1_52' title="bbox 1979 2379 3577 2458">
     <span class='ocr_line' id='line_1_52' title="bbox 1979 2379 3577 2458; baseline -0.01 -9"><span class='ocrx_word' id='word_1_435' title='bbox 1979 2395 2200 2449; x_wconf 90' lang='lat' dir='ltr'><strong>domum</strong></span> <span class='ocrx_word' id='word_1_436' title='bbox 2232 2392 2374 2446; x_wconf 88' lang='lat' dir='ltr'><strong>hanc</strong></span> <span class='ocrx_word' id='word_1_437' title='bbox 2397 2403 2560 2458; x_wconf 89' lang='lat' dir='ltr'><strong>quam</strong></span> <span class='ocrx_word' id='word_1_438' title='bbox 2581 2386 2864 2442; x_wconf 69' lang='lat' dir='ltr'><strong>aedificavi.</strong></span> <span class='ocrx_word' id='word_1_439' title='bbox 2905 2384 2963 2438; x_wconf 93' lang='lat' dir='ltr'><strong>Si</strong></span> <span class='ocrx_word' id='word_1_440' title='bbox 2995 2397 3248 2454; x_wconf 88' lang='lat' dir='ltr'><strong>egressus</strong></span> <span class='ocrx_word' id='word_1_441' title='bbox 3283 2379 3446 2434; x_wconf 85' lang='lat' dir='ltr'><strong>fuerit</strong></span> <span class='ocrx_word' id='word_1_442' title='bbox 3477 2392 3577 2447; x_wconf 89' lang='lat' dir='ltr'><strong>po-</strong></span> 
     </span>
    </p>
   </div>
   <div class='ocr_carea' id='block_1_53' title="bbox 1979 2469 3577 2558">
    <p class='ocr_par' dir='ltr' id='par_1_53' title="bbox 1979 2469 3577 2558">
     <span class='ocr_line' id='line_1_53' title="bbox 1979 2469 3577 2558; baseline -0.012 -18"><span class='ocrx_word' id='word_1_443' title='bbox 1979 2486 2137 2558; x_wconf 88' lang='lat' dir='ltr'><strong>pulus</strong></span> <span class='ocrx_word' id='word_1_444' title='bbox 2163 2493 2288 2538; x_wconf 91' lang='lat' dir='ltr'><strong>tuus</strong></span> <span class='ocrx_word' id='word_1_445' title='bbox 2319 2483 2386 2536; x_wconf 90' lang='lat' dir='ltr'><strong>ad</strong></span> <span class='ocrx_word' id='word_1_446' title='bbox 2409 2480 2608 2536; x_wconf 88' lang='lat' dir='ltr'><strong>bellum</strong></span> <span class='ocrx_word' id='word_1_447' title='bbox 2634 2487 2822 2533; x_wconf 82' lang='lat' dir='ltr'><strong>contra</strong></span> <span class='ocrx_word' id='word_1_448' title='bbox 2844 2475 3093 2531; x_wconf 89' lang='lat' dir='ltr'><strong>inimicos</strong></span> <span class='ocrx_word' id='word_1_449' title='bbox 3117 2487 3265 2536; x_wconf 89' lang='lat' dir='ltr'><strong>suos,</strong></span> <span class='ocrx_word' id='word_1_450' title='bbox 3282 2485 3381 2541; x_wconf 89' lang='lat' dir='ltr'><strong>per</strong></span> <span class='ocrx_word' id='word_1_451' title='bbox 3408 2469 3577 2536; x_wconf 89' lang='lat' dir='ltr'><strong>viam,</strong></span> 
     </span>
    </p>
   </div>
   <div class='ocr_carea' id='block_1_54' title="bbox 1982 2563 3582 2648">
    <p class='ocr_par' dir='ltr' id='par_1_54' title="bbox 1982 2563 3582 2648">
     <span class='ocr_line' id='line_1_54' title="bbox 1982 2563 3582 2648; baseline -0.009 -15"><span class='ocrx_word' id='word_1_452' title='bbox 1982 2591 2301 2648; x_wconf 85' lang='lat' dir='ltr'><strong>quocunque</strong></span> <span class='ocrx_word' id='word_1_453' title='bbox 2347 2573 2560 2628; x_wconf 89' lang='lat' dir='ltr'><strong>miseris</strong></span> <span class='ocrx_word' id='word_1_454' title='bbox 2605 2587 2720 2634; x_wconf 91' lang='lat' dir='ltr'><strong>eos,</strong></span> <span class='ocrx_word' id='word_1_455' title='bbox 2771 2577 2826 2624; x_wconf 88' lang='lat' dir='ltr'><strong>et</strong></span> <span class='ocrx_word' id='word_1_456' title='bbox 2872 2567 3104 2623; x_wconf 84' lang='lat' dir='ltr'><strong>orabunt</strong></span> <span class='ocrx_word' id='word_1_457' title='bbox 3141 2574 3193 2620; x_wconf 90' lang='lat' dir='ltr'><strong>te</strong></span> <span class='ocrx_word' id='word_1_458' title='bbox 3217 2574 3406 2646; x_wconf 83' lang='lat' dir='ltr'><strong>contra</strong></span> <span class='ocrx_word' id='word_1_459' title='bbox 3434 2563 3582 2618; x_wconf 88' lang='lat' dir='ltr'><strong>viam</strong></span> 
     </span>
    </p>
   </div>
   <div class='ocr_carea' id='block_1_55' title="bbox 1983 2643 3584 2736">
    <p class='ocr_par' dir='ltr' id='par_1_55' title="bbox 1983 2643 3584 2736">
     <span class='ocr_line' id='line_1_55' title="bbox 1983 2643 3584 2736; baseline -0.01 -12"><span class='ocrx_word' id='word_1_460' title='bbox 1983 2643 2404 2736; x_wconf 73' lang='lat' dir='ltr'><strong>civitatisquam</strong></span> <span class='ocrx_word' id='word_1_461' title='bbox 2430 2663 2663 2734; x_wconf 89' lang='lat' dir='ltr'><strong>elegisti,</strong></span> <span class='ocrx_word' id='word_1_462' title='bbox 2687 2670 2740 2716; x_wconf 91' lang='lat' dir='ltr'><strong>et</strong></span> <span class='ocrx_word' id='word_1_463' title='bbox 2760 2669 2950 2716; x_wconf 90' lang='lat' dir='ltr'><strong>contra</strong></span> <span class='ocrx_word' id='word_1_464' title='bbox 2979 2660 3198 2713; x_wconf 84' lang='lat' dir='ltr'><strong>domum</strong></span> <span class='ocrx_word' id='word_1_465' title='bbox 3217 2643 3220 2646; x_wconf 54' lang='grc'><strong>’</strong></span> <span class='ocrx_word' id='word_1_466' title='bbox 3241 2670 3403 2725; x_wconf 90' lang='lat' dir='ltr'><strong>quam</strong></span> <span class='ocrx_word' id='word_1_467' title='bbox 3449 2653 3584 2709; x_wconf 58' lang='lat' dir='ltr'><strong>aedi-</strong></span> 
     </span>
    </p>
   </div>
   <div class='ocr_carea' id='block_1_56' title="bbox 1983 2748 3582 2820">
    <p class='ocr_par' dir='ltr' id='par_1_56' title="bbox 1983 2748 3582 2820">
     <span class='ocr_line' id='line_1_56' title="bbox 1983 2748 3582 2820; baseline -0.009 -6"><span class='ocrx_word' id='word_1_468' title='bbox 1983 2759 2140 2814; x_wconf 88' lang='lat' dir='ltr'><strong>ficavi</strong></span> <span class='ocrx_word' id='word_1_469' title='bbox 2170 2757 2372 2812; x_wconf 90' lang='lat' dir='ltr'><strong>nomini</strong></span> <span class='ocrx_word' id='word_1_470' title='bbox 2406 2764 2530 2820; x_wconf 90' lang='lat' dir='ltr'><strong>tuo,</strong></span> <span class='ocrx_word' id='word_1_471' title='bbox 2573 2762 2632 2808; x_wconf 93' lang='lat' dir='ltr'><strong>tu</strong></span> <span class='ocrx_word' id='word_1_472' title='bbox 2660 2753 2916 2807; x_wconf 77' lang='lat' dir='ltr'><strong>exaudies</strong></span> <span class='ocrx_word' id='word_1_473' title='bbox 2942 2751 2997 2804; x_wconf 91' lang='lat' dir='ltr'><strong>in</strong></span> <span class='ocrx_word' id='word_1_474' title='bbox 3027 2749 3163 2804; x_wconf 67' lang='lat' dir='ltr'><strong>coalo</strong></span> <span class='ocrx_word' id='word_1_475' title='bbox 3187 2748 3460 2802; x_wconf 86' lang='lat' dir='ltr'><strong>orationes</strong></span> <span class='ocrx_word' id='word_1_476' title='bbox 3485 2759 3582 2799; x_wconf 82' lang='lat' dir='ltr'><strong>eo-</strong></span> 
     </span>
    </p>
   </div>
   <div class='ocr_carea' id='block_1_57' title="bbox 1984 2833 3573 2919">
    <p class='ocr_par' dir='ltr' id='par_1_57' title="bbox 1984 2833 3573 2919">
     <span class='ocr_line' id='line_1_57' title="bbox 1984 2833 3573 2919; baseline -0.011 -13"><span class='ocrx_word' id='word_1_477' title='bbox 1984 2868 2125 2916; x_wconf 88' lang='lat' dir='ltr'><strong>rum,</strong></span> <span class='ocrx_word' id='word_1_478' title='bbox 2182 2858 2238 2904; x_wconf 91' lang='lat' dir='ltr'><strong>ct</strong></span> <span class='ocrx_word' id='word_1_479' title='bbox 2282 2862 2475 2919; x_wconf 90' lang='lat' dir='ltr'><strong>preces</strong></span> <span class='ocrx_word' id='word_1_480' title='bbox 2519 2861 2746 2908; x_wconf 89' lang='lat' dir='ltr'><strong>eorum,</strong></span> <span class='ocrx_word' id='word_1_481' title='bbox 2800 2851 2855 2898; x_wconf 90' lang='lat' dir='ltr'><strong>et</strong></span> <span class='ocrx_word' id='word_1_482' title='bbox 2883 2842 3048 2896; x_wconf 86' lang='lat' dir='ltr'><strong>facies</strong></span> <span class='ocrx_word' id='word_1_483' title='bbox 3070 2839 3334 2908; x_wconf 87' lang='lat' dir='ltr'><strong>judicium</strong></span> <span class='ocrx_word' id='word_1_484' title='bbox 3362 2833 3573 2892; x_wconf 85' lang='lat' dir='ltr'><strong>eorum.</strong></span> 
     </span>
    </p>
   </div>
   <div class='ocr_carea' id='block_1_58' title="bbox 1985 2921 3583 3012">
    <p class='ocr_par' dir='ltr' id='par_1_58' title="bbox 1985 2921 3583 3012">
     <span class='ocr_line' id='line_1_58' title="bbox 1985 2921 3583 3012; baseline -0.012 -13"><span class='ocrx_word' id='word_1_485' title='bbox 1985 2944 2138 3012; x_wconf 84' lang='lat' dir='ltr'><strong>Quod</strong></span> <span class='ocrx_word' id='word_1_486' title='bbox 2168 2943 2214 2998; x_wconf 91' lang='lat' dir='ltr'><strong>si</strong></span> <span class='ocrx_word' id='word_1_487' title='bbox 2250 2940 2596 3012; x_wconf 87' lang='lat' dir='ltr'><strong>peccaverint</strong></span> <span class='ocrx_word' id='word_1_488' title='bbox 2641 2937 2738 2992; x_wconf 88' lang='lat' dir='ltr'><strong>tibi</strong></span> <span class='ocrx_word' id='word_1_489' title='bbox 2788 2935 2916 3008; x_wconf 89' lang='lat' dir='ltr'><strong>(non</strong></span> <span class='ocrx_word' id='word_1_490' title='bbox 2964 2943 3048 2990; x_wconf 88' lang='lat' dir='ltr'><strong>est</strong></span> <span class='ocrx_word' id='word_1_491' title='bbox 3095 2933 3240 2988; x_wconf 89' lang='lat' dir='ltr'><strong>enim</strong></span> <span class='ocrx_word' id='word_1_492' title='bbox 3285 2921 3583 2997; x_wconf 33' lang='lat' dir='ltr'><strong>homo&#39;qui</strong></span> 
     </span>
    </p>
   </div>
   <div class='ocr_carea' id='block_1_59' title="bbox 1985 3019 3581 3108">
    <p class='ocr_par' dir='ltr' id='par_1_59' title="bbox 1985 3019 3581 3108">
     <span class='ocr_line' id='line_1_59' title="bbox 1985 3019 3581 3108; baseline -0.014 -13"><span class='ocrx_word' id='word_1_493' title='bbox 1985 3056 2092 3095; x_wconf 93' lang='lat' dir='ltr'><strong>non</strong></span> <span class='ocrx_word' id='word_1_494' title='bbox 2123 3035 2330 3108; x_wconf 91' lang='lat' dir='ltr'><strong>peccet)</strong></span> <span class='ocrx_word' id='word_1_495' title='bbox 2360 3076 2376 3101; x_wconf 93' lang='lat'><strong>,</strong></span> <span class='ocrx_word' id='word_1_496' title='bbox 2432 3043 2490 3089; x_wconf 91' lang='lat' dir='ltr'><strong>et</strong></span> <span class='ocrx_word' id='word_1_497' title='bbox 2533 3034 2707 3087; x_wconf 88' lang='lat' dir='ltr'><strong>iratus</strong></span> <span class='ocrx_word' id='word_1_498' title='bbox 2737 3030 3027 3085; x_wconf 84' lang='lat' dir='ltr'><strong>tradideris</strong></span> <span class='ocrx_word' id='word_1_499' title='bbox 3065 3042 3158 3082; x_wconf 90' lang='lat' dir='ltr'><strong>eos</strong></span> <span class='ocrx_word' id='word_1_500' title='bbox 3185 3023 3416 3080; x_wconf 88' lang='lat' dir='ltr'><strong>inimicis</strong></span> <span class='ocrx_word' id='word_1_501' title='bbox 3445 3019 3581 3084; x_wconf 71' lang='lat' dir='ltr'><strong>suis,</strong></span> 
     </span>
    </p>
   </div>
   <div class='ocr_carea' id='block_1_60' title="bbox 1986 3112 3579 3199">
    <p class='ocr_par' dir='ltr' id='par_1_60' title="bbox 1986 3112 3579 3199">
     <span class='ocr_line' id='line_1_60' title="bbox 1986 3112 3579 3199; baseline -0.013 -14"><span class='ocrx_word' id='word_1_502' title='bbox 1986 3139 2042 3185; x_wconf 87' lang='lat' dir='ltr'><strong>et</strong></span> <span class='ocrx_word' id='word_1_503' title='bbox 2060 3129 2254 3199; x_wconf 86' lang='lat' dir='ltr'><strong>captivi</strong></span> <span class='ocrx_word' id='word_1_504' title='bbox 2288 3126 2434 3181; x_wconf 90' lang='lat' dir='ltr'><strong>ducti</strong></span> <span class='ocrx_word' id='word_1_505' title='bbox 2465 3125 2668 3179; x_wconf 89' lang='lat' dir='ltr'><strong>fuerint</strong></span> <span class='ocrx_word' id='word_1_506' title='bbox 2693 3124 2746 3177; x_wconf 92' lang='lat' dir='ltr'><strong>in</strong></span> <span class='ocrx_word' id='word_1_507' title='bbox 2792 3131 2992 3176; x_wconf 87' lang='lat' dir='ltr'><strong>terram</strong></span> <span class='ocrx_word' id='word_1_508' title='bbox 3036 3117 3376 3172; x_wconf 90' lang='lat' dir='ltr'><strong>inimicorum</strong></span> <span class='ocrx_word' id='word_1_509' title='bbox 3417 3112 3579 3182; x_wconf 89' lang='lat' dir='ltr'><strong>longe</strong></span> 
     </span>
    </p>
   </div>
   <div class='ocr_carea' id='block_1_61' title="bbox 1987 3203 3582 3293">
    <p class='ocr_par' dir='ltr' id='par_1_61' title="bbox 1987 3203 3582 3293">
     <span class='ocr_line' id='line_1_61' title="bbox 1987 3203 3582 3293; baseline -0.013 -16"><span class='ocrx_word' id='word_1_510' title='bbox 1987 3222 2071 3277; x_wconf 90' lang='lat' dir='ltr'><strong>vel</strong></span> <span class='ocrx_word' id='word_1_511' title='bbox 2093 3235 2291 3293; x_wconf 90' lang='lat' dir='ltr'><strong>prope,</strong></span> <span class='ocrx_word' id='word_1_512' title='bbox 2337 3227 2392 3273; x_wconf 89' lang='lat' dir='ltr'><strong>et</strong></span> <span class='ocrx_word' id='word_1_513' title='bbox 2429 3217 2636 3289; x_wconf 86' lang='lat' dir='ltr'><strong>egerint</strong></span> <span class='ocrx_word' id='word_1_514' title='bbox 2669 3214 3045 3285; x_wconf 72' lang='lat' dir='ltr'><strong>pmnitentiam</strong></span> <span class='ocrx_word' id='word_1_515' title='bbox 3089 3212 3143 3265; x_wconf 91' lang='lat' dir='ltr'><strong>in</strong></span> <span class='ocrx_word' id='word_1_516' title='bbox 3190 3208 3351 3263; x_wconf 91' lang='lat' dir='ltr'><strong>corde</strong></span> <span class='ocrx_word' id='word_1_517' title='bbox 3380 3220 3500 3269; x_wconf 92' lang='lat' dir='ltr'><strong>suo,</strong></span> <span class='ocrx_word' id='word_1_518' title='bbox 3525 3203 3582 3257; x_wconf 88' lang='lat' dir='ltr'><strong>in</strong></span> 
     </span>
    </p>
   </div>
   <div class='ocr_carea' id='block_1_62' title="bbox 279 3283 1900 3380">
    <p class='ocr_par' dir='ltr' id='par_1_62' title="bbox 279 3285 1881 3360">
     <span class='ocr_line' id='line_1_62' title="bbox 279 3285 1881 3360; baseline 0.011 -25"><span class='ocrx_word' id='word_1_519' title='bbox 279 3285 603 3352; x_wconf 85' lang='lat' dir='ltr'><strong>peccaverit</strong></span> <span class='ocrx_word' id='word_1_520' title='bbox 645 3286 806 3342; x_wconf 88' lang='lat' dir='ltr'><strong>homo</strong></span> <span class='ocrx_word' id='word_1_521' title='bbox 848 3289 902 3343; x_wconf 93' lang='lat' dir='ltr'><strong>in</strong></span> <span class='ocrx_word' id='word_1_522' title='bbox 943 3291 1246 3360; x_wconf 82' lang='lat' dir='ltr'><strong>proximum</strong></span> <span class='ocrx_word' id='word_1_523' title='bbox 1295 3309 1475 3360; x_wconf 91' lang='lat' dir='ltr'><strong>suum,</strong></span> <span class='ocrx_word' id='word_1_524' title='bbox 1531 3306 1587 3351; x_wconf 91' lang='lat' dir='ltr'><strong>et</strong></span> <span class='ocrx_word' id='word_1_525' title='bbox 1630 3298 1881 3354; x_wconf 86' lang='lat' dir='ltr'><strong>habuerit</strong></span> 
     </span>
    </p>
   </div>
   <div class='ocr_carea' id='block_1_63' title="bbox 1979 3283 3585 3380">
    <p class='ocr_par' dir='ltr' id='par_1_63' title="bbox 1984 3283 3585 3380">
     <span class='ocr_line' id='line_1_63' title="bbox 1984 3283 3585 3380; baseline -0.011 -14"><span class='ocrx_word' id='word_1_526' title='bbox 1984 3283 2112 3368; x_wconf 73' lang='lat' dir='ltr'><strong>loco</strong></span> <span class='ocrx_word' id='word_1_527' title='bbox 2132 3283 2486 3380; x_wconf 63' lang='lat' dir='ltr'><strong>captivitatis,</strong></span> <span class='ocrx_word' id='word_1_528' title='bbox 2521 3315 2577 3361; x_wconf 91' lang='lat' dir='ltr'><strong>et</strong></span> <span class='ocrx_word' id='word_1_529' title='bbox 2597 3283 2843 3360; x_wconf 86' lang='lat' dir='ltr'><strong>conversi</strong></span> <span class='ocrx_word' id='word_1_530' title='bbox 2892 3313 2944 3358; x_wconf 91' lang='lat' dir='ltr'><strong>te</strong></span> <span class='ocrx_word' id='word_1_531' title='bbox 2991 3299 3265 3371; x_wconf 87' lang='lat' dir='ltr'><strong>deprecati</strong></span> <span class='ocrx_word' id='word_1_532' title='bbox 3293 3297 3498 3351; x_wconf 88' lang='lat' dir='ltr'><strong>fuerint</strong></span> <span class='ocrx_word' id='word_1_533' title='bbox 3528 3295 3585 3349; x_wconf 92' lang='lat' dir='ltr'><strong>in</strong></span> 
     </span>
    </p>
   </div>
   <div class='ocr_carea' id='block_1_64' title="bbox 282 3375 1882 3452">
    <p class='ocr_par' dir='ltr' id='par_1_64' title="bbox 282 3375 1882 3452">
     <span class='ocr_line' id='line_1_64' title="bbox 282 3375 1882 3452; baseline 0.01 -23"><span class='ocrx_word' id='word_1_534' title='bbox 282 3375 511 3446; x_wconf 83' lang='lat' dir='ltr'><strong>aliquod</strong></span> <span class='ocrx_word' id='word_1_535' title='bbox 533 3376 902 3445; x_wconf 90' lang='lat' dir='ltr'><strong>juramentum</strong></span> <span class='ocrx_word' id='word_1_536' title='bbox 925 3398 1032 3452; x_wconf 85' lang='lat' dir='ltr'><strong>quo</strong></span> <span class='ocrx_word' id='word_1_537' title='bbox 1055 3391 1304 3438; x_wconf 87' lang='lat' dir='ltr'><strong>teneatur</strong></span> <span class='ocrx_word' id='word_1_538' title='bbox 1339 3388 1612 3452; x_wconf 88' lang='lat' dir='ltr'><strong>astrictus,</strong></span> <span class='ocrx_word' id='word_1_539' title='bbox 1646 3398 1702 3444; x_wconf 92' lang='lat' dir='ltr'><strong>et</strong></span> <span class='ocrx_word' id='word_1_540' title='bbox 1719 3406 1882 3445; x_wconf 91' lang='lat' dir='ltr'><strong>vene-</strong></span> 
     </span>
    </p>
   </div>
   <div class='ocr_carea' id='block_1_65' title="bbox 279 3466 1881 3538">
    <p class='ocr_par' dir='ltr' id='par_1_65' title="bbox 279 3466 1881 3538">
     <span class='ocr_line' id='line_1_65' title="bbox 279 3466 1881 3538; baseline 0.009 -15"><span class='ocrx_word' id='word_1_541' title='bbox 279 3466 364 3523; x_wconf 87' lang='lat' dir='ltr'><strong>rit</strong></span> <span class='ocrx_word' id='word_1_542' title='bbox 393 3467 996 3538; x_wconf 87' lang='lat' dir='ltr'><strong>propterjuramentum</strong></span> <span class='ocrx_word' id='word_1_543' title='bbox 1019 3490 1204 3529; x_wconf 91' lang='lat' dir='ltr'><strong>coram</strong></span> <span class='ocrx_word' id='word_1_544' title='bbox 1235 3477 1393 3531; x_wconf 91' lang='lat' dir='ltr'><strong>altari</strong></span> <span class='ocrx_word' id='word_1_545' title='bbox 1433 3487 1522 3534; x_wconf 91' lang='lat' dir='ltr'><strong>tuo</strong></span> <span class='ocrx_word' id='word_1_546' title='bbox 1567 3481 1621 3535; x_wconf 93' lang='lat' dir='ltr'><strong>in</strong></span> <span class='ocrx_word' id='word_1_547' title='bbox 1661 3483 1881 3537; x_wconf 89' lang='lat' dir='ltr'><strong>domum</strong></span> 
     </span>
    </p>
   </div>
   <div class='ocr_carea' id='block_1_66' title="bbox 283 3565 1883 3641">
    <p class='ocr_par' dir='ltr' id='par_1_66' title="bbox 283 3565 1883 3641">
     <span class='ocr_line' id='line_1_66' title="bbox 283 3565 1883 3641; baseline 0.009 -24"><span class='ocrx_word' id='word_1_548' title='bbox 283 3570 468 3626; x_wconf 89' lang='lat' dir='ltr'><strong>tuam,</strong></span> <span class='ocrx_word' id='word_1_549' title='bbox 529 3571 586 3616; x_wconf 93' lang='lat' dir='ltr'><strong>tu</strong></span> <span class='ocrx_word' id='word_1_550' title='bbox 632 3565 889 3620; x_wconf 81' lang='lat' dir='ltr'><strong>exaudies</strong></span> <span class='ocrx_word' id='word_1_551' title='bbox 919 3567 972 3620; x_wconf 91' lang='lat' dir='ltr'><strong>in</strong></span> <span class='ocrx_word' id='word_1_552' title='bbox 1003 3567 1158 3632; x_wconf 85' lang='lat' dir='ltr'><strong>coelo,</strong></span> <span class='ocrx_word' id='word_1_553' title='bbox 1214 3578 1270 3624; x_wconf 89' lang='lat' dir='ltr'><strong>et</strong></span> <span class='ocrx_word' id='word_1_554' title='bbox 1314 3570 1498 3637; x_wconf 86' lang='lat' dir='ltr'><strong>facies,</strong></span> <span class='ocrx_word' id='word_1_555' title='bbox 1525 3582 1581 3630; x_wconf 90' lang='lat' dir='ltr'><strong>et</strong></span> <span class='ocrx_word' id='word_1_556' title='bbox 1613 3571 1883 3641; x_wconf 75' lang='lat' dir='ltr'><strong>iudicabis</strong></span> 
     </span>
    </p>
   </div>
   <div class='ocr_carea' id='block_1_67' title="bbox 283 3657 1883 3731">
    <p class='ocr_par' dir='ltr' id='par_1_67' title="bbox 283 3657 1883 3731">
     <span class='ocr_line' id='line_1_67' title="bbox 283 3657 1883 3731; baseline 0.008 -22"><span class='ocrx_word' id='word_1_557' title='bbox 283 3667 484 3709; x_wconf 86' lang='lat' dir='ltr'><strong>servos</strong></span> <span class='ocrx_word' id='word_1_558' title='bbox 520 3661 640 3709; x_wconf 88' lang='lat' dir='ltr'><strong>tuos</strong></span> <span class='ocrx_word' id='word_1_559' title='bbox 658 3695 672 3720; x_wconf 91' lang='lat'><strong>,</strong></span> <span class='ocrx_word' id='word_1_560' title='bbox 718 3657 1084 3714; x_wconf 90' lang='lat' dir='ltr'><strong>condemnans</strong></span> <span class='ocrx_word' id='word_1_561' title='bbox 1114 3660 1337 3731; x_wconf 90' lang='lat' dir='ltr'><strong>impium</strong></span> <span class='ocrx_word' id='word_1_562' title='bbox 1356 3703 1370 3728; x_wconf 95' lang='lat'><strong>,</strong></span> <span class='ocrx_word' id='word_1_563' title='bbox 1400 3671 1455 3717; x_wconf 89' lang='lat' dir='ltr'><strong>et</strong></span> <span class='ocrx_word' id='word_1_564' title='bbox 1481 3665 1713 3722; x_wconf 91' lang='lat' dir='ltr'><strong>reddens</strong></span> <span class='ocrx_word' id='word_1_565' title='bbox 1739 3668 1883 3722; x_wconf 89' lang='lat' dir='ltr'><strong>viam</strong></span> 
     </span>
    </p>
   </div>
   <div class='ocr_carea' id='block_1_68' title="bbox 283 3748 1885 3825">
    <p class='ocr_par' dir='ltr' id='par_1_68' title="bbox 283 3748 1885 3825">
     <span class='ocr_line' id='line_1_68' title="bbox 283 3748 1885 3825; baseline 0.007 -23"><span class='ocrx_word' id='word_1_566' title='bbox 283 3760 455 3802; x_wconf 87' lang='lat' dir='ltr'><strong>suam</strong></span> <span class='ocrx_word' id='word_1_567' title='bbox 509 3761 672 3816; x_wconf 91' lang='lat' dir='ltr'><strong>super</strong></span> <span class='ocrx_word' id='word_1_568' title='bbox 707 3756 868 3819; x_wconf 88' lang='lat' dir='ltr'><strong>caput</strong></span> <span class='ocrx_word' id='word_1_569' title='bbox 913 3748 1030 3818; x_wconf 89' lang='lat' dir='ltr'><strong>ejus</strong></span> <span class='ocrx_word' id='word_1_570' title='bbox 1053 3791 1067 3815; x_wconf 95' lang='lat'><strong>,</strong></span> <span class='ocrx_word' id='word_1_571' title='bbox 1108 3751 1524 3824; x_wconf 82' lang='lat' dir='ltr'><strong>justificansque</strong></span> <span class='ocrx_word' id='word_1_572' title='bbox 1561 3755 1799 3825; x_wconf 91' lang='lat' dir='ltr'><strong>justum,</strong></span> <span class='ocrx_word' id='word_1_573' title='bbox 1830 3768 1885 3814; x_wconf 90' lang='lat' dir='ltr'><strong>et</strong></span> 
     </span>
    </p>
   </div>
   <div class='ocr_carea' id='block_1_69' title="bbox 284 3837 1886 3923">
    <p class='ocr_par' dir='ltr' id='par_1_69' title="bbox 284 3837 1886 3923">
     <span class='ocr_line' id='line_1_69' title="bbox 284 3837 1886 3923; baseline 0.011 -32"><span class='ocrx_word' id='word_1_574' title='bbox 284 3837 606 3893; x_wconf 88' lang='lat' dir='ltr'><strong>retribuens</strong></span> <span class='ocrx_word' id='word_1_575' title='bbox 633 3840 682 3893; x_wconf 90' lang='lat' dir='ltr'><strong>ei</strong></span> <span class='ocrx_word' id='word_1_576' title='bbox 722 3842 1018 3896; x_wconf 91' lang='lat' dir='ltr'><strong>secundum</strong></span> <span class='ocrx_word' id='word_1_577' title='bbox 1052 3843 1320 3912; x_wconf 90' lang='lat' dir='ltr'><strong>justitiam</strong></span> <span class='ocrx_word' id='word_1_578' title='bbox 1364 3862 1537 3902; x_wconf 91' lang='lat' dir='ltr'><strong>suam.</strong></span> <span class='ocrx_word' id='word_1_579' title='bbox 1601 3850 1658 3905; x_wconf 93' lang='lat' dir='ltr'><strong>Si</strong></span> <span class='ocrx_word' id='word_1_580' title='bbox 1687 3851 1886 3923; x_wconf 85' lang='lat' dir='ltr'><strong>fugerit</strong></span> 
     </span>
    </p>
   </div>
   <div class='ocr_carea' id='block_1_70' title="bbox 283 3929 1888 4013">
    <p class='ocr_par' dir='ltr' id='par_1_70' title="bbox 283 3929 1888 4013">
     <span class='ocr_line' id='line_1_70' title="bbox 283 3929 1888 4013; baseline 0.012 -32"><span class='ocrx_word' id='word_1_581' title='bbox 283 3929 525 4001; x_wconf 86' lang='lat' dir='ltr'><strong>populus</strong></span> <span class='ocrx_word' id='word_1_582' title='bbox 570 3939 692 3985; x_wconf 92' lang='lat' dir='ltr'><strong>tuus</strong></span> <span class='ocrx_word' id='word_1_583' title='bbox 739 3931 905 3990; x_wconf 90' lang='lat' dir='ltr'><strong>Israel</strong></span> <span class='ocrx_word' id='word_1_584' title='bbox 952 3935 1196 3993; x_wconf 88' lang='lat' dir='ltr'><strong>inimicos</strong></span> <span class='ocrx_word' id='word_1_585' title='bbox 1225 3954 1382 4004; x_wconf 90' lang='lat' dir='ltr'><strong>suos,</strong></span> <span class='ocrx_word' id='word_1_586' title='bbox 1416 3943 1542 4010; x_wconf 89' lang='lat' dir='ltr'><strong>quia</strong></span> <span class='ocrx_word' id='word_1_587' title='bbox 1565 3953 1888 4013; x_wconf 86' lang='lat' dir='ltr'><strong>peccaturus</strong></span> 
     </span>
    </p>
   </div>
   <div class='ocr_carea' id='block_1_71' title="bbox 285 4021 1884 4095">
    <p class='ocr_par' dir='ltr' id='par_1_71' title="bbox 285 4021 1884 4095">
     <span class='ocr_line' id='line_1_71' title="bbox 285 4021 1884 4095; baseline 0.01 -20"><span class='ocrx_word' id='word_1_588' title='bbox 285 4029 380 4076; x_wconf 89' lang='lat' dir='ltr'><strong>est</strong></span> <span class='ocrx_word' id='word_1_589' title='bbox 407 4021 532 4087; x_wconf 88' lang='lat' dir='ltr'><strong>tibi;</strong></span> <span class='ocrx_word' id='word_1_590' title='bbox 565 4030 621 4077; x_wconf 92' lang='lat' dir='ltr'><strong>et</strong></span> <span class='ocrx_word' id='word_1_591' title='bbox 661 4034 881 4094; x_wconf 84' lang='lat' dir='ltr'><strong>agentes</strong></span> <span class='ocrx_word' id='word_1_592' title='bbox 908 4028 1318 4095; x_wconf 66' lang='lat' dir='ltr'><strong>paenitentiam,</strong></span> <span class='ocrx_word' id='word_1_593' title='bbox 1357 4041 1412 4086; x_wconf 83' lang='lat' dir='ltr'><strong>et</strong></span> <span class='ocrx_word' id='word_1_594' title='bbox 1436 4035 1756 4091; x_wconf 81' lang='lat' dir='ltr'><strong>confitentes</strong></span> <span class='ocrx_word' id='word_1_595' title='bbox 1785 4051 1884 4091; x_wconf 89' lang='lat' dir='ltr'><strong>no-</strong></span> 
     </span>
    </p>
   </div>
   <div class='ocr_carea' id='block_1_72' title="bbox 288 4113 1890 4195">
    <p class='ocr_par' dir='ltr' id='par_1_72' title="bbox 288 4113 1890 4195">
     <span class='ocr_line' id='line_1_72' title="bbox 288 4113 1890 4195; baseline 0.012 -30"><span class='ocrx_word' id='word_1_596' title='bbox 288 4113 436 4167; x_wconf 88' lang='lat' dir='ltr'><strong>mini</strong></span> <span class='ocrx_word' id='word_1_597' title='bbox 469 4122 558 4168; x_wconf 93' lang='lat' dir='ltr'><strong>tuo</strong></span> <span class='ocrx_word' id='word_1_598' title='bbox 604 4116 878 4179; x_wconf 89' lang='lat' dir='ltr'><strong>venerint,</strong></span> <span class='ocrx_word' id='word_1_599' title='bbox 929 4125 984 4171; x_wconf 89' lang='lat' dir='ltr'><strong>et</strong></span> <span class='ocrx_word' id='word_1_600' title='bbox 1027 4119 1403 4188; x_wconf 90' lang='lat' dir='ltr'><strong>adoraverint,</strong></span> <span class='ocrx_word' id='word_1_601' title='bbox 1451 4131 1505 4178; x_wconf 91' lang='lat' dir='ltr'><strong>et</strong></span> <span class='ocrx_word' id='word_1_602' title='bbox 1532 4125 1805 4195; x_wconf 88' lang='lat' dir='ltr'><strong>deprecati</strong></span> <span class='ocrx_word' id='word_1_603' title='bbox 1836 4138 1890 4185; x_wconf 90' lang='lat' dir='ltr'><strong>te</strong></span> 
     </span>
    </p>
   </div>
   <div class='ocr_carea' id='block_1_73' title="bbox 287 4205 1888 4290">
    <p class='ocr_par' dir='ltr' id='par_1_73' title="bbox 287 4205 1888 4290">
     <span class='ocr_line' id='line_1_73' title="bbox 287 4205 1888 4290; baseline 0.011 -30"><span class='ocrx_word' id='word_1_604' title='bbox 287 4205 502 4260; x_wconf 90' lang='lat' dir='ltr'><strong>fuerint</strong></span> <span class='ocrx_word' id='word_1_605' title='bbox 531 4205 585 4260; x_wconf 91' lang='lat' dir='ltr'><strong>in</strong></span> <span class='ocrx_word' id='word_1_606' title='bbox 614 4208 772 4262; x_wconf 91' lang='lat' dir='ltr'><strong>domo</strong></span> <span class='ocrx_word' id='word_1_607' title='bbox 801 4210 922 4273; x_wconf 88' lang='lat' dir='ltr'><strong>hac,</strong></span> <span class='ocrx_word' id='word_1_608' title='bbox 955 4210 1150 4264; x_wconf 84' lang='lat' dir='ltr'><strong>exaudi</strong></span> <span class='ocrx_word' id='word_1_609' title='bbox 1180 4212 1234 4266; x_wconf 93' lang='lat' dir='ltr'><strong>in</strong></span> <span class='ocrx_word' id='word_1_610' title='bbox 1262 4213 1418 4279; x_wconf 85' lang='lat' dir='ltr'><strong>coelo,</strong></span> <span class='ocrx_word' id='word_1_611' title='bbox 1447 4224 1500 4269; x_wconf 91' lang='lat' dir='ltr'><strong>et</strong></span> <span class='ocrx_word' id='word_1_612' title='bbox 1527 4217 1736 4275; x_wconf 88' lang='lat' dir='ltr'><strong>dimitte</strong></span> <span class='ocrx_word' id='word_1_613' title='bbox 1759 4235 1888 4290; x_wconf 88' lang='lat' dir='ltr'><strong>pec-</strong></span> 
     </span>
    </p>
   </div>
   <div class='ocr_carea' id='block_1_74' title="bbox 289 4301 1890 4370">
    <p class='ocr_par' dir='ltr' id='par_1_74' title="bbox 289 4301 1890 4370">
     <span class='ocr_line' id='line_1_74' title="bbox 289 4301 1890 4370; baseline 0.009 -16"><span class='ocrx_word' id='word_1_614' title='bbox 289 4307 488 4354; x_wconf 90' lang='lat' dir='ltr'><strong>catum</strong></span> <span class='ocrx_word' id='word_1_615' title='bbox 517 4301 697 4370; x_wconf 87' lang='lat' dir='ltr'><strong>populi</strong></span> <span class='ocrx_word' id='word_1_616' title='bbox 750 4303 826 4356; x_wconf 93' lang='lat' dir='ltr'><strong>tui</strong></span> <span class='ocrx_word' id='word_1_617' title='bbox 877 4302 1062 4370; x_wconf 90' lang='lat' dir='ltr'><strong>Israel,</strong></span> <span class='ocrx_word' id='word_1_618' title='bbox 1104 4313 1158 4359; x_wconf 90' lang='lat' dir='ltr'><strong>et</strong></span> <span class='ocrx_word' id='word_1_619' title='bbox 1198 4307 1425 4363; x_wconf 90' lang='lat' dir='ltr'><strong>reduces</strong></span> <span class='ocrx_word' id='word_1_620' title='bbox 1471 4324 1564 4364; x_wconf 91' lang='lat' dir='ltr'><strong>eos</strong></span> <span class='ocrx_word' id='word_1_621' title='bbox 1606 4312 1659 4366; x_wconf 88' lang='lat' dir='ltr'><strong>in</strong></span> <span class='ocrx_word' id='word_1_622' title='bbox 1689 4320 1890 4369; x_wconf 89' lang='lat' dir='ltr'><strong>terram</strong></span> 
     </span>
    </p>
   </div>
   <div class='ocr_carea' id='block_1_75' title="bbox 290 4391 1894 4462">
    <p class='ocr_par' dir='ltr' id='par_1_75' title="bbox 290 4391 1894 4462">
     <span class='ocr_line' id='line_1_75' title="bbox 290 4391 1894 4462; baseline 0.011 -20"><span class='ocrx_word' id='word_1_623' title='bbox 290 4405 468 4461; x_wconf 90' lang='lat' dir='ltr'><strong>quam</strong></span> <span class='ocrx_word' id='word_1_624' title='bbox 498 4391 692 4445; x_wconf 90' lang='lat' dir='ltr'><strong>dedisti</strong></span> <span class='ocrx_word' id='word_1_625' title='bbox 721 4393 966 4462; x_wconf 90' lang='lat' dir='ltr'><strong>patribus</strong></span> <span class='ocrx_word' id='word_1_626' title='bbox 987 4409 1198 4450; x_wconf 91' lang='lat' dir='ltr'><strong>eorum.</strong></span> <span class='ocrx_word' id='word_1_627' title='bbox 1242 4396 1299 4452; x_wconf 92' lang='lat' dir='ltr'><strong>Si</strong></span> <span class='ocrx_word' id='word_1_628' title='bbox 1325 4398 1566 4454; x_wconf 92' lang='lat' dir='ltr'><strong>clausum</strong></span> <span class='ocrx_word' id='word_1_629' title='bbox 1593 4401 1758 4457; x_wconf 89' lang='lat' dir='ltr'><strong>fuerit</strong></span> <span class='ocrx_word' id='word_1_630' title='bbox 1785 4419 1894 4459; x_wconf 76' lang='lat' dir='ltr'><strong>cce-</strong></span> 
     </span>
    </p>
   </div>
   <div class='ocr_carea' id='block_1_76' title="bbox 291 4479 1893 4560">
    <p class='ocr_par' dir='ltr' id='par_1_76' title="bbox 291 4479 1893 4560">
     <span class='ocr_line' id='line_1_76' title="bbox 291 4479 1893 4560; baseline 0.011 -26"><span class='ocrx_word' id='word_1_631' title='bbox 291 4479 439 4545; x_wconf 88' lang='lat' dir='ltr'><strong>lum,</strong></span> <span class='ocrx_word' id='word_1_632' title='bbox 470 4489 526 4536; x_wconf 90' lang='lat' dir='ltr'><strong>et</strong></span> <span class='ocrx_word' id='word_1_633' title='bbox 546 4498 652 4536; x_wconf 90' lang='lat' dir='ltr'><strong>non</strong></span> <span class='ocrx_word' id='word_1_634' title='bbox 693 4482 893 4554; x_wconf 90' lang='lat' dir='ltr'><strong>pluerit</strong></span> <span class='ocrx_word' id='word_1_635' title='bbox 913 4495 1134 4556; x_wconf 90' lang='lat' dir='ltr'><strong>propter</strong></span> <span class='ocrx_word' id='word_1_636' title='bbox 1160 4499 1382 4558; x_wconf 88' lang='lat' dir='ltr'><strong>peccata</strong></span> <span class='ocrx_word' id='word_1_637' title='bbox 1407 4507 1615 4560; x_wconf 90' lang='lat' dir='ltr'><strong>eorum,</strong></span> <span class='ocrx_word' id='word_1_638' title='bbox 1649 4503 1705 4549; x_wconf 91' lang='lat' dir='ltr'><strong>et</strong></span> <span class='ocrx_word' id='word_1_639' title='bbox 1728 4511 1893 4552; x_wconf 90' lang='lat' dir='ltr'><strong>oran-</strong></span> 
     </span>
    </p>
   </div>
   <div class='ocr_carea' id='block_1_77' title="bbox 295 4574 1894 4652">
    <p class='ocr_par' dir='ltr' id='par_1_77' title="bbox 295 4574 1894 4652">
     <span class='ocr_line' id='line_1_77' title="bbox 295 4574 1894 4652; baseline 0.008 -21"><span class='ocrx_word' id='word_1_640' title='bbox 295 4580 386 4631; x_wconf 78' lang='lat' dir='ltr'><strong>tes</strong></span> <span class='ocrx_word' id='word_1_641' title='bbox 417 4574 471 4628; x_wconf 92' lang='lat' dir='ltr'><strong>in</strong></span> <span class='ocrx_word' id='word_1_642' title='bbox 497 4574 617 4629; x_wconf 93' lang='lat' dir='ltr'><strong>loco</strong></span> <span class='ocrx_word' id='word_1_643' title='bbox 643 4575 749 4630; x_wconf 91' lang='lat' dir='ltr'><strong>isto</strong></span> <span class='ocrx_word' id='word_1_644' title='bbox 768 4578 1139 4646; x_wconf 65' lang='lat' dir='ltr'><strong>paenitentiam</strong></span> <span class='ocrx_word' id='word_1_645' title='bbox 1169 4582 1376 4650; x_wconf 82' lang='lat' dir='ltr'><strong>egerint</strong></span> <span class='ocrx_word' id='word_1_646' title='bbox 1402 4585 1606 4640; x_wconf 89' lang='lat' dir='ltr'><strong>nomini</strong></span> <span class='ocrx_word' id='word_1_647' title='bbox 1637 4595 1750 4652; x_wconf 90' lang='lat' dir='ltr'><strong>tuo,</strong></span> <span class='ocrx_word' id='word_1_648' title='bbox 1778 4596 1832 4641; x_wconf 91' lang='lat' dir='ltr'><strong>et</strong></span> <span class='ocrx_word' id='word_1_649' title='bbox 1863 4604 1894 4642; x_wconf 92' lang='lat' dir='ltr'><strong>a</strong></span> 
     </span>
    </p>
   </div>
   <div class='ocr_carea' id='block_1_78' title="bbox 293 4668 1892 4748">
    <p class='ocr_par' dir='ltr' id='par_1_78' title="bbox 293 4668 1892 4748">
     <span class='ocr_line' id='line_1_78' title="bbox 293 4668 1892 4748; baseline 0.011 -28"><span class='ocrx_word' id='word_1_650' title='bbox 293 4668 544 4738; x_wconf 82' lang='lat' dir='ltr'><strong>peccatis</strong></span> <span class='ocrx_word' id='word_1_651' title='bbox 596 4669 708 4725; x_wconf 89' lang='lat' dir='ltr'><strong>suis</strong></span> <span class='ocrx_word' id='word_1_652' title='bbox 756 4673 998 4726; x_wconf 89' lang='lat' dir='ltr'><strong>conversi</strong></span> <span class='ocrx_word' id='word_1_653' title='bbox 1049 4671 1250 4729; x_wconf 88' lang='lat' dir='ltr'><strong>fuerint</strong></span> <span class='ocrx_word' id='word_1_654' title='bbox 1291 4686 1510 4748; x_wconf 90' lang='lat' dir='ltr'><strong>propter</strong></span> <span class='ocrx_word' id='word_1_655' title='bbox 1549 4679 1892 4739; x_wconf 79' lang='lat' dir='ltr'><strong>afflictionem</strong></span> 
     </span>
    </p>
   </div>
   <div class='ocr_carea' id='block_1_79' title="bbox 295 4761 1894 4842">
    <p class='ocr_par' dir='ltr' id='par_1_79' title="bbox 295 4761 1894 4842">
     <span class='ocr_line' id='line_1_79' title="bbox 295 4761 1894 4842; baseline 0.009 -26"><span class='ocrx_word' id='word_1_656' title='bbox 295 4775 485 4826; x_wconf 87' lang='lat' dir='ltr'><strong>suam,</strong></span> <span class='ocrx_word' id='word_1_657' title='bbox 517 4761 711 4816; x_wconf 81' lang='lat' dir='ltr'><strong>exaudi</strong></span> <span class='ocrx_word' id='word_1_658' title='bbox 739 4777 832 4817; x_wconf 91' lang='lat' dir='ltr'><strong>eos</strong></span> <span class='ocrx_word' id='word_1_659' title='bbox 853 4763 906 4818; x_wconf 92' lang='lat' dir='ltr'><strong>in</strong></span> <span class='ocrx_word' id='word_1_660' title='bbox 936 4765 1091 4832; x_wconf 65' lang='lat' dir='ltr'><strong>caelo,</strong></span> <span class='ocrx_word' id='word_1_661' title='bbox 1123 4776 1176 4822; x_wconf 90' lang='lat' dir='ltr'><strong>et</strong></span> <span class='ocrx_word' id='word_1_662' title='bbox 1201 4768 1411 4825; x_wconf 88' lang='lat' dir='ltr'><strong>dimitte</strong></span> <span class='ocrx_word' id='word_1_663' title='bbox 1445 4781 1668 4842; x_wconf 88' lang='lat' dir='ltr'><strong>peccata</strong></span> <span class='ocrx_word' id='word_1_664' title='bbox 1708 4789 1894 4830; x_wconf 90' lang='lat' dir='ltr'><strong>servo-</strong></span> 
     </span>
    </p>
   </div>
   <div class='ocr_carea' id='block_1_80' title="bbox 300 4857 1896 4935">
    <p class='ocr_par' dir='ltr' id='par_1_80' title="bbox 300 4857 1896 4935">
     <span class='ocr_line' id='line_1_80' title="bbox 300 4857 1896 4935; baseline 0.009 -28"><span class='ocrx_word' id='word_1_665' title='bbox 300 4869 434 4908; x_wconf 92' lang='lat' dir='ltr'><strong>rum</strong></span> <span class='ocrx_word' id='word_1_666' title='bbox 465 4863 682 4909; x_wconf 91' lang='lat' dir='ltr'><strong>tuorum</strong></span> <span class='ocrx_word' id='word_1_667' title='bbox 709 4895 723 4920; x_wconf 93' lang='lat'><strong>,</strong></span> <span class='ocrx_word' id='word_1_668' title='bbox 771 4865 825 4911; x_wconf 87' lang='lat' dir='ltr'><strong>et</strong></span> <span class='ocrx_word' id='word_1_669' title='bbox 848 4857 1029 4927; x_wconf 91' lang='lat' dir='ltr'><strong>populi</strong></span> <span class='ocrx_word' id='word_1_670' title='bbox 1060 4860 1136 4913; x_wconf 92' lang='lat' dir='ltr'><strong>tui</strong></span> <span class='ocrx_word' id='word_1_671' title='bbox 1164 4860 1358 4927; x_wconf 87' lang='lat' dir='ltr'><strong>Israel,</strong></span> <span class='ocrx_word' id='word_1_672' title='bbox 1390 4862 1556 4935; x_wconf 67' lang='grc'><strong>448</strong></span> <span class='ocrx_word' id='word_1_673' title='bbox 1589 4875 1645 4920; x_wconf 92' lang='lat' dir='ltr'><strong>et</strong></span> <span class='ocrx_word' id='word_1_674' title='bbox 1669 4867 1896 4922; x_wconf 90' lang='lat' dir='ltr'><strong>ostende</strong></span> 
     </span>
    </p>
   </div>
   <div class='ocr_carea' id='block_1_81' title="bbox 299 4945 1896 5028">
    <p class='ocr_par' dir='ltr' id='par_1_81' title="bbox 299 4945 1896 5028">
     <span class='ocr_line' id='line_1_81' title="bbox 299 4945 1896 5028; baseline 0.009 -29"><span class='ocrx_word' id='word_1_675' title='bbox 299 4945 390 5001; x_wconf 88' lang='lat' dir='ltr'><strong>eis</strong></span> <span class='ocrx_word' id='word_1_676' title='bbox 417 4947 563 5000; x_wconf 88' lang='lat' dir='ltr'><strong>viam</strong></span> <span class='ocrx_word' id='word_1_677' title='bbox 591 4945 810 5014; x_wconf 90' lang='lat' dir='ltr'><strong>bonam,</strong></span> <span class='ocrx_word' id='word_1_678' title='bbox 836 4965 933 5018; x_wconf 93' lang='lat' dir='ltr'><strong>per</strong></span> <span class='ocrx_word' id='word_1_679' title='bbox 959 4967 1121 5020; x_wconf 90' lang='lat' dir='ltr'><strong>quam</strong></span> <span class='ocrx_word' id='word_1_680' title='bbox 1150 4952 1452 5021; x_wconf 90' lang='lat' dir='ltr'><strong>ambulent,</strong></span> <span class='ocrx_word' id='word_1_681' title='bbox 1490 4964 1546 5011; x_wconf 90' lang='lat' dir='ltr'><strong>et</strong></span> <span class='ocrx_word' id='word_1_682' title='bbox 1572 4957 1638 5011; x_wconf 91' lang='lat' dir='ltr'><strong>da</strong></span> <span class='ocrx_word' id='word_1_683' title='bbox 1660 4959 1896 5028; x_wconf 89' lang='lat' dir='ltr'><strong>pluviam</strong></span> 
     </span>
    </p>
   </div>
   <div class='ocr_carea' id='block_1_82' title="bbox 302 5042 1900 5120">
    <p class='ocr_par' dir='ltr' id='par_1_82' title="bbox 302 5042 1900 5120">
     <span class='ocr_line' id='line_1_82' title="bbox 302 5042 1900 5120; baseline 0.008 -26"><span class='ocrx_word' id='word_1_684' title='bbox 302 5052 478 5109; x_wconf 82' lang='lat' dir='ltr'><strong>super</strong></span> <span class='ocrx_word' id='word_1_685' title='bbox 501 5047 725 5106; x_wconf 87' lang='lat' dir='ltr'><strong>terram,</strong></span> <span class='ocrx_word' id='word_1_686' title='bbox 757 5055 917 5109; x_wconf 92' lang='lat' dir='ltr'><strong>quam</strong></span> <span class='ocrx_word' id='word_1_687' title='bbox 948 5042 1136 5098; x_wconf 88' lang='lat' dir='ltr'><strong>dedisti</strong></span> <span class='ocrx_word' id='word_1_688' title='bbox 1170 5046 1364 5115; x_wconf 89' lang='lat' dir='ltr'><strong>p0pulo</strong></span> <span class='ocrx_word' id='word_1_689' title='bbox 1392 5055 1482 5104; x_wconf 94' lang='lat' dir='ltr'><strong>tuo</strong></span> <span class='ocrx_word' id='word_1_690' title='bbox 1511 5049 1563 5103; x_wconf 89' lang='lat' dir='ltr'><strong>in</strong></span> <span class='ocrx_word' id='word_1_691' title='bbox 1597 5052 1900 5120; x_wconf 90' lang='lat' dir='ltr'><strong>possessio-</strong></span> 
     </span>
    </p>
   </div>
   <div class='ocr_carea' id='block_1_83' title="bbox 306 5131 1902 5212">
    <p class='ocr_par' dir='ltr' id='par_1_83' title="bbox 306 5131 1902 5212">
     <span class='ocr_line' id='line_1_83' title="bbox 306 5131 1902 5212; baseline 0.009 -28"><span class='ocrx_word' id='word_1_692' title='bbox 306 5144 460 5207; x_wconf 49' lang='lat' dir='ltr'><strong>nem,</strong></span> <span class='ocrx_word' id='word_1_693' title='bbox 503 5131 696 5186; x_wconf 85' lang='lat' dir='ltr'><strong>Fames</strong></span> <span class='ocrx_word' id='word_1_694' title='bbox 741 5131 788 5186; x_wconf 92' lang='lat' dir='ltr'><strong>si</strong></span> <span class='ocrx_word' id='word_1_695' title='bbox 812 5131 1002 5188; x_wconf 88' lang='lat' dir='ltr'><strong>oborta</strong></span> <span class='ocrx_word' id='word_1_696' title='bbox 1031 5133 1192 5190; x_wconf 90' lang='lat' dir='ltr'><strong>fuerit</strong></span> <span class='ocrx_word' id='word_1_697' title='bbox 1225 5137 1278 5191; x_wconf 92' lang='lat' dir='ltr'><strong>in</strong></span> <span class='ocrx_word' id='word_1_698' title='bbox 1319 5145 1494 5204; x_wconf 90' lang='lat' dir='ltr'><strong>terra,</strong></span> <span class='ocrx_word' id='word_1_699' title='bbox 1526 5149 1621 5195; x_wconf 88' lang='lat' dir='ltr'><strong>aut</strong></span> <span class='ocrx_word' id='word_1_700' title='bbox 1647 5145 1902 5212; x_wconf 87' lang='lat' dir='ltr'><strong>pestilen-</strong></span> 
     </span>
    </p>
   </div>
   <div class='ocr_carea' id='block_1_84' title="bbox 310 5228 1902 5306">
    <p class='ocr_par' dir='ltr' id='par_1_84' title="bbox 310 5228 1902 5306">
     <span class='ocr_line' id='line_1_84' title="bbox 310 5228 1902 5306; baseline 0.007 -22"><span class='ocrx_word' id='word_1_701' title='bbox 310 5228 416 5294; x_wconf 86' lang='lat' dir='ltr'><strong>tia,</strong></span> <span class='ocrx_word' id='word_1_702' title='bbox 447 5238 541 5286; x_wconf 86' lang='lat' dir='ltr'><strong>aut</strong></span> <span class='ocrx_word' id='word_1_703' title='bbox 564 5236 853 5300; x_wconf 89' lang='lat' dir='ltr'><strong>corruptus</strong></span> <span class='ocrx_word' id='word_1_704' title='bbox 894 5245 1010 5296; x_wconf 90' lang='lat' dir='ltr'><strong>aer,</strong></span> <span class='ocrx_word' id='word_1_705' title='bbox 1057 5239 1152 5286; x_wconf 90' lang='lat' dir='ltr'><strong>aut</strong></span> <span class='ocrx_word' id='word_1_706' title='bbox 1196 5248 1382 5306; x_wconf 89' lang='lat' dir='ltr'><strong>erugo,</strong></span> <span class='ocrx_word' id='word_1_707' title='bbox 1414 5244 1510 5291; x_wconf 92' lang='lat' dir='ltr'><strong>aut</strong></span> <span class='ocrx_word' id='word_1_708' title='bbox 1542 5237 1749 5294; x_wconf 89' lang='lat' dir='ltr'><strong>locusta</strong></span> <span class='ocrx_word' id='word_1_709' title='bbox 1769 5279 1785 5305; x_wconf 93' lang='lat'><strong>,</strong></span> <span class='ocrx_word' id='word_1_710' title='bbox 1817 5239 1902 5295; x_wconf 88' lang='lat' dir='ltr'><strong>vel</strong></span> 
     </span>
    </p>
   </div>
   <div class='ocr_carea' id='block_1_85' title="bbox 1989 3385 3588 3474">
    <p class='ocr_par' dir='ltr' id='par_1_85' title="bbox 1989 3385 3588 3474">
     <span class='ocr_line' id='line_1_85' title="bbox 1989 3385 3588 3474; baseline -0.013 -15"><span class='ocrx_word' id='word_1_711' title='bbox 1989 3403 2304 3474; x_wconf 90' lang='lat' dir='ltr'><strong>captivitate</strong></span> <span class='ocrx_word' id='word_1_712' title='bbox 2356 3415 2451 3454; x_wconf 92' lang='lat' dir='ltr'><strong>sua</strong></span> <span class='ocrx_word' id='word_1_713' title='bbox 2503 3399 2745 3452; x_wconf 89' lang='lat' dir='ltr'><strong>dicentes</strong></span> <span class='ocrx_word' id='word_1_714' title='bbox 2777 3414 2788 3448; x_wconf 94' lang='lat'><strong>:</strong></span> <span class='ocrx_word' id='word_1_715' title='bbox 2849 3393 3200 3450; x_wconf 88' lang='lat' dir='ltr'><strong>Peccavimus</strong></span> <span class='ocrx_word' id='word_1_716' title='bbox 3221 3429 3236 3454; x_wconf 95' lang='lat'><strong>,</strong></span> <span class='ocrx_word' id='word_1_717' title='bbox 3264 3388 3448 3457; x_wconf 90' lang='lat' dir='ltr'><strong>inique</strong></span> <span class='ocrx_word' id='word_1_718' title='bbox 3472 3385 3588 3456; x_wconf 87' lang='lat' dir='ltr'><strong>egi—</strong></span> 
     </span>
    </p>
   </div>
   <div class='ocr_carea' id='block_1_86' title="bbox 1986 3478 3582 3564">
    <p class='ocr_par' dir='ltr' id='par_1_86' title="bbox 1986 3478 3582 3564">
     <span class='ocr_line' id='line_1_86' title="bbox 1986 3478 3582 3564; baseline -0.012 -12"><span class='ocrx_word' id='word_1_719' title='bbox 1986 3513 2130 3560; x_wconf 91' lang='lat' dir='ltr'><strong>mus,</strong></span> <span class='ocrx_word' id='word_1_720' title='bbox 2156 3495 2318 3564; x_wconf 91' lang='lat' dir='ltr'><strong>impie</strong></span> <span class='ocrx_word' id='word_1_721' title='bbox 2351 3491 2649 3562; x_wconf 84' lang='lat' dir='ltr'><strong>gessimus;</strong></span> <span class='ocrx_word' id='word_1_722' title='bbox 2679 3498 2732 3541; x_wconf 90' lang='lat' dir='ltr'><strong>et</strong></span> <span class='ocrx_word' id='word_1_723' title='bbox 2758 3485 2962 3541; x_wconf 86' lang='lat' dir='ltr'><strong>reversi</strong></span> <span class='ocrx_word' id='word_1_724' title='bbox 2994 3484 3196 3538; x_wconf 88' lang='lat' dir='ltr'><strong>fuerint</strong></span> <span class='ocrx_word' id='word_1_725' title='bbox 3217 3481 3283 3535; x_wconf 86' lang='lat' dir='ltr'><strong>ad</strong></span> <span class='ocrx_word' id='word_1_726' title='bbox 3308 3489 3360 3534; x_wconf 94' lang='lat' dir='ltr'><strong>te</strong></span> <span class='ocrx_word' id='word_1_727' title='bbox 3384 3480 3439 3534; x_wconf 92' lang='lat' dir='ltr'><strong>in</strong></span> <span class='ocrx_word' id='word_1_728' title='bbox 3461 3478 3582 3533; x_wconf 90' lang='lat' dir='ltr'><strong>uni-</strong></span> 
     </span>
    </p>
   </div>
   <div class='ocr_carea' id='block_1_87' title="bbox 1985 3571 3586 3652">
    <p class='ocr_par' dir='ltr' id='par_1_87' title="bbox 1985 3571 3586 3652">
     <span class='ocr_line' id='line_1_87' title="bbox 1985 3571 3586 3652; baseline -0.011 -8"><span class='ocrx_word' id='word_1_729' title='bbox 1985 3604 2148 3644; x_wconf 89' lang='lat' dir='ltr'><strong>verso</strong></span> <span class='ocrx_word' id='word_1_730' title='bbox 2168 3586 2331 3642; x_wconf 91' lang='lat' dir='ltr'><strong>corde</strong></span> <span class='ocrx_word' id='word_1_731' title='bbox 2351 3599 2465 3647; x_wconf 92' lang='lat' dir='ltr'><strong>suo,</strong></span> <span class='ocrx_word' id='word_1_732' title='bbox 2492 3591 2546 3636; x_wconf 89' lang='lat' dir='ltr'><strong>et</strong></span> <span class='ocrx_word' id='word_1_733' title='bbox 2572 3589 2684 3636; x_wconf 90' lang='lat' dir='ltr'><strong>tota</strong></span> <span class='ocrx_word' id='word_1_734' title='bbox 2713 3581 2892 3634; x_wconf 90' lang='lat' dir='ltr'><strong>anima</strong></span> <span class='ocrx_word' id='word_1_735' title='bbox 2923 3593 3019 3635; x_wconf 88' lang='lat' dir='ltr'><strong>sua</strong></span> <span class='ocrx_word' id='word_1_736' title='bbox 3038 3618 3053 3643; x_wconf 93' lang='lat'><strong>,</strong></span> <span class='ocrx_word' id='word_1_737' title='bbox 3089 3577 3143 3630; x_wconf 91' lang='lat' dir='ltr'><strong>in</strong></span> <span class='ocrx_word' id='word_1_738' title='bbox 3164 3583 3312 3630; x_wconf 86' lang='lat' dir='ltr'><strong>terra</strong></span> <span class='ocrx_word' id='word_1_739' title='bbox 3337 3571 3586 3652; x_wconf 88' lang='lat' dir='ltr'><strong>inimico-</strong></span> 
     </span>
    </p>
   </div>
   <div class='ocr_carea' id='block_1_88' title="bbox 1988 3666 3587 3744">
    <p class='ocr_par' dir='ltr' id='par_1_88' title="bbox 1988 3666 3587 3744">
     <span class='ocr_line' id='line_1_88' title="bbox 1988 3666 3587 3744; baseline -0.013 -8"><span class='ocrx_word' id='word_1_740' title='bbox 1988 3697 2109 3737; x_wconf 90' lang='lat' dir='ltr'><strong>rum</strong></span> <span class='ocrx_word' id='word_1_741' title='bbox 2139 3692 2361 3734; x_wconf 91' lang='lat' dir='ltr'><strong>suorum</strong></span> <span class='ocrx_word' id='word_1_742' title='bbox 2405 3675 2472 3730; x_wconf 90' lang='lat' dir='ltr'><strong>ad</strong></span> <span class='ocrx_word' id='word_1_743' title='bbox 2516 3689 2681 3744; x_wconf 89' lang='lat' dir='ltr'><strong>quam</strong></span> <span class='ocrx_word' id='word_1_744' title='bbox 2707 3672 2902 3742; x_wconf 91' lang='lat' dir='ltr'><strong>captivi</strong></span> <span class='ocrx_word' id='word_1_745' title='bbox 2946 3669 3093 3725; x_wconf 91' lang='lat' dir='ltr'><strong>ducti</strong></span> <span class='ocrx_word' id='word_1_746' title='bbox 3121 3666 3343 3731; x_wconf 85' lang='lat' dir='ltr'><strong>fuerint,</strong></span> <span class='ocrx_word' id='word_1_747' title='bbox 3385 3666 3587 3719; x_wconf 70' lang='lat' dir='ltr'><strong>et&#39;ora-</strong></span> 
     </span>
    </p>
   </div>
   <div class='ocr_carea' id='block_1_89' title="bbox 1987 3752 3589 3828">
    <p class='ocr_par' dir='ltr' id='par_1_89' title="bbox 1987 3752 3589 3828">
     <span class='ocr_line' id='line_1_89' title="bbox 1987 3752 3589 3828; baseline -0.013 -1"><span class='ocrx_word' id='word_1_748' title='bbox 1987 3772 2164 3828; x_wconf 86' lang='lat' dir='ltr'><strong>verint</strong></span> <span class='ocrx_word' id='word_1_749' title='bbox 2221 3778 2272 3824; x_wconf 90' lang='lat' dir='ltr'><strong>te</strong></span> <span class='ocrx_word' id='word_1_750' title='bbox 2318 3776 2511 3824; x_wconf 88' lang='lat' dir='ltr'><strong>contra</strong></span> <span class='ocrx_word' id='word_1_751' title='bbox 2561 3765 2703 3819; x_wconf 89' lang='lat' dir='ltr'><strong>viam</strong></span> <span class='ocrx_word' id='word_1_752' title='bbox 2757 3771 2918 3818; x_wconf 67' lang='lat' dir='ltr'><strong>terra:</strong></span> <span class='ocrx_word' id='word_1_753' title='bbox 2965 3776 3078 3815; x_wconf 65' lang='lat' dir='ltr'><strong>suae</strong></span> <span class='ocrx_word' id='word_1_754' title='bbox 3105 3761 3126 3824; x_wconf 54' lang='lat'><strong>,‘</strong></span> <span class='ocrx_word' id='word_1_755' title='bbox 3176 3772 3340 3827; x_wconf 91' lang='lat' dir='ltr'><strong>quam</strong></span> <span class='ocrx_word' id='word_1_756' title='bbox 3390 3752 3589 3809; x_wconf 90' lang='lat' dir='ltr'><strong>dedisti</strong></span> 
     </span>
    </p>
   </div>
   <div class='ocr_carea' id='block_1_90' title="bbox 1988 3843 3586 3936">
    <p class='ocr_par' dir='ltr' id='par_1_90' title="bbox 1988 3843 3586 3936">
     <span class='ocr_line' id='line_1_90' title="bbox 1988 3843 3586 3936; baseline -0.013 -17"><span class='ocrx_word' id='word_1_757' title='bbox 1988 3863 2234 3936; x_wconf 90' lang='lat' dir='ltr'><strong>patribus</strong></span> <span class='ocrx_word' id='word_1_758' title='bbox 2261 3873 2470 3922; x_wconf 88' lang='lat' dir='ltr'><strong>eorum,</strong></span> <span class='ocrx_word' id='word_1_759' title='bbox 2507 3863 2561 3910; x_wconf 91' lang='lat' dir='ltr'><strong>et</strong></span> <span class='ocrx_word' id='word_1_760' title='bbox 2589 3855 2804 3919; x_wconf 89' lang='lat' dir='ltr'><strong>civitas,</strong></span> <span class='ocrx_word' id='word_1_761' title='bbox 2844 3867 3006 3922; x_wconf 89' lang='lat' dir='ltr'><strong>quam</strong></span> <span class='ocrx_word' id='word_1_762' title='bbox 3034 3849 3265 3919; x_wconf 89' lang='lat' dir='ltr'><strong>elegisti,</strong></span> <span class='ocrx_word' id='word_1_763' title='bbox 3291 3854 3345 3901; x_wconf 91' lang='lat' dir='ltr'><strong>et</strong></span> <span class='ocrx_word' id='word_1_764' title='bbox 3375 3843 3586 3913; x_wconf 89' lang='lat' dir='ltr'><strong>templi,</strong></span> 
     </span>
    </p>
   </div>
   <div class='ocr_carea' id='block_1_91' title="bbox 1989 3933 3588 4022">
    <p class='ocr_par' dir='ltr' id='par_1_91' title="bbox 1989 3933 3588 4022">
     <span class='ocr_line' id='line_1_91' title="bbox 1989 3933 3588 4022; baseline -0.013 -16"><span class='ocrx_word' id='word_1_765' title='bbox 1989 3933 2136 4022; x_wconf 80' lang='lat' dir='ltr'><strong>quod</strong></span> <span class='ocrx_word' id='word_1_766' title='bbox 2160 3948 2420 4004; x_wconf 77' lang='lat' dir='ltr'><strong>:ediﬁcavi</strong></span> <span class='ocrx_word' id='word_1_767' title='bbox 2448 3945 2653 4000; x_wconf 91' lang='lat' dir='ltr'><strong>nomini</strong></span> <span class='ocrx_word' id='word_1_768' title='bbox 2678 3952 2788 4005; x_wconf 91' lang='lat' dir='ltr'><strong>tuo,</strong></span> <span class='ocrx_word' id='word_1_769' title='bbox 2841 3940 3098 3996; x_wconf 81' lang='lat' dir='ltr'><strong>exaudies</strong></span> <span class='ocrx_word' id='word_1_770' title='bbox 3137 3939 3191 3993; x_wconf 95' lang='lat' dir='ltr'><strong>in</strong></span> <span class='ocrx_word' id='word_1_771' title='bbox 3229 3934 3386 4000; x_wconf 64' lang='lat' dir='ltr'><strong>caelo,</strong></span> <span class='ocrx_word' id='word_1_772' title='bbox 3412 3934 3468 3989; x_wconf 94' lang='lat' dir='ltr'><strong>in</strong></span> <span class='ocrx_word' id='word_1_773' title='bbox 3492 3933 3588 3987; x_wconf 84' lang='lat' dir='ltr'><strong>fir-</strong></span> 
     </span>
    </p>
   </div>
   <div class='ocr_carea' id='block_1_92' title="bbox 1991 4035 3591 4100">
    <p class='ocr_par' dir='ltr' id='par_1_92' title="bbox 1991 4035 3591 4100">
     <span class='ocr_line' id='line_1_92' title="bbox 1991 4035 3591 4100; baseline -0.011 -2"><span class='ocrx_word' id='word_1_774' title='bbox 1991 4051 2265 4098; x_wconf 87' lang='lat' dir='ltr'><strong>mamento</strong></span> <span class='ocrx_word' id='word_1_775' title='bbox 2317 4038 2439 4093; x_wconf 92' lang='lat' dir='ltr'><strong>solii</strong></span> <span class='ocrx_word' id='word_1_776' title='bbox 2489 4038 2565 4091; x_wconf 92' lang='lat' dir='ltr'><strong>tui</strong></span> <span class='ocrx_word' id='word_1_777' title='bbox 2617 4035 2890 4089; x_wconf 88' lang='lat' dir='ltr'><strong>orationes</strong></span> <span class='ocrx_word' id='word_1_778' title='bbox 2919 4047 3108 4086; x_wconf 90' lang='lat' dir='ltr'><strong>eorum</strong></span> <span class='ocrx_word' id='word_1_779' title='bbox 3130 4071 3145 4095; x_wconf 95' lang='lat'><strong>,</strong></span> <span class='ocrx_word' id='word_1_780' title='bbox 3185 4038 3241 4084; x_wconf 90' lang='lat' dir='ltr'><strong>et</strong></span> <span class='ocrx_word' id='word_1_781' title='bbox 3273 4043 3463 4100; x_wconf 89' lang='lat' dir='ltr'><strong>preces</strong></span> <span class='ocrx_word' id='word_1_782' title='bbox 3496 4041 3591 4082; x_wconf 80' lang='lat' dir='ltr'><strong>eo-</strong></span> 
     </span>
    </p>
   </div>
   <div class='ocr_carea' id='block_1_93' title="bbox 1991 4116 3590 4196">
    <p class='ocr_par' dir='ltr' id='par_1_93' title="bbox 1991 4116 3590 4196">
     <span class='ocr_line' id='line_1_93' title="bbox 1991 4116 3590 4196; baseline -0.009 -9"><span class='ocrx_word' id='word_1_783' title='bbox 1991 4147 2142 4196; x_wconf 90' lang='lat' dir='ltr'><strong>rum;</strong></span> <span class='ocrx_word' id='word_1_784' title='bbox 2205 4138 2261 4184; x_wconf 90' lang='lat' dir='ltr'><strong>et</strong></span> <span class='ocrx_word' id='word_1_785' title='bbox 2304 4127 2472 4182; x_wconf 89' lang='lat' dir='ltr'><strong>facies</strong></span> <span class='ocrx_word' id='word_1_786' title='bbox 2514 4124 2778 4193; x_wconf 88' lang='lat' dir='ltr'><strong>judicium</strong></span> <span class='ocrx_word' id='word_1_787' title='bbox 2832 4138 3055 4185; x_wconf 89' lang='lat' dir='ltr'><strong>eorum,</strong></span> <span class='ocrx_word' id='word_1_788' title='bbox 3102 4127 3157 4174; x_wconf 90' lang='lat' dir='ltr'><strong>et</strong></span> <span class='ocrx_word' id='word_1_789' title='bbox 3208 4116 3590 4188; x_wconf 86' lang='lat' dir='ltr'><strong>propitiaberis</strong></span> 
     </span>
    </p>
   </div>
   <div class='ocr_carea' id='block_1_94' title="bbox 1991 4208 3589 4294">
    <p class='ocr_par' dir='ltr' id='par_1_94' title="bbox 1991 4208 3589 4294">
     <span class='ocr_line' id='line_1_94' title="bbox 1991 4208 3589 4294; baseline -0.008 -18"><span class='ocrx_word' id='word_1_790' title='bbox 1991 4220 2189 4294; x_wconf 90' lang='lat' dir='ltr'><strong>populo</strong></span> <span class='ocrx_word' id='word_1_791' title='bbox 2212 4227 2336 4283; x_wconf 88' lang='lat' dir='ltr'><strong>tuo,</strong></span> <span class='ocrx_word' id='word_1_792' title='bbox 2378 4217 2470 4286; x_wconf 91' lang='lat' dir='ltr'><strong>qui</strong></span> <span class='ocrx_word' id='word_1_793' title='bbox 2499 4215 2744 4286; x_wconf 89' lang='lat' dir='ltr'><strong>peccavit</strong></span> <span class='ocrx_word' id='word_1_794' title='bbox 2763 4213 2878 4277; x_wconf 90' lang='lat' dir='ltr'><strong>tibi,</strong></span> <span class='ocrx_word' id='word_1_795' title='bbox 2915 4220 2970 4266; x_wconf 94' lang='lat' dir='ltr'><strong>et</strong></span> <span class='ocrx_word' id='word_1_796' title='bbox 2992 4209 3243 4265; x_wconf 89' lang='lat' dir='ltr'><strong>omnibus</strong></span> <span class='ocrx_word' id='word_1_797' title='bbox 3286 4208 3589 4278; x_wconf 88' lang='lat' dir='ltr'><strong>iniquitati-</strong></span> 
     </span>
    </p>
   </div>
   <div class='ocr_carea' id='block_1_95' title="bbox 1991 4299 3590 4378">
    <p class='ocr_par' dir='ltr' id='par_1_95' title="bbox 1991 4299 3590 4378">
     <span class='ocr_line' id='line_1_95' title="bbox 1991 4299 3590 4378; baseline -0.009 -10"><span class='ocrx_word' id='word_1_798' title='bbox 1991 4313 2095 4368; x_wconf 88' lang='lat' dir='ltr'><strong>bus</strong></span> <span class='ocrx_word' id='word_1_799' title='bbox 2137 4325 2325 4367; x_wconf 90' lang='lat' dir='ltr'><strong>eorum</strong></span> <span class='ocrx_word' id='word_1_800' title='bbox 2365 4308 2561 4378; x_wconf 87' lang='lat' dir='ltr'><strong>quibus</strong></span> <span class='ocrx_word' id='word_1_801' title='bbox 2604 4304 2943 4375; x_wconf 76' lang='lat' dir='ltr'><strong>praevaricati</strong></span> <span class='ocrx_word' id='word_1_802' title='bbox 2985 4310 3113 4357; x_wconf 87' lang='lat' dir='ltr'><strong>sunt</strong></span> <span class='ocrx_word' id='word_1_803' title='bbox 3153 4302 3206 4356; x_wconf 92' lang='lat' dir='ltr'><strong>in</strong></span> <span class='ocrx_word' id='word_1_804' title='bbox 3236 4311 3311 4366; x_wconf 92' lang='lat' dir='ltr'><strong>te,</strong></span> <span class='ocrx_word' id='word_1_805' title='bbox 3351 4309 3407 4356; x_wconf 89' lang='lat' dir='ltr'><strong>et</strong></span> <span class='ocrx_word' id='word_1_806' title='bbox 3435 4299 3590 4355; x_wconf 85' lang='lat' dir='ltr'><strong>dabis</strong></span> 
     </span>
    </p>
   </div>
   <div class='ocr_carea' id='block_1_96' title="bbox 1993 4391 3590 4466">
    <p class='ocr_par' dir='ltr' id='par_1_96' title="bbox 1993 4391 3590 4466">
     <span class='ocr_line' id='line_1_96' title="bbox 1993 4391 3590 4466; baseline -0.007 -11"><span class='ocrx_word' id='word_1_807' title='bbox 1993 4399 2420 4456; x_wconf 88' lang='lat' dir='ltr'><strong>misericordiam</strong></span> <span class='ocrx_word' id='word_1_808' title='bbox 2447 4411 2630 4452; x_wconf 92' lang='lat' dir='ltr'><strong>coram</strong></span> <span class='ocrx_word' id='word_1_809' title='bbox 2659 4396 2738 4451; x_wconf 92' lang='lat' dir='ltr'><strong>eis</strong></span> <span class='ocrx_word' id='word_1_810' title='bbox 2773 4395 2864 4466; x_wconf 92' lang='lat' dir='ltr'><strong>qui</strong></span> <span class='ocrx_word' id='word_1_811' title='bbox 2885 4410 2979 4450; x_wconf 93' lang='lat' dir='ltr'><strong>eos</strong></span> <span class='ocrx_word' id='word_1_812' title='bbox 3007 4394 3248 4464; x_wconf 87' lang='lat' dir='ltr'><strong>captivos</strong></span> <span class='ocrx_word' id='word_1_813' title='bbox 3277 4391 3590 4457; x_wconf 84' lang='lat' dir='ltr'><strong>habuerint,</strong></span> 
     </span>
    </p>
   </div>
   <div class='ocr_carea' id='block_1_97' title="bbox 1995 4486 3588 4559">
    <p class='ocr_par' dir='ltr' id='par_1_97' title="bbox 1995 4486 3588 4559">
     <span class='ocr_line' id='line_1_97' title="bbox 1995 4486 3588 4559; baseline -0.005 -12"><span class='ocrx_word' id='word_1_814' title='bbox 1995 4500 2057 4547; x_wconf 93' lang='lat' dir='ltr'><strong>ut</strong></span> <span class='ocrx_word' id='word_1_815' title='bbox 2083 4492 2446 4547; x_wconf 91' lang='lat' dir='ltr'><strong>misereantur</strong></span> <span class='ocrx_word' id='word_1_816' title='bbox 2468 4490 2567 4545; x_wconf 88' lang='lat' dir='ltr'><strong>eis.</strong></span> <span class='ocrx_word' id='word_1_817' title='bbox 2617 4489 2853 4559; x_wconf 90' lang='lat' dir='ltr'><strong>Populus</strong></span> <span class='ocrx_word' id='word_1_818' title='bbox 2874 4489 3019 4544; x_wconf 90' lang='lat' dir='ltr'><strong>enim</strong></span> <span class='ocrx_word' id='word_1_819' title='bbox 3048 4497 3172 4541; x_wconf 90' lang='lat' dir='ltr'><strong>tuus</strong></span> <span class='ocrx_word' id='word_1_820' title='bbox 3201 4493 3306 4552; x_wconf 91' lang='lat' dir='ltr'><strong>est,</strong></span> <span class='ocrx_word' id='word_1_821' title='bbox 3335 4494 3390 4541; x_wconf 89' lang='lat' dir='ltr'><strong>et</strong></span> <span class='ocrx_word' id='word_1_822' title='bbox 3416 4486 3588 4540; x_wconf 67' lang='lat' dir='ltr'><strong>haere-</strong></span> 
     </span>
    </p>
   </div>
   <div class='ocr_carea' id='block_1_98' title="bbox 1998 4577 3586 4654">
    <p class='ocr_par' dir='ltr' id='par_1_98' title="bbox 1998 4577 3586 4654">
     <span class='ocr_line' id='line_1_98' title="bbox 1998 4577 3586 4654; baseline -0.006 -13"><span class='ocrx_word' id='word_1_823' title='bbox 1998 4585 2136 4641; x_wconf 92' lang='lat' dir='ltr'><strong>ditas</strong></span> <span class='ocrx_word' id='word_1_824' title='bbox 2166 4594 2280 4651; x_wconf 91' lang='lat' dir='ltr'><strong>tua,</strong></span> <span class='ocrx_word' id='word_1_825' title='bbox 2305 4599 2442 4654; x_wconf 89' lang='lat' dir='ltr'><strong>quos</strong></span> <span class='ocrx_word' id='word_1_826' title='bbox 2471 4582 2704 4638; x_wconf 81' lang='lat' dir='ltr'><strong>eduxisti</strong></span> <span class='ocrx_word' id='word_1_827' title='bbox 2733 4582 2800 4636; x_wconf 92' lang='lat' dir='ltr'><strong>de</strong></span> <span class='ocrx_word' id='word_1_828' title='bbox 2846 4589 2992 4635; x_wconf 90' lang='lat' dir='ltr'><strong>terra</strong></span> <span class='ocrx_word' id='word_1_829' title='bbox 3022 4579 3265 4651; x_wconf 66' lang='lat' dir='ltr'><strong>Egypti,</strong></span> <span class='ocrx_word' id='word_1_830' title='bbox 3322 4579 3389 4634; x_wconf 91' lang='lat' dir='ltr'><strong>de</strong></span> <span class='ocrx_word' id='word_1_831' title='bbox 3413 4577 3586 4632; x_wconf 87' lang='lat' dir='ltr'><strong>medio</strong></span> 
     </span>
    </p>
   </div>
   <div class='ocr_carea' id='block_1_99' title="bbox 2004 4669 3589 4740">
    <p class='ocr_par' dir='ltr' id='par_1_99' title="bbox 2004 4669 3589 4740">
     <span class='ocr_line' id='line_1_99' title="bbox 2004 4669 3589 4740; baseline -0.004 -10"><span class='ocrx_word' id='word_1_832' title='bbox 2004 4676 2240 4732; x_wconf 87' lang='lat' dir='ltr'><strong>fornacis</strong></span> <span class='ocrx_word' id='word_1_833' title='bbox 2279 4673 2489 4739; x_wconf 65' lang='lat' dir='ltr'><strong>ferrem,</strong></span> <span class='ocrx_word' id='word_1_834' title='bbox 2531 4682 2592 4728; x_wconf 93' lang='lat' dir='ltr'><strong>ut</strong></span> <span class='ocrx_word' id='word_1_835' title='bbox 2619 4673 2726 4727; x_wconf 92' lang='lat' dir='ltr'><strong>sint</strong></span> <span class='ocrx_word' id='word_1_836' title='bbox 2750 4671 2891 4727; x_wconf 92' lang='lat' dir='ltr'><strong>oculi</strong></span> <span class='ocrx_word' id='word_1_837' title='bbox 2935 4671 3013 4724; x_wconf 93' lang='lat' dir='ltr'><strong>tui</strong></span> <span class='ocrx_word' id='word_1_838' title='bbox 3044 4671 3215 4740; x_wconf 88' lang='lat' dir='ltr'><strong>aperti</strong></span> <span class='ocrx_word' id='word_1_839' title='bbox 3241 4671 3310 4725; x_wconf 92' lang='lat' dir='ltr'><strong>ad</strong></span> <span class='ocrx_word' id='word_1_840' title='bbox 3333 4669 3589 4740; x_wconf 53' lang='lat' dir='ltr'><strong>deprecan</strong></span> 
     </span>
    </p>
   </div>
   <div class='ocr_carea' id='block_1_100' title="bbox 2005 4760 3585 4832">
    <p class='ocr_par' dir='ltr' id='par_1_100' title="bbox 2005 4760 3585 4832">
     <span class='ocr_line' id='line_1_100' title="bbox 2005 4760 3585 4832; baseline -0.003 -12"><span class='ocrx_word' id='word_1_841' title='bbox 2005 4768 2206 4822; x_wconf 90' lang='lat' dir='ltr'><strong>tionem</strong></span> <span class='ocrx_word' id='word_1_842' title='bbox 2235 4765 2376 4820; x_wconf 91' lang='lat' dir='ltr'><strong>servi</strong></span> <span class='ocrx_word' id='word_1_843' title='bbox 2405 4765 2502 4828; x_wconf 85' lang='lat' dir='ltr'><strong>tui,</strong></span> <span class='ocrx_word' id='word_1_844' title='bbox 2529 4772 2581 4818; x_wconf 89' lang='lat' dir='ltr'><strong>et</strong></span> <span class='ocrx_word' id='word_1_845' title='bbox 2604 4763 2786 4832; x_wconf 91' lang='lat' dir='ltr'><strong>populi</strong></span> <span class='ocrx_word' id='word_1_846' title='bbox 2810 4762 2885 4816; x_wconf 91' lang='lat' dir='ltr'><strong>tui</strong></span> <span class='ocrx_word' id='word_1_847' title='bbox 2915 4760 3107 4827; x_wconf 90' lang='lat' dir='ltr'><strong>Israel,</strong></span> <span class='ocrx_word' id='word_1_848' title='bbox 3139 4769 3196 4816; x_wconf 90' lang='lat' dir='ltr'><strong>et</strong></span> <span class='ocrx_word' id='word_1_849' title='bbox 3215 4761 3473 4817; x_wconf 84' lang='lat' dir='ltr'><strong>exaudies</strong></span> <span class='ocrx_word' id='word_1_850' title='bbox 3493 4775 3585 4816; x_wconf 86' lang='lat' dir='ltr'><strong>eos</strong></span> 
     </span>
    </p>
   </div>
   <div class='ocr_carea' id='block_1_101' title="bbox 2002 4853 3584 4925">
    <p class='ocr_par' dir='ltr' id='par_1_101' title="bbox 2002 4853 3584 4925">
     <span class='ocr_line' id='line_1_101' title="bbox 2002 4853 3584 4925; baseline -0.004 -13"><span class='ocrx_word' id='word_1_851' title='bbox 2002 4859 2058 4913; x_wconf 88' lang='lat' dir='ltr'><strong>in</strong></span> <span class='ocrx_word' id='word_1_852' title='bbox 2104 4856 2370 4912; x_wconf 90' lang='lat' dir='ltr'><strong>universis</strong></span> <span class='ocrx_word' id='word_1_853' title='bbox 2405 4871 2504 4925; x_wconf 91' lang='lat' dir='ltr'><strong>pro</strong></span> <span class='ocrx_word' id='word_1_854' title='bbox 2545 4855 2740 4924; x_wconf 85' lang='lat' dir='ltr'><strong>quibus</strong></span> <span class='ocrx_word' id='word_1_855' title='bbox 2781 4853 3154 4909; x_wconf 89' lang='lat' dir='ltr'><strong>invocaverint</strong></span> <span class='ocrx_word' id='word_1_856' title='bbox 3192 4862 3265 4908; x_wconf 89' lang='lat' dir='ltr'><strong>te.</strong></span> <span class='ocrx_word' id='word_1_857' title='bbox 3335 4853 3420 4906; x_wconf 88' lang='lat' dir='ltr'><strong>Tu</strong></span> <span class='ocrx_word' id='word_1_858' title='bbox 3443 4853 3584 4906; x_wconf 89' lang='lat' dir='ltr'><strong>enim</strong></span> 
     </span>
    </p>
   </div>
   <div class='ocr_carea' id='block_1_102' title="bbox 2005 4945 3584 5018">
    <p class='ocr_par' dir='ltr' id='par_1_102' title="bbox 2005 4945 3584 5018">
     <span class='ocr_line' id='line_1_102' title="bbox 2005 4945 3584 5018; baseline -0.004 -16"><span class='ocrx_word' id='word_1_859' title='bbox 2005 4946 2268 5018; x_wconf 87' lang='lat' dir='ltr'><strong>separasti</strong></span> <span class='ocrx_word' id='word_1_860' title='bbox 2293 4960 2386 5001; x_wconf 89' lang='lat' dir='ltr'><strong>eos</strong></span> <span class='ocrx_word' id='word_1_861' title='bbox 2411 4945 2503 5000; x_wconf 91' lang='lat' dir='ltr'><strong>tibi</strong></span> <span class='ocrx_word' id='word_1_862' title='bbox 2533 4946 2587 4999; x_wconf 92' lang='lat' dir='ltr'><strong>in</strong></span> <span class='ocrx_word' id='word_1_863' title='bbox 2611 4945 2981 5000; x_wconf 69' lang='lat' dir='ltr'><strong>haereditatem</strong></span> <span class='ocrx_word' id='word_1_864' title='bbox 3015 4947 3082 5001; x_wconf 91' lang='lat' dir='ltr'><strong>de</strong></span> <span class='ocrx_word' id='word_1_865' title='bbox 3118 4945 3383 5000; x_wconf 88' lang='lat' dir='ltr'><strong>universis</strong></span> <span class='ocrx_word' id='word_1_866' title='bbox 3409 4958 3584 5014; x_wconf 88' lang='lat' dir='ltr'><strong>p0pu-</strong></span> 
     </span>
    </p>
   </div>
   <div class='ocr_carea' id='block_1_103' title="bbox 2003 5039 3586 5110">
    <p class='ocr_par' dir='ltr' id='par_1_103' title="bbox 2003 5039 3586 5110">
     <span class='ocr_line' id='line_1_103' title="bbox 2003 5039 3586 5110; baseline -0.001 -16"><span class='ocrx_word' id='word_1_867' title='bbox 2003 5041 2070 5096; x_wconf 87' lang='lat' dir='ltr'><strong>lis</strong></span> <span class='ocrx_word' id='word_1_868' title='bbox 2096 5049 2276 5104; x_wconf 64' lang='lat' dir='ltr'><strong>terrae,</strong></span> <span class='ocrx_word' id='word_1_869' title='bbox 2308 5039 2446 5094; x_wconf 91' lang='lat' dir='ltr'><strong>sicut</strong></span> <span class='ocrx_word' id='word_1_870' title='bbox 2473 5039 2684 5094; x_wconf 90' lang='lat' dir='ltr'><strong>locutus</strong></span> <span class='ocrx_word' id='word_1_871' title='bbox 2704 5053 2764 5094; x_wconf 89' lang='lat' dir='ltr'><strong>es</strong></span> <span class='ocrx_word' id='word_1_872' title='bbox 2790 5055 2888 5110; x_wconf 93' lang='lat' dir='ltr'><strong>per</strong></span> <span class='ocrx_word' id='word_1_873' title='bbox 2915 5039 3132 5110; x_wconf 86' lang='lat' dir='ltr'><strong>Moysen</strong></span> <span class='ocrx_word' id='word_1_874' title='bbox 3165 5052 3382 5094; x_wconf 88' lang='lat' dir='ltr'><strong>servum</strong></span> <span class='ocrx_word' id='word_1_875' title='bbox 3411 5046 3586 5102; x_wconf 81' lang='lat' dir='ltr'><strong>tuum,</strong></span> 
     </span>
    </p>
   </div>
   <div class='ocr_carea' id='block_1_104' title="bbox 2007 5125 3591 5202">
    <p class='ocr_par' dir='ltr' id='par_1_104' title="bbox 2007 5125 3591 5202">
     <span class='ocr_line' id='line_1_104' title="bbox 2007 5125 3591 5202; baseline -0.002 -19"><span class='ocrx_word' id='word_1_876' title='bbox 2007 5131 2224 5201; x_wconf 91' lang='lat' dir='ltr'><strong>quando</strong></span> <span class='ocrx_word' id='word_1_877' title='bbox 2263 5130 2532 5186; x_wconf 87' lang='lat' dir='ltr'><strong>adduxisti</strong></span> <span class='ocrx_word' id='word_1_878' title='bbox 2587 5129 2776 5186; x_wconf 88' lang='lat' dir='ltr'><strong>Patres</strong></span> <span class='ocrx_word' id='word_1_879' title='bbox 2828 5139 3044 5186; x_wconf 90' lang='lat' dir='ltr'><strong>nostros</strong></span> <span class='ocrx_word' id='word_1_880' title='bbox 3084 5130 3152 5184; x_wconf 90' lang='lat' dir='ltr'><strong>de</strong></span> <span class='ocrx_word' id='word_1_881' title='bbox 3194 5127 3450 5202; x_wconf 70' lang='lat' dir='ltr'><strong>Egypto,</strong></span> <span class='ocrx_word' id='word_1_882' title='bbox 3481 5125 3591 5180; x_wconf 87' lang='lat' dir='ltr'><strong>Do-</strong></span> 
     </span>
    </p>
   </div>
   <div class='ocr_carea' id='block_1_105' title="bbox 2008 5219 2343 5275">
    <p class='ocr_par' dir='ltr' id='par_1_105' title="bbox 2008 5219 2343 5275">
     <span class='ocr_line' id='line_1_105' title="bbox 2008 5219 2343 5275; baseline -0.006 0"><span class='ocrx_word' id='word_1_883' title='bbox 2008 5221 2154 5275; x_wconf 87' lang='lat' dir='ltr'><strong>mine</strong></span> <span class='ocrx_word' id='word_1_884' title='bbox 2182 5219 2343 5274; x_wconf 87' lang='lat' dir='ltr'><strong>Deus.</strong></span> 
     </span>
    </p>
   </div>
  </div>
