4066 6448
530 466 636 524 727

1369 464 1431 518 Β.
1470 462 1536 518 F.
1567 460 1797 518 'ALBINI
1837 459 1968 518 SEU
2007 459 2283 518 ALCUINI
2321 455 2606 513 OPERUM
2643 455 2823 513 PARS
2860 457 2924 514 II.

3704 459 3810 522 798

531 600 704 643 meam
733 583 968 656 relinquo
1007 582 1148 638 vobis
1185 579 1366 654 (Joan.
1401 596 1514 644 xxv,
1543 579 1656 652 27).
1697 580 1938 648 Itemque
1973 576 2116 647 Δρο-
2142 578 2196 639 Α
2221 577 2526 630 resurrectio
2555 576 2781 650 et_vita,]
2807 577 2897 648 qui
2922 577 3084 632 credit
3120 578 3177 633 in
3209 581 3322 645 me,
3351 594 3455 633 non
3479 581 3736 635 morietur
3761 582 3816 638 in

535 677 705 736 stolus
727 676 901 745 inquit
929 693 942 729 :
970 674 1091 746 Ipse
1115 681 1190 728 est
1227 688 1332 742 pas:
1377 681 1583 736 nostra,
1611 671 1700 742 qui
1741 670 1861 740 fecit
1905 679 2124 739 utraque

532 758 701 824 unum
733 766 947 838 (Ephcs.
989 781 1052 830 11,
1079 763 1188 835 14).
1221 763 1278 817 111
1307 762 1627 828 Bethsabea,
1653 761 1793 816 ﬁlius
1812 759 2122 832 juramenti,

537 859 607 915 de
634 873 740 928 quo
769 857 970 917 dictum
1000 861 1084 910 est
1115 873 1127 908 :
1157 852 1368 908 Iuravit
1400 852 1681 918 Dominus,
1704 861 1752 906 et
1781 868 1884 906 non
1910 851 2126 920 paenite-

538 950 612 1004 bit
639 965 786 1012 eum;
817 957 871 1000 tu
897 963 949 1000 es
973 945 1217 1000 sacerdos
1248 945 1303 998 in
1325 953 1576 998 wternum
1607 941 1778 1015 (Psal.
1818 959 1928 1008 etx,
1961 942 2038 1013 4).
2071 941 2128 995 1η

536 1041 778 1096 Roboam
819 1037 1046 1092 latitudo
1077 1036 1249 1091 ﬁdelis
1281 1036 1483 1107 populi,
1521 1051 1642 1092 cum
1691 1036 1768 1089 ait
1809 1052 1821 1088 :
1867 1032 2022 1088 Multi
2064 1032 2127 1087 ab

537 1131 735 1185 oriente
764 1138 813 1182 et
841 1127 1104 1181 occidente
1134 1128 1369 1191 venient,
1401 1135 1448 1179 et
1491 1125 1782 1179 recumbent
1812 1140 1930 1177 cum
1963 1121 2132 1175 Abra-

534 1219 682 1284 ham,
713 1217 870 1272 Isaac
896 1227 944 1272 et
971 1216 1138 1270 Iacob
1174 1217 1229 1270 in
1270 1233 1427 1288 regno
1469 1215 1715 1270 cmlorum
1749 1214 1962 1285 (Matth.
2010 1229 2129 1277 vm,

535 1308 650 1381 11).
683 1308 743 1364 111
767 1308 904 1364 Ahia
931 1307 1094 1363 Pater
1131 1307 1422 1373 Dominus,
1456 1305 1547 1376 qui
1587 1305 1662 1360 ait
1694 1323 1707 1358 :
1743 1304 1921 1358 Nolite
1951 1319 2132 1358 vocare

534 1399 678 1456 vobis
724 1408 924 1471 patrem
971 1399 1028 1453 in
1072 1408 1247 1464 terra;
1295 1415 1432 1452 unus
1477 1398 1615 1452 enim
1651 1406 1724 1451 est
1770 1393 1932 1450 Pater
1961 1404 2134 1449 noster

539 1491 728 1564 [Edit.,
765 1488 984 1562 vester],
1015 1490 1105 1561 qui
1142 1491 1198 1543 in
1223 1488 1362 1542 caelis
1405 1497 1481 1542 est
1521 1486 1735 1558 (Matth.
1774 1501 1937 1548 xxnt,
1969 1484 2044 1553 9).
2075 1484 2133 1539 In

534 1585 650 1642 Aza
673 1584 943 1649 attollens,
977 1583 1043 1637 de
1069 1597 1176 1653 quo
1199 1581 1436 1637 Joannes
1476 1597 1491 1633 :
1533 1579 1668 1632 Ecce
1697 1579 1874 1648 Agnus
1905 1575 2024 1639 Dei,
2053 1577 2135 1630 in-

535 1679 676 1749 quit,
703 1677 793 1746 qui
836 1674 970 1730 tollit
1014 1683 1227 1744 peccata
1255 1671 1439 1726 mundi
1469 1669 1651 1740 (Joan.
1680 1683 1729 1734 1,
1760 1667 1871 1737 29).
1903 1667 1960 1721 In
1989 1663 2137 1720 10511-

535 1770 670 1839 phat
691 1767 880 1836 judex,
914 1765 1039 1836 quia
1066 1766 1176 1836 ipse
1196 1764 1462 1835 judicabit
1499 1761 1674 1815 orbem
1703 1770 1858 1815 terra:
1887 1759 1941 1813 in
1969 1759 2134 1828 tequi-

536 1867 646 1913 tate
684 1857 855 1928 (Psal.
898 1872 1028 1919 xcv,
1073 1855 1160 1926 15)
1200 1853 1276 1926 [et
1317 1855 1430 1924 ipse
1468 1859 1552 1906 est
1590 1851 1756 1920 judex
1799 1849 2043 1903 vivorum
2081 1855 2136 1901 et

2227 678 2511 734 teternum;
2549 669 2638 723 sed
2684 687 2775 741 ego
2814 671 3129 726 resuscitabo
3170 689 3286 726 eum
3327 673 3383 726 in
3418 673 3700 728 novissimo
3736 676 3820 731 die

2229 763 2408 834 (Joan.
2443 781 2519 829 xl,
2557 764 2669 836 25).
2701 765 2758 819 111
2785 763 2932 819 Azur
2961 763 3146 836 [Azor]
3178 765 3412 834 adjutus,
3446 772 3507 818 ut
3533 765 3613 838 ait
3647 782 3663 819 :
3698 765 3819 821 Non

2227 873 2343 909 sum
2367 855 2528 920 solus,
2556 857 2681 928 quia
2705 854 2869 910 Pater
2894 873 3094 910 mecum
3114 866 3189 910 est
3212 856 3392 927 (Joan.
3427 872 3548 922 vin,
3581 857 3670 921 I6,
3695 857 3816 928 29);

2230 944 2343 1014 ipse
2367 953 2449 1000 est
2479 943 2691 1012 adjutor
2718 947 2956 1001 omnium
2992 947 3339 1016 sperantium.
3383 945 3475 1018 [Et
3505 965 3518 999 :
3551 946 3658 1012 Qui
3685 949 3822 1002 misit

2229 1053 2328 1100 me,
2359 1052 2558 1090 mecum
2589 1045 2684 1102 est,
2709 1047 2881 1091 etnon
2905 1036 3110 1107 reliquit
3135 1053 3217 1090 me
3246 1035 3459 1108 solum].
3491 1037 3561 1091 Et
3581 1037 3778 1092 iterum
3805 1057 3819 1092 :

2231 1127 2407 1197 Opera
2431 1145 2552 1199 quae
2571 1145 2672 1201 ego
2694 1128 2854 1194 facio,
2883 1144 2914 1183 a
2939 1129 3146 1200 meipso
3177 1145 3284 1184 non
3315 1127 3491 1194 facio;
3522 1130 3615 1184 sed
3642 1127 3820 1194 Pater,

2231 1219 2319 1289 qui
2363 1236 2563 1274 mecum
2607 1229 2700 1284 est,
2728 1221 2836 1290 ipse
2869 1220 2995 1290 facit
3036 1237 3192 1290 opera
3238 1219 3419 1291 (Joan.
3463 1236 3577 1287 xxv,
3616 1219 3729 1292 10).
3767 1219 3823 1275 111

2233 1308 2443 1363 Sadocb
2461 1307 2663 1376 justus,
2690 1310 2830 1365 sicut
2856 1311 3116 1381 scriptum
3145 1319 3267 1366 est:
3300 1309 3366 1365 Ut
3391 1313 3458 1366 sit
3486 1313 3597 1383 ipse
3618 1313 3822 1383 justus,

2231 1409 2280 1452 et
2295 1398 2598 1468 justi/icans
2617 1417 2702 1454 eos
2721 1401 2809 1470 qui
2831 1402 2883 1455 in
2897 1401 3000 1470 fide
3020 1411 3138 1455 sunt
3162 1401 3388 1456 Abrahae
3411 1401 3592 1474 (Rom.
3612 1402 3823 1474 m,26).

2232 1487 2291 1541 In
2320 1486 2527 1543 Jochim
2559 1488 2706 1561 [Leg.
2731 1490 2945 1563 Achim]
2969 1491 3138 1547 frater
3165 1509 3336 1558 meus,
3363 1503 3424 1548 ut
3444 1495 3522 1549 ait
3550 1513 3563 1548 :
3594 1495 3827 1561 Quicun-

2233 1594 2332 1650 que
2361 1578 2538 1648 fecerit
2561 1579 2874 1635 voluntatem
2896 1580 3075 1637 Patris
3097 1585 3218 1647 mei,
3246 1584 3354 1654 ipse
3375 1594 3450 1639 est
3474 1587 3640 1654 frater
3651 1603 3822 1653 meus,

2236 1678 2283 1722 et
2305 1679 2471 1723 mater
2491 1686 2624 1735 mea,
2652 1681 2701 1725 et
2725 1689 2875 1726 soror
2895 1691 3009 1727 mea
3040 1673 3253 1746 (Matth.
3280 1692 3382 1741 xu,
3412 1675 3524 1748 50).
3550 1677 3606 1732 In
3639 1678 3821 1735 Eliuth

2239 1760 2378 1815 Deus
2400 1777 2572 1827 meus,
2590 1763 2683 1832 qui
2703 1778 2766 1818 ex
2790 1772 2974 1819 nostra
2996 1763 3308 1820 inﬁrmitate
3329 1767 3463 1822 dixit
3482 1768 3549 1822 ad
3567 1768 3783 1825 Patrem
3807 1788 3822 1824 :

2237 1847 2378 1902 Deus
2406 1849 2547 1904 Deus
2575 1868 2738 1916 meus,
2766 1851 2836 1906 ad
2864 1862 2913 1907 te
2940 1852 3004 1907 de
3032 1853 3145 1907 luce
3180 1855 3355 1925 vigilo,
3377 1863 3435 1910 ut
3463 1857 3531 1911 ad
3555 1865 3608 1912 te
3649 1874 3824 1914 resur-

536 1947 920 2018 mortuorum].
952 1947 1194 2016 Itemque
1221 1946 1298 1999 ait
1330 1963 1343 1998 :
1386 1945 1547 1998 Pater
1583 1960 1684 1998 non
1714 1942 1923 2012 judicat
1952 1957 2130 2011 quem-
2160 1929 2209 1990 Β
2233 1954 2354 2010 gam
2376 1941 2426 1994 δ.
2458 1941 2516 1996 111
2545 1942 2769 1997 Eleazar
2810 1943 2951 1998 Deus
2991 1959 3141 2000 meus
3169 1947 3403 2016 adjutor,
3425 1956 3480 2002 et
3505 1951 3749 2004 omnium
3774 1952 3824 2007 in

537 2058 717 2113 quam,
746 2041 836 2094 sed
875 2057 1024 2094 omne
1056 2039 1321 2109 judicium
1361 2037 1501 2092 dedit
1550 2034 1693 2090 Filio
1741 2052 1835 2089 suo
1871 2031 2052 2106 (Joan.
2082 2049 2135 2099 ν,

537 2133 654 2206 22).
681 2134 738 2187 In
764 2131 950 2187 .Ioram
979 2131 1244 2196 excelsus,
1270 2131 1398 2200 quia
1427 2129 1542 2199 ipse
1568 2126 1814 2182 ascendit
1843 2139 2003 2195 super
2025 2140 2138 2178 coe-

538 2223 623 2280 los
649 2224 910 2280 caelorum
953 2221 1147 2294 [Edit.,
1190 2235 1352 2291 super
1385 2233 1573 2274 omnes
1608 2214 1818 2288 C(BIOS],
1861 2215 2140 2287 [1116111111-

538 2315 716 2387 pleret
738 2314 922 2370 omnia
949 2328 963 2368 :
989 2321 1044 2368 et
1073 2313 1212 2367 sicut
1234 2311 1522 2366 Psalmista
1549 2309 1680 2364 dicit
1718 2327 1731 2361 :
1763 2305 2016 2361 Excelsus
2045 2323 2137 2360 su-

542 2422 638 2477 per
671 2422 845 2459 omnes
887 2415 1060 2476 gentes
1103 2414 1149 2459 et
1193 2419 1349 2474 super
1395 2401 1547 2456 cwlos
1587 2400 1756 2472 gloria
1798 2399 1914 2470 ejus
1963 2396 2134 2468 (Psal.

545 2513 679 2562 cm,
695 2495 796 2568 4)].
816 2509 841 2536 ι
871 2496 930 2550 111
956 2495 1178 2550 Amasia
1203 2493 1432 2564 populus
1454 2493 1716 2556 elevatus,
1747 2491 1873 2560 quia
1901 2505 1997 2560 per
2015 2503 2140 2542 eum

545 2589 788 2644 Ecclesia
816 2588 912 2643 Dei
942 2587 1150 2642 elevata
1178 2595 1283 2651 est,
1313 2585 1399 2640 cui
1422 2583 1569 2638 dedit
1594 2589 1912 2653 potestatem
1939 2577 2138 2651 ligandi

543 2683 708 2757 5.52
748 2683 1117 2753 solvendique.
1155 2681 1212 2736 In
1252 2681 1381 2736 Ozia
1421 2680 1674 2735 robustus
1719 2678 1967 2742 Domini,
2015 2677 2140 2746 quia

545 2777 817 2847 captivum
847 2777 1143 2829 humanum
1167 2788 1336 2844 genus
1361 2771 1439 2844 [in
1462 2772 1679 2826 robusta
1702 2766 1888 2840 manu]
1919 2765 2144 2837 captivi-

547 2865 890 2937 tate.[Edit.,
927 2865 1295 2933 captivitatem
1337 2863 1556 2917 humani
1598 2860 1834 2933 generis]
1874 2858 2139 2921 liberavit,

549 2965 609 3012 et
634 2957 689 3011 in
729 2956 834 3010 alta
871 2955 1132 3009 caelorum
1163 2953 1404 3008 deduxit.
1445 2952 1503 3006 In
1543 2951 1804 3015 Joatban,
1845 2948 2140 3021 perfectus,

549 3050 691 3106 sicut
715 3049 768 3103 in
795 3047 1086 3118 Evangelio
1111 3046 1242 3100 dicit
1269 3063 1281 3098 :
1318 3045 1431 3100 Nos
1459 3046 1595 3099 enim
1625 3045 1766 3098 decet
1795 3041 2006 3114 implere
2035 3058 2146 3095 omo

552 3155 670 3194 nem
698 3139 967 3209 justitiam
995 3134 1208 3207 (Matth.
1243 3151 1328 3197 111.
1358 3135 1466 3207 15).
1516 3136 1570 3190 111
1613 3134 1811 3197 Achaz,
1845 3133 2146 3204 apprehen-

553 3231 706 3293 dens,
737 3229 825 3300 qui
868 3227 1050 3282 cwlum
1091 3225 1262 3296 palmo
1292 3227 1596 3298 ponderavit
1640 3225 1793 3296 (lsai.
1828 3243 1917 3290 XL,
1955 3224 2060 3294 l2),
2093 3231 2147 3278 et

2241 2045 2298 2086 se
2323 2031 2657 2086 credentium
2687 2041 2976 2102 protector,
3011 2035 3102 2103 qui
3133 2035 3266 2089 dixit
3290 2054 3303 2088 :
3330 2034 3432 2102 Qui
3455 2038 3599 2090 misit
3627 2056 3706 2092 me
3726 2037 3810 2093 Pa—

2239 2133 2319 2177 ter
2346 2140 2544 2178 mecum
2573 2133 2680 2190 est,
2717 2135 2765 2178 et
2801 2141 2904 2179 non
2947 2124 3190 2196 relinquit
3229 2143 3310 2180 me
3353 2126 3523 2186 stm
3569 2139 3594 2168 ο
3646 2127 3820 2199 (Joan.

2239 2232 2356 2282 vui,
2380 2217 2492 2288 29).
2525 2218 2584 2272 In
2611 2217 2828 2274 Mathan
2851 2218 3071 2285 donum,
3097 2221 3223 2290 quia
3243 2236 3341 2291 per
3362 2221 3537 2291 ipsum
3565 2224 3711 2279 Deus
3728 2224 3824 2280 Pa-

2240 2313 2324 2360 ter
2347 2307 2528 2362 omnia
2557 2309 2734 2364 debita
2758 2308 3077 2379 perdonavit
3101 2311 3284 2376 nobis;
3315 2321 3371 2367 et
3403 2313 3518 2382 ipse
3547 2317 3822 2370 ascendens

2239 2398 2293 2451 in
2323 2397 2486 2452 altum
2523 2397 2800 2470 [captivam
2838 2401 2989 2455 duxit
3009 2402 3380 2476 captivitatem]
3407 2405 3553 2459 dedit
3577 2406 3720 2460 do'sa
3741 2408 3824 2462 hoc

2240 2487 2465 2541 minibus
2496 2485 2667 2558 (Psal.
2701 2505 2868 2554 vau,
2911 2489 3007 2556 l9;
3057 2490 3250 2561 Ephes.
3294 2508 3364 2556 tv,
3409 2492 3486 2565 8).
3538 2493 3597 2549 111
3644 2493 3820 2560 Iacob,

2241 2580 2382 2649 quod
2420 2590 2577 2634 antea
2621 2581 2752 2646 dixi,
2785 2584 3154 2651 supplantator
3177 2584 3382 2654 antiqui
3424 2586 3595 2641 hostis
3630 2588 3821 2647 nostri;

2241 2674 2366 2742 quia
2411 2673 2523 2727 suis
2558 2672 2804 2728 ﬁdelibus
2845 2674 2990 2728 dedit
3024 2683 3344 2744 potestatem
3388 2677 3634 2732 calcandi
3680 2695 3826 2749 super

2241 2775 2518 2836 serpentes,
2550 2775 2597 2819 et
2628 2767 2946 2836 scorpiones,
2975 2777 3023 2821 et
3048 2785 3202 2838 super
3229 2785 3432 2823 omnem
3461 2772 3701 2825 virtutem
3728 2773 3824 2826 ini-

2242 2855 2364 2909 mici
2394 2854 2545 2926 (Luc.
2579 2872 2633 2921 11,
2668 2855 2774 2928 19).
2802 2855 2858 2910 111
2883 2854 3079 2926 Ioseph
3111 2867 3321 2923 auctus,
3365 2857 3472 2929 [cui
3499 2860 3649 2914 dedit
3678 2859 3824 2917 Pater

2242 2958 2413 3017 gentes
2439 2948 2494 3001 in
2515 2947 2874 3002 Itwreditatem
2903 2965 3076 3013 suam,
3114 2959 3160 3002 et
3195 2950 3251 3003 in
3277 2951 3654 3020 possessionem
3684 2969 3828 3006 suam

2244 3043 2491 3096 terminos
2539 3051 2691 3096 terra:
2732 3039 2903 3112 (Psal.
2951 3059 3010 3104 11,
3057 3041 3144 3113 8)]
3187 3043 3293 3108 vel,
3331 3053 3683 3114 augmentum
3711 3046 3828 3100 vita

2243 3143 2482 3199 aeternas,
2507 3143 2565 3187 ut
2595 3135 2710 3203 ipse
2737 3134 2871 3188 dixit
2898 3148 2912 3187 :
2945 3133 3058 3205 Ego
3082 3137 3214 3199 veni,
3245 3145 3299 3188 ut
3327 3137 3489 3190 vitam
3515 3137 3765 3203 habeant,
3785 3148 3829 3192 et

2246 3223 2598 3277 abundantius
2623 3223 2843 3278 habeant
2869 3223 3049 3294 (Joan.
3073 3241 3130 3289 Χ,
3158 3223 3264 3294 10).
3290 3226 3344 3279 111
3371 3235 3556 3281 sancta
3579 3237 3760 3282 autem
3779 3236 3832 3283 et

552 3329 756 3374 terram
784 3319 984 3388 pugillo
1023 3318 1294 3372 concludit
1337 3316 1531 3388 [Edit.,
1567 3316 1871 3388 conclusit].
1914 3316 1972 3370 111
2014 3316 2147 3370 Eze-
2174 3300 2220 3364 Ο
2249 3325 2508 3386 perpetua
2549 3316 2754 3385 virgine
2782 3315 2970 3380 Maria,
2998 3317 3063 3370 de
3087 3332 3191 3386 qua
3221 3326 3378 3373 natus
3409 3326 3510 3384 est,
3545 3319 3699 3373 stella
3726 3336 3835 3374 ma-

552 3409 696 3474 chia,
716 3409 972 3465 fortitudo
1003 3409 1237 3472 Domini,
1261 3409 1351 3478 qui
1377 3407 1912 3476 ait:Conﬁdite,quia
1933 3423 2024 3477 ego
2051 3407 2148 3460 vici

551 3501 807 3556 mundum
853 3500 1036 3573 (Joan.
1087 3517 1198 3566 xw,
1249 3499 1358 3570 55).
1407 3499 1541 3552 116111
1581 3499 1734 3568 juxta
1772 3498 2084 3568 Apostolum
2131 3515 2144 3549 :

555 3592 798 3648 Christus
828 3605 901 3648 est
930 3594 1027 3648 Dei
1055 3596 1237 3658 virtus,
1261 3603 1308 3648 et
1327 3593 1423 3647 Dei
1450 3595 1706 3663 sapientia
1739 3591 1788 3663 (Ι
1819 3590 1939 3646 Cor.
1969 3608 2009 3655 1,
2033 3591 2143 3664 24).

550 3686 611 3741 In
657 3686 902 3742 Manasse
946 3687 1236 3742 obliviosus
1274 3687 1572 3756 iniquitatis
1619 3694 1852 3750 nostrae,
1906 3686 2044 3740 sicut
2093 3687 2147 3739 in

554 3777 808 3833 Ezechiel
853 3779 1046 3848 legitur
1086 3795 1100 3832 :
1142 3778 1208 3832 In
1233 3795 1538 3849 quacunque
1569 3778 1654 3830 die
1682 3793 1959 3830 conversus
1989 3777 2146 3846 fuerit

552 3880 796 3941 peccator
817 3870 879 3923 ab
905 3870 1163 3940 injustitia
1189 3888 1285 3924 sua
1306 3910 1319 3932 ,
1351 3886 1523 3923 omnes
1553 3868 1850 3938 iniquitates
1877 3869 1989 3938 ejus
2018 3866 2148 3920 obli-

555 3961 697 4015 vioni
725 3961 998 4014 tradentur
1025 3960 1215 4033 [Edit.,
1258 3961 1489 4014 omnium
1528 3959 1863 4029 iniquitatum
1901 3958 2012 4027 ejus
2043 3973 2147 4010 non

557 4050 893 4123 recordabar]
925 4051 1142 4122 (Ezech.
1180 4067 1335 4116 xviii,
1377 4051 1464 4113 2i,
1499 4049 1611 4120 22).
1646 4049 1704 4103 In
1741 4049 1913 4104 Amon
1950 4048 2143 4112 ﬁdelis,

557 4141 650 4211 qui
705 4142 782 4196 ait
818 4159 830 4194 :
871 4139 1038 4196 Petite
1095 4152 1142 4196 et
1185 4142 1398 4196 dabitur
1436 4141 1596 4195 vobis.
1646 4140 1776 4195 Item
1812 4140 2010 4194 Paulus
2045 4158 2057 4194 :
2089 4147 2150 4194 111.

555 4232 864 4286 misericors
894 4233 1065 4296 ﬁeret,
1097 4241 1152 4287 et
1196 4231 1369 4287 ﬁdelis
1390 4231 1633 4301 pontifex
1661 4232 1726 4286 ad
1762 4232 1931 4286 Deum
1957 4229 2142 4301 (Hebr.

554 4321 656 4394 111).
685 4321 817 4377 116111
848 4321 1084 4376 Joannes
1116 4341 1128 4374 :
1163 4323 1265 4387 Qui
1293 4323 1435 4376 testis
1471 4332 1545 4376 est
1585 4322 1754 4391 fidelis
1783 4322 1965 4392 (Apoc.
1995 4338 2033 4385 1,
2065 4321 2142 4391 5).

554 4409 614 4464 111
643 4409 790 4466 Josia
820 4413 965 4466 salus
1006 4412 1240 4476 Domini,
1269 4413 1391 4481 quia
1426 4414 1592 4466 omnis
1621 4414 1913 4483 quicunque
1937 4415 2148 4468 invoca-

558 4503 685 4554 verit
713 4519 896 4555 nomen
926 4502 1170 4566 Domini,
1195 4502 1368 4556 salvus
1401 4505 1518 4556 erit.
1559 4504 1616 4557 In
1650 4502 1906 4559 Jechonia
1939 4521 2147 4575 praepa—

558 4595 700 4648 ratio
729 4594 966 4658 Domini,
999 4594 1089 4664 qui
1113 4594 1190 4648 ait
1225 4609 1238 4647 :
1273 4594 1333 4649 Si
1369 4595 1566 4659 abiero,
1595 4605 1642 4648 et
1671 4612 2031 4666 prteparavero
2058 4614 2147 4650 vo-

558 4685 636 4738 bis
681 4684 851 4739 locum
901 4683 1084 4755 (Joan.
1132 4701 1244 4750 xxv,
1285 4685 1361 4757 5).
1403 4685 1460 4739 111
1502 4685 1758 4740 Salathiel
1807 4687 1992 4756 petitio
2026 4705 2143 4743 mea

557 4775 721 4840 Deus,
750 4776 842 4845 qui
878 4777 952 4830 ait
988 4795 999 4830 :
1044 4775 1207 4830 Pater
1244 4787 1419 4831 sancte
1459 4795 1606 4832 serva
1647 4795 1764 4843 eos,
1790 4795 1918 4849 quos
1955 4779 2145 4834 dedisti

558 4867 686 4920 mihi
715 4865 895 4938 (Joan.
929 4883 1060 4932 xvu,
1088 4869 1196 4940 11).
1219 4869 1277 4923 111
1305 4869 1601 4925 Zorobabel
1622 4871 1877 4941 magister
1898 4880 2145 4940 peccato-

558 4977 681 5014 rum
715 4968 768 5014 et
795 4961 1205 5031 publicanorum
1224 5003 1238 5028 ,
1265 4971 1326 5016 ut
1361 4979 1455 5018 eos
1494 4962 1561 5016 al)
1585 4977 1770 5016 errore
1797 4963 1918 5016 vita:
1946 4961 2140 5032 [Edit.,

558 5053 683 5126 viae]
715 5070 825 5110 sua:
853 5063 1150 5110 revocaret.
1182 5053 1269 5126 [Et
1289 5055 1430 5110 sicut
1459 5055 1570 5125 ipse
1600 5054 1674 5108 ait
1703 5071 1716 5106 :
1754 5051 1865 5106 Nec
1893 5052 2141 5106 vocemitti

558 5145 815 5212 magistri,
831 5146 956 5215 quia
969 5146 1218 5216 magister
1237 5155 1398 5199 vester
1417 5162 1552 5198 unus
1575 5153 1648 5199 est
1671 5143 1906 5197 Christus
1929 5140 2140 5213 (Matth.

559 5253 713 5301 xxut,
751 5237 989 5310 10)].111
1027 5237 1227 5291 Abiuth
1268 5246 1424 5306 pater
1462 5252 1614 5290 meus
1649 5235 1779 5299 iste,
1811 5234 1937 5304 quia
1963 5232 2097 5288 dixit
2127 5248 2142 5285 :

560 5325 673 5391 Ego
694 5335 739 5380 et
758 5324 922 5380 Pater
941 5344 1105 5381 unum
1126 5342 1305 5380 sumus
1331 5324 1512 5395 (loan.
1534 5341 1588 5388 x,
1613 5324 1701 5395 '50)
1723 5340 1736 5389 ;
1759 5333 1814 5377 et
1837 5325 1928 5394 qui
1949 5323 2138 5394 [Edit.,

561 5419 683 5486 quia
712 5417 848 5491 ipse]
879 5426 961 5473 est
998 5419 1159 5474 Pater
1205 5427 1260 5473 et
1302 5425 1464 5486 caput
1501 5416 1740 5469 omnium
1786 5415 2140 5468 credentium.

560 5510 617 5564 In
648 5511 908 5567 Eliachim
938 5511 1152 5566 Domini
1193 5507 1556 5572 resurrectio,
1599 5514 1659 5560 ut
1699 5505 1774 5558 ait
1806 5523 1818 5558 :
1853 5504 1989 5576 [Ego
2024 5521 2135 5558 sum

634 5682 658 5743 ξι
872 5685 1008 5743 om._,
1040 5667 1459 5743 I_n__Ama_sia.....
1487 5663 1834 5743 solvendique.

634 5738 662 5776 ι)
702 5739 842 5793 Edit.
882 5759 894 5792 τ
928 5757 946 5788 ‹
975 5731 1030 5794 111
1057 5738 1210 5794 Eliud
1245 5738 1386 5792 Deus
1410 5749 1581 5800 meus,
1607 5731 1737 5805 quia
1761 5733 1872 5801 ipse
1894 5739 1979 5805 est
2001 5731 2143 5805 Deus

565 5825 630 5861 cx
656 5811 951 5865 substantia
979 5808 1158 5863 Patris
1185 5818 1312 5864 ante
1337 5806 1530 5862 sacula
1558 5802 1789 5877 genitus,
1815 5803 1904 5872 qui
1933 5803 1984 5856 in
2002 5802 2143 5877 pati-

567 5879 692 5934 bulo
713 5881 886 5935 crucis
910 5879 1046 5934 dixit
1071 5897 1084 5931 :
1108 5878 1212 5946 Eli,
1236 5878 1338 5944 Eli,
1364 5879 1468 5933 hoc
1491 5876 1576 5932 est
1602 5895 1613 5930 :
1638 5876 1778 5931 Deus
1804 5889 1976 5939 meus,
2005 5876 2143 5927 Deus

2251 3409 2349 3472 ris,
2379 3416 2432 3462 et
2454 3408 2541 3461 lux
2574 3407 2734 3476 hujus
2757 3407 2935 3462 saeculi
2969 3407 3107 3480 [ipse
3136 3417 3237 3475 est,
3266 3410 3406 3464 sicut
3432 3411 3548 3480 ipse
3573 3411 3651 3465 ait
3679 3429 3694 3465 :
3725 3410 3832 3482 Ego

2248 3517 2364 3555 sum
2385 3500 2477 3554 lux
2504 3501 2684 3554 mundi
2710 3499 2891 3571 (Joan.
2923 3517 3041 3566 vni,
3075 3500 3195 3573 12)]
3218 3501 3308 3571 qui
3335 3500 3603 3556 illuminat
3632 3519 3832 3557 omnem

2249 3593 2508 3646 hominem
2537 3595 2816 3646 venientem
2842 3594 2895 3646 in
2933 3594 3069 3647 hunc
3100 3595 3351 3647 mundum
3383 3592 3566 3665 (Joan.
3597 3612 3636 3660 1,
3672 3594 3748 3667 9).
3779 3595 3831 3650 111

2248 3685 2466 3755 proprio
2495 3686 2712 3740 nomine
2737 3684 2862 3740 Iesu
2890 3685 3141 3740 salutaris
3167 3686 3250 3740 vel
3292 3686 3544 3740 Salvator
3585 3695 3703 3752 est,
3743 3703 3833 3742 sn-

2249 3776 2368 3847 gelo
2387 3785 2706 3844 exponente,
2729 3778 2817 3846 qui
2845 3778 2922 3832 ait
2947 3796 2960 3831 :
2988 3777 3107 3848 Ipse
3138 3779 3277 3832 enim
3310 3778 3512 3833 salvum
3551 3779 3714 3849 faciet
3747 3796 3834 3852 po-

2246 3866 2426 3937 pulum
2464 3883 2616 3921 suum
2655 3885 2686 3921 a
2727 3869 2950 3937 peccatis
2989 3885 3168 3922 eorum
3208 3868 3421 3940 (Matth.
3465 3887 3507 3936 1,
3537 3871 3653 3943 2|).
3694 3871 3832 3928 Idem

2249 3971 2376 4010 vero
2421 3956 2698 4023 Christus,
2739 3958 2790 4012 id
2825 3967 2909 4012 est
2946 3967 3170 4025 unctus,
3203 3961 3501 4030 appellatus
3527 3974 3612 4018 est
3633 4005 3648 4028 ,
3676 3979 3832 4035 quem

2248 4049 2399 4102 unxit
2441 4048 2578 4104 Deus
2615 4050 2666 4103 in
2707 4051 3039 4104 humanitate
3077 4052 3196 4108 oleo
3237 4052 3456 4120 laetitia,
3501 4054 3556 4109 id
3597 4065 3701 4122 est,
3743 4074 3834 4112 un-

2248 4142 2427 4196 ctione
2455 4142 2628 4210 sancti
2659 4140 2916 4211 Spiritus,
2938 4142 2992 4197 in
3021 4145 3378 4209 sacerdotem,
3402 4155 3456 4200 et
3487 4161 3669 4218 regem
3697 4164 3833 4203 sem-

2247 4233 2519 4301 piternum
2558 4251 2569 4286 :
2603 4241 2868 4302 quatenus
2895 4232 3250 4299 Christianos,
3277 4250 3343 4288 ex
3371 4251 3468 4290 suo
3498 4238 3718 4292 nomine
3745 4253 3834 4291 vo-

2248 4332 2419 4388 catos,
2442 4339 2540 4392 per
2579 4323 2630 4378 id
2659 4325 2800 4392 quod
2829 4324 3076 4379 Salvator
3099 4334 3200 4390 est,
3241 4341 3273 4379 a
3301 4328 3537 4396 peccatis
3563 4328 3830 4396 salvaret;

2247 4429 2345 4484 per
2365 4413 2415 4466 id
2437 4413 2579 4484 quod
2601 4414 2855 4468 sacerdos
2877 4422 2978 4479 est,
3005 4415 3114 4470 Deo
3136 4415 3282 4470 Patri
3307 4418 3716 4483 reconciliaret;
3740 4434 3833 4489 per

2248 4503 2302 4558 id
2326 4504 2466 4572 quod
2502 4519 2596 4557 rex
2625 4513 2727 4569 est,
2755 4504 2808 4558 in
2836 4520 3060 4575 regnum
3083 4507 3468 4576 sempiternum
3519 4508 3828 4564 collocaret.

2248 4592 2366 4662 Ipse
2393 4593 2539 4665 [Ipse
2566 4595 2724 4658 enim,
2750 4604 2804 4648 et
2826 4603 3044 4660 caetera,
3086 4611 3254 4666 usque
3285 4615 3297 4650 :
3329 4597 3518 4662 Arnen,
3545 4599 3752 4654 omissa
3779 4598 3830 4652 in

2250 4684 2391 4739 Edit.
2438 4685 2658 4757 Quem]
2687 4687 2827 4739 enim
2855 4701 2952 4756 per
2975 4687 3108 4772 istas
3136 4689 3490 4759 quadraginta
3518 4689 3658 4746 duas
3686 4707 3831 4745 man-

2249 4775 2428 4830 siones
2451 4776 2598 4830 venit
2629 4776 2680 4830 in
2717 4777 2991 4839 mundum,
3022 4786 3081 4832 ut
3115 4794 3212 4833 nos
3240 4794 3335 4848 per
3365 4780 3495 4835 istas
3522 4797 3738 4852 quoque
3776 4781 3830 4838 in

2247 4875 2448 4920 terram
2477 4866 2767 4920 viventium
2789 4907 2803 4931 ,
2833 4876 3047 4922 aeterna:
3086 4869 3456 4939 promissionis
3487 4872 3828 4938 introducat;

2246 4957 2337 5012 ubi
2363 4958 2417 5010 in
2449 4957 2652 5012 caelesti
2680 4957 3036 5024 Hierusalem,
3065 4970 3320 5030 perpetua
3348 4977 3481 5032 pace
3513 4966 3829 5034 gaudentes,

2247 5047 2520 5117 regnaturi
2548 5049 2748 5102 erimus
2774 5047 2828 5102 in
2851 5049 3044 5104 srecula
3075 5051 3413 5107 seculorum.
3433 5053 3631 5109 Amen.

2499 5181 2659 5254 553
2698 5183 3249 5243 INTERPRE'I‘A'I‘IO
3286 5185 3608 5244 MORALIS.

2321 5318 2594 5373 Moraliter
2639 5319 2721 5373 hae
2764 5335 2979 5390 quoque
3034 5321 3502 5390 interpretationes
3545 5323 3824 5378 nominum

2251 5412 2317 5466 ad
2362 5420 2599 5465 nostram
2630 5410 3038 5466 aediﬁcationem
3065 5412 3397 5468 multimodis
3424 5413 3702 5484 pertinere
3733 5430 3828 5469 no-

2251 5514 2493 5558 scuntur.
2548 5502 2701 5557 Sicut
2753 5501 3000 5558 Christus
3029 5504 3228 5574 ubique
3277 5512 3480 5561 nostra:
3517 5506 3713 5563 salutis
3738 5521 3829 5576 ge-

2247 5672 2398 5714 meus
2427 5658 2638 5722 (Matth.
2666 5657 2860 5728 xxvii).
2895 5679 2912 5711 1

2318 5741 2340 5801 ς
2384 5730 2524 5784 Edit.
2553 5748 2564 5782 :
2595 5748 2612 5780 ‹
2641 5729 2695 5784 111
2718 5726 3274 5801 EleasarDeusmeus
3297 5726 3530 5801 adjutor,
3557 5731 3684 5801 quia
3710 5731 3824 5799 ipse

2247 5800 2456 5867 adjutor
2483 5801 2535 5854 iu
2559 5799 3066 5872 opportunitatibus,
3100 5799 3151 5851 in
3177 5799 3543 5872 ttjbulatione,
3571 5799 3824 5872 61111616-

2246 5866 2981 5940 6161·011111111111“5ρ61·11111111111
3007 5868 3061 5922 iu
3089 5883 3148 5922 se
3178 5866 3350 5939 (Psal.
3381 5870 3482 5942 Ix).
3514 5889 3532 5922 s
