4072 6340
237 455 338 511 729

974 456 1383 518 EXEGETICA.
1418 492 1490 502 —
1524 461 1940 522 INTERPRET.
1980 467 2300 528 NOMINUM
2336 469 2653 529 HEBRAIC.

3379 475 3484 536 7'60

235 569 386 629 rebat
413 585 653 635 causam,
679 571 754 626 ita
780 578 836 626 et
853 573 1284 642 patriarcharum
1316 575 1533 629 nomina
1567 584 1814 633 nostrum
1840 581 1894 642 Α
1917 588 1974 636 et
2015 583 2246 638 viriliter
2279 601 2521 655 agamus,
2546 586 2600 640 in
2632 584 2848 643 Christo
2885 589 3281 660 triumphantes
3302 605 3491 650 aereas

234 661 516 732 designant
548 661 870 730 profectum.
920 662 977 716 In
1001 662 1296 731 Abraham,
1346 673 1405 718 ut
1434 675 1615 736 patres
1643 667 1812 724 simus

232 751 522 807 multarum
572 752 866 817 virtutum;
917 761 972 808 et
1011 754 1338 810 haereditatis
1372 756 1495 826 jure
1549 757 1809 826 multipli-

228 843 498 901 cationem
545 844 812 900 bonorum
860 860 1083 915 cperum
1128 847 1516 916 possideamus.
1563 848 1620 902 lu
1663 848 1812 906 Isaac

230 935 482 1006 gaudium
510 935 804 991 habeamus
833 936 886 990 in
914 936 1141 992 Domino
1184 937 1262 1010 [et
1293 954 1398 993 non
1425 939 1480 992 in
1508 940 1612 994 hoc
1657 955 1813 995 mun-

229 1027 317 1090 do,
359 1027 516 1097 juxta
545 1027 666 1093 hoc,
723 1029 866 1097 quod
893 1029 1009 1099 ipse
1051 1028 1189 1084 dixit
1218 1047 1232 1084 :
1262 1029 1516 1096 Gaudete,
1559 1033 1697 1102 quod
1720 1050 1814 1086 no-

226 1119 371 1172 mina
413 1128 578 1172 vestra
632 1121 827 1191 scripta
875 1130 995 1175 sunt
1043 1122 1100 1175 in
1144 1121 1269 1176 caelo
1309 1121 1459 1194 (Luc.
1499 1139 1552 1187 Χ,
1579 1122 1715 1196 20)].
1745 1125 1814 1180 Et

223 1207 378 1276 juxta
405 1208 724 1280 Apostolum
748 1227 760 1262 :
789 1208 1024 1265 Gaudete
1046 1212 1102 1266 in
1120 1212 1344 1267 Domino
1364 1219 1594 1284 semper;
1621 1216 1810 1269 iterum

223 1299 343 1354 dico
388 1301 609 1371 gaudete
632 1301 854 1374 (Philip.
889 1319 962 1369 tv,
1013 1303 1091 1375 4).
1134 1304 1190 1359 In
1233 1303 1417 1370 Jacob,
1467 1315 1527 1361 ut
1559 1308 1812 1378 supplan-

219 1395 428 1444 tatores
454 1389 623 1444 simus
652 1391 907 1446 vitiorum
937 1402 1268 1462 nostrorum,
1309 1405 1364 1450 et
1397 1397 1694 1452 carnalium
1722 1397 1812 1454 de-

221 1480 578 1547 sideriorum;
618 1490 674 1538 et
700 1483 899 1538 diaboli
935 1493 1257 1554 potestatem
1285 1487 1494 1543 victrici
1532 1491 1668 1560 pede
1693 1490 1808 1544 cal-

219 1586 410 1627 cemus
459 1569 653 1642 [Edit.,
694 1581 749 1628 et
793 1575 1011 1629 carnale
1051 1575 1378 1632 desiderium
1405 1578 1578 1633 vivaci
1603 1582 1737 1649 pede
1776 1595 1808 1634 a

216 1664 420 1720 diaboli
463 1673 732 1734 potestate
786 1666 1098 1739 calcemus].
1131 1668 1188 1722 lu
1217 1667 1352 1724 Juda
1394 1678 1452 1724 ut
1489 1669 1808 1742 [secundum

214 1755 606 1829 Psalmistam],
639 1759 1031 1827 praeveniamus
1056 1759 1246 1816 faciem
1277 1761 1490 1818 Domini
1518 1766 1573 1818 in
1596 1765 1807 1820 confes-

210 1849 392 1916 sione,
415 1858 471 1904 et
484 1849 843 1906 confiteamur
865 1855 1266 1910 nominisancto
1295 1854 1432 1924 ejus,
1459 1858 1806 1915 etlaudenms

1915 681 2210 743 potestates
2260 687 2285 716 α
2329 675 2408 748 [In
2463 676 2676 743 Rahab,
2727 687 2787 733 ut
2813 678 2980 734 latum
3022 681 3334 737 mandatum
3383 682 3490 740 Do-

1914 764 2048 819 mini
2078 766 2240 821 nimis
2269 768 2554 837 diligenter
2575 769 2950 840 observantes,
3000 773 3285 829 Dominum
3314 774 3485 835 Deum

1914 871 1980 911 ex
2019 867 2131 914 toto
2151 861 2332 924 corde,
2381 869 2493 917 tota
2536 864 2733 930 anima,
2787 874 2898 921 tota
2950 867 3148 922 virtute
3181 867 3485 941 diligamus,

1914 957 1970 1003 et
2007 951 2311 1019 proximum
2373 954 2515 1008 sicut
2540 957 2900 1027 nosmetipsos
2949 957 3382 1032 amplectamur].
3424 961 3484 1018 In

1914 1039 2106 1108 Obeth,
2150 1052 2211 1097 ut
2243 1045 2540 1101 serviamus
2578 1047 2632 1102 in
2657 1048 2842 1103 laetitia
2870 1065 2968 1119 per
2991 1050 3238 1120 spiritum
3261 1053 3487 1119 amoris,

1913 1141 1969 1188 et
2002 1133 2288 1189 dilectione
2321 1146 2509 1192 sancta
2543 1139 2572 1178 ιι
2609 1137 2690 1210 [Ιιι
2727 1139 2898 1207 Ruth,
2936 1151 2996 1196 ut
3047 1141 3362 1198 festinantes
3408 1144 3492 1199 in-

1913 1224 2063 1294 gredi
2090 1225 2143 1278 in
2175 1225 2318 1280 illam
2343 1229 2606 1298 requiem,
2647 1229 2701 1284 id
2722 1240 2824 1298 est,
2869 1233 2924 1286 in
2950 1233 3225 1289 caelestem
3273 1232 3490 1291 Jerusa-

1911 1313 2036 1383 lem,
2063 1317 2188 1370 dum
2209 1327 2409 1389 tempus
2429 1319 2694 1386 habemus,
2721 1339 2989 1392 operemur
3011 1324 3199 1378 bonum
3223 1325 3292 1380 ad
3311 1341 3489 1382 omnes

1913 1407 2058 1480 (Gal.
2102 1425 2180 1475 γι,
2223 1411 2310 1481 10)
2341 1426 2354 1464 :
2383 1413 2505 1481 quia
2549 1430 2650 1467 non
2671 1414 2919 1470 habemus
2943 1417 3028 1470 hic
3053 1425 3346 1472 manentem
3372 1419 3484 1474 civi-

1910 1507 2092 1564 tatem,
2139 1500 2230 1553 sed
2254 1500 2486 1569 futuram
2535 1503 2845 1573 inquirimus
2876 1504 3062 1577 (Hebr.
3095 1523 3214 1573 xm,
3261 1508 3397 1580 14)).
3427 1510 3486 1565 In

1909 1588 2084 1654 Jcsse,
2143 1599 2201 1646 ut
2253 1591 2532 1648 incensum
2576 1597 2884 1651 orationum
2940 1604 3249 1654 nostrarum
3303 1601 3357 1654 in
3393 1616 3490 1656 ara

1909 1682 2089 1736 cordis
2127 1683 2298 1737 nostri
2329 1681 2405 1754 [in
2437 1684 2628 1754 spiritu
2657 1686 3042 1753 eontribulato,
3085 1697 3142 1743 et
3179 1689 3483 1762 humiliato]

1908 1770 2196 1827 offeramus
2247 1773 2374 1837 Deo,
2415 1774 2624 1830 dicente
2658 1775 2926 1846 Propheta
2961 1778 3152 1850 [Edit.,
3181 1795 3303 1834 cum
3331 1781 3486 1836 Psal-

1908 1863 2071 1917 mista
2105 1863 2368 1936 dicentes]
2405 1881 2416 1917 :
2451 1864 2733 1936 Dirigatur
2773 1869 2944 1922 oratio
2970 1885 3088 1922 mea
3134 1871 3267 1922 sicut
3310 1870 3492 1924 incenv

207 1955 341 1995 eum
368 1943 422 1996 in
449 1943 646 1998 smeula
671 1944 989 2001 saeculorum
1013 1947 1184 2019 (Psal.
1212 1965 1355 2015 xcrv,
1387 1949 1462 2023 2).
1493 1952 1549 2007 1n
1575 1954 1802 2022 Phares,
1836 1946 1882 2006 Β
1907 1973 2022 2010 sum
2054 1957 2107 2009 in
2129 1965 2402 2026 conspectu
2454 1967 2543 2010 tuo
2574 1956 2747 2027 (Psal.
2799 1973 2921 2023 οη,
2961 1958 3038 2031 2).
3093 1957 3150 2012 ln
3192 1959 3381 2026 David,
3427 1967 3488 2016 ut

206 2038 270 2084 ut
314 2031 614 2089 dividamus
667 2051 766 2090 nos
818 2037 885 2091 ab
929 2037 1128 2107 impiis,
1177 2049 1234 2093 ut
1284 2049 1436 2096 actus
1487 2055 1704 2100 nostros
1734 2047 1801 2101 ab

202 2137 402 2178 eorum
464 2127 723 2182 societate
763 2143 1111 2185 secernamus
1163 2129 1241 2202 [et
1293 2134 1676 2190 abstrahamus
1732 2137 1801 2191 ab

200 2219 360 2272 omni
403 2217 572 2275 fratre
591 2222 898 2276 ambulante
927 2223 981 2276 in
1009 2224 1217 2290 quiete;
1251 2233 1303 2277 et
1341 2241 1447 2280 non
1504 2229 1802 2282 communi-

199 2327 400 2369 cemus
436 2317 689 2384 operibus
713 2318 829 2386 ejus
873 2317 1072 2391 malis].
1118 2318 1178 2373 ιιι
1204 2319 1362 2383 Zara,
1394 2329 1453 2372 ut
1475 2319 1691 2374 Lucifer
1712 2336 1802 2375 ve-

198 2420 309 2461 rus
352 2407 562 2461 oriatur
613 2408 668 2461 in
721 2410 977 2466 cordibus
1041 2412 1262 2477 nostris,
1327 2421 1382 2466 et
1443 2411 1534 2467 Sol
1575 2411 1801 2480 justitia:

195 2497 492 2567 splendeat
519 2499 718 2569 ubique
741 2501 795 2555 in
825 2501 1078 2558 cordibus
1120 2504 1320 2559 nostris
1355 2503 1550 2576 [Edit.,
1599 2507 1800 2575 ubique

194 2585 256 2640 in
295 2586 496 2659 nobis],
550 2587 621 2660 [et
668 2589 838 2644 luceat
894 2591 986 2645 lux
1043 2601 1221 2647 nostra
1263 2611 1438 2648 coram
1477 2595 1796 2662 hominibus,

195 2686 256 2733 ut
289 2678 500 2732 videant
527 2696 684 2751 Opera
709 2691 886 2736 nostra
915 2683 1048 2737 bona
1074 2695 1121 2738 et
1148 2683 1440 2755 gloriﬁcent
1468 2686 1681 2741 Patrem
1706 2705 1800 2742 no-

194 2777 378 2824 strum
406 2773 495 2842 qui
524 2774 579 2827 in
601 2773 741 2828 caelis
768 2785 841 2829 est
875 2773 1088 2846 (Matth.
1130 2793 1183 2842 v,
1215 2776 1351 2849 16)].
1385 2778 1444 2833 ln
1494 2779 1708 2844 Esrom,
1737 2789 1798 2835 ut

195 2861 420 2932 sagittae
451 2862 620 2919 simus
648 2865 839 2921 salutis
859 2865 1094 2932 Domini,
1138 2875 1198 2922 ut
1223 2867 1289 2923 de
1328 2868 1484 2925 nobis
1538 2871 1643 2926 dici
1672 2886 1797 2941 pos—

195 2951 271 3008 sit
310 2966 324 3006 :
355 2951 576 3024 Sagitta:
598 2959 820 3028 potentis
839 2969 1006 3012 acuta:
1037 2957 1211 3032 (Psal.
1258 2976 1406 3025 cxrx,
1431 2961 1508 3032 4).
1542 2960 1623 3034 [In
1651 2963 1794 3017 Tha-

196 3058 352 3108 mar,
394 3052 454 3098 ut
479 3060 600 3099 cum
625 3048 803 3116 palma
829 3048 1067 3104 victoriae
1095 3065 1321 3121 pompas
1346 3051 1565 3117 diaboli,
1588 3061 1643 3108 et
1665 3068 1792 3107 con-

197 3136 574 3207 eupiscentias
623 3141 812 3194 mundi
866 3157 1204 3212 superemus,
1241 3152 1463 3213 propter
1490 3159 1635 3210 eum,
1700 3147 1793 3216 qui

199 3217 402 3286 dilexit
430 3228 575 3303 nos.]
630 3229 688 3285 ln
733 3231 921 3298 Aram,
955 3242 1015 3286 ut
1043 3233 1198 3289 electi
1242 3234 1337 3289 Dei
1384 3235 1573 3302 simus,
1631 3246 1679 3291 et
1716 3238 1791 3291 si-

1905 2047 2288 2102 desiderabiles
2341 2046 2638 2102 efficiamur
2683 2048 2794 2105 Deo
2837 2057 3058 2115 nostro;
3116 2058 3171 2105 et
3213 2051 3383 2106 fortes
3418 2051 3491 2107 si-

1903 2151 2024 2191 mus
2055 2153 2217 2190 manu
2268 2146 2456 2192 contra
2490 2137 2700 2193 Goliam
2739 2139 3038 2208 spiritalem
3080 2149 3383 2211 pugnantes
3431 2151 3483 2196 α.

1901 2229 1960 2283 ln
1985 2230 2294 2293 Salomone,
2337 2239 2417 2295 ut,
2468 2237 2728 2299 quantum
2766 2245 2831 2284 ex
2857 2231 3014 2286 nobis
3066 2239 3167 2296 est,
3221 2245 3344 2285 cum
3369 2246 3499 2286 om-r

1903 2321 2064 2374 nibus
2114 2320 2423 2376 hominibus
2480 2336 2669 2389 pacem
2717 2321 3014 2376 habeamus
3046 2319 3199 2391 [illud
3252 2320 3484 2377 domini-

1903 2409 2432 2482 cumintendentes],
2485 2411 2611 2481 quia
2650 2411 2785 2464 beati
2832 2410 3063 2481 paciﬁci,
3107 2410 3357 2481 quoniam
3387 2409 3490 2479 ﬁlii

1901 2501 1999 2556 Dei
2051 2503 2373 2556 vocabuntur
2415 2501 2631 2574 (Matth.
2689 2518 2743 2568 γ,
2795 2501 2870 2574 9).
2914 2500 2997 2574 [ιιι
3032 2501 3368 2567 Betbsabee,
3423 2510 3490 2556 ut

1893 2594 2262 2666 juramentum
2306 2595 2628 2650 omnimodis
2670 2596 3058 2662 custodiamus,
3120 2610 3190 2650 ne
3239 2593 3484 2665 perjurio

1900 2686 2201 2742 incidamus
2232 2689 2284 2742 in
2332 2687 2583 2758 laqueum
2623 2687 2843 2743 diaboli.
2891 2686 2953 2742 In
2981 2685 3131 2751 Uria,
3173 2695 3232 2741 ut
3253 2686 3347 2741 lux
3376 2699 3475 2740 no-

1900 2787 2011 2833 stra
2036 2779 2177 2833 Deus
2216 2779 2306 2844 sit,
2355 2777 2624 2842 videlicet,
2672 2786 2733 2832 ut
2752 2792 2875 2833 eum
2905 2785 3196 2848 sequentes
3229 2792 3338 2832 non
3369 2791 3486 2830 am-

1897 2871 2145 2926 bulemus
2179 2871 2232 2924 in
2271 2870 2508 2924 tenebris
2549 2871 2759 2934 mortis,
2801 2870 2896 2925 sed
2950 2871 3250 2926 habeamus
3303 2869 3486 2923 lumen

1897 2960 2062 3033 vitae].
2088 2947 2976 3026 lnRoboam,utlatunicharitatis
3040 2959 3206 3032 454
3258 2959 3484 3014 manda-
3551 3012 3555 3014 _

1897 3062 2010 3108 tum
2058 3053 2425 3122 complentes,
2478 3052 2556 3124 in
2612 3052 2896 3109 latitudine
2946 3052 3269 3123 spiritalium
3316 3051 3486 3107 dono-

1897 3161 2018 3200 rum
2063 3144 2392 3216 gaudeamus
2429 3142 2478 3197 (1.
2521 3142 2580 3197 In
2617 3143 2776 3208 Abia,
2823 3151 2884 3197 ut
2927 3143 3125 3198 fratres
3155 3142 3344 3208 simus,
3385 3142 3484 3197 ba-

1897 3236 2088 3292 bentes
2137 3235 2353 3290 Patrem
2405 3235 2607 3300 Deum;
2660 3244 2713 3290 et
2744 3234 2986 3289 haeredes
3035 3234 3204 3289 simus
3230 3233 3344 3300 Dei,
3387 3248 3482 3291 co—

196 3339 325 3377 ntus
365 3339 526 3393 genus
550 3321 768 3378 electum
813 3323 958 3396 [gens
984 3337 1192 3390 sancta,
1241 3327 1463 3397 populus
1489 3329 1794 3399 acquisitio-
1820 3308 1869 3372 (ἶ
1904 3327 2145 3383 hzeredes
2191 3326 2410 3397 quidem
2445 3325 2645 3381 Christi
2699 3338 2742 3379 ε.
2803 3326 2862 3380 1η
2889 3326 3071 3396 Asaplt
3112 3324 3284 3398 [Leg.,
3327 3324 3482 3399 Asa],

196 3413 325 3476 nis;
373 3422 420 3466 et
463 3415 830 3468 annuntiemus
879 3415 1090 3468 virtutes
1152 3415 1289 3485 ejus,
1329 3418 1418 3487 qui
1469 3417 1532 3470 de
1574 3418 1796 3471 tenebris

198 3521 299 3560 nos
331 3508 527 3560 vocavit
557 3507 612 3560 in
641 3504 953 3560 admirabile
983 3505 1160 3560 lumen
1183 3523 1337 3561 suum
1366 3507 1418 3580 (I
1436 3507 1582 3562 Petr.
1607 3499 1671 3572 ιι,
1693 3506 1790 3580 9)];

200 3599 394 3670 regale
441 3599 807 3655 sacerdotium
837 3598 1095 3664 Christo;
1152 3607 1207 3654 et
1233 3600 1432 3654 excelsi
1477 3600 1646 3655 simus
1683 3616 1796 3655 me-

198 3689 351 3743 ritis.
403 3687 459 3742 ln
483 3688 804 3752 Aminadab,
859 3696 920 3741 ut
957 3697 1287 3758 spontaneus
1317 3689 1528 3744 Domini
1569 3690 1796 3759 populus

199 3781 401 3846 simus,
425 3782 480 3835 in
526 3781 880 3836 aedificatione
914 3781 1158 3850 corporis
1205 3782 1287 3836 sui
1316 3780 1508 3854 [Edit.,
1549 3782 1796 3852 corporis

199 3873 458 3945 Christi].
511 3873 570 3928 ln
612 3873 874 3940 Naasson,
933 3881 994 3926 ut
1039 3873 1326 3929 mundanis
1376 3873 1616 3943 auguriis
1668 3888 1796 3942 gen-

203 3968 388 4024 tilium
411 3967 702 4032 derelictis,
726 3964 1219 4037 promissisdivinis
1235 3966 1394 4020 fidem
1417 3965 1790 4020 adhibeamus.

199 4055 263 4116 In
323 4056 564 4120 Salmon,
610 4065 671 4112 ut
707 4056 1012 4121 sensibiles,
1062 4056 1116 4110 id
1135 4063 1237 4120 est,
1277 4055 1667 4110 intellectuales
1703 4073 1797 4111 ve-

201 4152 390 4209 ritatis
435 4149 552 4218 Dei,
583 4159 638 4207 et
681 4150 938 4206 docibiles
981 4148 1058 4221 [et
1107 4147 1361 4220 factores]
1406 4149 1790 4204 inveniamur:

202 4243 360 4318 [quia
385 4261 489 4299 non
516 4244 782 4299 auditores
811 4242 958 4313 legis,
1011 4242 1101 4297 sed
1149 4243 1373 4311 factores
1416 4241 1798 4312 justiﬁcabun-

202 4345 295 4392 tur
339 4335 518 4408 (Rom.
550 4352 612 4402 ιι,
651 4333 786 4408 15)].
837 4333 896 4388 ln
943 4335 1108 4399 Booz,
1148 4342 1208 4389 ut
1252 4333 1610 4389 confiteantur
1660 4335 1793 4402 Deo,

276 4463 308 4492 ι
361 4451 504 4505 Edit.
539 4468 552 4504 :
590 4468 609 4501 ι
649 4448 709 4504 ln
738 4448 900 4513 Booz,
920 4457 977 4502 ut
997 4446 1487 4517 juxIaApostolum
1517 4448 1794 4504 conferte-

203 4537 337 4577 mur
374 4522 428 4576 in
453 4521 701 4586 Domino,
736 4529 790 4575 et
821 4520 877 4573 in
918 4518 1157 4588 potentia
1203 4520 1421 4574 virtutis
1461 4519 1604 4589 ejus;
1665 4537 1791 4576 suc-

203 4593 377 4648 cincti
407 4591 618 4647 lumbos
646 4598 862 4646 nostros
888 4589 942 4644 in
973 4590 1231 4655 veritate;
1263 4591 1434 4646 induti
1461 4590 1626 4646 lorica
1635 4591 1796 4661 justi-

1899 3426 1961 3473 ut
1989 3417 2236 3472 tollamus
2262 3417 2612 3471 intentionem
2637 3426 2877 3473 nostram
2904 3433 2935 3472 a
2960 3417 3108 3472 vitiis
3128 3417 3197 3470 ad
3224 3415 3484 3484 virtutes;

1897 3524 1931 3563 a
1968 3509 2197 3563 terrenis
2236 3508 2300 3563 ad
2336 3509 2577 3564 coelestia
2612 3507 2656 3562 ί.
2694 3509 2752 3564 ln
2781 3507 3058 3579 Josaphat,
3111 3516 3169 3562 ut
3205 3515 3351 3563 recte
3387 3506 3480 3577 ju-

1901 3604 2138 3658 dieemus
2175 3601 2323 3654 omni
2365 3616 2609 3671 personae
2659 3600 2821 3676 [sicut
2855 3601 3115 3671 scriptum
3152 3607 3236 3655 est
3273 3618 3288 3655 :
3327 3599 3485 3654 Recte

1899 3695 2128 3758 iudicate
2139 3693 2238 3762 ﬁlii
2265 3693 2532 3747 hominum
2554 3692 2726 3764 (Psal.
2755 3709 2884 3757 LVII,
2901 3691 3017 3765 2)];
3041 3699 3097 3746 et
3121 3691 3485 3762 quodcunque

1899 3787 2168 3851 volumus,
2216 3793 2275 3839 ut
2321 3784 2521 3840 faciant
2578 3786 2733 3840 nobis
2789 3785 3070 3849 homines,
3122 3783 3387 3841 faciamus
3429 3790 3485 3837 et

1899 3879 2004 3935 illis
2060 3878 2327 3942 similiter,
2389 3879 2622 3932 scientes
2673 3877 2795 3948 quia
2849 3891 3104 3930 mensura
3153 3891 3258 3944 qua
3309 3872 3484 3928 mensi

1897 3967 2179 4031 fuerimus,
2210 3967 2524 4021 remetietur
2546 3967 2701 4021 nobis
2727 3964 2942 4036 (Matth.
2966 3981 3064 4029 vn,
3095 3963 3171 4035 2).
3199 3964 3255 4018 ln
3275 3961 3481 4027 Joram,

1898 4066 1958 4110 ut
1987 4070 2218 4125 superna
2256 4054 2549 4124 sapiamus,
2605 4053 2782 4109 effecti
2834 4053 2888 4107 in
2937 4053 3167 4108 Domino
3195 4051 3482 4117 sublimes,

1900 4154 2140 4201 nostram
2190 4146 2657 4200 conversationem
2713 4145 2976 4200 habentes
3028 4144 3083 4198 in
3129 4142 3282 4199 ccelis
3316 4145 3363 4198 ⁸.
3423 4143 3482 4197 ln

1899 4238 2052 4303 Ozia,
2107 4250 2167 4292 ut
2225 4237 2595 4293 confer-temur
2634 4238 2689 4292 in
2732 4237 2983 4303 Domino,
3030 4245 3085 4292 et
3133 4237 3188 4292 in
3241 4237 3484 4308 potentia

1849 4375 1853 4380 .
1898 4331 2117 4387 virtutis
2138 4331 2255 4402 ejus
2300 4332 2349 4384 ὶι.
2399 4330 2457 4384 In
2506 4327 2758 4395 Joathan,
2804 4337 2865 4384 ut
2905 4327 3147 4400 perfecta
3185 4343 3348 4400 opera
3392 4328 3482 4384 fa-

1897 4449 2068 4510 cuelis,
2121 4448 2355 4520 quinos
2406 4447 2711 4520 voluntarie
2759 4445 2943 4520 genuit
2984 4447 3170 4520 verbo
3208 4443 3480 4520 veritatis,

1899 4531 1958 4576 ut
1985 4514 2155 4575 simus
2175 4519 2388 4574 initium
2425 4518 2642 4590 aliquod
2668 4514 2933 4590 creatura:
2951 4515 3069 4590 ejus
3115 4515 3255 4587 (Jac.
3282 4514 3478 4590 1,_18_):

1899 4602 1954 4647 et
1985 4592 2416 4671 benedictionem
2443 4586 2760 4671 haereditate
2789 4586 3259 4671 possideamusxet‘
3293 4586 3484 4658 glorie-

204 4664 325 4729 tiae,
351 4672 628 4719 sumentes
648 4671 862 4717 scutum
883 4661 1036 4733 fidei,
1054 4668 1108 4714 et
1141 4661 1576 4733 galeamsalutis,
1604 4657 1656 4716 et
1679 4663 1791 4733 gla-
1821 4665 1872 4726 D
1895 4679 2018 4718 mur
2044 4663 2096 4716 in
2119 4679 2213 4732 spe
2236 4662 2423 4733 gloria;
2449 4659 2680 4716 filiorum
2706 4657 2808 4733 _Dei
2841 4678 2858 4710 ι
2898 4657 3142 4733 (Rom._v,
3178 4657 3288 4728 l2).

202 4733 362 4790 dium
389 4735 629 4803 spiritus,
657 4733 799 4804 quod
820 4740 903 4804 est
930 4731 1153 4786 verbum
1175 4732 1268 4804 Dei
1297 4753 1315 4784 ι
1345 4731 1557 4804 (Ephes.
1575 4749 1648 4797 vt,
1680 4731 1789 4804 10).

282 4808 313 4846 Β
347 4801 492 4860 Edit.
530 4822 543 4858 :
582 4823 600 4855 ‹
647 4801 702 4857 In
725 4801 919 4870 Obeth,
977 4810 1036 4873 ut
1074 4803 1376 4857 serviamus
1417 4801 1659 4857 Domino
1697 4801 1794 4873 per

207 4877 463 4960 spiritum
494 4875 704 4960 timoris
731 4871 1104 4960 et‘dilectione
1143 4882 1345 4960 sancta,
1406 4883 1672 4960 quatenps
1697 4871 1795 4960 ra:

203 4943 470 5005 tionabile
490 4947 562 5003 sit
587 4946 901 5014 obsequium
942 4952 1211 5010 nostrum,
1243 4954 1299 4999 et
1327 4945 1655 5014 acceptabile
1702 4943 1797 4999 fiat

201 5018 539 5076 sacrificium
561 5027 826 5072 nostrum.
859 5035 878 5068 ι

282 5103 307 5130 ο
349 5090 493 5145 Edit.
547 5105 560 5142 :
622 5107 639 5138 ι
679 5087 737 5142 lu
797 5087 998 5150 David,
1058 5093 1120 5138 ut
1178 5099 1341 5138 manu
1388 5084 1555 5140 fortes
1606 5096 1796 5141 contra

202 5162 423 5218 Goliam
452 5158 786 5229 spiritualem
808 5163 1131 5229 pugnantes,
1155 5161 1209 5210 et
1230 5155 1548 5229 exhibentes
1569 5172 1796 5225 Corpora

201 5241 398 5289 nostra
427 5225 660 5286 hostiam
696 5225 986 5290 viventem,
1037 5235 1301 5296 sanctam,
1346 5225 1466 5296 Deo
1487 5226 1793 5296 placentem

203 5304 386 5375 (Rom.
419 5319 516 5368 xu,
540 5301 616 5373 1),
642 5296 995 5356 desiderabile
1022 5295 1279 5366 templum
1299 5295 1597 5352 efficiamur
1623 5295 1794 5365 Spiri-

202 5377 286 5429 tui
313 5384 522 5431 sancto.
561 5393 580 5426 ι

281 5446 309 5485 ἀ
343 5447 484 5501 Edit.
513 5464 524 5499 :
561 5463 580 5496 ι
612 5445 669 5500 In
699 5442 960 5503 Roboam,
1025 5445 1085 5492 ut
1128 5436 1285 5506 longe
1328 5435 1540 5506 lateque
1587 5453 1684 5506 per
1707 5454 1788 5492 or-

199 5517 336 5575 bem
378 5526 645 5572 terrarum
681 5511 907 5585 populus
929 5509 1222 5585 dispersus,
1267 5507 1526 5562 unitatem
1563 5509 1788 5585 Spiritus

201 5588 266 5644 in
294 5589 510 5644 vinculo
548 5579 778 5659 pacis-Aet
805 5580 1086 5638 charitatis
1114 5579 1442 5659 habeamus;
1501 5595 1664 5659 unum
1685 5581 1788 5635 Do-

205 5661 446 5722 minum,
498 5648 660 5713 unam
688 5655 870 5718 fidem,
926 5666 1092 5722 unum
1132 5648 1402 5722 baptisma
1440 5649 1792 5722 profiteantur

204 5730 282 5784 de
340 5719 503 5786 corde
562 5744 736 5799 puro,
771 5735 825 5782 et
847 5721 1178 5780 conscientia
1224 5720 1384 5785 bona,
1433 5727 1487 5773 et
1527 5719 1633 5775 ﬁde
1682 5738 1790 5777 non

201 5798 805 5874 ίὶιῖιει(ιί’ριιέδ.ιν)τΔ
1039 5867 1052 5874 _
1142 5866 1152 5874 _
1225 5872 1229 5874 _
1300 5861 1321 5874 ,
1384 5870 1394 5874 _
1562 5863 1573 5874 .
1655 5862 1666 5874 .

289 5885 316 5911 ε
340 5861 530 5928 Εόῖιίε
570 5891 590 5923 ι
624 5873 682 5926 ln
707 5861 864 5931 Abia,
908 5874 969 5922 ut
1006 5866 1270 5931 charitate
1295 5861 1533 5917 fraterna
1562 5862 1790 5919 invicem

199 5943 503 6015 diligentes
554 5957 721 6004 unum
769 5940 984 6002 Patrem
1034 5938 1348 6002 habeamus,
1399 5932 1686 5991 Dominum
1735 5935 1792 5990 in

1975 4733 1993 4771 ί
2026 4727 2167 4788 Ειιὶιῖ
2196 4747 2210 4786 :
2238 4727 2265 4783 ἰ
2296 4733 2354 4786 ln
2383 4731 2512 4797 Asa,
2561 4739 2620 4784 ut
2647 4727 2916 4784 tollamus
2935 4728 3175 4782 membra
3204 4727 3389 4782 uestra
3419 4727 3490 4782 de

1897 4804 2026 4866 luto,
2061 4812 2114 4856 et
2141 4802 2482 4872 sterquilinio
2508 4801 2784 4872 vitiorum,
2832 4812 2900 4852 ne
2937 4798 3175 4872 serviant
3200 4798 3486 4872 immundi-

1899 4875 2007 4948 tite
2029 4882 2082 4928 et
2109 4868 2376 4948 iniquitati
2428 4872 2495 4948 ad
2519 4870 2891 4948 iniquitatem;
2927 4869 3020 4923 sed
3041 4868 3334 4948 justitiaein
3358 4883 3482 4948 san-

1899 4938 2284 5000 ctificationem
2326 4962 2337 4996 :
2373 4944 2498 5014 quia
2544 4938 2917 5014 non_vocavit
2963 4938 3250 5014 noS__Deus
3275 4938 3330 4991 in
3376 4938 3485 5014 _iinv

1902 5016 2244 5080 munditiam,
2275 5015 2368 5068 sed
2391 5006 2444 5067 in
2478 5011 2960 5068 sanctificationem
2989 5031 3007 5062 ι
3046 5008 3218 5081 (Rom.
3255 5023 3332 5070 v1,
3369 5006 3484 5081 t9).

1977 5090 2001 5127 5
2031 5087 2173 5141 Edit.
2207 5077 2239 5138 ε’
2266 5104 2283 5135 ι
2337 5084 2394 5138 In
2428 5081 2629 5145 Joram,
2663 5092 2721 5137 ut
2770 5081 2968 5137 excelsi
2997 5077 3063 5135 δι’
3078 5079 3334 5135 sublimes
3355 5077 3485 5132 effe-

1905 5159 2000 5220 cti,
2040 5173 2161 5225 qum
2189 5171 2402 5210 sursum
2431 5161 2573 5218 sunt,
2622 5167 2948 5222 qumramus,
2989 5151 3080 5206 ubi
3120 5147 3372 5225 Christus
3399 5155 3485 5202 est

1904 5229 1958 5282 in
1981 5219 2202 5282 deitcra
2245 5225 2340 5281 Dei
2376 5225 2597 5288 sedens;
2628 5219 2746 5288 qua:
2777 5239 2990 5278 sursum
3038 5228 3162 5275 sunt
3185 5219 3480 5289 sapiamus,

1902 5314 2009 5379 non
2035 5313 2154 5366 quae
2177 5312 2340 5379 super
2380 5305 2580 5379 terram
2609 5293 2744 5366 (Col.
2774 5311 2857 5379 mi,
2889 5293 2943 5363 2)
2964 5309 2992 5379 ;r
3013 5291 3482 5379 quop‘iamd-omrjie

1900 5359 2086 5423 datum
2143 5359 2440 5436 optimum,
2489 5375 2542 5421 et
2594 5359 2775 5436 omne
2806 5359 3006 5436 donum
3032 5359 3481 5436 perfectum_de

1899 5455 2116 5495 sursum
2154 5430 2621 5503 est,‘descendetis
2672 5453 2704 5491 a
2751 5435 2910 5489 Patre
2950 5430 3215 5487 luminum
3257 5450 3277 5483 ι
3329 5430 3477 5503 (Jac.

1895 5511 2068 5576 1,17).

1968 5509 2178 5636 inlidit.
2234 5598 2247 5633 :
2296 5599 2312 5630 ι
2369 5579 2426 5633 1η
2457 5579 2609 5641 Ozia,
2641 5585 2701 5632 ut
2745 5575 2950 5633 robusti
2993 5573 3046 5629 in
3082 5572 3311 5628 Domino
3353 5569 3484 5629 effe-

1895 5653 1987 5716 cti,
2022 5653 2076 5708 in
2098 5652 2347 5708 omnibus
2381 5648 2850 5720 persecutionibus
2898 5645 3116 5720 nostris,
3140 5655 3224 5720 _e_t
3253 5641 3484 5720 tribula-

1898 5713 2134 5778 tionibus
2168 5738 2302 5793 quas
2327 5713 2674 5793 sustinemus,
2706 5716 3011 5793 exemplum
3034 5716 3366 5793 accipiamus
3405 5713 3484 5793 l_a-

1896 5795 2044 5850 boris
2077 5803 2132 5847 et
2185 5784 2459 5860 patientiae
2508 5789 2834 5860 prophetas,
2863 5784 3200 5860 'quiilocuti
3256 5794 3384 5842 sunt
3423 5784 3482 5842 in

1899 5810 2044 5850 DOt‘IS
2077 5810 2132 5847 el.
2223 5810 2459 5848 attenuat
2508 5810 2834 5860 proprietas,
2895 5810 2987 5856 qui
3035 5810 3117 5844 loc

1899 5866 2118 5922 nomine
2163 5810 2376 5920 [femini
2428 5860 2555 5918 Jesu
2613 5880 2631 5914 ι
2695 5855 2836 5932 (Jac.
2879 5873 2932 5926 v,
2966 5857 3053 5932 10)
3113 5889 3117 5894 α
