4072 6340
216 364 309 421 757

832 350 1244 418 EXEGETICA.
1281 390 1354 403 αν-
1387 357 1744 417 COMMENT.
1783 356 1852 415 IN
1889 356 2082 415 JOAN.
2113 380 2187 400 -ι
2225 356 2441 413 EPIST.
2483 355 2808 413 PRASVIE.

3377 362 3503 422 758~

214 480 480 544 mittatur;
510 484 570 531 ut
595 476 649 531 in
678 476 806 543 line,
830 491 947 544 seu,
971 484 1032 530 ut
1057 477 1499 545 interpretamur,
1521 473 1577 545 in
1598 472 1793 545 ultima
1819 478 1872 538 Α
1897 488 2073 537 meus,
2095 472 2221 542 quia
2254 488 2362 527 non
2391 470 2494 525 fuit
2521 472 2611 542 qui
2638 471 2902 527 excitaret
2926 482 3074 540 eum,
3106 472 3278 530 donec
3301 483 3485 531 vestra

214 548 322 619 eius
349 543 725 619 commentarii
744 556 923 619 parte,
946 545 1151 619 aliquid
1178 543 1567 619 nudaturquod
1592 544 1645 597 in
1672 543 1795 619 aliis

213 614 480 704 opusculis
504 618 591 674 vel
619 616 718 702 SS.
744 614 987 704 Patrum,
1019 614 1110 699 vel.
1128 616 1182 671 in
1210 617 1305 704 his
1322 614 1464 698 ipsis.
1481 622 1647 704 antea
1666 614 1800 704 ‘mis-

214 683 304 758 sis,
329 706 435 747 non
464 689 756 745 invenitur.
783 687 1018 744 Pronum
1042 688 1206 758 igitur
1225 694 1309 741 est
1327 683 1594 755 coniicere
1615 683 1799 758 Alcui~

214 756 334 819 num
367 761 522 816 alteri
559 760 643 815 sui
670 760 1048 814 commentarii
1070 756 1231 829 parti;
1252 773 1446 829 novam
1487 770 1671 829 curam
1699 756 1797 809 ad—

214 833 468 896 hibuisse,
492 838 546 886 et
569 830 623 884 in
652 846 770 885 eam
798 830 1024 885 formam
1057 825 1433 892 transfudisse,
1456 825 1632 896 qualis
1658 825 1801 879 inter

214 909 380 975 Opera
417 901 577 956 Bedae
624 910 1064 975 repragsentatur.
1099 899 1168 975 Et
1192 898 1571 975 _hmc_quidem
1611 905 1798 950 nostra

214 968 520 1041 coniectura
538 980 624 1027 est
638 968 705 1026 ex
727 972 977 1042 allegatis
997 970 1208 1042 Alcuini
1230 968 1586 1042 verbiszenata
1604 983 1618 1042 ξ
1634 981 1799 1035 quam

212 1037 389 1100 tamen
414 1043 657 1097 virorum
681 1037 1014 1097 eruditorum
1043 1038 1298 1096 limatiori
1321 1038 1523 1108 iudicio
1546 1037 1799 1092 lubenter

214 1114 599 1171 submittintus.

279 1184 556 1264 Caeterum
590 1182 865 1264 ‘Alcuinns.
894 1182 1138 1264 ipsemet.
1177 1196 1275 1264 pro
1314 1195 1412 1235 suo
1448 1179 1706 1264 candore,
1747 1178 1803 1231 in

212 1256 367 1327 epist.
406 1256 473 1309 ad
495 1253 696 1327 Gislam
720 1260 775 1308 et
803 1250 1154 1327 Richtrudem
1182 1250 1411 1327 ingenue
1436 1250 1723 1321 prolltetur
1744 1263 1805 1327 se

212 1318 314 1406 non
337 1339 406 1380 ex
425 1325 645 1406 proprio
664 1331 819 1405 prato
838 1322 998 1406 liores
1016 1318 1280 1406 proferre,
1297 1318 1489 1403 sed,_ut
1500 1336 1611 1376 sua:
1632 1318 1807 1406 tenui-

214 1396 338 1451 tatis
371 1391 640 1459 cdnscius,
665 1391 819 1464 sine;
829 1391 1068 1464 periculo
1100 1394 1186 1464 sui
1224 1391 1480 1464 nominis,
1526 1391 1808 1464 praedicta-

210 1482 330 1521 rum
364 1465 630 1535 virginum
661 1459 1000 1519 satisfaceret
1035 1463 1320 1535 voluntati,
1363 1459 1655 1535 multorum
1700 1459 1805 1535 Pa:

210 1546 357 1591 trum
383 1528 573 1605 ﬂorida
597 1550 723 1605 rura
752 1534 1111 1605 peragrando,
1138 1534 1263 1588 inde
1285 1531 1449 1587 ﬂores
1473 1532 1703 1605 sparsim
1731 1528 1809 1584 ibi

210 1613 460 1675 repertos
498 1601 805 1676 collegisse,
852 1623 870 1655 ι
890 1601 1251 1676 'medieorum
1286 1602 1556 1676 exemplo,
1594 1601 1687 1672 qui
1721 1615 1810 1676 so-

210 1671 344 1741 lent,
378 1671 661 1745 inquit,ex'
678 1675 970 1745 multorum
999 1674 1281 1745 speciebus
1302 1671 1722 1745 pigmentorum,
1751 1671 1809 1724 in

211 1742 754 1815 salutem'poscentis
781 1742 1049 1813 quoddam
1077 1742 1456 1798 medicamenti
1484 1756 1808 1815 componere

246 1831 402 1880 enus,
432 1813 533 1870 nec
575 1816 782 1885 seipsos
814 1815 970 1869 fateri
1000 1821 1334 1885 praesumunt
1369 1822 1643 1868 creatures
1680 1813 1805 1885 lter-

246 1834 402 1880 enus,
432 1834 533 1870 nec
575 1834 782 1885 SClpSOS
814 1834 970 1869 ιιιιοιΊ
1000 1834 1334 1885 praesumunt
1369 1834 1643 1868 creatures
1682 1834 1805 1866 uer-

210 1834 406 1943 garum
442 1886 526 1941 vel
546 1885 777 1956 aliarum
806 1885 1140 1956 specierum,
1178 1900 1247 1938 ex
1281 1899 1511 1956 quarum
1541 1882 1808 1954 composi—

212 1959 373 2027 tione
393 1957 542 2011 salus
567 1955 801 2012 efﬁcitur
824 1952 1233 2027 aegrotantium;
1259 1952 1679 2027 sedministros
1690 1967 1811 2027 esse

211 2029 266 2099 in
296 2026 616 2099 colligendo,
660 2035 715 2082 et
742 2027 808 2099 _in
846 2023 1412 2099 u'nunrpigmentaria
1441 2041 1603 2099 manu
1639 2023 1810 2099 eonfi-

210 2098 405 2152 ciendo
428 2094 651 2168 corpus.
692 2118 711 2149 ›
742 2096 935 2152 Postea
972 2094 1138 2151 etiam
1162 2097 1336 2152 fontes
1362 2096 1608 2166 designat
1633 2111 1664 2150 e
1692 2094 1813 2168 qu_i-

209 2168 317 2239 bus
351 2183 488 2239 pene
531 2163 735 2239 omnia,
761 2183 863 2239 sua
902 2168 1101 2239 hausit,
1141 2168 1400 2239 nimirum
1439 2163 1809 2239 tractatus:_S.

208 2235 537 2309 Augustini,
555 2238 807 2309 homilias
833 2237 891 2309 S.
916 2236 1161 2309 Gregorii
1183 2245 1239 2292 et
1257 2237 1417 2309 Beda:
1439 2235 1810 2302 Venerabilis;

208 2306 475 2389 opuscula
595 2308 888 2389 Ambrosii,
918 2315 973 2361 et
999 2306 1227 2388 aliorum
1250 2306 1616 2389 SS..Patrum,
1649 2324 1667 2356 ι
1698 2322 1814 2389 rna-

208 2375 333 2449 gis,
378 2379 659 2447 inquiens,
702 2378 906 2449 horum
944 2379 1187 2449 omnium
1234 2377 1489 2449 sensibus
1527 2384 1581 2431 et
1634 2375 1815 2449 verbis

207 2445 398 2511 utens,
426 2445 587 2516 quam
614 2461 745 2501 mea:
780 2446 1054 2516 quidpiam
1092 2446 1525 2516 prmsumptionis
1565 2445 1816 2501 commit-

138 2570 145 2573 _
210 2525 375 2599 tens;
406 2516 551 2599 velut
581 2517 871 2599 legentium
900 2518 1188 2599 curiositas
1217 2516 1375 2572 facile
1401 2518 1632 2599 probare
1659 2524 1814 2599 pote-

210 2586 326 2648 rit;
376 2586 690 2658 cautissimo
729 2588 854 2642 stilo
882 2588 1184 2657 prtevidens
1220 2602 1287 2642 ne
1326 2586 1457 2658 quid
1478 2586 1815 2658 contrarium

210 2664 536 2729 sanctorum
583 2656 817 2729 Patrum
852 2655 1099 2713 sensibus
1132 2655 1409 2729 ponerem.
1451 2677 1489 2729 »ν
1527 2655 1653 2712 Haec
1695 2657 1818 2712 ideo

213 2726 580 2798 ascripsimus
620 2741 689 2780 ne
733 2728 1019 2798 quispiam,
1066 2726 1443 2798 perlustrando
1480 2728 1623 2783 hunc
1670 2742 1818 2798 com-

213 2797 570 2861 mentarium,
599 2812 631 2850 a
655 2797 832 2867 capite
860 2798 928 2852 ad
961 2797 1165 2854 calcem
1191 2814 1331 2867 pene
1354 2814 1421 2853 ex
1454 2798 1684 2853 aliorum
1712 2797 1817 2852 Pa-

216 2875 369 2939 trum
396 2866 678 2939 sententiis
713 2866 769 2922 et
800 2867 979 2924 verbis
1014 2866 1383 2939 eompilatum,
1411 2868 1684 2939 existimet
1724 2867 1811 2923 Al-

215 2934 449 3008 cuinum
481 2934 655 3008 aliena
689 2951 789 3007 pro
822 2939 1059 3008 propriis
1095 2934 1420 2995 vénditasse.
1459 2938 1567 2993 Nos
1602 2953 1723 3008 quae
1747 2954 1817 2993 ex

214 3004 560 3089 itugustino,
604 3004 866 3079 Gregorio
908 3004 965 3063 et
996 3008 1137 3064 Beda
1170 3010 1486 3081 deprompta
1516 3004 1666 3074 sunt,
1702 3010 1818 3065 suis

215 3075 361 3132 locis
383 3075 728 3135 adnotamus.

856 3190 1191 3249 EPISTOLA

676 3297 744 3337 AD
777 3296 1021 3339 SOROREI
1054 3298 1125 3338 ΕΤ
1164 3298 1366 3339 FILIAI.

852 3393 1033 3467 (Anno
1053 3393 1206 3466 800.)

536 3500 623 3559 Ea:
644 3502 823 3560 codice
852 3503 1171 3560 bibliothecae
1196 3502 1522 3560 Harleianw.

286 3616 680 3675 Dilectissimis
698 3619 754 3674 in
774 3618 991 3675 Christo
1006 3618 1255 3689 personis
1274 3618 1453 3674 Lucize
1471 3625 1527 3672 et
1545 3617 1820 3676 Columbae

217 3711 460 3768 Albinus
482 3710 649 3769 frater
675 3719 731 3769 et
748 3718 926 3782 pater,
951 3711 1006 3767 in
1035 3710 1230 3768 solatio
1257 3711 1433 3768 sancti
1453 3710 1710 3782 Spiritus,
1731 3726 1820 3767 sa-

214 3798 421 3858 lutem.

287 3890 509 3947 Memor
548 3892 832 3962 petitionis
887 3901 1081 3950 vestrm
1130 3902 1188 3950 et
1233 3893 1611 3964 promissionis
1650 3908 1819 3960 mete,

215 3980 483 4051 quamvis
506 3982 715 4037 tardius
740 3983 1019 4054 implerem
1047 3992 1267 4054 propter
1290 3984 1672 4054 occupationes
1704 3983 1824 4052 plu-

216 4074 422 4139 rimas,
452 4080 632 4130 tamen
654 4074 959 4130 nullatenus
983 4074 1342 4130 obliviscebar
1378 4074 1519 4145 quod
1546 4088 1633 4129 me
1661 4088 1823 4144 spon-

216 4163 351 4221 dere
387 4164 735 4220 recordabar.
774 4164 921 4236 Opus
963 4164 1189 4220 arduum
1226 4172 1282 4220 et
1315 4164 1565 4231 difficile,
1601 4172 1656 4219 et
1689 4178 1823 4219 mete

213 4255 490 4326 parvitati
533 4257 1007 4326 praesumptiosum
1054 4254 1381 4325 iniunxistis,
1431 4257 1525 4311 sed
1570 4253 1823 4310 cbaritati

215 4346 359 4402 nihil
399 4360 597 4416 negare
639 4355 816 4403 ratum
845 4347 994 4413 duxi,
1039 4347 1164 4417 quia
1199 4346 1335 4402 nihil
1383 4345 1715 4415 impossibile
1758 4360 1825 4401 eo

218 4434 343 4510 [F.,
394 4437 451 4491 in
489 4437 576 4510 eo]
614 4438 707 4509 qui
743 4446 827 4493 est
858 4439 1099 4494 charitas
1130 4451 1279 4504 vera,
1321 4437 1523 4508 optime
1564 4436 1821 4493 sciebam.

218 4528 471 4586 Devotus
495 4539 803 4585 sanctorum
831 4528 1052 4585 Patrum
1082 4530 1301 4585 cellaria
1328 4543 1644 4600 peragrans,
1667 4528 1823 4598 quid-

1899 567 2040 619 bona
2070 565 2296 620 intentio
2335 564 2486 619 illum
2514 565 2791 620 revocavit
2822 565 2892 620 ad
2928 565 3165 621 studium
3195 566 3489 625 scribendi.

1901 654 1960 712 Si
1989 657 2118 726 quid
2155 657 2373 728 dignum
2410 672 2530 711 meo
2574 657 2772 712 sudore
2809 655 3141 712 elaboratum
3180 656 3493 727 inveniatis,

1900 746 2022 803 date
2047 747 2273 818 gloriam
2298 747 2432 812 Deo,
2456 747 2549 818 qui
2570 746 2734 811 dedit,
2761 745 3022 817 vobisque
3041 748 3347 804 mercedem
3371 763 3494 821 spe-

1900 849 2036 905 rate,
2080 840 2172 910 qui
2224 839 2514 910 impulistis
2560 847 2784 910 torpens
2826 839 3120 911 ingenium,
3159 849 3219 895 ut
3257 842 3494 897 mitteret

1900 946 2120 986 manum
2166 933 2221 987 in
2266 931 2711 1003 gazophylacium
2754 930 2992 998 Christi;
3030 940 3093 986 ut
3132 932 3332 1003 aliquid
3369 934 3494 988 inde

1898 1022 2214 1092 protulisset
2254 1024 2309 1078 in
2344 1022 2536 1077 solatio
2573 1021 2897 1078 famularum
2927 1038 3171 1078 suarum.
3198 1022 3324 1077 Scio
3346 1021 3494 1078 omni

1903 1114 2119 1169 habenti
2154 1130 2273 1169 esse
2317 1115 2582 1178 dandum;
2632 1115 2780 1179 item,
2822 1114 2915 1184 qui
2965 1113 3130 1169 habet
3172 1113 3497 1169 desiderium

1902 1204 2166 1270 discendi,
2197 1204 2413 1259 dabitur
2431 1205 2480 1258 ei
2507 1204 2682 1274 gratia
2704 1203 3031 1275 intelligendi
3061 1218 3077 1258 :
3110 1204 3205 1260 sed
3231 1212 3355 1259 sunt
3372 1203 3496 1273 qui-

1903 1297 2029 1352 dam
2054 1295 2228 1367 magis
2249 1296 2494 1351 mordere
2513 1294 2743 1350 aliorum
2768 1295 2911 1350 dicta
2931 1296 3127 1367 parati,
3142 1311 3309 1367 quam
3326 1310 3423 1351 sua
3442 1296 3501 1350 in

1904 1388 2175 1460 publicum
2205 1387 2478 1458 proferre;
2508 1403 2742 1458 quorum
2776 1389 2965 1444 dentes
2990 1388 3196 1445 vitandi
3232 1395 3376 1453 sunt,
3416 1387 3504 1443 vel

1866 1534 1887 1549 ι
1906 1481 2067 1537 etiam
2090 1480 2243 1550 parvi
2273 1479 2559 1550 pendendi.
2599 1478 2781 1534 Facile
2812 1479 2958 1535 enim
2984 1479 3289 1536 columbina
3317 1479 3498 1536 chari-

1908 1580 1993 1627 tas
2014 1572 2384 1642 serpentinum
2411 1586 2517 1626 non
2540 1579 2696 1626 curat
2719 1570 2954 1627 dentem.
2989 1570 3142 1642 Saepe
3162 1572 3303 1627 unde
3322 1570 3505 1627 chari-

1908 1673 1992 1720 tas
2019 1663 2254 1736 prolicit,
2284 1665 2409 1720 inde
2452 1664 2653 1719 invidia
2688 1663 2937 1732 labescit;
2976 1672 3026 1721 et
3067 1664 3292 1721 lacteam
3322 1665 3505 1721 dulce-

1908 1758 2087 1815 dinem
2115 1759 2271 1831 nigro
2301 1759 2472 1815 inﬁcit
2498 1773 2706 1814 veneno
2738 1778 2750 1813 :
2780 1774 2916 1830 quos
2940 1768 3120 1816 vestra
3146 1761 3503 1832 parvipendat

1835 1848 1883 1910 Β
1906 1854 2219 1923 prudentia,
2258 1856 2432 1927 magis
2472 1854 2737 1926 prolicere
2771 1854 3070 1919 studentes,
3108 1867 3271 1922 quam
3308 1866 3505 1908 curare

1908 1949 2234 2005 invidentes.

1980 2042 2216 2100 Obsecro
2242 2051 2303 2099 ut
2327 2042 2592 2113 iubeatis,
2633 2044 2681 2100 si
2710 2043 2933 2116 dignum
2972 2043 3203 2107 ducatis,
3243 2041 3507 2097 transcri-

1907 2136 2038 2191 bere
2065 2137 2209 2191 hanc
2241 2144 2448 2205 partem
2476 2151 2640 2206 quam
2675 2136 2836 2190 modo
2865 2133 3019 2190 vobis
3053 2133 3247 2199 direxi,
3280 2141 3335 2188 et
3358 2133 3509 2204 capi-

1909 2227 2020 2282 tula
2048 2227 2274 2298 singulis
2309 2227 2581 2296 periochis
2607 2241 2729 2282 cum
2767 2240 2994 2281 numero
3033 2220 3309 2287 adnotare,
3338 2224 3508 2280 libro—

1911 2332 2139 2389 rumque
2185 2319 2339 2374 initia
2385 2319 2671 2390 diligenter
2726 2319 3083 2389 distinguere,
3136 2318 3510 2388 scriptamque

1911 2411 2075 2466 citius
2112 2410 2388 2466 remittere
2426 2412 2588 2477 mihi;
2617 2410 2777 2466 simul
2824 2420 2879 2466 et
2919 2427 3040 2467 eam
3075 2422 3304 2481 partem,
3346 2397 3513 2481 quant

1912 2501 2068 2557 vobis
2103 2517 2245 2558 anno
2274 2511 2547 2558 transacto
2572 2502 2764 2568 direxi,
2796 2510 2855 2557 ut
2887 2503 3168 2559 ordinetur
3202 2517 3299 2574 per
3324 2518 3510 2559 nume-

1914 2605 2007 2646 ros
2033 2600 2089 2646 et
2115 2591 2370 2661 capitula,
2399 2600 2455 2647 et
2481 2591 2740 2647 librorum
2772 2591 2925 2666 initia
2955 2610 2969 2646 :
2998 2601 3054 2648 et
3078 2593 3125 2648 si
3154 2594 3282 2663 quid
3306 2594 3512 2649 adden-

1915 2684 2044 2739 dum
2071 2684 2144 2739 sit
2168 2684 2222 2739 in
2256 2685 2384 2751 ﬁne,
2410 2694 2469 2739 ut
2489 2685 2814 2756 impleatur:
2842 2687 3074 2757 cogitavi
3103 2688 3306 2760 aliquid
3332 2689 3511 2745 adhuc

1915 2775 2114 2832 addere
2144 2778 2287 2848 quod
2313 2778 2402 2832 vix
2430 2778 2482 2832 in
2514 2778 2636 2833 aliis
2663 2779 2936 2837 invenitur
2961 2781 3255 2851 opusculis.

1986 2866 2221 2922 Litteras
2258 2883 2386 2922 vero
2429 2885 2565 2938 quas
2596 2869 2839 2927 direxisti
2879 2869 2992 2943 [F.,
3027 2872 3323 2946 direxistis]
3354 2873 3515 2957 mihi.z

1920 2956 2147 3027 benigne
2173 2957 2408 3027 suscepi,
2430 2957 2634 3027 gratias
2654 2974 2823 3029 agens
2848 2958 2961 3014 Deo
2983 2960 3050 3015 de
3074 2959 3400 3016 exaltatione
3419 2956 3513 3017 ex;

1917 3046 2285 3103 cellentissimi
2326 3048 2529 3103 domini
2570 3050 2678 3104 mei
2719 3051 2916 3117 David;
2959 3060 3015 3106 et
3053 3052 3120 3107 de
3157 3054 3513 3125 prosperitate

1917 3137 2199 3207 apostolici
2226 3138 2363 3204 viri;
2396 3146 2452 3194 et
2475 3139 2542 3195 de
2566 3139 2831 3211 legatione
2857 3140 3082 3200 honesta
3105 3154 3305 3200 sanctae
3329 3146 3516 3203 civita-

1843 3204 1893 3270 c
1920 3231 2011 3296 tis,
2042 3232 2099 3287 in
2123 3247 2229 3301 qua
2254 3230 2504 3288 Salvator
2531 3242 2717 3289 noster
2738 3235 2996 3290 mundum
3024 3251 3123 3292 suo
3146 3239 3407 3310 sanguine
3426 3255 3516 3296 re-

1919 3320 2136 3378 demere
2168 3322 2283 3396 [pro
2315 3324 2604 3398 redimere]
2633 3326 2882 3397 dignatus
2905 3337 3007 3395 est,
3035 3339 3091 3383 et
3119 3329 3289 3401 gloria
3320 3345 3510 3388 resur-

1919 3415 2180 3470 rectionis
2222 3416 2660 3486 ascensionisque
2716 3419 2965 3472 coronari
3009 3426 3066 3474 et
3105 3419 3351 3476 exaltari.
3403 3423 3516 3481 Vos

1920 3520 2071 3570 vero,
2107 3504 2230 3560 filim
2261 3506 2612 3571 charissimte,
2643 3507 2786 3563 illius
2814 3524 3026 3579 semper
3050 3511 3245 3568 habete
3273 3514 3514 3570 Charita-

1920 3605 2031 3653 tem
2072 3598 2127 3653 in
2171 3596 2350 3663 corde,
2393 3598 2603 3654 laudem
2651 3601 2705 3655 in
2743 3615 2840 3657 ore
2878 3609 2934 3657 et
2975 3618 3110 3674 opus
3146 3604 3203 3660 in
3243 3606 3514 3679 manibus.

1921 3688 2229 3761 Praeparate
2257 3691 2412 3746 vobis
2443 3692 2625 3748 sedem
2659 3693 2802 3750 inter
2836 3709 3060 3766 sponsas
3087 3696 3324 3768 ejusdem
3353 3701 3516 3773 Regis

1921 3780 2131 3845 aeterni,
2160 3789 2217 3837 ut
2243 3782 2496 3853 dignetur
2517 3783 2670 3840 vobis
2696 3785 2929 3857 seipsum
2956 3789 3263 3857 ostendere,
3285 3792 3377 3861 qui
3403 3793 3518 3848 suis

1921 3871 2257 3926 amatoribus
2293 3872 2530 3941 seipsum
2561 3875 2809 3943 promisit
2839 3877 3233 3932 ostendendum
3261 3893 3382 3934 esse
3415 3897 3430 3934 :
3459 3880 3517 3935 in

1922 3965 2079 4036 cuius
2121 3966 2325 4020 visione
2362 3964 2519 4019 beata
2562 3974 2648 4021 est
2688 3968 2981 4034 aeternitas,
3014 3976 3070 4024 et
3107 3978 3303 4026 aeterna
3344 3971 3519 4037 beati-

1922 4058 2082 4124 tudo;
2114 4058 2328 4128 meique
2354 4072 2622 4113 memores
2647 4067 2818 4114 estote
2848 4060 2991 4116 inter
3028 4076 3213 4119 sacras
3240 4066 3516 4122 orationes

1921 4157 2132 4205 vestras
2157 4147 2592 4219 famularumque
2617 4147 2822 4205 Christi
2865 4153 3140 4209 vobiscum
3182 4155 3294 4212 Deo
3330 4156 3519 4213 deser-
3576 4192 3581 4196 ο

1922 4241 2203 4307 vientium,
2246 4248 2307 4296 ut
2351 4239 2658 4297 benedictio
2700 4240 2913 4298 Domini
2952 4246 3123 4300 nostri
3159 4245 3284 4303 Jesu
3313 4248 3519 4307 Christi

1924 4346 2012 4388 me
2037 4332 2297 4387 famulum
2323 4346 2481 4386 suum
2511 4330 2774 4402 proficere
2799 4332 2961 4390 faciat
2981 4336 3035 4391 in
3059 4337 3218 4394 domo
3245 4355 3365 4404 sua,
3391 4357 3521 4413 pec-

1925 4431 2279 4494 catorumque
2309 4438 2555 4480 meorum
2591 4423 2978 4496 indulgentiam
3004 4428 3307 4498 perdonare
3337 4431 3521 4504 digne-

1929 4523 2036 4570 tur.
2059 4513 2281 4570 Florere
2302 4529 2398 4569 vos
2419 4513 2582 4571 faciat
2600 4523 2654 4570 et
2675 4514 2858 4588 vigere
2879 4517 3056 4573 divina
3078 4520 3271 4589 pietas,
3296 4523 3349 4586 in
3371 4525 3521 4583 omni

217 4623 354 4692 quid
382 4622 441 4675 ί..
461 4622 541 4677 eis
561 4622 803 4678 ίηνεηίιιθ
831 4621 999 4688 valui,
1023 4622 1176 4677 vobis
1200 4621 1267 4676 ad
1291 4576 1615 4691 εξεωιῖάυω
1634 4576 1820 4685 αᾶυιη
1854 4576 1905 4639 D
1930 4607 2107 4663 studio
2134 4607 2460 4672 sanctitatis,
2488 4614 2544 4662 et
2567 4607 2844 4678 sapientiae
2869 4609 3134 4677 sensibus,
3161 4612 3331 4670 multo
3352 4614 3524 4674 felici-

216 4721 281 4768 ut
308 4713 582 4785 probetis,
612 4714 659 4769 si
681 4728 929 4783 saporem
949 4712 1147 4768 habeat
1165 4711 1512 4777 catholicum,
1538 4710 1624 4765 vel
1644 4726 1822 4779 secus,

215 4804 372 4873 quod
406 4801 567 4858 absit.
588 4802 744 4871 Quod
768 4803 1031 4874 legebam,
1053 4802 1211 4873 plena
1234 4802 1362 4869 fide,
1383 4802 1681 4858 secundum
1705 4816 1823 4857 me-

215 4895 424 4951 moria:
447 4894 833 4967 integritatem,
869 4894 1098 4965 protuli;
1142 4911 1462 4967 praponens
1496 4895 1658 4951 etiam
1698 4894 1827 4952 huic

215 4983 379 5053 operi
429 4981 714 5053 epistolam
758 4982 1036 5053 petitionis
1083 4993 1290 5051 vestrae,
1331 4994 1393 5041 ut
1444 4984 1500 5040 in
1546 4995 1825 5056 posterum

218 5082 593 5145 agnoscerent
636 5073 876 5146 legentes
922 5083 1119 5131 vestrae
1157 5074 1459 5133 devotionis
1498 5077 1732 5135 studium
1773 5082 1830 5133 et

215 5179 365 5219 mea:
393 5163 714 5220 obedientite
751 5164 1116 5221 occasionem.
1146 5164 1312 5237 460
1334 5165 1570 5235 Adiunxi
1611 5181 1828 5237 quoque

216 5253 538 5322 epistolam,
567 5262 896 5312 annuentem
933 5255 1191 5311 voluntati
1230 5265 1442 5322 vestrae,
1474 5271 1634 5327 quam
1664 5256 1827 5311 etiam

1934 4707 2014 4754 ter
2040 4706 2301 4768 tempore,
2332 4698 2477 4753 Deus
2509 4696 2604 4752 Dei
2633 4697 2822 4765 Filius,
2873 4697 3031 4756 Iesus
3066 4699 3313 4763 Christus
3340 4704 3523 4765 Domi-

1931 4805 2035 4845 nus
2058 4798 2261 4856 noster,
2290 4789 2626 4845 charissima:
2650 4788 2792 4844 ﬁliaa.

2563 4898 2895 4957 EPISTOLA

1934 5008 2146 5052 οιικιετι
2173 5008 2495 5051 ιτΑΙυιΑιιυι
2521 5007 2687 5049 (ἓιὸιᾶ
2720 5009 2897 5058 ATQUE
2934 5010 3231 5052 REC'I'RUDB
3264 5012 3335 5053 AD
3371 5011 3523 5059 ALBI-

2475 5081 2585 5120 NUI
2624 5080 2956 5121 IAGISTBUI.

2000 5156 2321 5216 Venerando
2374 5154 2522 5214 Patri
2576 5158 2839 5230 nobisque
2890 5175 3011 5215 cum
3052 5175 3263 5217 summo
3314 5162 3521 5222 honore

1930 5248 2063 5325 (AL,
2096 5248 2296 5322 studio]
2343 5249 2718 5320 amplectende
2765 5251 2959 5307 Albino
3005 5253 3287 5324 magistro,
3331 5254 3520 5312 humil-

217 5343 389 5413 quasi
406 5344 689 5416 prologum
712 5345 993 5417 anteposui
1014 5345 1273 5416 opusculo
1292 5354 1511 5413 nostro;
1536 5346 1830 5401 rationem-
1928 5342 2071 5396 lima:
2091 5342 2293 5398 Christi
2313 5339 2527 5398 famulze
2550 5342 2696 5398 Gisia
2721 5351 2775 5399 et
2795 5342 3064 5399 Rectruda
3088 5344 3241 5418 [Ms.,
3268 5347 3491 5404 Richtru

217 5450 334 5505 que
360 5435 724 5506 evangelista,
751 5453 857 5507 qua
881 5438 1199 5493 necessitate
1233 5437 1543 5507 compulsus
1581 5437 1827 5508 Evange-

217 5520 363 5580 lium
411 5526 690 5593 scriberet,
722 5536 777 5582 et
813 5537 1007 5584 caetera
1046 5542 1166 5598 qua:
1192 5527 1247 5582 in
1287 5542 1350 5581 ea
1389 5522 1613 5598 epistdla
1650 5526 1831 5598 legere
1912 5578 1915 5583 .

215 5618 463 5688 potestis
484 5627 538 5673 et
562 5634 874 5691 agnoscere,
898 5634 1058 5690 quam
1081 5616 1388 5674 necessaria
1412 5634 1534 5674 esse
1555 5618 1826 5673 videatur.

1908 5418 1911 5423 ’
1933 5434 2025 5508 da]
2047 5443 2320 5508 perpetua:
2350 5437 2697 5493 beatitudinis
2726 5437 2972 5493 salutem.

2005 5524 2316 5597 Postquam,
2347 5529 2653 5583 venerande
2691 5527 2968 5598 magister,
3017 5528 3219 5602 aliquid
3243 5531 3311 5588 de
3340 5527 3516 5589 melli-

1932 5616 2040 5674 llua
2070 5627 2268 5674 saneta:
2317 5619 2612 5689 Scripturae
2645 5618 2979 5689 cognitione,
3016 5630 3193 5676 vestra
3225 5624 3521 5694 sagacitate

214 5705 439 5766 Fateor
456 5708 739 5780 siquidem,
761 5710 1147 5781 propemodum
1172 5718 1298 5765 ante
1314 5696 1484 5765 annos
1500 5709 1718 5779 triginta
1742 5721 1829 5764 me
1932 5718 2255 5779 exponente,
2288 5711 2583 5773 hausimus,
2615 5709 2839 5765 ardebat
2879 5709 3053 5777 nobis,
3086 5720 3146 5767 ut
3172 5711 3426 5782 fatemur,
3451 5709 3519 5772 de

211 5799 573 5866 voluntatem
599 5802 756 5873 huius
781 5803 979 5861 habere
999 5804 1209 5875 operis;
1238 5802 1332 5860 sed
1353 5802 1559 5875 quievit
1587 5802 1829 5859 calamus
1935 5802 2022 5862 die
2046 5800 2102 5856 in
2127 5800 2267 5858 diem
2294 5800 2619 5859 desiderium
2647 5800 2807 5873 huius
2836 5803 3216 5862 sacratissime
3245 5790 3514 5876 lectionis,
