4072 6340
214 390 309 481 πί

846 402 1257 473 E’XEGE'rICA.
1294 444 1366 456 -
1400 406 1752 470 εοιιιιιεΝτ.

1894 401 2084 469 JOAN.
2125 442 2196 463 -Ρ
2232 406 2447 468 Ειηετ.
2488 403 2815 467 PREVUE.

3362 395 3471 469 242

210 532 353 608 quia,
370 528 519 603 quod
532 516 622 587 tu:
635 522 691 586 et
705 529 984 600 prophetat
1001 528 1237 583 futurum
1258 524 1783 599 prionuntiaverunt,
1808 528 1855 588 Α
1882 538 1967 588 ea,
1991 535 2111 593 qua
2132 521 2505 593 praeterierunt
2531 521 2760 592 priores,
2789 524 2916 573 ante
2939 508 3285 574 traditionem
3306 516 3471 579 Joan-

211 633 311 688 hoc
337 625 605 682 redditum
630 630 793 695 atque
817 621 1142 692 completum
1175 621 1229 675 in
1252 617 1542 690 Evangeiio
1568 614 1788 672 demon-

209 724 416 787 Stratur
463 713 598 788 [Αι.,
628 712 975 785 Evangeiium
1018 704 1395 783 demonstrat].
1446 707 1623 783 Atque
1647 707 1790 762 inter

210 804 356 884 ipsos
373 804 790 879 Evangeliorum
810 805 1101 875 scriptores
1111 802 1265 858 valde
1278 803 1492 858 beatum
1506 797 1785 864 Joannem,

210 904 262 959 in
278 899 581 956 divinorum
596 895 963 969 profunditate
980 893 1359 966 mysteriorum
1376 888 1787 945 eminentiorem

206 1008 327 1049 esse
352 1010 365 1047 :
397 1005 558 1063 quem
582 990 744 1046 etiam
772 990 1033 1054 tradunt,
1075 989 1215 1043 sicut
1239 987 1435 1057 legitur
1457 985 1511 1039 in
1532 981 1790 1038 ecclesia-

204 1086 341 1142 stica
364 1082 611 1148 historia,
640 1093 813 1152 usque
839 1080 908 1137 ad
927 1070 1174 1134 ultimum
1200 1092 1336 1148 pene
1365 1077 1491 1131 vitae
1514 1089 1625 1129 sua:
1648 1082 1788 1128 tem-

202 1188 324 1250 pus,
355 1174 560 1245 absque
609 1172 769 1229 ullius
816 1172 1112 1243 Scriptura:
1161 1169 1393 1235 indiciis,
1440 1165 1791 1238 Evangeiium

202 1268 342 1344 puro
390 1282 647 1325 sermone
678 1267 1020 1339 praedicasse.
1051 1263 1331 1334 Siquidem
1364 1278 1394 1317 a
1421 1270 1661 1331 tempore
1687 1258 1791 1314 Do-

207 1348 423 1417 ininica:
453 1359 745 1431 passionis,
778 1357 1193 1413 resurrectionis
1223 1363 1278 1410 et
1316 1354 1670 1418 ascensionis,
1700 1366 1793 1407 us-

206 1462 314 1523 que
360 1448 431 1505 ad
457 1448 646 1505 ultima
674 1447 967 1505 Domitiani
990 1447 1251 1522 principis
1278 1456 1539 1515 tempora,
1571 1459 1668 1515 per
1698 1458 1792 1499 an-

203 1544 303 1598 nos
334 1541 553 1597 circiter
576 1539 856 1619 sexaginta
899 1545 952 1594 et
983 1531 1249 1608 quinque,
1282 1537 1484 1605 absque
1524 1533 1634 1589 ullo
1663 1534 1794 1589 scri-

200 1632 365 1703 bendi
388 1630 735 1697 adminiculo,
765 1629 990 1685 verbum
1018 1627 1113 1683 Dei
1154 1627 1500 1698 praedicabat.
1548 1624 1617 1678 At
1637 1622 1730 1679 ubi
1760 1638 1790 1678 a

199 1724 510 1797 Domitiano
532 1765 547 1787 ,
593 1723 688 1795 qui
715 1721 982 1778 secundus
1006 1728 1127 1791 post
1156 1717 1422 1773 Neronem
1451 1714 1790 1772 Christiano-

195 1832 323 1878 rum
350 1828 666 1890 persecutor
691 1816 918 1882 exstitit,
975 1802 1030 1869 in
1080 1812 1269 1870 exsilio
1296 1808 1553 1866 Pathmos
1597 1807 1789 1883 [Beda,

1891 609 1977 664 nis
2006 608 2302 666 Saivatoris
2353 619 2505 681 gesta
2552 608 2901 666 describeret.
2959 608 3026 664 Et
3075 608 3196 665 ideo
3240 610 3369 666 dicit
3419 614 3476 669 in

1889 700 2183 772 Evangelio
2209 716 2307 756 suo
2337 719 2349 754 :
2397 698 2512 754 Hoc
2544 700 2665 773 fecit
2692 701 2900 755 initium
2944 698 3213 771 signorum
3257 688 3474 758 suorum

1889 790 2044 846 Iesus
2069 791 2250 864 (Joan.
2277 808 2335 857 ιι,
2364 790 2473 863 Η).
2504 791 2572 846 Et
2598 792 2793 847 iterum
2815 792 2869 846 in
2897 790 3001 847 alio
3026 791 3146 847 loco
3171 792 3373 849 indicat
3393 794 3473 849 di-

1890 898 2019 940 cens
2047 902 2060 938 :
2088 883 2337 938 Nondum
2365 886 2502 939 enim
2526 883 2758 939 Joannes
2780 893 2891 939 erat
2919 885 3107 939 missus
3132 886 3187 951 in
3213 902 3472 942 carcerem

1892 975 2075 1047 (Joan.
2107 991 2191 1039 ιιι,
2218 974 2332 1047 24).
2366 974 2445 1029 Ex
2496 974 2690 1047 quibus
2716 982 2929 1031 constat
2959 977 3104 1045 quod
3139 991 3205 1031 ea
3233 991 3354 1047 qua:
3378 992 3474 1032 an-

1890 1062 2109 1137 tequam
2134 1065 2371 1122 Joannes
2420 1068 2744 1134 traderetur,
2799 1067 2867 1122 ab
2898 1066 3025 1123 Jesu
3053 1065 3271 1124 fuerant
3299 1079 3473 1143 gesta,

1891 1159 2167 1215 describit.
2196 1158 2307 1214 Sed
2326 1159 2515 1229 procul
2540 1159 2703 1215 dubio
2728 1162 2961 1216 maxime
2986 1161 3324 1217 divinitatem
3371 1163 3477 1219 Do-

1890 1251 2025 1307 mini
2048 1252 2222 1307 nostri
2243 1251 2373 1307 Jesu
2399 1251 2623 1319 Christi,
2657 1268 2761 1324 qua
2787 1252 2937 1308 Patri
2978 1261 3063 1310 est
3103 1255 3326 1329 aequalis
3353 1297 3368 1323 ,
3398 1256 3481 1311 in-

1893 1345 2065 1400 tendit
2112 1344 2389 1400 declarare
2413 1386 2427 1411 ,
2455 1360 2680 1415 eamque
2710 1347 2976 1425 prmeipue
3026 1363 3123 1403 suo
3165 1347 3476 1421 Evangelio,

1894 1445 2155 1507 quantum
2187 1437 2330 1492 inter
2348 1437 2595 1494 homines
2616 1430 2865 1494 suilicere
2907 1439 3155 1519 credidit,
3207 1455 3480 1499 commen-

1892 1526 2024 1581 dare
2078 1529 2305 1582 curavit.
2359 1526 2547 1599 Itaque
2602 1528 2761 1598 longe
2804 1543 2834 1583 a
2882 1528 3054 1584 tribus
3108 1531 3479 1601 superioribus

1892 1621 2233 1692 evangelistis
2247 1622 2528 1678 sublimius
2548 1622 2787 1678 elevatus
2804 1632 2908 1689 est,
2932 1622 3006 1679 ita
3027 1630 3085 1677 ut
3106 1637 3200 1678 eos
3220 1624 3483 1699 quodam—

1892 1712 2054 1767 modo
2081 1712 2264 1768 videas
2297 1714 2349 1767 in
2386 1722 2529 1768 terra
2560 1729 2683 1769 cum
2715 1711 2931 1770 Christo
2981 1715 3200 1772 homine
3255 1731 3484 1772 conver-

1894 1804 2022 1869 sari,
2054 1803 2202 1860 illum
2229 1814 2412 1860 autem
2432 1807 2832 1863 transcendisse
2861 1807 3110 1862 nebulam
3146 1824 3252 1880 qua
3284 1809 3482 1885 tegitur

195 1912 355 1970 exsul
379 1912 433 1967 in
460 1907 737 1982 Pathmos]
761 1909 958 1975 missus
983 1914 1101 1972 est;
1143 1913 1301 1960 nacta
1336 1902 1621 1959 occasione
1647 1900 1791 1956 illius
1823 1893 1869 1955 Β
1893 1897 2071 1952 omnis
2092 1905 2235 1952 terra
2256 1939 2269 1963 ,
2300 1906 2354 1954 et
2384 1900 2696 1982 pervenisse
2725 1900 2793 1955 ad
2823 1899 3084 1972 liquidum
3119 1901 3242 1957 caeli
3276 1902 3481 1973 lumen,

194 2003 269 2075 pii
303 2000 483 2056 Patris
504 2000 772 2066 absentia,
805 1993 1165 2068 irrumpentes
1193 1996 1248 2050 in
1274 1993 1572 2051 Ecclesiam
1618 1994 1793 2049 hmre-

195 2092 310 2161 tici,
345 2093 499 2165 quasi
528 2092 583 2147 in
609 2092 864 2147 destituta
904 2090 1141 2161 pastoris
1181 2087 1372 2162 [Beda,
1414 2085 1657 2159 pastore]
1678 2086 1794 2142 ovi-

188 2185 264 2241 lia
310 2185 463 2257 lupi,
492 2184 749 2247 Marcion,
785 2170 1115 2251 Cherinthus
1143 2190 1199 2237 et
1230 2181 1456 2247 llebion,
1507 2172 1794 2249 exterique

190 2272 548 2343 Antichristi,
573 2277 666 2348 qui
687 2276 960 2332 Christum
991 2274 1156 2329 misse
1184 2282 1309 2339 ante
1357 2272 1582 2327 Mariam
1632 2287 1794 2341 nega-

184 2367 347 2433 bant,
380 2365 783 2436 simplicitatem
804 2364 931 2419 lldei
956 2363 1281 2436 evangelicae
1321 2378 1578 2433 perversa
1609 2376 1794 2417 macu-

181 2456 381 2514 lavere
395 2456 659 2511 doctrina.
677 2453 785 2510 Sed
807 2455 935 2511 dum
958 2455 1072 2525 ipse
1093 2461 1214 2526 post
1238 2453 1565 2519 occisionem
1591 2450 1791 2525 [Edit.,

182 2544 577 2618 occasionem]
628 2546 958 2613 Domitiani,
990 2532 1353 2618 permittente
1398 2545 1488 2617 pio
1550 2545 1793 2629 principe

184 2632 403 2704 Nerva,
431 2637 633 2693 rediret
665 2636 964 2708 Ephesum,
988 2637 1298 2721 compulsus
1322 2645 1405 2691 est
1432 2635 1499 2690 ab
1541 2636 1791 2691 omnibus

181 2741 334 2803 pene
364 2733 493 2781 tunc
514 2726 656 2781 Asia:
678 2726 967 2797 episcopis,
1010 2733 1065 2782 et
1109 2726 1400 2781 multarum
1425 2725 1791 2782 Ecclesiarum

184 2818 581 2894 legationibus,
610 2820 675 2874 de
697 2830 963 2875 coaeterni!
986 2818 1135 2875 Patri
1180 2819 1459 2876 divinitate
1487 2818 1689 2876 Christi
1717 2816 1792 2874 al-

187 2912 304 2967 tius
340 2910 527 2967 facere
553 2925 859 2966 sermonem
883 2952 897 2977 ,
937 2925 1003 2965 eo
1032 2910 1178 2982 quod
1226 2911 1280 2965 in
1311 2911 1473 2966 trium
1520 2909 1791 2981 evangeli-

182 3011 403 3064 stamm
445 3004 684 3075 scriptis,
734 3000 970 3059 Matthxi
992 3003 1269 3068 videlicet,
1304 3002 1469 3061 Marci
1514 3010 1568 3060 et
1605 3002 1787 3070 Lucae,

181 3095 255 3153 de
286 3094 595 3152 humilitate
623 3093 778 3168 LMs.,
803 3092 1167 3168 humanitate]
1191 3094 1328 3166 ejus,
1357 3110 1421 3151 ac
1450 3095 1515 3151 de
1560 3094 1643 3150 his
1668 3110 1789 3166 qua:

182 3200 291 3260 per
341 3187 617 3244 hominem
659 3187 863 3258 gessit,
904 3184 1175 3242 suciens
1205 3186 1307 3243 sibi
1335 3186 1649 3242 viderentur
1691 3185 1789 3241 ha-

179 3277 321 3335 bere
358 3277 752 3333 testimonium.
797 3277 954 3344 Quod
982 3276 1070 3333 ille
1096 3293 1155 3351 se
1193 3293 1300 3333 non
1330 3278 1490 3332 aliter
1538 3287 1788 3333 acturum

182 3368 504 3445 respondit,
533 3373 639 3427 nisi
689 3369 889 3429 indicto
911 3369 1118 3441 jejunio
1164 3386 1353 3427 omnes
1398 3372 1454 3427 in
1504 3385 1788 3427 commune

183 3462 493 3523 Dominum
540 3473 900 3535 precarentur
939 3458 1067 3538 [Με.
1119 3460 1581 3535 deprecarentur],
1613 3470 1673 3517 ut
1696 3461 1787 3517 illo

182 3560 437 3618 rimante
460 3560 617 3633 digna
646 3560 889 3621 scribere
908 3566 1111 3637 posset.
1130 3557 1200 3617 Et
1220 3557 1323 3615 hoc
1343 3557 1417 3613 ita
1447 3564 1679 3639 patrato,
1704 3555 1788 3611 in-

178 3660 436 3712 structus
464 3648 793 3715 revelatione
818 3650 1028 3707 caelesti
1056 3692 1070 3716 ,
1113 3662 1176 3705 ac
1204 3648 1376 3705 sancti
1402 3646 1638 3717 Spiritus
1664 3660 1787 3717 gra-

180 3746 257 3801 tia
311 3745 560 3807 ebriatus
586 3785 603 3811 ,
642 3758 831 3807 omnes
874 3743 1253 3799 haereticorum
1304 3741 1585 3806 tenebras,
1636 3748 1788 3810 pate-

177 3820 329 3894 facta
365 3833 502 3909 [Al.,
526 3822 851 3907 'patefactas]
882 3835 1061 3889 subito
1087 3832 1330 3890 veritatis
1375 3832 1514 3899 luce,
1563 3829 1788 3902 dispulit

178 3914 387 3985 dicens
413 3944 426 3982 :
459 3922 526 3981 In
546 3916 805 3998 principio
832 3933 944 3981 erat
1000 3922 1223 3979 Verbum
1251 3966 1265 3990 ,
1318 3932 1366 3978 et
1408 3921 1632 3978 Verbum
1672 3930 1789 3977 erat

179 4010 333 4094 apud
372 4020 566 4087 Deum,
595 4028 645 4075 et
672 4019 816 4073 Deus
835 4027 950 4074 erat
982 4015 1207 4072 Verbum
1230 4016 1411 4090 (Joan.
1445 4031 1485 4082 ι,
1511 4015 1585 4087 l).
1610 4013 1787 4085 Atque

183 4130 315 4171 cum
356 4114 521 4169 trium
546 4110 982 4183 Evangeliorum,
1009 4104 1243 4164 Matthaai
1270 4107 1496 4171 scilicet,
1522 4102 1690 4161 Marci
1733 4112 1789 4160 et

178 4206 376 4272 Luca,
404 4207 623 4262 adeum
656 4204 851 4260 notitia
873 4201 1232 4272 pervenisset,
1280 4200 1543 4270 probasse
1567 4197 1787 4267 quidem

178 4301 395 4357 dicitur
430 4298 587 4353 fidem
617 4305 672 4352 et
701 4296 985 4351 veritatem
1035 4293 1339 4367 dictorum;
1382 4290 1567 4359 deesse
1608 4297 1787 4355 tamen

180 4391 322 4447 vidit
345 4389 531 4459 aliqua
550 4396 732 4443 rem
752 4392 1029 4457 gestarum
1050 4383 1305 4448 historias,
1332 4396 1399 4436 ea
1412 4380 1649 4435 maritae
1667 4393 1788 4448 quan

175 4484 368 4555 primo
411 4479 812 4550 praedicationis
842 4493 953 4533 sua:
981 4485 1221 4546 tempore
1241 4474 1499 4530 Dominus
1523 4480 1781 4545 gesserat.

178 4571 420 4629 Certum
451 4578 537 4625 est
563 4569 709 4625 enim
735 4569 878 4639 quod
907 4568 962 4621 in
1008 4567 1378 4639 superioribus
1410 4565 1581 4619 tribus
1610 4564 1786 4619 Evan-

174 4664 347 4741 geliis
398 4661 518 4717 hac
556 4659 813 4715 videntur
835 4657 949 4714 sola
980 4656 1244 4713 contineri
1304 4670 1424 4725 quae
1465 4663 1615 4728 gesta
1661 4662 1786 4723 sunt

174 4762 483 4832 postquam
513 4750 751 4807 Joannes
772 4747 1015 4829 Baptista
1060 4746 1291 4801 traditus
1320 4753 1373 4800 et
1422 4744 1661 4799 inclusus
1701 4752 1784 4799 est

174 4844 237 4906 ι-
264 4850 520 4903 carem.
546 4842 788 4913 Denique
818 4841 865 4896 si
888 4841 1147 4895 observes
1175 4838 1359 4893 statim
1394 4837 1447 4891 in
1476 4836 1630 4892 initio
1660 4851 1785 4891 nar-

175 4939 445 5005 nimis,
470 4942 829 5011 posteaquam
854 4934 1020 4989 refert
1041 4932 1323 4989 Mattiacas
1344 4934 1410 4989 de
1425 4933 1781 5009 quadraginta

175 5018 413 5089 (licium
434 5029 645 5101 ieiunio
661 5035 715 5089 et
736 5028 804 5086 de
826 5027 1123 5087 tentatione
1145 5024 1281 5095 ejus,
1329 5026 1585 5081 continuo
1612 5023 1784 5093 subje-

170 5125 256 5185 οη
279 5126 518 5182 dicens:
559 5121 792 5197 Audiens
818 5130 992 5175 autem
1015 5119 1139 5192 quia
1174 5116 1406 5177 Joannes
1437 5117 1662 5171 traditus
1689 5127 1785 5183 est,

168 5198 438 5278 disces“!
459 5212 731 5271 deludam
745 5208 798 5268 et
818 5208 955 5267 venit
972 5211 1027 5265 in
1041 5208 1317 5265 Galiheam
1344 5207 1560 5283 (Matth.
1576 5224 1648 5275 Iv,
1674 5208 1784 5281 l2).

172 5312 302 5370 Sed
322 5320 384 5366 et
398 5304 613 5365 Marcus
631 5305 900 5371 similiter,
930 5298 1279 5376 Posteaquam
1297 5344 1311 5369 ,
1341 5301 1536 5373 inquit,
1560 5301 1788 5357 traditus

167 5404 540 5468 estloannes,
557 5396 860 5459 venitJesus
886 5397 943 5451 in
967 5392 1242 5450 Gah‘lwam
1258 5392 1452 5465 (Marc.
1476 5409 1519 5460 ι,
1546 5384 1653 5465 η).
1681 5391 1786 5447 Lu-

169 5498 275 5556 cas
299 5509 441 5551 vero
470 5492 655 5559 etiam,
678 5491 995 5563 priusquam
1017 5486 1236 5558 incipiat
1259 5485 1464 5555 aliquid
1487 5486 1554 5541 de
1576 5485 1789 5541 actibus

169 5594 405 5671 rem
418 5592 570 5659 Iesu,
594 5590 728 5647 dixit
753 5609 765 5644 :
793 5586 933 5656 Quia
953 5585 1144 5657 adjecit
1169 5582 1401 5638 Herodes
1425 5598 1585 5654 super
1609 5583 1787 5638 omnia

166 5682 361 5763 ιω
388 5683 550 5751 mata,
603 5698 722 5756 quis
746 5688 1004 5754 gesserat,
1043 5687 1093 5734 et
1129 5672 1383 5731 conclusit
1427 5674 1689 5731 Joannem
1730 5677 1787 5732 in

165 5794 409 5852 «recte
428 5776 583 5849 ειυς,
602 5793 691 5843 ιιι.
710 5773 999 5846 ἉοΜΜι.
1020 5772 1263 5843 Mum.
1290 5770 1361 5833 ab
1384 5768 1473 5831 his.
1500 5770 1615 5829 haec
1639 5770 1791 5827 vide-

168 5871 402 5934 bantur
431 5868 656 5936 omissa,
681 5875 901 5939 rogatus
926 5863 1127 5921 dicitur
1151 5860 1391 5918 Joannes
1407 5858 1701 5931 Apostolus
1726 5867 1787 5917 ut

1892 1989 2035 2044 unde
2070 1990 2185 2044 acie
2212 1990 2410 2045 mentis
2443 1980 2754 2046 acutissima
2786 1998 2948 2062 atque
2978 1989 3291 2046 firmissima
3331 1990 3483 2049 vide-

1892 2082 2056 2138 retin
2080 2083 2347 2155 principio
2363 2082 2621 2149 Verbum,
2649 2083 2818 2138 Deum
2844 2083 2909 2139 de
2937 2082 3068 2150 Deo,
3098 2080 3279 2141 lumen
3309 2080 3376 2151 de
3401 2080 3486 2139 iu-

1892 2172 2060 2236 mine,
2098 2187 2199 2243 per
2224 2188 2382 2242 quem
2420 2172 2561 2228 facta
2592 2183 2716 2228 sunt
2743 2173 2924 2228 omnia
2948 2215 2962 2240 ,
2997 2183 3051 2229 et
3099 2174 3277 2246 ipsum
3319 2189 3485 2251 agno-

1894 2271 2075 2317 sceret
2102 2279 2266 2319 carne
2302 2262 2456 2335 [Ms.,
2489 2264 2733 2337 carnem]
2759 2264 2961 2320 factum
2985 2307 3000 2332 ,
3038 2273 3097 2322 ut
3125 2266 3395 2323 habitaret
3426 2267 3483 2329 in

1894 2356 2049 2411 nobis
2078 2375 2090 2411 :
2127 2358 2271 2429 quod
2300 2358 2565 2429 acceperit
2586 2373 2827 2423 carnem,
2856 2373 2963 2413 non
2992 2359 3133 2428 quod
3174 2360 3334 2415 fuerit
3362 2376 3481 2423 mu-

1893 2453 2039 2502 tatus
2065 2447 2118 2502 in
2150 2463 2390 2504 carnem.
2416 2447 2529 2503 Nisi
2550 2450 2692 2504 enim
2718 2450 2898 2505 carnis
2919 2450 3233 2522 assumptio,
3268 2458 3489 2511 servata

1894 2539 2317 2594 incommutahiii
2347 2539 2644 2606 divinitate,
2676 2538 2816 2596 facta
2847 2546 3011 2607 esset,
3034 2526 3142 2596 non
3171 2540 3479 2605 diceretur:

1892 2631 2011 2703 Ego
2033 2642 2085 2687 et
2104 2631 2268 2688 Pater
2292 2650 2455 2688 unum
2485 2648 2666 2689 sumus
2698 2634 2877 2707 (Joan.
2897 2649 2952 2701 ι,
2979 2637 3092 2708 50).
3127 2633 3312 2711 Neque
3338 2636 3484 2692 enim

1892 2722 2061 2780 Fater
2083 2734 2137 2780 et
2166 2739 2294 2781 caro
2318 2739 2485 2781 unum
2507 2734 2652 2781 sunt.
2684 2724 2751 2781 Et
2793 2726 2897 2782 hoc
2935 2727 3001 2784 de
3028 2742 3087 2782 se
3115 2728 3234 2797 ipso
3263 2723 3480 2787 Domini

1893 2819 2298 2887 testimonium,
2361 2817 2509 2873 solus
2557 2817 2696 2873 idem
2732 2814 2967 2873 Joannes
3012 2817 3477 2877 commemoravit.

1892 2906 1963 2965 Et
1983 2954 1996 2977 ,
2023 2913 2113 2984 qui
2143 2928 2224 2967 me
2252 2910 2385 2966 videt
2408 2953 2422 2977 ,
2462 2910 2598 2965 ridet
2619 2920 2665 2966 et
2694 2908 2930 2966 Patrem.
2972 2908 3059 2976 Et,
3085 2908 3198 2980 Ego
3219 2910 3275 2966 in
3297 2906 3481 2978 Patre,

1890 3010 1943 3055 et
1973 2988 2139 3056 Mater
2165 3004 2221 3057 in
2266 3017 2365 3057 me.
2390 3001 2478 3066 Et,
2509 2996 2574 3055 Ut
2595 2985 2698 3056 sint
2727 3017 2923 3068 unum;
2948 3002 3081 3057 sicut
3107 3006 3155 3057 et
3196 3018 3289 3056 nos
3314 3017 3480 3057 unum

1890 3108 2090 3147 sumus.
2144 3093 2233 3159 Et,
2262 3092 2393 3160 Qum
2430 3091 2592 3148 Pater
2633 3092 2791 3163 facit,
2836 3094 2946 3148 lucc
2982 3094 3167 3159 eadem
3217 3102 3264 3163 et
3303 3088 3478 3149 Filius

1894 3188 2023 3260 facit
2060 3190 2298 3257 similiter
2326 3190 2507 3263 (Joan.
2535 3205 2645 3255 xxv,
2678 3190 2730 3256 9,
2765 3189 2885 3264 l0);
2919 3190 2986 3251 Et
3026 3190 3072 3246 si
3098 3205 3205 3262 qua
3231 3186 3334 3244 alia
3354 3196 3485 3249 sunt

1816 3254 1867 3319 θ
1892 3254 2012 3351 quae
2038 3254 2240 3336 Christi
2285 3254 2661 3346 divinitatem,
2701 3254 2757 3337 in
2784 3254 2890 3363 qua
2930 3254 3153 3357 aequalis
3178 3286 3262 3334 est
3302 3277 3477 3347 Patri,

1886 3379 2038 3429 recte
2061 3371 2481 3443 intelligentibus
2517 3371 2791 3439 intiment,
2819 3370 3029 3443 plenius
3052 3366 3203 3425 solus
3241 3365 3495 3445 Joannes

1885 3462 1942 3520 in
1972 3463 2264 3536 Evangelio
2297 3479 2397 3519 suo
2422 3465 2621 3534 posuit,
2658 3474 2912 3534 tanquam
2939 3462 3005 3518 de
3030 3469 3250 3535 pectore
3299 3456 3472 3532 ipsius

1885 3553 2122 3621 Domini,
2138 3544 2311 3626 super
2334 3555 2478 3625 quod
2506 3554 2844 3611 discumbere
2872 3555 2926 3610 in
2948 3552 3065 3626 ejus
3083 3555 3331 3614 convivio
3356 3556 3482 3618 soli-

1885 3657 1974 3705 tus
2002 3657 2139 3716 erat,
2186 3657 2455 3705 secretum
2482 3650 2779 3706 divinitatis
2826 3649 2944 3723 ejus
2987 3649 3210 3707 uberius
3249 3659 3304 3706 et
3348 3669 3482 3725 quo-

1886 3738 2173 3798 dammodo
2194 3740 2513 3809 familiarius
2540 3742 2769 3800 biberet.
2798 3740 3052 3811 Proinde,
3082 3758 3206 3813 cum
3232 3744 3349 3803 duae
3372 3746 3482 3805 vir~

1885 3839 2033 3889 tutes
2060 3833 2350 3904 propositae
2372 3833 2480 3895 sint
2502 3833 2697 3889 anima:
2723 3836 2991 3901 humanm,
3024 3848 3131 3891 una
3169 3836 3367 3903 activa,
3396 3837 3478 3901 ai-

1886 3934 2004 3981 tera
2048 3926 2469 3997 contemplativa
2510 3946 2522 3981 :
2576 3926 2664 3983 illa
2694 3944 2799 4005 qua
2835 3928 2972 3995 itur,
3024 3928 3127 3985 ista
3153 3942 3262 4001 qua
3288 3944 3481 4005 perve-

1886 4020 2065 4084 nitur;
2097 4019 2185 4073 illa
2214 4034 2318 4090 qua
2348 4018 2626 4075 laboratur
2650 4004 2731 4076 ut.
2756 4037 2852 4077 cor
2886 4020 3177 4089 mandetur
3202 4020 3269 4085 ad
3291 4004 3453 4085 viden

1887 4108 2016 4163 dum
2045 4093 2251 4175 Deum,
2281 4109 2383 4164 ista
2404 4124 2511 4179 qua
2536 4116 2763 4165 vocatur
2798 4120 2853 4167 et
2876 4110 3091 4167 videtur
3130 4111 3272 4169 Deus
3325 4132 3337 4167 :
3389 4112 3479 4169 illa

1884 4206 1971 4254 est
1987 4199 2043 4253 in
2066 4200 2352 4271 prmeeptis
2371 4202 2690 4256 exercendae
2703 4202 2999 4275 vitmhujus
3018 4205 3348 4276 temporalis,
3369 4205 3479 4264 ista

1886 4292 1948 4363 in
1968 4293 2349 4361 doctrinarum
2375 4294 2519 4358 illius
2539 4297 2871 4373 sempiterna
2910 4296 3065 4370 [Ms.,
3088 4300 3475 4379 smiternaa].

1884 4383 2081 4456 Aeper
2108 4382 2320 4441 hocilla
2346 4394 2623 4456 operanlr,
2679 4386 2782 4443 ista
2830 4389 3125 4459 requiescit
3166 4408 3180 4446 τ
3235 4393 3360 4462 quia
3387 4392 3478 4449 illa

1886 4486 1973 4534 est
2010 4477 2414 4549 iupurgatione
2463 4488 2839 4550 peccatorum,
2897 4482 3000 4539 ista
3031 4483 3085 4539 in
3122 4483 3323 4541 lumine
3346 4502 3478 4558 pur-

1815 4579 2137 4685 ﬂgatorum
2165 4588 2177 4624 :
2212 4587 2276 4626 ac
2300 4586 2398 4642 per
2425 4572 2528 4627 hoc
2552 4613 2569 4638 ,
2600 4572 2655 4631 in
2683 4573 2788 4631 hac
2835 4574 2945 4631 vita
2971 4575 3224 4641 mortali,
3257 4576 3349 4631 illa
3393 4586 3479 4634 est

1888 4662 1940 4685 ,ῃ
1967 4678 2123 4685 μη,
2147 4662 2300 4685 μμ,
2328 4663 2749 4685 “Mundus-
3278 4668 3289 4680 .
3350 4668 3379 4685 ι.
3403 4669 3439 4685 .,

1888 4662 1942 4719 in
1963 4678 2127 4733 opere
2147 4662 2302 4718 bona:
2323 4663 2772 4731 conversationis,
2801 4665 2904 4719 ista
2929 4680 3057 4722 vero
3077 4666 3261 4753 magis,
3276 4668 3328 4723 in
3340 4668 3475 4753 fide,

1888 4758 1945 4807 et
1965 4753 2108 4831 apud
2125 4768 2227 4833 per
2251 4768 2451 4833 paucos
2478 4768 2578 4829 per
2607 4752 2882 4829 speculum
2915 4756 2981 4825 in
2997 4743 3313 4830 aenigmate,
3330 4743 3499 4833 é’i'gx'

1886 4851 2041 4914 parte
2070 4843 2124 4898 in
2159 4843 2338 4913 aliqua
2366 4844 2572 4903 visione
2602 4842 3061 4915 incommutabilis
3092 4844 3370 4913 Veritatis.
3395 4851 3475 4913 Ex

1887 4951 1996 5007 quo
2022 4935 2245 5007 intelligi
2275 4937 2435 4993 datur
2458 4977 2473 5001 ,
2502 4936 2547 4991 si
2572 4936 2854 5010 diligenter
2879 4940 3151 5009 advertas,
3182 4951 3293 4998 tres
3312 4957 3477 5003 evan-

1888 5028 2137 5101 geiistas,
2176 5028 2495 5101 temporalia
2524 5028 2666 5085 facta
2703 5029 2921 5101 Domini
2934 5041 2991 5090 et
3017 5032 3196 5101 dicta,
3241 5049 3361 5111 quae
3405 5034 3475 5092 ad

1888 5119 2261 5175 informandos
2288 5136 2466 5179 mores
2494 5121 2617 5179 vita:
2636 5124 2919 5195 praesentis
2945 5126 3177 5187 maxime
3206 5126 3477 5195 valerent,

1887 5210 2157 5288 copiosius
2177 5220 2508 5285 prosecutos,
2536 5214 2678 5273 circa
2709 5212 2855 5272 illam
2888 5218 3119 5287 activam
3147 5215 3313 5279 fuisse
3348 5234 3472 5280 ver-

1888 5308 2067 5369 satos;
2096 5298 2358 5357 Joannem
2398 5316 2527 5358 vero
2554 5301 2695 5363 facta
2740 5304 2950 5364 Domini
3000 5306 3168 5369 multo
3212 5309 3473 5381 pauciora

1886 5399 2221 5479 narrantem,
2251 5394 2393 5450 dicta
2414 5410 2542 5453 vero
2572 5396 2708 5468 ejus,
2740 5413 2802 5452 ea
2828 5400 3129 5470 prmsertim
3147 5415 3268 5479 quae
3296 5401 3477 5460 Trini-

1886 5485 2013 5540 tatis
2036 5488 2299 5542 unitatem
2328 5495 2382 5543 et
2404 5488 2525 5543 vit-.c
2541 5498 2755 5544 aeternae
2786 5487 3096 5546 felicitatem
3114 5490 3474 5563 insinuarent,

1885 5576 2194 5650 diligentius
2221 5588 2275 5635 et
2304 5580 2525 5636 uberius
2556 5581 3007 5651 conscribentem,
3033 5584 3093 5649 in
3118 5586 3319 5647 virtute
3346 5602 3472 5649 eon-
3502 5634 3507 5637 .

1886 5671 2201 5742 templativa
2254 5674 2676 5730 commendanda
2704 5716 2718 5742 ,
2808 5692 2962 5731 suam
3012 5669 3471 5738 continuationem

1889 5762 2044 5836 [Ms.,
2095 5766 2480 5839 ﬁte-tionem]
2521 5776 2681 5837 atque
2724 5770 3165 5840 praedicationem
3208 5760 3479 5837 tonuisset
3502 5828 3514 5845 ,

1886 5859 1999 5917 Iste
2015 5869 2101 5917 est
2119 5861 2385 5932 siquidem
2403 5859 2657 5932 Joannes,
2691 5879 2830 5922 unus
2849 5879 2916 5922 ex
2938 5866 3215 5941 discipulis
3242 5864 3473 5941 Christi.
3497 5870 3513 5887 '
