4072 6340
597 351 703 409 743

1448 350 1508 408 Β.
1549 351 1611 407 F.
1652 341 1878 406 ALBINI
1917 345 2048 406 SEU
2089 347 2366 407 ALCUINI
2403 345 2688 405 OPERUM
2725 346 2906 403 PARS
2941 338 3004 402 ιῙ.

3749 340 3855 403 ’ἔα

590 480 753 537 quem
787 463 1043 520 Dominus
1071 465 1135 521 de
1157 464 1433 536 ﬂuctivaga
1483 467 1790 536 nuptiarum
1847 475 2164 536 tempestate
2190 472 2243 533 Δ
2268 470 2449 525 tionis.
2470 468 2829 538 Quapropter;
2861 466 3042 520 forsan
3069 471 3554 534 temperamentum
3583 465 3854 534 quoddam

593 557 859 628 virginem
903 558 1131 612 vocavit.
1183 557 1346 625 Cujus
1390 558 1716 628 virginitatis
1747 559 1800 612 in
1831 559 1935 613 hoc
1979 559 2172 630 duplex

594 649 964 706 testimonium
987 651 1039 705 in
1071 650 1360 721 Evangelio
1387 650 1566 715 datur,
1607 651 1750 722 quod
1787 659 1842 706 et
1877 668 1988 722 pra:
2013 661 2175 706 caete-

595 743 672 797 ris
699 739 928 796 dilectus
963 757 994 794 a
1024 742 1133 796 Deo
1155 742 1386 807 dicitur;
1429 751 1484 797 et
1508 743 1633 797 huic
1673 752 1899 797 matrem
1928 757 2080 797 suam
2111 743 2176 798 de

594 834 789 889 throno
813 833 990 887 erucis
1018 835 1434 900 commendavit,
1463 835 1649 890 dicens
1677 835 1866 907 [Beda,
1905 851 2176 891 commen-

593 925 738 979 davit
768 922 963 994 Deus],
997 931 1057 977 ut
1093 923 1357 994 virginem
1387 925 1539 997 virgo
1572 933 1834 980 servaret.
1866 925 1965 992 Qui
1991 926 2175 995 singu-

592 1012 691 1066 lari
730 1012 1010 1082 privilegio
1057 1015 1254 1068 meruit
1274 1016 1574 1081 castitatis,
1607 1025 1666 1070 ut
1694 1018 1905 1071 czeteris
1927 1017 2178 1070 omnibus

595 1104 983 1160 miraculorum
1022 1105 1222 1160 Christi
1253 1107 1608 1177 scriptoribus
1637 1109 1800 1164 altius
1827 1111 2020 1163 divinae
2059 1126 2176 1165 ma-

583 1195 799 1265 jestatis
820 1197 980 1252 simul
1009 1208 1227 1269 caperet
1248 1215 1312 1254 ac
1328 1201 1657 1271 patefaceret
1682 1219 1960 1258 arcanum.
1993 1202 2178 1274 Neque

589 1291 734 1344 enim
765 1290 968 1346 frustra
991 1292 1044 1346 in
1074 1307 1230 1347 caena
1261 1293 1489 1364 mystica
1511 1310 1675 1366 supra
1705 1305 1893 1366 pectus
1920 1294 2046 1350 Jesu
2087 1311 2176 1352 re.-

589 1382 841 1440 cubuisse
866 1383 1219 1451 perhibetur;
1258 1384 1353 1438 sed
1375 1400 1474 1455 per
1497 1386 1599 1440 hoc
1626 1387 1914 1441 verissime
1955 1387 2180 1441 docetur

587 1473 713 1544 quia
742 1473 980 1528 caelestis
1010 1475 1264 1530 haustum
1294 1476 1572 1546 sapientiae
1591 1477 1801 1532 caeteris
1829 1476 2180 1534 excellentius

589 1565 655 1622 de
694 1567 1036 1622 sanctissimo
1091 1568 1332 1638 ejusdem
1381 1570 1617 1638 pectoris
1678 1569 1825 1626 fonte
1887 1571 2174 1641 potaverit.

588 1653 740 1711 Unde
773 1665 828 1712 et
868 1657 1063 1712 merito
1093 1659 1145 1712 in
1176 1657 1346 1730 ﬁgura
1378 1669 1612 1729 quatuor
1641 1661 1956 1716 animalium
1985 1662 2179 1732 aquila:

586 1746 791 1802 volanti
842 1759 1230 1819 comparatur;
1268 1751 1479 1806 cunctis
1529 1753 1725 1822 quippe
1762 1753 1952 1807 avibus
1997 1753 2179 1822 aquila

2277 560 2417 614 inter
2441 576 2616 616 meam
2652 561 2988 630 negationem
3007 599 3021 623 ,
3066 567 3412 628 vestramque
3431 557 3748 627 petitionem
3779 559 3857 615 in-

2276 653 2461 706 venire
2488 667 2644 722 posse
2689 651 2844 706 video
2870 693 2884 716 ,
2934 667 3000 705 ne
3023 649 3244 705 omnino
3281 649 3366 704 vel
3409 649 3647 705 Charitas
3674 660 3855 706 vestra

2277 743 2643 797 taciturnitate
2696 758 2816 798 mea
2866 751 3182 813 spernatur,
3214 740 3299 795 vel
3333 741 3609 796 temeritas
3636 757 3759 796 mea
3804 741 3857 798 in

2275 846 2471 893 vestrae
2516 837 2794 908 petitionis
2851 836 3110 906 obsequio
3171 834 3613 905 reprehendatur.
3671 832 3856 888 Solent

2278 946 2508 1000 namque
2537 931 2730 986 medici
2754 947 2820 985 ex
2847 929 3137 984 multorum
3161 929 3442 998 speciebus
3460 927 3855 997 pigmentorum

2279 1021 2334 1074 in
2364 1020 2594 1076 salutem
2624 1021 2898 1091 poscentis
2922 1020 3193 1089 quoddam
3223 1018 3602 1074 medicamenti
3641 1031 3855 1088 compo-

2280 1128 2409 1167 nere
2437 1128 2606 1184 genus
2628 1153 2642 1176 ,
2681 1129 2780 1166 nec
2808 1113 3014 1181 seipsos
3045 1110 3202 1164 fateri
3228 1097 3558 1180 praesumunt
3585 1117 3856 1163 creatures

2280 1202 2570 1258 herbarum
2599 1203 2684 1257 vel
2713 1202 2940 1256 aliarum
2964 1200 3266 1272 specierum
3298 1215 3366 1254 ex
3394 1213 3621 1268 quarum
3643 1213 3856 1269 compo-

2280 1295 2473 1350 sitione
2524 1295 2671 1350 salus
2723 1293 2952 1350 efﬁcitur
3005 1293 3410 1364 aegrotantium,
3452 1292 3547 1347 sed
3585 1292 3856 1348 ministros

2278 1399 2398 1441 esse
2441 1387 2496 1440 in
2533 1385 2830 1457 colligendo
2882 1394 2937 1439 et
2987 1385 3043 1439 in
3096 1399 3264 1438 unum
3301 1382 3660 1454 pigmentaria
3696 1397 3854 1437 manu

2279 1476 2610 1532 conficiendo
2634 1492 2831 1547 corpus
2863 1494 2876 1530 :
2905 1476 2983 1531 sic
3003 1475 3190 1541 etiam,
3216 1475 3262 1529 si
3286 1471 3514 1528 forsitan
3542 1486 3672 1528 mea:
3691 1471 3852 1526 devo-

2281 1569 2443 1624 tionis
2488 1568 2640 1623 labor
2674 1569 2878 1640 aliquid
2907 1575 3100 1622 vestra:
3129 1565 3380 1622 charitati
3408 1564 3666 1634 proficere
3689 1564 3852 1620 valet.

2281 1658 2391 1714 Nec
2417 1675 2486 1714 ex
2509 1661 2747 1729 quolibet
2774 1669 3013 1730 paterna:
3031 1657 3393 1730 possessionis
3430 1666 3585 1726 prato
3607 1657 3736 1711 mihi
3757 1655 3855 1712 flo-

2284 1765 2371 1804 res
2405 1749 2732 1821 colligendos
2758 1766 2878 1806 esse
2903 1765 3120 1816 censeo,
3168 1750 3263 1805 sed
3291 1749 3582 1804 multorum
3608 1748 3849 1814 Patrum,

582 1839 782 1896 celsius
803 1841 1005 1907 volare,
1037 1844 1248 1899 cunctis
1275 1845 1642 1899 animantibus
1687 1846 1888 1900 clarius
1914 1845 2044 1900 solis
2084 1863 2175 1900 ra-
2207 1853 2256 1915 Β
2280 1842 2470 1896 humili
2495 1843 2676 1907 corde,
2700 1857 2868 1912 prona
2890 1843 3130 1907 cervice,
3162 1841 3350 1895 florida
3379 1856 3506 1895 rura
3527 1839 3854 1911 peragranda

584 1931 693 1989 diis
729 1934 952 2006 infigere
984 1938 1265 1992 consuevit
1315 1939 1554 1994 obtutus.
1601 1939 1677 1994 lta
1725 1941 1914 1995 beatus
1940 1940 2178 1995 Joannes

584 2026 871 2082 sublimius
921 2036 1139 2083 aeterna:
1188 2029 1492 2086 nativitatis
1534 2031 1735 2087 Christi
1763 2034 2020 2102 mysteria
2052 2048 2178 2086 con-

585 2116 782 2186 spexit.
817 2115 923 2171 Iste
967 2119 1117 2188 prior
1150 2118 1356 2191 [Petro]
1390 2121 1762 2178 laborantibus
1796 2123 1849 2176 in
1881 2123 2179 2194 piscatione

585 2207 886 2279 discipulis,
917 2209 1192 2266 Christum
1236 2213 1287 2266 in
1342 2213 1523 2269 littore
1577 2222 1832 2282 stantem,
1863 2224 2082 2286 reteque
2122 2215 2177 2270 in

585 2297 866 2356 dexteram
908 2303 1107 2372 navigii
1158 2304 1373 2359 mittere
1413 2303 1692 2372 iubentem
1723 2308 1955 2379 agnovit,
1992 2309 2178 2364 dicens

580 2390 742 2448 Petro
771 2409 784 2446 :
817 2392 1074 2448 Dominus
1113 2405 1209 2449 est.
1238 2395 1343 2450 lste
1368 2405 1451 2451 est
1481 2414 1620 2452 unus
1653 2400 1720 2453 de
1745 2401 1851 2454 illis
1886 2401 1952 2454 de
1979 2401 2176 2470 quibus

581 2483 852 2557 Propheta
875 2487 1126 2558 pmdixit
1162 2505 1174 2542 :
1204 2487 1331 2543 Caeli
1353 2501 1603 2546 enarrant
1628 2491 1853 2563 gloriam
1876 2493 1974 2546 Dei
1997 2493 2170 2564 (Psal.

582 2589 739 2643 xviii,
766 2576 840 2648 l).
879 2577 1028 2634 Unde
1055 2579 1197 2634 filius
1225 2581 1452 2635 tonitrui
1493 2583 1560 2637 ab
1587 2584 1703 2652 ipso
1733 2584 1960 2638 Domino
1988 2585 2172 2654 appel-

579 2667 728 2723 latur
750 2709 766 2735 ,
797 2670 926 2740 quia
985 2671 1090 2726 hoc
1129 2673 1376 2728 mirabile
1401 2683 1456 2729 et
1487 2677 1738 2731 omnibus
1766 2676 1980 2732 smculis
2010 2676 2176 2749 464

581 2760 886 2816 inauditum
907 2803 922 2827 ,
953 2780 1020 2820 ex
1071 2765 1278 2821 caelesti
1307 2767 1555 2823 claritate
1586 2769 1817 2824 intonuit
1849 2771 2176 2840 prooemium

581 2851 769 2907 dicens
807 2871 821 2906 :
869 2852 938 2907 In
970 2857 1226 2926 principio
1273 2869 1384 2912 erat
1423 2857 1680 2925 Verbum,
1722 2871 1769 2916 et
1809 2859 2032 2915 Verbum
2061 2871 2174 2916 erat

580 2943 724 3014 apud
755 2943 946 3011 Deum,
973 2955 1020 3000 et
1051 2946 1191 3002 Deus
1221 2959 1334 3002 erat
1378 2949 1598 3004 Verbum
1631 2952 1812 3023 (Joan.
1853 2967 1907 3016 1,
1943 2953 2014 3022 1).
2045 2953 2176 3020 Quae

578 3035 749 3091 verba
788 3051 1004 3108 semper
1043 3049 1170 3094 sunt
1196 3055 1331 3110 pura
1362 3041 1466 3095 fide
1494 3044 1800 3098 veneranda
1825 3059 1889 3098 ac
1913 3051 2174 3114 perpetua

577 3124 839 3199 religione
863 3127 1106 3193 colenda,
1137 3146 1242 3185 non
1273 3133 1522 3187 humana:
1547 3135 1872 3205 conjectura:
1893 3133 2173 3187 ratiuncu-

2283 1933 2416 1988 mihi
2445 1947 2564 1988 esse
2584 1933 2774 1999 video,
2813 1941 2874 1988 ut
2906 1933 3023 1988 sine
3056 1931 3298 2002 periculo
3321 1931 3556 1986 nominis
3577 1929 3686 1985 mei
3707 1929 3858 1984 satis-

2281 2027 2475 2081 faciam
2500 2027 2857 2083 sanctissimae
2893 2025 3154 2081 voluntati
3190 2032 3399 2081 vestrae.
3431 2023 3724 2094 Primoque
3744 2037 3855 2077 om—

2280 2122 2429 2176 nium
2451 2120 2624 2175 sancti
2649 2119 2937 2190 Augustini
2964 2116 3216 2189 suffragia
3258 2131 3527 2186 quaerens,
3560 2115 3654 2184 qui
3680 2112 3856 2182 majori

2279 2213 2458 2270 studio
2496 2212 2655 2282 hujus
2689 2211 2861 2266 sancti
2894 2209 3168 2280 Evangelii
3192 2219 3463 2278 exponere
3486 2206 3643 2259 nisus
3668 2214 3749 2258 est
3780 2219 3855 2257 sa-

2278 2305 2585 2360 cratissima
2606 2304 2788 2357 verba.
2819 2301 3019 2356 Deinde
3047 2315 3114 2354 ex
3137 2298 3408 2370 Opusculis
3436 2296 3612 2352 sancti
3641 2296 3853 2351 Ambro-

2278 2397 2345 2452 sii
2373 2394 2702 2451 sanctissimi
2742 2393 2978 2448 doctoris
3020 2391 3201 2462 aliqua
3252 2391 3510 2454 trahens;
3564 2403 3771 2444 necnon
3797 2403 3853 2442 ex

2278 2486 2518 2542 homiliis
2546 2483 2801 2556 praecipui
2820 2481 3001 2536 Patris
3019 2480 3264 2551 Gregorii
3292 2495 3460 2551 papa,
3495 2479 3580 2534 vel
3609 2495 3678 2533 ex
3705 2478 3855 2533 homi-

2276 2582 2366 2637 liis
2406 2582 2550 2637 beati
2597 2580 2757 2634 Bedze
2782 2576 3126 2649 presbyteri,
3174 2574 3340 2632 multa
3376 2587 3695 2638 assumens,
3740 2571 3856 2626 alio-

2277 2689 2507 2744 rumque
2554 2681 2865 2728 sanctorum
2913 2671 3135 2726 Patrum
3165 2711 3180 2736 ,
3227 2670 3368 2725 sicut
3419 2666 3665 2722 invenire
3699 2665 3853 2737 potui,

2277 2766 2750 2838 interpretationes
2791 2764 2946 2836 posui
2975 2782 2988 2819 :
3038 2763 3212 2834 magis
3253 2763 3444 2818 horum
3473 2761 3719 2816 omnium
3748 2773 3857 2815 scn-

2285 2860 2436 2915 sibus
2462 2875 2527 2914 ac
2553 2859 2736 2914 verbis
2762 2867 2956 2923 utens,
3006 2871 3168 2927 quam
3211 2869 3344 2910 mea;
3393 2855 3690 2924 quidquam
3736 2868 3858 2924 pra:-

2277 2949 2569 3022 sumptioni
2595 2950 2962 3015 committens,
3019 2947 3188 3002 veluti
3239 2946 3530 3014 legentium
3582 2945 3859 3000 curiositas

2279 3041 2437 3098 facile
2464 3043 2700 3113 probare
2729 3041 2930 3112 poterit
2971 3057 2986 3094 :
3029 3037 3342 3094 cautissimo
3382 3036 3544 3106 plane
3567 3035 3711 3108 stylo
3739 3049 3860 3106 pra:-

2279 3133 2496 3197 videns,
2537 3132 2715 3188 divina
2740 3130 3038 3202 epitulante
3065 3128 3260 3200 gratia,
3292 3142 3360 3182 ne
3379 3127 3506 3196 quid
3533 3128 3858 3183 contrarium

579 3217 650 3274 lis
687 3221 915 3275 nimium
954 3222 1289 3280 discutienda
1308 3265 1322 3288 ,
1352 3241 1472 3296 qua:
1511 3227 1565 3281 in
1615 3227 1889 3299 plerisque
1941 3225 2168 3291 fallitur,
2197 3213 2245 3279 C
2277 3232 2588 3278 sanctorum
2614 3222 2834 3276 Patrum
2861 3221 3109 3276 sensibus
3130 3235 3406 3291 ponerem.
3430 3219 3604 3290 lgitur
3630 3225 3686 3273 et
3712 3230 3860 3272 omne

577 3311 706 3368 dum
738 3327 796 3368 se
820 3322 976 3384 putat
1025 3331 1320 3386 agnoscere
1348 3335 1468 3388 quae
1515 3319 1736 3373 humani
1781 3335 1974 3376 sensus
2013 3336 2174 3375 exce-

583 3401 718 3457 dunt
746 3402 1164 3472 indagationem.
1210 3408 1414 3464 Tamen
1440 3410 1700 3480 quidquid
1727 3411 1850 3464 inde
1880 3412 1966 3481 pia
1993 3411 2174 3466 chari-

580 3504 670 3551 tas
696 3504 751 3550 et
783 3496 1004 3552 humilis
1026 3497 1305 3567 inquisitio
1333 3501 1634 3571 intelligere
1663 3503 1873 3572 potuit,
1913 3502 1966 3556 in
1990 3517 2175 3557 sacra-

585 3582 812 3641 tissimis
855 3597 1168 3644 sanctorum
1210 3589 1433 3644 Patrum
1478 3592 1714 3662 scriptis,
1769 3591 1894 3647 licet
1919 3592 2174 3663 sparsim,

585 3677 729 3732 dicta
758 3678 1106 3737 inveniuntur
1155 3695 1171 3737 :
1227 3682 1367 3738 sicut
1415 3683 1583 3739 etiam
1610 3693 1666 3739 et
1701 3684 1755 3738 in
1787 3691 1898 3739 toto
1931 3682 2174 3752 ejusdem

583 3765 860 3842 Evangelii
887 3780 1056 3839 textu,
1104 3773 1336 3845 plurima
1364 3791 1394 3830 a
1424 3777 1705 3833 catholicis
1756 3778 2070 3836 doctoribus
2100 3780 2175 3836 le-

581 3869 781 3932 guntur
803 3865 1070 3935 exposita,
1099 3881 1200 3937 pro
1221 3869 1623 3940 opportunitate
1649 3868 1752 3924 loci
1781 3870 1863 3925 vel
1891 3873 2172 3942 temporis,

581 3951 667 4007 vel
695 3955 1105 4014 confirmatione
1133 3960 1450 4015 orthodoxa:
1483 3961 1648 4026 fidei,
1702 3977 1802 4017 nec
1828 3978 1936 4017 non
1981 3973 2174 4020 contra

581 4042 870 4102 haereticas
891 4050 1188 4118 pravitates
1208 4091 1224 4117 ,
1246 4051 1300 4105 in
1323 4052 1633 4109 defensione
1661 4053 1970 4123 apostolicm
2001 4056 2172 4110 tradi-

2273 3333 2408 3388 opus
2436 3315 2733 3372 secundum
2763 3313 2999 3385 capitula
3029 3313 3272 3384 ejusdem
3300 3309 3581 3380 Evangelii
3613 3309 3859 3375 distinxi,

2275 3424 2341 3464 ac
2370 3409 2471 3463 sub
2498 3422 2724 3461 numero
2771 3414 2978 3475 septem
3033 3404 3294 3460 librorum
3323 3402 3713 3458 consummavi.
3766 3400 3864 3470 0p-

2276 3507 2398 3554 tans
2409 3514 2522 3561 vos,
2549 3496 2878 3568 septiformis
2895 3495 3131 3564 Spiritus
3152 3493 3324 3565 gratia
3337 3491 3636 3562 inspirante
3646 3498 3863 3560 pectora

2275 3598 2457 3644 vestra
2482 3628 2498 3654 ,
2527 3587 2694 3643 variis
2723 3587 2777 3640 in
2804 3585 3047 3641 Ecclesia
3075 3582 3280 3638 Christi
3310 3581 3504 3638 florere
3532 3582 3763 3646 deliciis,
3806 3587 3860 3636 et

2279 3680 2558 3737 ambulare
2597 3679 2839 3750 quotidie
2867 3693 2990 3734 cum
3019 3676 3222 3732 sanctis
3271 3675 3338 3731 de
3367 3675 3570 3729 virtute
3599 3673 3655 3728 in
3699 3673 3862 3728 virtu-

2279 3785 2411 3842 tem,
2434 3775 2608 3832 donec
2626 3774 2872 3831 videatur
2902 3773 3046 3827 Deus
3069 3771 3295 3826 deorum
3331 3769 3386 3824 in
3433 3767 3589 3834 Sion,
3631 3767 3726 3822 ubi
3748 3780 3862 3839 per-

2276 3878 2440 3941 petua
2468 3868 2754 3923 dulcedine
2808 3867 2951 3922 inter
3003 3866 3198 3922 choros
3246 3863 3546 3920 caelestium
3593 3863 3864 3935 agminum

2278 3962 2495 4027 dicatis,
2527 3961 2678 4015 Beati
2702 3961 2792 4031 qui
2837 3959 3072 4014 habitant
3109 3959 3166 4014 in
3195 3957 3351 4014 domo
3393 3966 3508 4024 tua,
3539 3955 3786 4022 Domine,
3811 3955 3864 4010 is

2279 4053 2531 4111 saeculum
2566 4051 2746 4108 sazculi
2781 4051 3073 4108 laudabunt
3107 4061 3176 4107 te.
3215 4052 3401 4108 Amen.

598 4195 2381 4225 Μ*-

865 4301 1026 4376 ⁴⁶⁷
1079 4319 2056 4399 COMMENTARIORUM
2115 4321 2225 4401 IN
2283 4323 2761 4406 JOANNEM
2819 4327 3120 4406 LIBER
3180 4329 3590 4410 PRIMUS.

1099 4587 1327 4649 CAPUT
1368 4593 1654 4653 PRIMUM.

581 4699 649 4761 In
672 4703 938 4782 orincipio
961 4716 1072 4782 erqt
1111 4704 1341 4782 Verbum?
1363 4710 1504 4778 apud
1525 4709 1717 4776 Deum,
1733 4726 1827 4782 per
1845 4727 2000 4782 quem
2029 4710 2174 4782 facta

653 4785 773 4854 sunt
797 4776 993 4854 omnia.
1014 4777 1246 4854 J_oan_nes
1273 4776 1463 4854 [nias—us
1490 4792 1564 4836 est
1591 4791 1710 4837 ante
1733 4776 1888 4848 eum,
1914 4784 2005 4854 qui
2029 4776 2171 4838 'reci-
2193 4800 2199 4808 '

653 4847 854 4918 pientes
875 4863 930 4900 se
951 4847 1078 4916 facit
1105 4849 1244 4916 ﬁlios
1266 4850 1364 4905 Dei
1398 4869 1492 4922 per
1515 4854 1763 4924 gratiam.

657 4959 820 5016 Vens.
860 4961 911 5016 l.
933 4992 1004 5002 —
1048 4961 1115 5017 In
1153 4965 1410 5036 principio
1440 4978 1552 5022 erat
1587 4966 1833 5035 Verbum,
1862 4978 1912 5024 et
1954 4967 2175 5024 Verbum

579 5061 692 5103 crat
730 5052 871 5121 apud
903 5051 1105 5119 Deum,
1159 5063 1208 5108 et
1261 5054 1402 5110 Deus
1457 5068 1567 5114 erat
1607 5057 1832 5114 Verbum
1855 5073 1904 5114 α.
1942 5078 1960 5112 ‹
1991 5059 2176 5131 Neque

577 5141 722 5194 enim
762 5141 962 5198 frustra
992 5145 1182 5200 beatus
1205 5143 1436 5203 Joannes
1461 5190 1477 5215 ,
1505 5150 1732 5206 dilectus
1759 5152 1971 5208 Domini
2006 5152 2170 5208 disci-

581 5233 759 5302 pulus,
791 5234 844 5290 in
877 5251 1031 5293 caena
1062 5253 1224 5308 supra
1250 5247 1441 5308 pectus
1487 5239 1613 5297 Jcsu
1640 5245 1954 5300 recubuisse
1995 5245 2173 5314 perhi-

581 5325 759 5382 betur.
803 5327 909 5384 Sed
936 5345 1034 5400 per
1078 5331 1182 5388 hoc
1240 5332 1417 5405 typice
1446 5335 1704 5401 docetur,
1758 5338 1884 5407 quia
1933 5338 2172 5395 cmlestis

583 5417 835 5476 haustum
865 5423 1142 5493 sapientiae
1190 5427 1402 5481 caeteris
1447 5429 1715 5484 excelsius
1747 5430 1935 5500 [Beda,
1985 5431 2168 5487 excel-

581 5511 801 5582 lentius]
831 5517 895 5570 de
916 5518 1258 5574 sanctissimo
1279 5517 1516 5588 ejusdem
1564 5523 1800 5591 pectoris
1841 5523 1986 5579 fonte
2010 5533 2168 5594 pota-

580 5605 739 5660 verit.
774 5605 926 5662 Unde
959 5625 1027 5664 ex
1073 5608 1225 5684 [Ms.,
1280 5611 1356 5685 et]
1393 5614 1586 5670 merito
1625 5615 1679 5669 in
1725 5615 1893 5686 figura
1945 5626 2175 5685 quatuor

657 5739 790 5795 .Ex
840 5742 1062 5801 humilia
1114 5747 1249 5802 Ven.
1292 5747 1448 5806 Beda:
1499 5751 1553 5805 in
1602 5749 1780 5805 Natali
1836 5750 2069 5808 Domini.
2101 5782 2174 5794 --

582 5807 757 5898 Non.
792 5812 941 5869 Dicta
970 5817 1105 5873 Ven.
1152 5818 1328 5887 Betim,
1379 5821 1628 5878 similiter
1651 5831 1707 5878 et
1737 5821 1836 5879 SS.
1883 5807 2172 5895 Augustini

2201 4598 2590 4664 Danimalium
2639 4601 2834 4673 aquila
2894 4602 3096 4660 volanti
3149 4614 3498 4676 comparatur
3528 4607 3759 4679 (Eucti.
3805 4629 3865 4685 υ.

2273 4688 2496 4746 Cunctis
2519 4691 2718 4763 quippe
2744 4693 2937 4750 avibus
2971 4695 3151 4766 aquila
3179 4697 3376 4754 celsius
3411 4699 3616 4766 volare,
3658 4706 3870 4763 cunctis

2275 4784 2640 4842 animantibus
2687 4787 2888 4843 clarius
2921 4789 3050 4844 solis
3102 4791 3269 4847 radiis
3316 4791 3540 4865 infigere
3586 4798 3872 4855 consuevit

2276 4877 2518 4932 obtutus.
2551 4878 2618 4934 Et
2643 4880 2824 4935 caeteri
2849 4881 3193 4952 evangelista:
3216 4883 3372 4953 quasi
3399 4885 3454 4940 in
3494 4894 3642 4942 terra
3675 4890 3870 4946 ambu-

2277 4968 2392 5024 lant
2419 4985 2542 5024 cum
2571 4971 2820 5036 Domino,
2847 4973 2938 5043 qui
2957 5013 2972 5037 ,
3009 4975 3358 5044 temporalem
3387 4975 3506 5046 ejus
3561 4981 3875 5049 generatio-

2277 5076 2402 5117 nem
2437 5063 2641 5132 pariter
2693 5075 2748 5118 et
2779 5065 3096 5134 temporalia
3135 5062 3278 5122 facta
3328 5066 3668 5126 sufficienter
3703 5088 3872 5145 expo-

2279 5162 2491 5218 nentes,
2508 5168 2676 5224 pauca
2701 5153 2766 5208 de
2791 5153 3075 5210 divinitate
3098 5155 3370 5212 dixerunt.
3388 5155 3490 5212 Hic
3505 5167 3690 5216 autem
3719 5162 3876 5233 quasi

2279 5244 2348 5300 ad
2372 5244 2569 5300 cmlum
2597 5245 2741 5299 volat
2765 5259 2888 5300 cum
2919 5246 3166 5315 Domino,
3204 5249 3316 5318 qui,
3345 5263 3617 5321 perpauca
3645 5254 3716 5308 de
3739 5263 3879 5309 tem-

2278 5339 2552 5410 poralibus
2577 5338 2690 5408 ejus
2737 5339 2874 5395 actis
2899 5338 3226 5407 edisserens,
3254 5351 3516 5399 aeternam
3564 5345 3878 5402 divinitatis

2278 5430 2394 5502 ejus
2438 5432 2733 5504 potentiam
2752 5473 2767 5498 ,
2818 5448 2916 5503 per
2942 5449 3102 5503 quem
3128 5433 3281 5506 ille,
3309 5432 3494 5508 quam]
3520 5439 3706 5492 omnia
3733 5437 3876 5493 facta

2280 5534 2424 5590 sunt,
2449 5525 2731 5580 sublimius
2777 5535 2959 5581 mente
2981 5527 3212 5583 volando
3254 5537 3309 5583 et
3357 5527 3634 5599 limpidius
3677 5545 3882 5602 specu-

2279 5620 2438 5674 lando
2467 5620 2760 5690 cognovit,
2808 5636 2872 5676 ac
2900 5621 3058 5676 nobis
3109 5622 3538 5692 cognoscendam
3579 5623 3882 5682 scribendo

2278 5758 2332 5807 et
2361 5751 2636 5827 Gregorii,
2659 5751 2788 5809 dum
2809 5755 3072 5827 incipiunt
3097 5764 3152 5812 et
3170 5757 3452 5827 finiuntur,
3475 5758 3664 5816 notavi
3685 5757 3751 5816 in
3771 5757 3880 5817 hoc

2276 5837 2440 5895 Opere
2465 5825 2568 5882 hoc
2596 5825 2752 5896 signo
2785 5843 2804 5878 ‹
2822 5845 2868 5884 ο.
