4072 6340
231 373 339 438 Ί45
1050 373 1456 432 EXEGETICA.
1497 402 1568 414 —-
1602 369 1952 427 COMMENT.
1994 373 2060 429 IN
2097 373 2288 433 JOAN.
2321 406 2394 420 --
2427 378 2554 434 LIB.
2596 380 2637 434 I.

3368 384 3472 439 746

237 493 575 558 contradidit.
600 492 744 565 Ergo
777 492 865 548 alii
907 491 1246 562 evangelista:
1270 488 1544 545 Christum
1575 503 1641 542 ex
1666 494 1803 542 tem-
1827 493 1878 551 Α
1903 487 2114 558 quando
2136 497 2190 544 et
2221 489 2396 561 qualis
2429 500 2710 570 crearetur
2731 534 2746 562 ,
2795 508 3009 566 semper
3045 495 3212 554 fuisse
3251 499 3474 572 disposi-
3503 506 3514 516 '

234 603 362 663 pore
387 594 570 643 natum
617 586 945 647 describunt,
976 583 1210 640 Joannes
1236 586 1482 640 eumdem
1509 584 1562 638 in
1591 583 1797 655 princi-

232 684 319 756 pio
344 679 453 749 jam
487 679 650 733 fuisse
677 684 903 733 testatur
931 677 1142 731 discens
1179 695 1191 730 :
1241 697 1258 728 ι

302 786 329 815 ι
369 771 435 826 In
471 771 726 842 principio
774 778 887 823 erat
948 767 1187 821 Verbum.
1217 766 1367 833 Quod
1391 767 1596 822 duobus
1623 767 1798 823 modis

230 865 562 936 intelligitur.
595 861 729 918 Nam
770 861 933 916 Pater
955 859 1277 932 principium
1312 866 1410 923 est,
1445 860 1598 930 quasi
1630 859 1798 915 dixis-

229 969 309 1016 set
338 978 350 1013 :
380 957 445 1012 In
478 957 658 1012 Patre.
684 957 744 1011 ln
782 955 945 1010 Patre
981 963 1064 1012 est
1094 953 1265 1010 Filius
1286 994 1300 1020 ,
1357 970 1516 1025 quem
1561 955 1795 1010 Verbum

157 1055 161 1060 ί
227 1049 521 1105 nominavit
557 1048 660 1103 iste
703 1047 1049 1118 evangelista.
1108 1045 1218 1101 Nec
1257 1061 1355 1101 nos
1383 1060 1598 1101 movere
1639 1046 1797 1100 debet

227 1141 368 1212 quod
399 1141 452 1195 in
479 1139 823 1209 sequentibus
842 1136 1000 1206 hujus
1020 1137 1318 1208 Evangelii,
1349 1135 1547 1192 Iudaeis
1568 1136 1796 1192 interro-

223 1230 476 1304 gantibus
501 1229 622 1298 quis
668 1235 810 1283 esset
833 1227 948 1297 ipse
974 1227 1115 1283 Deus
1136 1269 1151 1293 ,
1189 1227 1284 1283 Dei
1308 1227 1474 1283 Filius
1503 1227 1667 1300 468
1706 1243 1794 1283 re-

222 1322 456 1392 spondit,
497 1321 844 1392 Principium,
873 1323 962 1391 qui
1003 1331 1052 1376 et
1095 1321 1281 1392 loquor
1306 1322 1445 1376 vobis
1470 1321 1649 1391 (Joan.
1675 1338 1791 1392 vm,

220 1414 334 1484 25).
366 1413 423 1469 Si
449 1414 589 1469 enim
618 1413 786 1469 Filius
835 1414 1153 1484 principium
1179 1423 1260 1469 est
1298 1415 1428 1486 [Al.,
1461 1414 1518 1469 Si
1540 1415 1682 1468 enim
1711 1414 1798 1469 Fi-

219 1505 324 1560 lius
361 1513 646 1577 generatus
691 1522 798 1562 non
855 1515 999 1561 esset
1026 1523 1056 1560 a
1094 1505 1304 1578 Patre],
1358 1507 1448 1576 qui
1493 1507 1654 1561 habet
1693 1505 1796 1560 Pa-

220 1606 393 1663 trem,
447 1604 646 1668 quanto
676 1595 888 1652 facilius
913 1596 1054 1652 Deus
1097 1597 1260 1652 Pater
1311 1597 1687 1669 intelligendus
1713 1606 1798 1652 est

217 1700 339 1742 esse
367 1686 710 1757 principium,
738 1688 828 1756 qui
850 1687 1010 1742 habet
1033 1688 1248 1757 quidem
1273 1688 1485 1753 Filium,
1520 1689 1606 1744 cui
1635 1688 1797 1743 Pater

216 1778 322 1842 sit;
363 1775 532 1832 Filius
559 1778 724 1843 enim,
753 1777 930 1832 Patris
957 1787 1040 1833 est
1064 1778 1258 1844 Filius;
1317 1788 1372 1834 et
1405 1779 1566 1833 Pater
1609 1779 1796 1850 utique

1899 585 2033 645 tum,
2056 587 2109 633 et
2130 580 2234 636 hoc
2252 591 2336 637 est
2357 583 2498 652 quod
2527 585 2603 639 ait
2627 603 2640 639 :

1968 671 2130 725 Vens.
2154 671 2208 725 4.
2247 703 2318 713 -
2348 671 2499 738 Quod
2529 675 2724 744 factum
2752 685 2846 742 est,
2868 678 2923 732 in
2948 679 3060 751 ipso
3094 683 3199 737 vita
3234 693 3367 739 erat.
3414 679 3474 742 Id

1897 768 1998 825 est,
2027 761 2168 830 quod
2208 759 2406 816 factum
2432 763 2483 816 in
2519 771 2778 834 tempore,
2804 767 2916 821 sive
2939 768 3118 824 vivum
3148 811 3163 836 ,
3202 772 3314 828 sive
3358 772 3472 830 vita

1897 865 2088 907 carens
2113 854 2380 923 apparuit,
2407 869 2566 909 omne
2605 855 2707 911 hoc
2752 859 2806 912 in
2853 859 3083 928 spiritali
3134 860 3353 920 factoris
3382 881 3471 920 ra-

1896 944 2041 999 tione
2063 946 2214 1015 quasi
2265 961 2477 1017 semper
2506 948 2744 1014 vixerat,
2787 957 2841 1004 et
2860 950 3024 1016 vivit;
3071 967 3180 1007 non
3227 955 3350 1024 quia
3385 971 3476 1011 co-

1895 1047 2156 1096 aeternum
2183 1049 2265 1096 est
2293 1039 2535 1096 Creatori
2559 1043 2701 1112 quod
2727 1045 2947 1109 creavit,
2974 1045 3067 1099 sed
3095 1046 3221 1115 quia
3251 1055 3474 1103 coaeter-

1894 1149 1964 1188 na
1988 1142 2070 1189 est
2099 1134 2172 1188 illi
2203 1135 2340 1188 ratio
2367 1135 2658 1190 voluntatis
2683 1151 2812 1199 suae,
2843 1136 2896 1190 in
2928 1153 3032 1206 qua
3062 1140 3129 1193 ah
3153 1148 3356 1195 aeterno
3381 1140 3473 1194 ha-

1895 1226 2010 1281 buit
2041 1236 2094 1282 et
2117 1228 2278 1282 habet
2305 1228 2431 1298 quid
2452 1236 2506 1282 et
2534 1229 2746 1298 quando
2781 1231 2986 1285 creavit
3019 1231 3170 1303 [Ms.,
3205 1231 3470 1302 crearet];

1896 1319 2128 1390 qualiter
2148 1327 2388 1374 creatum
2426 1321 2707 1390 gubernet,
2739 1328 2797 1374 ut
2829 1331 3074 1388 maneat;
3110 1323 3176 1377 ad
3209 1339 3371 1392 quem
3413 1324 3475 1378 fi-

1896 1426 2020 1464 nem
2043 1411 2248 1481 singula
2279 1426 2397 1480 qua:
2427 1411 2629 1466 creavit
2657 1413 2934 1482 perducat.
2973 1433 2990 1466 ι
3035 1414 3159 1470 Ideo
3185 1415 3259 1469 ita
3283 1414 3476 1470 distin-

1898 1505 2162 1575 guendum
2199 1512 2253 1559 ct
2283 1503 2722 1560 subinferendum
2749 1514 2850 1571 est,
2874 1506 3028 1575 quasi
3058 1507 3159 1561 alia
3183 1523 3316 1563 voce
3341 1549 3355 1573 ,
3406 1506 3473 1562 In

1896 1597 2006 1665 ipso
2031 1597 2138 1649 vita
2172 1604 2303 1650 erat.
2335 1593 2472 1662 Quia
2511 1596 2769 1666 quidquid
2807 1611 2906 1666 per
2939 1597 3115 1667 ipsum
3143 1597 3342 1653 factum
3365 1604 3471 1662 est,

1895 1688 2058 1741 etiam
2085 1695 2138 1741 et
2163 1687 2217 1742 in
2246 1687 2362 1756 ipso
2388 1688 2539 1742 vivit.
2573 1687 2725 1742 Sicut
2747 1703 2835 1743 ars
2863 1689 2917 1743 in
2943 1689 3122 1744 animo
3145 1689 3368 1743 artificis
3394 1688 3476 1742 vi-

1896 1779 1993 1841 vit,
2013 1779 2137 1833 licet
2161 1778 2382 1833 arcavel
2399 1779 2540 1833 aliud
2567 1779 2768 1847 aliquid
2793 1781 2860 1834 ab
2883 1779 3000 1848 ipso
3021 1777 3241 1842 factum,
3261 1787 3469 1848 pereat.

215 1867 336 1923 Filii
362 1867 521 1922 Pater
548 1878 650 1933 est,
684 1877 738 1924 et
758 1867 922 1924 Pater
946 1870 1104 1934 Deus,
1135 1870 1229 1925 sed
1256 1886 1362 1925 non
1397 1871 1461 1925 de
1483 1870 1592 1926 Deo
1611 1870 1786 1946 Deus;
1821 1877 1868 1936 B
1899 1871 2189 1941 Sequitur:
2227 1889 2246 1922 ι
2280 1870 2350 1924 Et
2401 1872 2507 1925 vita
2527 1880 2640 1925 erat
2699 1871 2790 1925 lux
2817 1872 3104 1925 hominum.
3136 1872 3252 1938 Quo
3307 1871 3474 1926 verbo

214 1964 385 2021 Filius
408 1979 569 2019 verus
603 1961 760 2035 [Ms.,
788 1964 956 2020 Filius
1001 1963 1153 2037 vero]
1185 1965 1323 2020 Deus
1348 1965 1412 2018 de
1455 1965 1565 2020 Deo
1588 1973 1690 2020 est.
1726 1965 1795 2020 Et

215 2053 378 2108 Pater
406 2053 602 2109 dicitur
651 2053 830 2110 lumen
865 2095 879 2120 ,
931 2055 1024 2110 sed
1061 2070 1169 2111 non
1212 2057 1278 2109 de
1321 2054 1564 2110 lumine:
1624 2055 1793 2112 Filius

213 2143 414 2200 dicitur
459 2145 638 2200 lumen
668 2185 683 2212 ,
732 2146 825 2201 sed
871 2145 1053 2200 lumen
1100 2146 1166 2200 de
1212 2145 1432 2200 lumine.
1488 2146 1579 2202 Sic
1629 2145 1796 2203 Pater

212 2233 535 2305 principium
562 2274 578 2301 ,
616 2235 709 2289 sed
737 2249 845 2289 non
899 2236 965 2290 de
1008 2235 1274 2304 principio
1306 2253 1320 2289 :
1367 2235 1537 2291 Filius
1581 2237 1792 2306 princi-

208 2324 386 2396 pium,
417 2325 507 2380 sed
531 2340 561 2378 a
600 2325 865 2394 principio
909 2323 1252 2394 principium.
1300 2323 1451 2390 Quod
1481 2325 1625 2380 enim
1675 2335 1794 2382 erat

208 2431 270 2471 in
300 2414 589 2485 principio,
621 2429 727 2468 non
756 2413 939 2467 linitur
979 2421 1252 2484 tempore,
1283 2429 1392 2468 non
1421 2417 1684 2486 principio
1716 2418 1794 2473 in-

209 2503 448 2557 choatur
472 2498 600 2573 [Με.
631 2509 678 2554 et
699 2500 864 2568 Beda,
889 2515 990 2557 nec
1019 2501 1282 2572 principio
1315 2506 1663 2572 praevenitur,
1685 2523 1791 2563 om.

209 2589 313 2644 (in.
348 2589 504 2662 seq.].
533 2589 701 2645 Filius
719 2590 1038 2662 principium
1068 2607 1174 2647 non
1188 2591 1373 2647 ﬁnitur
1401 2602 1662 2665 tempore,
1684 2610 1793 2651 non

211 2680 485 2752 principio
507 2682 850 2751 praevenitur,
875 2682 988 2738 sive
999 2683 1066 2738 ad
1086 2691 1453 2739 creaturarum
1469 2686 1793 2757 principium

210 2773 298 2828 vel
349 2781 650 2842 temporum
677 2764 812 2829 velis
843 2773 1048 2831 referre
1085 2775 1226 2845 quod
1272 2777 1382 2832 ait:
1417 2777 1486 2832 In
1538 2781 1793 2852 principio

209 2873 326 2917 erat
377 2861 618 2918 Verbum.
674 2865 943 2936 Quidquid
984 2875 1353 2924 creaturarum
1377 2909 1392 2935 ,
1439 2870 1794 2943 quodcunque

209 2954 540 3023 principium
563 2955 748 3010 habuit
771 2964 832 3011 ut
845 2966 1011 3023 esset,
1027 2965 1146 3014 erat
1173 2967 1299 3016 tunc
1309 2961 1544 3016 Verbum
1560 2962 1677 3028 Dei,
1695 2979 1794 3033 per

209 3047 356 3116 quod
376 3045 518 3102 facta
551 3056 677 3104 sunt
702 3050 902 3104 omnia.
926 3050 1050 3107 Ideo
1071 3060 1264 3122 quater
1290 3052 1422 3108 dicit
1442 3054 1790 3124 evangelista,

215 3138 374 3205 Erat,
398 3148 530 3206 erat,
553 3150 687 3208 erat,
727 3152 872 3208 erat,
915 3151 974 3198 ut
1007 3144 1332 3216 intelligeres
1373 3147 1519 3201 omni
1553 3155 1792 3220 tempore

1893 1970 2076 2032 aperte
2107 1963 2328 2018 docetur
2343 1963 2483 2031 quod
2505 1961 2618 2031 ipsa
2646 1961 2825 2016 vitalis
2852 1961 3019 2024 ratio,
3054 1975 3149 2029 per
3173 1976 3334 2031 quam
3357 1975 3476 2015 om-

1891 2053 1980 2108 nia
2005 2053 2264 2124 diSposita
2294 2062 2419 2109 sunt
2456 2059 2511 2106 et
2548 2059 2826 2123 reguntur,
2853 2066 2961 2107 non
2988 2065 3204 2106 omnem
3255 2055 3474 2104 creatu-

1892 2158 2026 2207 ram,
2051 2142 2142 2198 sed
2176 2142 2547 2197 rationabilem
2577 2148 2807 2207 tantum,
2840 2148 2902 2196 ut
2922 2155 3111 2210 sapere
3133 2139 3325 2210 possit,
3351 2137 3473 2192 illu-

1891 2235 2081 2290 minat.
2109 2234 2367 2289 Homines
2394 2247 2648 2302 namque,
2674 2232 2766 2302 qui
2796 2232 2864 2286 ad
2909 2232 3196 2301 imaginem
3220 2229 3316 2284 Dei
3346 2228 3476 2283 facti

1892 2333 2038 2390 sunt,
2059 2324 2336 2395 percipere
2357 2323 2672 2393 sapientiam
2692 2331 2937 2391 possunt,
2955 2320 3204 2376 animalia
3225 2335 3330 2374 non
3353 2333 3477 2388 pos-

1893 2423 2035 2472 sunt.
2069 2415 2176 2470 Sed
2212 2423 2267 2470 et
2293 2413 2540 2469 animalis
2571 2413 2876 2483 quicunque
2898 2421 2980 2468 est
3006 2414 3187 2476 homo,
3221 2426 3330 2467 non
3353 2425 3477 2479 per-

1893 2505 2024 2574 cipit
2047 2519 2112 2560 ea
2150 2518 2269 2573 quae
2300 2510 2426 2559 sunt
2457 2501 2690 2572 Spiritus
2727 2503 2822 2556 Dei
2852 2502 2906 2575 (Ι
2929 2501 3048 2556 Cor.
3081 2518 3140 2566 ιι,
3179 2500 3290 2571 14).
3321 2499 3475 2555 Unde

1886 2595 2029 2652 bene
2054 2611 2178 2650 cum
2225 2595 2451 2651 dixisset
2477 2611 2490 2648 :
2523 2593 2593 2648 Et
2622 2594 2727 2648 vita
2755 2602 2868 2647 erat
2899 2592 2991 2646 lux
3019 2593 3308 2656 hominum,
3342 2589 3470 2644 sub-

1884 2687 2064 2758 junxit
2086 2695 2142 2744 et
2167 2688 2232 2743 de
2258 2688 2344 2743 his
2374 2686 2487 2757 qui,
2514 2685 2584 2740 ab
2621 2685 2869 2740 humanae
2897 2683 3222 2740 conditionis
3267 2682 3476 2736 honore

1890 2780 2077 2851 procul
2105 2780 2431 2842 recedentes,
2461 2777 2753 2846 comparati
2788 2784 2912 2830 sunt
2931 2773 3188 2845 jumentis
3213 2770 3474 2840 insipien-

1890 2873 2054 2937 tibus,
2083 2879 2138 2926 et
2163 2871 2365 2926 similes
2391 2869 2518 2925 facti
2568 2877 2694 2924 sunt
2721 2867 2846 2934 illis,
2873 2875 3035 2937 atque
3062 2865 3184 2920 ideo
3208 2871 3355 2918 recte
3380 2877 3475 2918 ve-

1891 2963 2070 3018 ritatis
2094 2962 2212 3018 luce
2241 2962 2542 3032 privantur.

1962 3057 2125 3112 Vsus.
2148 3055 2202 3111 5.
2230 3086 2302 3097 —
2326 3056 2396 3109 Et
2427 3055 2539 3120 lux,
2566 3053 2758 3124 inquit,
2787 3053 2842 3107 in
2887 3051 3110 3107 tenebris
3138 3049 3294 3115 lucet,
3316 3057 3366 3103 et
3402 3056 3478 3103 te-

1893 3145 2064 3200 nebrae
2090 3162 2206 3200 eam
2254 3161 2358 3200 non
2413 3141 2930 3214 comprehenderunt.
2989 3140 3106 3194 Lux
3140 3139 3339 3209 quippe
3394 3145 3479 3194 est

211 3228 372 3302 μη,
401 3232 580 3287 omnia
640 3233 903 3306 tempora]
949 3235 1272 3304 praevenisse
1311 3245 1637 3294 coaeternum
1683 3238 1794 3297 Deo
1818 3234 1868 3300 C
1897 3238 2177 3294 hominum
2210 3237 2479 3303 Christus,
2505 3235 2631 3306 quia
2660 3234 2860 3298 omnia,
2890 3247 3010 3303 quae
3048 3231 3339 3287 illuminari
3364 3246 3480 3286 me-

211 3318 367 3375 Patri
391 3322 672 3377 Verbumr

289 3431 309 3464 ι
348 3412 452 3467 Alii
483 3413 823 3483 evangelista:
846 3415 987 3471 inter
1007 3417 1250 3474 homines
1273 3418 1451 3475 subito
1483 3419 1797 3491 apparuisse

214 3504 310 3560 Dei
376 3503 570 3558 Filium
627 3505 996 3562 demonstrant
1055 3508 1262 3580 [Beda,
1319 3511 1792 3581 commemorant];

214 3596 410 3650 beatus
433 3593 668 3652 Joannes
706 3599 845 3666 apud
879 3599 1048 3653 Deum
1085 3615 1297 3670 semper
1345 3600 1510 3658 fuisse
1535 3604 1790 3670 declarat,

214 3687 406 3742 dicens
439 3703 452 3739 :
489 3685 555 3740 Et
589 3685 811 3741 Verbum
836 3698 948 3742 erat
981 3690 1122 3760 apud
1135 3691 1324 3745 Deum.
1347 3691 1588 3748 Aliieum
1607 3711 1796 3751 verum

216 3779 491 3834 hominem
516 3819 531 3843 ,
581 3779 668 3834 ille
695 3780 868 3849 ipsum
902 3796 1091 3837 verum
1133 3783 1419 3838 continuat
1454 3801 1574 3842 esse
1599 3786 1792 3855 Deum,

217 3869 448 3926 dicens:
482 3868 550 3923 Et
601 3868 738 3924 Deus
777 3879 887 3924 erat
941 3869 1180 3925 Verbum.
1211 3872 1315 3927 Alii
1364 3875 1637 3931 hominem
1671 3893 1826 3933 eum:

217 3963 360 4035 apud
411 3962 656 4018 homines
683 3963 1050 4033 temporaliter
1087 3973 1485 4030 conversatum,
1513 3968 1604 4022 ille
1626 3968 1796 4025 Deum

220 4052 360 4124 apud
382 4052 551 4107 Deum
592 4051 648 4106 in
679 4052 942 4122 principio
969 4062 1276 4109 manentem
1327 4056 1584 4122 ostendit,
1614 4059 1797 4114 dicens

220 4147 410 4219 (Vsus.
443 4147 541 4218 2):
589 4146 703 4202 Hoc
724 4159 835 4202 erat
878 4149 934 4203 in
977 4150 1230 4221 principio
1275 4152 1414 4221 apud
1444 4151 1631 4205 Deum.
1667 4171 1686 4203 ›
1739 4149 1798 4206 Si

219 4240 384 4294 etiam
441 4238 686 4308 superius
716 4239 1034 4316 principium
1068 4242 1134 4296 ad
1167 4241 1382 4297 Patrem
1420 4242 1608 4297 referri
1644 4240 1795 4314 [Ms.,

220 4322 448 4400 referre]
464 4329 655 4398 placet,
674 4339 728 4386 et
754 4331 857 4386 hoc
880 4346 1110 4400 sequens
1135 4332 1458 4403 principium
1493 4333 1559 4388 ad
1576 4342 1796 4390 creatu-
1817 4357 1836 4374 ο

221 4438 329 4488 ras,
369 4422 684 4493 intelligitur
710 4424 1038 4480 :eternaliter
1069 4423 1321 4492 Verbum,
1356 4428 1409 4481 id
1438 4433 1522 4482 est
1571 4425 1796 4494 Filium,

221 4524 340 4568 esse
366 4510 497 4583 [Ms.
530 4521 578 4566 et
610 4512 773 4577 Beda,
788 4512 981 4569 Filium
1004 4513 1098 4570 Dei
1125 4513 1266 4584 esse]
1288 4517 1341 4570 in
1363 4515 1541 4580 Patre,
1571 4524 1624 4571 et
1639 4529 1798 4571 omne

1897 3337 2102 3395 rentur,
2135 3329 2298 3386 corda
2324 3328 2600 3384 hominum
2627 3342 2738 3382 suae
2758 3325 3045 3395 praesentia
3064 3323 3390 3394 cognitionis
3417 3321 3482 3378 il-

1896 3421 2110 3475 lustrat.
2129 3419 2389 3474 Tenehrze
2414 3427 2596 3473 autem
2633 3416 2783 3472 stulti
2809 3424 2935 3472 sunt
2964 3423 3020 3471 et
3048 3415 3217 3484 iniqui
3246 3429 3478 3484 quorum

1896 3526 2037 3567 caeca
2059 3511 2372 3581 praecordia,
2399 3510 2491 3564 lux
2529 3517 2746 3564 aaternze
2791 3509 3084 3579 sapientiae,
3117 3507 3297 3577 qualia
3331 3507 3441 3561 sint
3461 3546 3478 3574 ,

1895 3602 2180 3658 manifeste
2200 3603 2496 3674 cognoscit,
2525 3601 2773 3672 quamvis
2800 3602 2902 3672 ipsi
2927 3601 3108 3656 radios
3137 3599 3377 3672 ejusdem
3398 3599 3481 3654 lu-

1896 3692 1976 3750 cis
2003 3708 2341 3763 nequaquam
2375 3707 2569 3762 capere
2629 3709 2727 3763 per
2773 3680 3187 3763 intelligentiam
3231 3691 3474 3763 possint;

1896 3784 2063 3840 veluti
2088 3785 2133 3840 si
2154 3785 2380 3854 quilibet
2405 3800 2578 3840 caecus
2595 3782 2789 3853 jubare
2811 3784 2942 3839 solis
2967 3781 3338 3854 perfundatur,
3371 3797 3476 3838 nec

1897 3885 2077 3931 tamen
2111 3877 2224 3945 ipse
2268 3876 2455 3940 solem,
2489 3877 2644 3945 cujus
2682 3875 2882 3930 lumine
2924 3872 3262 3942 perfunditur
3285 3913 3298 3937 ,
3329 3872 3476 3941 aspi-

1898 3967 2032 4032 ciat;
2065 3986 2083 4018 ι
2123 3967 2318 4021 talibus
2339 3967 2519 4020 divina
2537 3966 2804 4022 consuluit
2824 3965 3219 4030 misericordia,
3249 3963 3482 4034 qualiter

1895 4056 2176 4127 pervenire
2201 4055 2428 4124 possint,
2480 4064 2542 4110 ut
2577 4055 2723 4111 illam
2754 4070 2933 4110 veram
2963 4055 3138 4109 lucem
3172 4061 3477 4118 cernerent,

1897 4157 1954 4202 et
1973 4146 2137 4219 ἥδε
2159 4155 2340 4203 essent
2360 4147 2454 4201 lilii
2474 4147 2629 4213 lucis,
2653 4147 2744 4218 qui
2761 4146 2976 4202 fuerunt
2997 4145 3090 4200 ﬁlii
3114 4147 3477 4201 tenebrarum.

1898 4240 1966 4294 Et
2004 4241 2162 4310 hujus
2187 4239 2508 4310 cognitionis
2535 4239 2746 4295 initium
2777 4237 2914 4304 fuit,
2942 4239 3084 4308 quod
3111 4239 3393 4309 sequitur:

1970 4334 2132 4393 Vsus.
2166 4333 2218 4397 6,
2249 4331 2301 4385 7.
2335 4361 2402 4372 --
2427 4349 2447 4383 ι
2490 4329 2616 4385 Fuit
2648 4331 2802 4386 homo
2828 4331 3016 4385 missus
3047 4347 3080 4384 a
3114 4329 3246 4395 Deo,
3275 4330 3360 4384 cui
3388 4347 3483 4386 no-

1899 4441 2018 4479 men
2044 4431 2156 4477 erat
2183 4423 2453 4487 Joannes;
2500 4423 2584 4477 hic
2630 4424 2763 4476 venit
2783 4423 2839 4476 in
2863 4422 3232 4487 testimonium,
3263 4431 3319 4476 ut
3341 4424 3481 4478 testi-

1901 4515 2132 4571 monium
2181 4513 2466 4584 perhiberet
2509 4512 2573 4567 de
2617 4513 2834 4580 lumine,
2886 4522 2943 4567 ut
2994 4529 3170 4567 omnes
3216 4512 3482 4568 crederent

221 4612 597 4662 creaturarum
629 4605 951 4675 principium
999 4622 1093 4661 sua
1133 4609 1366 4663 essentia
1395 4610 1606 4679 praeire.
1645 4628 1662 4660 ι
1692 4608 1796 4666 Alii
1826 4592 1878 4653 Ῑ)
1899 4625 1990 4680 per
2008 4606 2179 4661 illum.
2219 4605 2335 4661 Non
2361 4606 2456 4670 ait,
2484 4613 2544 4660 ut
2569 4620 2756 4660 omnes
2784 4604 3068 4660 crederent
3089 4605 3143 4659 in
3170 4604 3334 4660 illum.
3365 4605 3483 4659 Ma-

222 4694 636 4766 magnaliaquae
665 4694 720 4750 in
765 4695 982 4752 homine
1010 4698 1175 4768 gessit
1203 4700 1505 4769 perhibent,
1537 4701 1626 4756 ille
1655 4699 1798 4770 quod

222 4802 444 4843 omnem
495 4794 800 4843 creaturam
850 4787 1115 4844 visibilem
1145 4796 1199 4844 et
1238 4790 1558 4846 invisibilem
1587 4807 1684 4861 per
1720 4792 1802 4861 ip-

225 4894 348 4935 sum
377 4878 520 4934 Deus
561 4877 769 4944 fecerit,
797 4877 979 4943 docet,
1038 4879 1222 4936 dicens
1249 4881 1431 4951 (Vens.
1463 4882 1558 4952 5):
1609 4879 1801 4936 Omnia

224 4989 318 5042 per
345 4971 520 5043 ipsum
561 4971 704 5041 facta
735 4980 892 5037 sunt,
937 4980 983 5026 et
1011 4972 1122 5026 sine
1148 4973 1260 5042 ipso
1293 4973 1492 5042 factum
1535 4982 1610 5028 est
1649 4973 1799 5029 nihil.

227 5059 288 5118 Si
318 5062 463 5118 enim
491 5061 624 5117 nihil
645 5069 1014 5117 creaturarum
1041 5061 1156 5116 sine
1184 5062 1302 5132 ipso
1324 5061 1522 5117 factum
1547 5070 1669 5128 est,
1712 5078 1806 5133 pa-

228 5160 310 5209 tet
333 5151 578 5224 profecto
604 5153 727 5223 quia
764 5153 876 5223 ipse
905 5159 1149 5207 creatura
1170 5169 1278 5208 non
1326 5161 1444 5218 est,
1493 5169 1592 5224 per
1644 5170 1802 5225 quem

229 5248 411 5303 omnis
442 5257 688 5304 creatura
714 5246 853 5302 facta
884 5253 986 5306 est.
1027 5247 1094 5302 Et
1119 5261 1186 5302 ne
1213 5248 1332 5316 quis
1359 5247 1584 5303 audiens
1606 5246 1804 5301 factam

230 5355 331 5410 per
359 5341 454 5396 Dei
481 5326 677 5396 Filium
725 5348 1024 5398 creaturam
1051 5381 1066 5406 ,
1110 5340 1423 5396 mutabilem
1469 5340 1652 5395 credat
1689 5337 1804 5407 ejus

236 5431 594 5497 voluntatem,
644 5433 796 5503 quasi
826 5433 917 5501 qui
967 5431 1144 5486 subito
1189 5430 1350 5486 vellet
1377 5429 1554 5486 facere
1592 5439 1802 5485 creatu-

236 5534 378 5589 ram,
401 5539 560 5594 quam
589 5526 656 5579 ab
704 5531 906 5579 aeterno
941 5538 1214 5594 nunquam
1250 5529 1375 5577 ante
1404 5521 1649 5590 fecisset;
1692 5538 1808 5578 ma-

239 5613 438 5668 nifeste
486 5613 642 5668 docet
681 5613 1036 5685 Evangelista,
1066 5613 1262 5669 factam
1318 5612 1532 5682 quidem
1568 5613 1622 5668 in
1675 5620 1810 5668 tem-

239 5710 376 5768 pore
402 5708 730 5770 creaturam,
750 5704 846 5760 sed
884 5705 940 5759 in
965 5712 1163 5761 aeterna
1200 5703 1470 5760 Creatoris
1508 5704 1768 5774 sapientia
1792 5745 1807 5770 ,

1904 4697 2120 4753 (edictus
2141 4698 2278 4751 enim
2314 4697 2488 4762 homo,
2517 4697 2606 4766 qui
2634 4694 2848 4764 conﬁdit
2878 4695 2934 4748 in
2973 4694 3209 4760 homine,
3239 4704 3288 4748 et
3334 4695 3482 4766 ponit

1906 4804 2111 4843 carnem
2140 4787 2408 4841 brachium
2444 4803 2596 4839 suum
2626 4785 2840 4857 (Jerem.
2881 4801 3013 4851 xvu,
3041 4784 3118 4858 5).
3144 4785 3250 4841 Sed
3283 4793 3341 4842 ut
3368 4803 3482 4843 om-

1906 4897 2024 4949 nes,
2048 4881 2239 4951 inquit,
2264 4881 2546 4936 crederent
2577 4895 2674 4949 per
2711 4879 2886 4946 illum,
2915 4881 3018 4936 hoc
3044 4888 3126 4936 est
3149 4920 3165 4946 ,
3212 4888 3272 4934 ut
3295 4896 3393 4950 per
3416 4881 3484 4935 il-

1907 4971 2012 5027 lius
2038 4972 2404 5028 testimonium
2424 4970 2707 5026 crederent
2738 4972 2792 5025 in
2818 4971 3015 5038 lucem,
3040 4987 3202 5042 quam
3251 4971 3480 5028 necdum

1910 5064 2092 5119 videre
2111 5072 2388 5127 noverant,
2411 5063 2694 5118 Dominum
2714 5063 2962 5119 videlicet
2989 5062 3169 5119 Jesum
3185 5061 3477 5131 Christum,

1911 5159 2003 5228 qui
2030 5159 2094 5212 de
2123 5158 2298 5227 seipso
2331 5165 2556 5213 testatur
2581 5177 2592 5212 :
2629 5158 2741 5230 Ego
2774 5176 2889 5216 sum
2917 5159 3009 5213 tua:
3034 5158 3214 5214 mundi
3240 5174 3258 5213 :
3281 5158 3372 5229 qui
3400 5175 3480 5213 se-

1908 5248 2083 5317 quitur
2107 5264 2206 5311 me,
2235 5264 2336 5301 non
2364 5247 2649 5310 ambulabit
2678 5247 2830 5320 [Ms.,
2866 5247 3118 5320 ambulat]
3152 5249 3206 5302 in
3235 5249 3480 5319 tenebris,

1907 5337 1999 5392 sed
2024 5337 2228 5391 habebit
2261 5336 2435 5393 lumen
2474 5340 2587 5394 vita:
2619 5337 2798 5409 (Joarr.
2823 5355 2943 5406 vut,
2977 5339 3085 5411 12).
3116 5338 3406 5408 Sequitur:

1979 5429 2140 5484 Vnus.
2169 5431 2222 5496 8,
2248 5431 2300 5486 9.
2331 5462 2402 5471 —
2422 5431 2544 5486 Non
2570 5441 2680 5486 erat
2703 5431 2792 5486 ille
2817 5431 3031 5497 lux,scd
3052 5441 3109 5486 ut
3130 5432 3478 5489 testimonium

1905 5520 2192 5590 perhiberet
2217 5521 2281 5575 de
2308 5521 2534 5587 lumine;
2588 5534 2698 5576 erat
2725 5523 2817 5576 lux
2854 5540 3005 5589 vera,
3056 5540 3171 5594 qua:
3219 5524 3478 5580 illuminat

1907 5633 2108 5671 omnem
2145 5618 2403 5672 hominem
2430 5618 2704 5673 venientem
2753 5619 2806 5672 in
2835 5616 3036 5690 [hunc]
3093 5619 3364 5673 mundum.
3413 5619 3475 5673 Et

1907 5708 2076 5764 sancti
2101 5709 2317 5780 quidem
2350 5709 2593 5765 homines
2640 5706 2731 5764 lux
2778 5715 2904 5764 sunt
2952 5717 3098 5764 recte
3123 5708 3302 5766 vocati
3329 5748 3345 5779 ,
3398 5708 3470 5765 di-

321 5809 430 5870 ⁸1η
471 5815 704 5872 editione
745 5792 1184 5888 Argentoratensi
1216 5815 1307 5873 hic
1354 5815 1610 5873 inseritur
1655 5820 1816 5887 caput
1854 5817 2107 5887 primum.

605 5909 878 5970 Parnm.
924 5907 968 5969 C

3081 5910 3158 5972 24
