4072 6340
578 371 678 428 751

1437 370 1498 425 B.
1539 370 1602 424 F.
1638 365 1866 425 ALBINI
1903 367 2039 427 SEU
2076 367 2353 426 ALCUINI
2389 365 2679 425 OPERUM
2714 363 2896 421 PARS
2932 364 2995 419 Il.

3736 370 3874 430 752

573 490 771 554 cantus
790 487 1045 553 extollat;
1093 499 1162 542 ne
1192 486 1236 540 si
1271 485 1514 555 ingratus
1539 482 1783 552 largitori
1813 481 2152 547 remanserit,
2181 480 2232 542 Α
2257 477 2525 534 lutaribus
2541 476 2794 541 instituit,
2812 491 2932 546 quae
2948 474 2992 530 si
3007 481 3248 530 servaret
3268 473 3652 548 [Al.,instituit
3670 479 3714 539 si
3727 480 3875 539 haec

571 585 770 659 perdat
817 580 1019 639 bonum
1061 578 1202 648 quod
1246 575 1472 645 accepit.
1532 573 1667 629 Cum
1705 581 1887 628 autem
1931 574 2156 630 dixisset

575 676 928 749 evangelista,
954 686 1052 726 nos
1084 683 1272 724 omnes
1307 667 1376 721 de
1414 665 1747 736 plenitudine
1773 663 1975 720 Christi
2001 660 2157 720 acce-

571 770 742 841 pisse,
770 763 1050 824 confestim
1075 757 1351 828 subjunxit
1377 765 1433 812 et
1455 756 1567 811 ait:
1607 754 1849 811 Gratiam
1896 771 1990 826 pro
2033 771 2157 827 gra-

572 861 672 915 tia.
711 857 991 914 Geminam
1017 867 1145 922 ergo
1182 863 1282 904 nos
1309 847 1538 919 gratiam
1581 847 1854 917 accepisse
1900 853 2152 913 testatur,

569 967 738 1010 unam
762 948 1011 1005 videlicet
1036 947 1092 1001 in
1128 941 1406 1016 praesenti,
1451 941 1678 995 alteram
1712 954 1840 995 vero
1865 939 1920 994 in
1946 937 2149 995 futuro.

569 1053 631 1108 in
655 1049 906 1122 praisenti
928 1047 1143 1118 quidem
1177 1045 1360 1109 ﬁdem,
1391 1059 1511 1112 quae
1543 1056 1641 1114 per
1664 1039 2003 1096 dilectionem
2025 1049 2154 1106 ope-

568 1150 754 1206 ratur;
791 1140 848 1194 in
875 1137 1038 1212 472
1067 1135 1246 1192 futuro
1271 1143 1450 1190 autem
1473 1133 1639 1188 vitam
1665 1140 1942 1186 mternam.
1993 1126 2154 1184 Fides

563 1233 785 1306 quidem
827 1231 979 1305 [Ms.,
1011 1228 1250 1302 quippe],
1276 1243 1396 1300 qua:
1435 1241 1533 1297 per
1576 1223 1918 1280 dilectionem
1961 1234 2155 1291 opera-

563 1337 680 1394 tur,
726 1325 899 1398 gratia
945 1323 1040 1378 Dei
1088 1330 1189 1388 est,
1230 1322 1356 1392 quia
1400 1320 1542 1390 quod
1566 1318 1870 1382 credimus,
1910 1323 1966 1371 et
1993 1313 2150 1387 μη,

564 1415 696 1486 quia
722 1422 782 1468 ut
832 1413 1178 1468 crederemus
1197 1452 1210 1476 ,
1242 1407 1334 1482 ut]
1360 1417 1421 1462 ut
1446 1407 1750 1478 diligamus,
1777 1413 1837 1459 ut
1864 1419 2153 1475 operemur

561 1511 707 1566 bona
732 1522 852 1578 qua:
872 1505 1120 1560 novimus
1136 1545 1152 1570 ,
1194 1519 1301 1558 non
1328 1502 1452 1557 ullis
1486 1499 1917 1571 praecedentibus
1941 1497 2151 1553 meritis

559 1599 782 1662 nostris,
836 1598 932 1653 sed
978 1598 1094 1667 ipso
1135 1595 1396 1666 largiente
1437 1592 1794 1665 percepimus,
1835 1591 1929 1662 qui
1979 1590 2146 1646 dicit:

566 1690 692 1745 Non
721 1705 810 1745 vos
840 1703 921 1742 me
945 1687 1194 1758 elegistis,
1221 1685 1312 1741 sed
1338 1702 1430 1756 ego
1457 1683 1587 1755 elegi
1612 1701 1701 1738 vos
1723 1725 1737 1749 ,
1774 1691 1822 1737 et
1854 1682 2004 1754 posui
2037 1699 2149 1747 vos,

559 1791 620 1837 ut
649 1781 780 1836 eatis
830 1790 878 1836 et
929 1779 1160 1850 fructum
1195 1777 1432 1847 a/feratis
1479 1774 1660 1847 (Joan.
1709 1789 1799 1839 xv,
1843 1772 1954 1844 16).
1992 1772 2060 1828 Et
2089 1779 2152 1827 ut

2257 568 2546 641 servaret],
2571 577 2772 623 terram
2807 567 3240 639 repromissionis
3276 568 3601 626 intraturum
3621 572 3748 628 etin
3784 587 3875 630 ea

2256 669 2516 734 perpetuo
2534 662 2803 716 victurum
2817 660 3096 732 promisit;
3120 661 3204 715 sin
3223 660 3374 728 alias,
3397 665 3873 733 prosternendnm

2257 753 2325 808 ab
2336 753 2580 808 hostibus
2593 751 2862 822 praedixit.
2880 749 3065 805 Gratia
3086 760 3142 806 et
3164 751 3366 808 veritas
3383 767 3481 822 per
3494 752 3678 810 Iesum
3687 753 3874 814 Chri—

2255 850 2396 900 stum
2421 842 2563 900 facta
2589 851 2708 909 est,
2749 843 2876 913 quia
2905 842 3030 898 dato
3049 842 3274 914 spiritus
3294 843 3378 900 sui
3398 844 3566 912 dono,
3595 856 3651 902 et
3671 846 3868 920 legem

2255 937 2570 1009 spiritaliter
2593 937 2817 1008 intelligi
2841 952 2905 993 ac
2927 952 3146 994 servare
3168 952 3328 1008 posse
3349 938 3573 995 donavit
3602 958 3615 994 :
3659 950 3717 997 et
3748 958 3868 1002 eos

2254 1029 2347 1101 qui
2374 1037 2614 1095 servant,
2661 1029 2717 1085 in
2752 1043 2938 1084 veram
2977 1029 3218 1086 celestis
3251 1029 3374 1085 vita:
3421 1029 3820 1091 beatitudinem
3845 1076 3862 1102 ,

2255 1139 2418 1197 quam
2442 1132 2586 1180 terra
2612 1123 3047 1196 repromissionis
3070 1123 3340 1195 signabat,
3365 1123 3678 1182 introducit.
3715 1127 3863 1196 Quae

2252 1217 2329 1274 sit
2357 1225 2541 1274 autem
2561 1231 2772 1272 summa
2792 1216 2979 1289 gratia:
3004 1224 3062 1272 et
3081 1217 3326 1273 veritatis
3345 1258 3360 1284 ,
3396 1234 3519 1289 qua:
3539 1235 3638 1292 per
3659 1219 3859 1278 Iesum

2253 1311 2527 1370 Christum
2549 1311 2693 1368 facta
2717 1321 2819 1379 est,
2835 1313 3168 1384 evangelista
3192 1313 3468 1370 subdendo
3490 1315 3808 1372 manifestat
3837 1336 3853 1372 :

2325 1404 2487 1459 Vens.
2530 1404 2617 1460 18.
2639 1434 2712 1444 -
2729 1403 2900 1460 Deum
2924 1421 3072 1459 nemo
3093 1405 3224 1459 vidit
3248 1421 3518 1476 unquam;
3548 1408 3857 1480 unigenitsts

2252 1496 2448 1564 Filius,
2478 1498 2569 1570 qui
2596 1508 2671 1553 est
2719 1499 2774 1553 in
2819 1499 2938 1553 sinu
2967 1495 3170 1565 Patris,
3221 1499 3330 1568 ipse
3371 1502 3657 1554 enarravit.
3688 1501 3856 1560 Nulla

2251 1593 2414 1648 etiam
2441 1593 2619 1664 gratia
2641 1592 2816 1661 major
2839 1591 3146 1648 hominibus
3168 1591 3286 1646 dari
3303 1631 3318 1659 ,
3357 1591 3504 1647 nulla
3525 1595 3723 1652 veritas
3763 1597 3856 1652 al-

2251 1681 2359 1738 tior
2381 1690 2557 1754 potest
2598 1684 2666 1739 ab
2707 1683 3016 1739 hominibus
3041 1684 3325 1755 cognosci,
3368 1699 3531 1754 quam
3550 1701 3614 1742 ea
3639 1687 3706 1743 de
3727 1705 3853 1759 qua

2251 1775 2560 1846 unigenitus
2587 1775 2756 1830 Filius
2795 1775 2889 1831 Dei
2938 1775 3052 1831 suis
3085 1773 3334 1830 ﬁdelibus
3371 1791 3637 1832 narrans:
3664 1777 3849 1846 Beati,

507 1856 516 1864 ’
559 1875 753 1941 vitam,
776 1881 996 1945 propter
1020 1872 1182 1927 fidem
1203 1879 1258 1926 et
1277 1869 1651 1935 dilectionem,
1684 1881 1782 1938 per
1804 1882 1969 1938 opera
2004 1868 2146 1923 bona
2173 1877 2223 1940 Β
2253 1867 2462 1938 inquit,
2491 1869 2687 1923 mundo
2721 1868 2909 1935 corde,
2948 1870 3202 1940 quoniam
3238 1868 3339 1940 ipsi
3372 1868 3661 1925 Dominum
3692 1871 3845 1944 [δίδη

558 1969 922 2042 percipiamus
950 1972 1206 2021 aitemam
1225 2005 1242 2031 ,
1293 1962 1468 2034 gratia
1494 1961 1591 2018 Dei
1618 1970 1731 2029 est;
1763 1961 1888 2033 quia
1913 1977 1982 2017 ne
2003 1977 2034 2016 a
2052 1961 2148 2017 bo-

561 2075 632 2116 no
661 2059 938 2116 deviemus
981 2057 1175 2112 itinere
1195 2095 1212 2121 ,
1252 2056 1370 2125 ipso
1397 2054 1533 2109 duce
1577 2067 1792 2123 semper
1816 2068 1952 2123 opus
1973 2051 2142 2108 habe-

557 2167 701 2216 mus,
730 2149 816 2206 cui
847 2147 1044 2204 dicitur
1075 2165 1090 2201 :
1120 2145 1301 2201 Deduc
1348 2161 1448 2210 me,
1473 2143 1719 2209 Domine,
1758 2143 1815 2197 in
1836 2143 1923 2197 via
1951 2151 2064 2208 tua,
2095 2149 2145 2196 et

558 2240 838 2298 ambulabo
864 2240 920 2294 in
945 2240 1162 2294 veritate
1191 2246 1284 2291 tua
1316 2233 1491 2308 (Psal.
1519 2250 1716 2298 Lxxxv,
1749 2233 1860 2306 11).
1887 2253 1906 2286 ι
1942 2231 2146 2288 Notan-

557 2337 686 2392 dum
711 2342 796 2390 est
821 2333 965 2404 quod
993 2331 1211 2402 quidam
1232 2329 1358 2385 libri
1386 2328 1618 2393 habent,
1656 2325 1769 2382 Nos
1801 2343 1976 2383 omnes
1998 2343 2146 2382 acce-

554 2430 729 2500 pimus
749 2427 814 2483 de
838 2423 1163 2498 plenitudine
1186 2423 1321 2493 ejus,
1352 2431 1401 2476 et
1421 2422 1647 2492 gratiam
1673 2437 1768 2492 pro
1797 2421 1989 2492 gratia.
2032 2419 2147 2474 Ali-

553 2518 686 2590 quid
710 2519 884 2589 primo
912 2517 978 2572 de
1006 2515 1337 2587 plenitudine
1362 2513 1478 2582 ejus
1509 2513 1845 2583 acccpimus;
1877 2522 1933 2569 et
1958 2520 2146 2584 postea

553 2613 785 2685 gratiam
809 2613 908 2683 pro
929 2610 1122 2682 gratia,
1157 2608 1211 2663 id
1238 2615 1351 2672 est,
1383 2607 1450 2662 de
1477 2605 1810 2677 plenitudine
1848 2604 1966 2674 ejus
1992 2619 2145 2661 acce-

551 2707 731 2777 pimus
759 2703 1135 2760 remissionem
1161 2707 1540 2771 peccatorum;
1581 2706 1638 2753 et
1665 2699 1893 2770 gratiam
1911 2740 1925 2764 ,
1955 2699 2009 2754 id
2037 2707 2142 2767 est,

549 2797 720 2852 vitam
745 2806 1020 2859 :eternam,
1048 2807 1148 2862 pro
1169 2791 1341 2863 gratia
1364 2791 1506 2858 fidei,
1533 2805 1653 2862 qua:
1677 2806 1776 2863 per
1801 2789 2144 2845 dilectionem

551 2894 828 2958 operatur.
869 2883 999 2952 Quae
1023 2885 1203 2939 omnia
1227 2898 1297 2938 ex
1318 2898 1427 2938 uno
1450 2883 1600 2938 fonte
1619 2881 1968 2954 plenitudinis
1987 2879 2145 2937 Chri-

549 2979 621 3034 sti
649 2975 805 3032 nobis
834 2974 1119 3046 provenire
1145 2973 1508 3030 certissimum
1529 2981 1632 3028 est.
1674 2972 1813 3040 Quid
1839 2988 1966 3044 ergo
1987 2988 2144 3028 acce-

546 3071 728 3142 pimus
759 3070 824 3125 de
843 3067 1176 3138 plenitudine
1200 3067 1462 3123 bonitatis
1482 3067 1661 3122 illius?
1698 3066 1918 3122 Scilicet
1951 3066 2144 3122 remis-

549 3161 756 3217 sionem
785 3164 1153 3230 peccatorum,
1192 3165 1253 3212 ut
1273 3157 1633 3228 justiﬁcemur
1658 3158 1714 3213 in
1741 3157 1866 3213 ﬁde.
1916 3157 2143 3230 Insuper

2243 1959 2437 2032 Deum]
2465 1960 2711 2015 videbunt
2737 1960 2955 2033 (Matth.
2986 1976 3042 2025 v,
3069 1959 3146 2032 8).
3187 1960 3258 2015 Et
3292 1961 3358 2016 de
3387 1976 3498 2032 qua
3530 1961 3682 2018 Patri
3714 1979 3845 2034 sup-

2243 2051 2454 2124 plicans
2479 2051 2596 2107 ait:
2632 2050 2763 2107 Hac
2811 2061 2886 2107 est
2933 2061 3108 2107 autem
3146 2053 3256 2108 vita
3285 2061 3507 2118 veterna,
3540 2063 3600 2108 ut
3653 2071 3846 2127 cogno-

2244 2154 2394 2200 scant
2417 2155 2466 2201 te
2490 2161 2692 2212 verum,
2741 2154 2791 2201 et
2832 2163 2997 2201 unum
3026 2145 3218 2211 Deum,
3263 2155 3310 2200 et
3349 2163 3504 2218 quem
3529 2147 3726 2202 misisti
3749 2149 3842 2204 Je-

2246 2252 2365 2291 sum
2395 2234 2661 2291 Christum
2689 2236 2872 2304 (Joan.
2898 2252 3033 2304 xvii,
3064 2236 3142 2308 3).
3185 2235 3317 2305 Quae
3344 2238 3609 2296 nimirum
3637 2241 3841 2297 beatis-

2245 2328 2381 2383 sima
2404 2328 2680 2400 perceptio
2707 2328 2895 2400 gratiae
2919 2336 2976 2383 et
3001 2328 3272 2395 veritatis,
3303 2329 3566 2399 quoniam
3593 2330 3652 2386 in
3685 2331 3842 2400 hujus

2245 2419 2426 2476 saeculi
2449 2420 2558 2474 vita
2589 2419 2708 2474 fieri
2733 2434 2840 2474 non
2863 2426 3062 2490 potest,
3094 2427 3244 2476 recte
3267 2419 3468 2476 dicitur
3494 2440 3508 2475 :
3555 2421 3733 2477 Deum
3756 2441 3842 2478 ne-

2244 2527 2330 2565 mo
2369 2510 2497 2564 vidit
2525 2526 2759 2582 unquam
2799 2509 2852 2582 (ι
2881 2509 3043 2565 Joan.
3073 2525 3148 2577 tv,
3169 2509 3252 2581 2),
3296 2510 3350 2566 id
3374 2518 3480 2578 est,
3524 2527 3690 2568 nemo
3719 2530 3838 2570 cor.

2243 2605 2486 2677 ruptibili
2516 2605 2695 2660 adhuc
2717 2645 2732 2672 ,
2781 2612 2836 2662 et
2879 2603 3094 2660 mortali
3134 2619 3300 2660 carne
3327 2605 3721 2672 circumdatus,
3755 2608 3835 2662 in-

2245 2699 2713 2769 circumscriptam
2765 2699 3062 2754 divinitatis
3112 2705 3292 2770 potest
3346 2698 3525 2755 lucem
3571 2702 3838 2756 contueri.

2245 2789 2399 2847 Unde
2421 2789 2759 2847 manifestius
2790 2789 2923 2846 dicit
2948 2790 3239 2860 Apostolus
3269 2808 3283 2844 :
3321 2788 3489 2857 Quem
3527 2808 3680 2848 nemo
3717 2794 3841 2848 vidit

2243 2881 2536 2949 hominum,
2580 2899 2674 2937 nec
2717 2882 2892 2938 videre
2937 2891 3104 2953 potest
3146 2882 3200 2955 (I
3229 2881 3366 2936 Tim.
3395 2882 3616 2955 v1.16).
3676 2883 3841 2941 Nemo

2243 2976 2389 3029 enim
2418 2975 2698 3031 hominum
2725 2974 2941 3041 dicitur,
2972 2974 3026 3030 id
3051 2983 3156 3042 est,
3203 2991 3363 3032 nemo
3392 2975 3634 3033 humano
3669 2978 3842 3033 adhuc

2243 3068 2430 3123 habitu
2460 3075 2784 3140 aggravatus
2802 3108 2817 3136 ,
2871 3068 3107 3123 humana
3135 3068 3552 3125 conversatione
3579 3071 3839 3126 caducus.

2245 3159 2383 3215 Hinc
2421 3166 2506 3216 est
2546 3160 2710 3224 enim,
2762 3159 2908 3230 quod
2953 3157 3186 3231 Moyses,
3223 3161 3317 3230 qui
3365 3159 3560 3229 Deum,
3594 3178 3761 3232 quem
3787 3165 3840 3221 in

548 3252 712 3322 quid?
740 3253 808 3306 Et
831 3251 1058 3322 gratiam
1077 3265 1176 3320 pro
1194 3250 1390 3322 gratia,
1418 3248 1471 3304 id
1493 3257 1576 3304 est
1603 3265 1702 3320 pro
1723 3249 1916 3320 gratia,
1938 3248 1992 3304 in
2014 3265 2144 3320 qua,
2169 3244 2218 3309 C
2249 3253 2440 3325 angelo
2462 3253 2698 3317 videbat,
2725 3252 2780 3307 in
2807 3253 2923 3323 ipsa
2959 3251 3076 3322 ejus
3098 3262 3290 3309 natura
3315 3254 3501 3310 videre
3525 3255 3840 3316 desiderans

547 3361 616 3401 ex
643 3345 746 3400 flde
769 3345 1019 3410 vivimus,
1048 3344 1317 3416 recepturi
1342 3359 1529 3398 sumus
1559 3342 1741 3397 aliam.
1765 3343 1902 3410 Quid
1930 3351 2138 3410 tamen,

547 3437 652 3493 nisi
685 3434 957 3506 gratiam?
984 3435 1088 3488 hoc
1113 3443 1219 3500 est,
1253 3434 1422 3488 vitam
1447 3441 1726 3488 :eternam.
1760 3432 2012 3504 Sequitur
2036 3453 2048 3489 :

620 3527 784 3582 Vens.
827 3525 914 3579 l7.
941 3555 1014 3566 —
1040 3543 1058 3576 ι
1081 3537 1108 3565 α
1135 3523 1274 3590 Quia
1299 3525 1382 3579 lea:
1409 3541 1501 3596 per
1532 3523 1715 3579 Mosen
1743 3525 1870 3579 data
1894 3535 1992 3590 est,
2019 3542 2142 3596 gra-

547 3620 626 3672 tia
660 3627 707 3672 et
728 3616 919 3671 veritas
948 3631 1040 3686 per
1067 3615 1252 3670 Iesum
1285 3613 1553 3668 Christum
1577 3615 1719 3684 facta
1747 3623 1842 3668 est.
1882 3613 1993 3669 Lex
2020 3615 2140 3685 qui-

548 3710 673 3764 dem
715 3722 812 3780 per
858 3706 1076 3778 Moysen
1126 3706 1252 3761 data
1296 3713 1394 3772 est,
1441 3705 1627 3776 inqua
1666 3707 1811 3776 quod
1845 3707 2134 3777 agendum,

547 3802 693 3873 quod
717 3801 996 3856 vitandum
1018 3799 1108 3865 sit,
1131 3797 1338 3854 caelesti
1356 3797 1478 3868 jure
1498 3798 1826 3854 decernitur.
1867 3798 1974 3855 Sed
1991 3800 2138 3870 quod

545 3893 638 3948 illa
663 3891 928 3963 praecipit,
959 3905 1069 3946 non
1089 3889 1194 3946 nisi
1223 3889 1394 3960 gratia
1425 3887 1628 3944 Christi
1661 3889 1980 3958 completur.
2041 3889 2136 3946 llla

542 3984 814 4056 siquidem
859 3992 1163 4040 monstrare
1203 3991 1508 4055 peccatum,
1537 3982 1805 4054 justitiam
1831 3983 2048 4048 docere,
2078 3992 2135 4038 et

540 4087 971 4151 transgressores
999 4078 1083 4134 sui
1106 4093 1230 4134 reos
1252 4078 1540 4133 ostendere
1560 4076 1792 4132 valebat.
1823 4075 1992 4132 Porro
2011 4091 2131 4147 gra-

541 4171 619 4226 tia
633 4169 834 4226 Christi
856 4167 1046 4224 diffusa
1077 4183 1176 4239 per
1208 4167 1459 4239 spiritum
1481 4166 1768 4223 charitatis
1795 4165 1850 4220 in
1875 4165 2130 4222 cordibus

541 4260 781 4317 fidelium
806 4260 955 4328 facit,
986 4268 1048 4316 ut
1072 4261 1217 4330 quod
1253 4260 1341 4316 lex
1362 4259 1606 4330 praecipit
1631 4257 1938 4329 impleatur.
1975 4255 2129 4314 Unde

539 4352 671 4408 illud
691 4351 836 4422 quod
857 4351 1117 4422 scriptum
1143 4357 1246 4416 est,
1273 4367 1377 4405 non
1405 4351 1766 4420 concupisces,
1794 4349 1882 4404 lex
1917 4357 2000 4405 est
2030 4364 2128 4419 per

540 4442 782 4512 Moysen,
818 4456 937 4509 qua:
958 4439 1116 4509 jubet
1137 4438 1270 4512 [Al.,
1285 4439 1410 4510 quia
1428 4438 1704 4511 jubetur];
1741 4439 1834 4494 sed
1855 4454 1951 4510 per
1971 4438 2129 4494 Chri-

536 4543 682 4590 stum
697 4534 758 4587 ﬂt
779 4533 972 4605 gratia,
1004 4534 1220 4602 quando
1247 4534 1389 4604 quod
1404 4533 1646 4603 jubetur,
1665 4532 1936 4602 impletur.
1974 4532 2130 4588 Veri-

2241 3348 2472 3402 orabat:
2526 3343 2588 3401 Si
2611 3345 2783 3400 inveni
2812 3347 3038 3416 gratiam
3065 3346 3121 3401 in
3149 3357 3425 3419 conspectu
3463 3358 3580 3416 tuo,
3630 3351 3840 3407 ostende

2240 3438 2370 3492 mihi
2405 3435 2630 3510 gloriam
2669 3447 2837 3505 tuam,
2881 3438 3122 3494 audivit:
3162 3455 3266 3494 non
3313 3439 3510 3510 poteris
3544 3441 3725 3496 videre
3756 3442 3840 3512 fa-

2240 3529 2371 3583 ciem
2394 3545 2583 3593 meam,
2609 3545 2714 3583 non
2735 3529 2872 3583 enim
2897 3529 3092 3584 videbit
3113 3547 3193 3584 me
3217 3530 3372 3585 homo
3400 3542 3451 3585 et
3475 3531 3603 3586 vivet
3632 3531 3837 3603 (Exod.

2239 3638 2334 3689 xx,
2368 3621 2574 3694 18-20).
2611 3621 2726 3689 Qua
2759 3631 2941 3678 autem
2985 3623 3194 3680 ratione
3223 3624 3290 3678 ad
3335 3625 3602 3680 visionem
3632 3625 3839 3681 incom-

2236 3714 2514 3771 mutabilis
2537 3723 2593 3769 et
2621 3716 2811 3770 aeterni
2836 3715 3055 3770 luminis
3097 3715 3383 3787 pervenire
3412 3717 3645 3784 debeat,
3677 3733 3838 3776 evan-

2235 3806 2426 3878 gelista
2454 3816 2851 3878 consequenter
2879 3808 3147 3879 exposuit,
3181 3809 3368 3866 dicens
3392 3828 3406 3865 :

2303 3896 2466 3969 473
2502 3897 2814 3970 Unigenitus
2860 3897 3065 3966 Filius,
3107 3901 3198 3971 qui
3234 3910 3309 3956 est
3349 3902 3407 3956 in
3452 3903 3578 3957 sinu
3630 3903 3835 3973 Patris,

2232 3991 2342 4060 ipse
2391 3993 2673 4046 enarravit.
2723 3990 2822 4046 Cui
2852 3991 3028 4047 simile
3065 4000 3170 4057 est,
3220 3995 3366 4065 quod
3408 3993 3676 4052 Dominus
3716 3998 3834 4054 ait:

2233 4079 2404 4136 Nemo
2421 4083 2555 4137 venit
2576 4083 2645 4136 ad
2681 4082 2898 4138 Patrem
2933 4083 3036 4138 nisi
3062 4101 3155 4155 per
3178 4101 3260 4140 me
3295 4085 3480 4158 (Joan.
3513 4103 3629 4152 xiv,
3654 4088 3709 4161 6)
3736 4107 3750 4155 ;
3778 4098 3837 4146 et

2229 4172 2357 4230 alibi
2383 4193 2396 4229 :
2447 4175 2618 4230 Nemo
2662 4177 2800 4233 novit
2839 4175 3042 4231 Filium
3071 4178 3174 4234 nisi
3204 4177 3385 4245 Pater,
3418 4197 3586 4251 neque
3613 4181 3834 4236 Patrem

2227 4267 2346 4338 quis
2369 4269 2531 4333 novit,
2579 4268 2682 4323 nisi
2715 4267 2914 4334 Filius,
2941 4278 2988 4324 et
3018 4271 3105 4326 cui
3131 4270 3354 4326 voluerit
3383 4271 3431 4326 F
3435 4273 3562 4328 ilius
3597 4275 3834 4332 revelare

2229 4356 2450 4430 (Matth.
2486 4374 2562 4424 ιι,
2585 4358 2700 4430 27).
2738 4358 2911 4429 Ipsius
2937 4361 3138 4432 quippe
3164 4362 3363 4418 ducatu
3389 4365 3458 4419 ad
3482 4363 3708 4422 Patrem
3734 4380 3831 4422 ve-

2228 4450 2371 4516 nire,
2432 4451 2603 4521 ipsius
2631 4453 2948 4524 magisterio
2982 4453 3198 4511 Patrem
3226 4465 3284 4512 et
3307 4456 3527 4524 Filium,
3562 4475 3668 4516 nec
3715 4476 3825 4517 non

2229 4550 2284 4599 et
2323 4543 2586 4614 Spiritum
2639 4553 2883 4602 sanctum
2947 4545 3160 4620 [unum]
3201 4549 3371 4606 Deum
3428 4561 3484 4606 et
3531 4551 3828 4609 Dominum

537 4632 624 4714 tas
643 4628 822 4714 autem
843 4621 984 4678 facta
1005 4631 1090 4680 est
1109 4639 1206 4694 per
1224 4623 1668 4714 Christum,quia
1689 4624 1934 4714 umbram
1957 4623 2125 4679 habe-
2151 4606 2204 4668 θ
2227 4606 2388 4691 ηοεεᾷ
2440 4637 2698 4694 debemus
2723 4657 2736 4693 ε
2774 4639 2900 4709 quia
2948 4606 3215 4696 nimii-qu
3262 4642 3379 4714 ipse
3427 4606 3598 4700 home

535 4713 631 4767 bat
653 4712 750 4810 le:
762 4712 1064 4810 futurorum
1083 4715 1501 4810 honorum.n01t
1524 4713 1697 4810 ἱρεδιξι
1725 4713 2015 4810 ίωῄδεῆηεξιι
2036 4730 2124 4770 ΓΘ·-
2222 4742 2323 4798 pro
2369 4729 2547 4796 nobis,
2583 4730 2639 4785 in
2686 4731 2921 4788 hominis
2949 4733 3139 4790 habitu
3187 4712 3415 4804 loquens
3462 4737 3644 4804 nobis,
3695 4739 3828 4810 quid

532 4819 676 4860 rum.
708 4805 778 4860 Et
802 4805 943 4861 sicut
976 4807 1104 4863 alibi
1129 4808 1259 4864 dicit
1281 4807 1570 4878 Apostolus
1595 4826 1608 4862 :
1647 4805 1839 4863 Omnia
1865 4808 1922 4862 in
1945 4808 2122 4879 ﬁgura

2247 4819 2292 4876 le
2305 4828 2507 4877 sancta:
2538 4821 2823 4880 Trinitatis
2848 4825 3057 4882 unitate
3085 4835 3235 4884 recte
3248 4829 3616 4896 sentiendum,
3647 4805 3828 4904 quali-

531 4894 898 4994 contingebant
923 4895 1031 4994 illis
1053 4897 1106 4969 (Ι
1127 4897 1249 4994 Cor.
1266 4899 1446 4994 μυ).
1474 4897 1580 4955 Sed
1603 4915 1703 4994 pro
1729 4900 1922 4994 umbra
1942 4900 2120 4956 lucem
2223 4917 2310 4967 ter
2341 4913 2410 4967 ad
2443 4913 2561 4985 ejus
2581 4916 3096 4988 contemplationem
3116 4919 3363 4977 ﬁdelibus
3387 4894 3823 4994 properandum,

519 4989 778 5084 veritatis
799 5029 814 5055 ,
855 5003 956 5084 pro
997 4989 1175 5084 ﬁgura
1202 4989 1349 5084 legis
1391 4991 1561 5084 ipsam
1602 4992 1901 5084 imaginem]
1935 5007 2121 5049 rerum
2222 5003 2420 5072 quibus
2472 5005 2683 5062 actibus
2733 5009 2802 5063 ad
2851 5009 2993 5066 hanc
3042 5011 3113 5068 sit
3165 4989 3614 5084 perveniendum,

527 5095 651 5149 quae
692 5078 1042 5152 ﬁgurabatur,
1090 5080 1338 5137 exhibuit
1391 5081 1640 5139 Christus
1661 5123 1677 5149 ,
1729 5083 1944 5154 quando
1990 5084 2117 5140 data
2217 5093 2338 5151 luce
2376 5096 2652 5153 revelavit.
2708 5098 2827 5170 Ipse
2878 5078 3233 5167 sacramentis
3268 5119 3382 5158 suae
3419 5078 3822 5164 incarnationis

524 5171 752 5263 spiritus
794 5173 1006 5263 gratia,
1053 5174 1266 5245 aperuit
1308 5174 1585 5247 discipulis
1633 5178 1746 5234 suis
1786 5182 2005 5234 sensum
2055 5185 2118 5234 ut
2215 5199 2316 5241 nos
2347 5185 2613 5255 imbuens,
2645 5190 2729 5245 sui
2771 5205 2871 5246 nos
2896 5192 3118 5263 spiritus
3147 5194 3575 5254 charismatibus
3610 5200 3821 5256 sancti-

522 5258 890 5363 intelligerent
938 5261 1267 5363 Scripturas.
1327 5263 1437 5320 Lex
1466 5282 1564 5363 per
1588 5266 1830 5363 -Moysen
1855 5269 1980 5324 data
2005 5278 2112 5363 est,
2213 5275 2407 5344 ﬁcans,
2445 5285 2504 5334 ut
2543 5279 2612 5334 ad
2649 5279 2791 5337 hanc
2817 5258 3004 5338 venire
3051 5284 3349 5354 valeamus,
3420 5288 3666 5359 adjuvat.
3692 5290 3820 5363 Ipse

525 5364 651 5404 uim
702 5350 930 5456 populus
986 5353 1306 5456 aspersione
1358 5356 1643 5456 sanguinis.
1690 5357 1816 5456 agni
1845 5361 2110 5456 Amundari
2209 5379 2431 5441 peracto
2477 5373 2532 5427 in
2565 5373 2800 5430 hominis
2844 5374 3021 5432 forma
3043 5376 3268 5448 judicio,
3309 5350 3605 5437 novissime
3653 5350 3816 5456 [ἀι.

524 5449 826 5513 praeceptus
849 5452 951 5500 est.
982 5444 1168 5502 Gratia
1189 5453 1243 5501 et
1269 5446 1470 5502 veritas
1491 5462 1610 5518 quae
1630 5447 1684 5502 in
1705 5447 1821 5519 lege
1839 5448 2110 5522 ﬁguraba-

2247 5464 2408 5520 idicio
2469 5466 2787 5541 novissimo]
2866 5469 2934 5525 ad
2983 5469 3248 5528 visionem
3301 5487 3400 5530 nos
3447 5444 3673 5530 divina;
3694 5489 3816 5530 ma-

523 5542 634 5600 tur,
660 5532 960 5640 perlesum
979 5536 1257 5594 Christum
1278 5539 1419 5640 facta
1439 5548 1688 5640 est,‘cu-m
1709 5541 1824 5614 ipse
1844 5557 2034 5640 passus
2050 5545 2106 5602 in
2204 5538 2419 5612 lestatis
2458 5532 2787 5616 sublimiter‘
2806 5559 3112 5618 introducet
3158 5562 3310 5636 [Νίκη
3366 5565 3686 5640 introducit]
3728 5576 3816 5623 at-

523 5641 708 5722 cruce,
748 5627 880 5722 lavit
915 5645 1014 5686 nos
1053 5648 1086 5686 a
1123 5634 1362 5704 peccatis
1389 5636 1592 5691 nostris
1621 5635 1677 5690 in
1697 5637 1959 5708 sanguine
1983 5655 2100 5697 suo.
2209 5659 2315 5718 que
2353 5663 2552 5705 arcana
2596 5651 2752 5706 nobis
2803 5652 2956 5722 regni
2999 5627 3236 5710 calestis
3278 5627 3603 5714 mirabiliter
3645 5627 3813 5715 8m-

522 5715 636 5774 Lex
655 5733 753 5790 per
772 5720 989 5795 Moysen
1009 5725 1133 5781 data
1151 5735 1256 5796 est,
1285 5729 1410 5800 quia
1433 5729 1690 5802 populum
1708 5733 1991 5804 praeceptis
2013 5749 2102 5795 εα-
2208 5715 2352 5800 rabit
2397 5738 2547 5816 [Hs.,
2581 5715 2899 5816 enarravit]:
2926 5742 3069 5802 Sane
3115 5747 3259 5817 quod
3297 5747 3413 5816 ait:
3468 5747 3577 5818 Qui
3614 5757 3694 5806 est
3744 5748 3810 5806 iis

598 5842 627 5880 ι
660 5830 823 5900 Beda,
851 5834 970 5894 loco
995 5838 1176 5896 citato.
