4072 6340
209 334 307 433 iss

1021 373 1434 434 EXEGETICA.
1475 329 1546 416 έ-
1579 371 1935 433 COMMENT.
1975 371 2044 430 IN
2083 371 2271 432 JOAN.
2313 403 2384 417 -
2420 374 2548 433 LIB.
2588 377 2630 432 1.

3381 383 3488 442 πει

204 487 317 544 sinu
370 482 574 555 Patris,
637 486 690 542 in
754 496 963 544 secreto
1028 489 1206 546 Patris
1268 491 1557 560 significat.
1612 490 1874 562 NequeA
1900 490 2176 549 humiliter
2231 494 2465 550 auditur.
2512 495 2612 552 Via
2670 494 2889 552 Domini
2945 497 3013 554 ad
3061 513 3156 556 cor
3212 501 3487 586 dirigitur,

205 579 343 636 enim
382 579 535 634 sinus
567 577 748 636 Patris
773 582 1056 653 pueriliter
1080 591 1164 639 est
1192 583 1531 656 cogitandus,
1557 584 1612 639 in
1642 584 1793 640 simi-

204 671 478 728 litudinem
507 673 679 729 nostri
717 673 889 741 sinus,
923 691 1084 746 quem
1112 677 1378 734 habemus
1417 678 1474 734 in
1503 679 1788 746 vestibus;

203 771 291 818 aut
319 764 589 834 putandus
617 773 700 822 est
720 767 884 835 Deus,
915 769 1008 838 qui
1033 770 1395 826 humanorum
1418 770 1592 827 forma
1616 786 1792 827 mem-

198 858 418 917 brorum
456 862 864 933 compaginatus
905 880 1012 920 non
1042 873 1144 931 est,
1178 861 1264 921 sic
1309 867 1498 921 sedere
1536 865 1794 938 quemad-

201 954 414 1010 modum
459 970 577 1010 nos.
629 953 735 1011 Sed
762 956 888 1026 quia
915 957 1067 1013 sinus
1114 966 1297 1014 noster
1325 958 1469 1013 intus
1504 965 1608 1024 est,
1642 971 1792 1013 more

198 1053 381 1102 nostro
411 1045 637 1117 loquens
669 1045 970 1119 Scriptura,
1011 1050 1065 1104 in
1106 1049 1227 1104 sinu
1267 1046 1448 1105 Patris
1492 1063 1613 1104 esse
1662 1048 1794 1104 dicit

200 1137 350 1214 (Ha,
384 1139 602 1214 dicitur]
643 1157 804 1212 quem
832 1142 884 1197 in
925 1152 1134 1199 secreto
1163 1142 1363 1211 Patris,
1389 1160 1496 1215 quo
1523 1143 1792 1200 humanus

197 1231 421 1288 intuitus
471 1234 780 1307 pertingere
833 1251 940 1292 non
996 1237 1160 1302 valet,
1213 1253 1429 1308 semper
1482 1245 1792 1294 manentem

193 1325 304 1380 vult
343 1326 585 1398 intelligi.
610 1327 727 1384 Non
756 1338 883 1386 tunc
921 1340 1102 1386 autem
1130 1331 1303 1388 solum
1333 1333 1610 1389 enarrabit
1633 1331 1789 1405 [Ms.,

193 1419 491 1493 enarravit]
543 1421 854 1493 unigenitus
895 1424 1066 1479 Filius
1108 1423 1298 1488 Deum,
1334 1424 1389 1478 id
1428 1432 1532 1491 est,
1590 1435 1793 1482 sanctae

193 1520 244 1568 et
274 1513 570 1570 individua:
598 1515 902 1584 Trinitatis,
930 1533 1049 1588 qum
1075 1525 1160 1573 est
1187 1533 1327 1573 unus
1356 1517 1521 1583 Deus,
1563 1519 1791 1588 gloriam

189 1608 554 1665 manilestabit
613 1608 765 1682 [Ms.,
832 1610 1221 1684 manifestavit]
1279 1611 1610 1678 hominibus,
1667 1627 1791 1668 cum

188 1711 309 1772 post
352 1702 658 1758 universale
688 1702 954 1772 judicium
982 1720 1170 1760 omnes
1210 1704 1420 1774 pariter
1465 1704 1672 1760 electos
1722 1704 1789 1759 ad

185 1793 448 1849 visionem
507 1795 772 1850 claritatis
828 1794 943 1864 ejus
1002 1797 1387 1853 inducetzsed
1442 1806 1497 1853 et
1545 1796 1790 1868 quotidie

1893 599 2016 639 cum
2067 586 2135 640 ad
2165 595 2496 658 praeceptum
2543 587 2654 642 vita
2707 599 3063 660 praeparatur.
3117 591 3273 651 Unde
3315 597 3489 669 scrip-

1891 687 2007 734 tum
2063 686 2146 736 est
2193 699 2208 734 :
2267 679 2329 737 Si
2379 683 2501 753 quis
2553 682 2725 755 diligit
2793 701 2908 752 me,
2978 685 3143 760 4⁵14
3197 705 3489 750 sermonem

1893 788 2066 828 meum
2113 773 2355 842 servabit,
2407 783 2455 829 et
2499 772 2662 830 Pater
2707 793 2852 832 meus
2905 779 3084 850 diliget
3139 799 3279 850 eum,
3318 794 3365 840 et
3419 787 3490 841 ad

1891 883 2010 922 eum
2083 867 2367 934 venimus,
2417 876 2467 922 et
2502 868 2826 924 mansionem
2878 871 3019 942 apud
3082 891 3196 928 eum
3235 875 3489 946 faciemus

1893 958 2077 1032 (Joan.
2137 977 2252 1028 xxv,
2297 960 2412 1035 23).
2448 960 2705 1033 Quisquis
2753 980 2884 1037 ergo
2929 966 2983 1022 in
3035 969 3288 1038 superbia
3336 986 3490 1026 men-

1892 1057 2004 1108 tem
2029 1051 2222 1118 elevat,
2257 1053 2504 1125 quisquis
2541 1056 2787 1112 avaritia:
2821 1058 3043 1115 mstihus
3071 1059 3310 1128 anhelat,
3340 1061 3492 1131 quis-

1892 1147 2014 1217 quis
2041 1163 2099 1202 se
2115 1147 2343 1203 luxuriae
2369 1148 2834 1219 inquinationibus
2847 1151 3058 1222 polluit,
3086 1153 3264 1210 cordis
3287 1153 3490 1210 ostium

1893 1246 2082 1293 contra
2110 1239 2394 1294 veritatem
2422 1239 2660 1307 claudit;
2689 1251 2742 1297 et
2759 1258 2827 1298 ne
2839 1243 2908 1298 ad
2932 1244 3264 1301 seDominus
3283 1245 3486 1312 veniat,

1892 1332 2128 1388 claustra
2149 1333 2315 1388 animi
2342 1334 2480 1390 seris
2515 1333 2774 1391 vitiorum
2797 1337 3036 1392 damnat.
3063 1337 3169 1392 Sed
3196 1337 3373 1395 adhuc
3393 1336 3489 1411 qui

1893 1425 2046 1480 missi
2069 1435 2212 1489 sunt,
2252 1435 2676 1496 percunctantur
2697 1426 2899 1501 [Creg.,
2923 1430 3359 1504 percontantur].

1963 1516 2129 1572 Vens.
2179 1515 2268 1572 25.
2301 1548 2375 1560 -—
2420 1518 2562 1586 Quid
2612 1536 2734 1590 ergo
2789 1520 3042 1592 baptizas,
3094 1523 3140 1577 si
3186 1531 3243 1576 tu
3289 1539 3394 1577 non
3435 1537 3491 1578 es

1892 1607 2061 1674 Elius,
2103 1626 2266 1681 neque
2309 1610 2568 1676 Christus,
2617 1629 2781 1684 neque
2821 1612 3119 1684 propheta?
3159 1612 3313 1680 Quod
3361 1613 3491 1683 quia

1892 1716 2000 1756 non
2033 1702 2213 1758 studio
2243 1705 2633 1773 cognoscenda:
2659 1705 2924 1770 veritatis,
2969 1707 3064 1762 sed
3099 1707 3306 1762 malitia
3333 1724 3490 1764 exer-

1896 1793 2080 1850 cenda:
2111 1795 2471 1852 aemulationis
2513 1798 2734 1866 dicitur,
2765 1800 3096 1870 evangelista
3132 1801 3299 1857 tacite
3335 1801 3492 1858 inno-

187 1894 394 1952 narrat,
428 1902 550 1942 cum
576 1886 802 1957 singulis
826 1886 1129 1957 quibusque
1157 1886 1394 1942 fidelium
1416 1865 1787 1958 peric—ciorum
1821 1865 1866 1925 Β
1892 1886 2013 1951 tuit,
2042 1903 2162 1942 cum
2201 1886 2479 1956 subjunxit
2517 1886 2748 1962 [dicens]
2777 1908 2790 1943 :

185 1989 312 2032 mox
345 1992 375 2031 a
407 1978 587 2032 carnis
632 1979 982 2049 corruptione
1009 1978 1207 2051 [Edit.,
1238 1977 1666 2051 incorruptione]
1699 1993 1789 2034 so-

190 2063 341 2132 lutis,
365 2066 590 2138 implere
610 2068 856 2138 coeperit,
880 2069 1021 2139 quod
1044 2068 1296 2138 promisit
1321 2084 1334 2120 :
1363 2068 1466 2136 Qui
1489 2068 1660 2139 diligit
1685 2085 1784 2134 me,

189 2155 444 2226 diligetur
473 2176 504 2212 a
535 2156 698 2214 Patre
731 2177 864 2227 meo,
890 2170 938 2215 et
965 2178 1057 2232 ego
1086 2161 1305 2232 diligam
1344 2179 1486 2227 eum,
1524 2172 1571 2216 et
1611 2162 1789 2217 mani-

181 2243 384 2314 festabo
431 2249 480 2303 ei
524 2251 800 2321 meipsum.
854 2250 1138 2321 Meipsum,
1186 2252 1382 2321 inquit,
1430 2251 1791 2310 manifestabo

183 2337 546 2397 di.ectoribus
568 2344 725 2408 meis,
757 2353 820 2398 ut
845 2360 1006 2413 quem
1029 2345 1082 2398 in
1116 2359 1212 2399 sua
1241 2352 1612 2414 cognoverunt
1645 2359 1794 2398 mor-

177 2431 370 2498 talem,
402 2433 456 2486 in
483 2449 600 2487 mea
636 2441 814 2488 tamen
847 2433 997 2506 [Ms.,
1029 2443 1075 2488 et
1106 2434 1274 2500 Beda,
1312 2434 1367 2488 in
1390 2449 1508 2489 mea
1529 2432 1668 2507 jam]
1697 2449 1792 2489 na-

173 2535 332 2594 tura,
355 2527 501 2583 Patri
520 2537 574 2584 et
591 2525 814 2599 Spiritui
839 2537 1026 2584 sancto
1047 2529 1230 2584 videre
1243 2528 1452 2600 possint
1469 2527 1751 2599 aequalem.
1765 2546 1785 2583 ›

175 2685 421 2771 Joannes
464 2700 614 2761 negat
640 2708 692 2745 se
718 2620 1158 2771 «33:51.23;
1169 2693 1261 2748 sed
1278 2694 1521 2771 _missum
1569 2710 1625 2748 se
1670 2703 1792 2771 ante

249 2763 450 2844 ipsum,
495 2778 771 2844 vocemque
814 2763 1090 2818 clamantis
1139 2765 1197 2818 in
1253 2765 1456 2821 deserto
1504 2765 1792 2820 secundum

287 2841 461 2885 satam
485 2841 743 2886 enuntiat.

252 2919 422 2976 Vnus.
455 2923 544 2977 i9.
573 2953 645 2964 -—
670 2921 787 2978 Hoc
822 2934 899 2979 est
921 2926 1278 2982 testimonium
1299 2927 1549 2995 Joannis,
1575 2928 1789 2999 quando

179 3005 436 3061 miserunt
461 3007 644 3062 Judaei
663 3009 727 3062 ab
753 3007 1135 3083 Hierosolymis
1176 3012 1472 3066 sacerdotes
1512 3020 1561 3066 et
1608 3011 1789 3066 levitas

178 3095 248 3149 ad
301 3112 442 3162 eam,
502 3108 561 3152 ut
601 3099 984 3171 interrogarent
1033 3119 1153 3157 eum
1196 3119 1215 3158 :
1263 3102 1341 3156 Tu
1381 3102 1498 3174 quis
1551 3119 1628 3168 es,
1679 3109 1785 3156 etc.

185 3204 202 3238 ι
223 3199 247 3228 α
264 3188 350 3243 Ex
375 3190 461 3244 his
490 3191 670 3246 verbis
692 3189 916 3248 Joannis
936 3192 1213 3250 humilitas
1237 3195 1670 3259 commendatur,
1695 3192 1787 3262 qui
1815 3230 1862 3294 ο

177 3299 301 3340 cum
339 3292 505 3340 tanta:
528 3286 745 3342 virtutis
770 3295 937 3353 esset,
965 3295 1024 3340 ut
1045 3287 1294 3343 Christus
1322 3287 1469 3342 credi
1490 3288 1779 3357 potuisset,

177 3375 343 3446 elegit
390 3376 558 3432 solide
588 3377 886 3433 subsistere
916 3379 970 3432 in
999 3392 1078 3446 se,
1124 3395 1192 3434 ne
1246 3379 1482 3433 humana
1528 3379 1785 3450 opinione

176 3478 468 3542 raperetur
497 3470 731 3526 inaniter
764 3487 928 3542 super
951 3486 1029 3526 se.

245 3562 421 3618 Vens.
454 3563 545 3618 20.
591 3593 664 3604 —
705 3563 775 3619 Et
803 3563 1074 3633 confessus
1106 3573 1206 3631 est,
1237 3572 1285 3618 et
1308 3582 1413 3620 non
1466 3567 1693 3637 negavit,
1733 3575 1783 3621 et

174 3652 455 3723 confessus
495 3662 590 3720 est,
615 3655 740 3726 quia
780 3671 885 3710 non
915 3672 1032 3710 sum
1076 3673 1169 3727 ego
1200 3653 1462 3711 Christus.
1513 3655 1621 3711 Sed
1653 3657 1782 3728 quia

178 3743 342 3815 dixit,
387 3745 511 3802 Non
549 3763 690 3814 sum,
736 3748 954 3819 negavit
986 3747 1147 3820 plane
1181 3751 1326 3820 quod
1353 3765 1460 3804 non
1508 3757 1647 3816 erat,
1689 3749 1785 3806 sed

178 3856 287 3897 non
333 3843 554 3914 negavit
589 3843 732 3914 quod
768 3851 926 3911 erat;
954 3851 1014 3899 ut
1049 3843 1336 3900 veritatem
1366 3843 1616 3914 loquens,
1665 3841 1784 3912 ejus

179 3935 491 3991 membrum
540 3933 694 3991 ﬁeret
746 3934 903 4005 cujus
957 3935 1061 3991 sibi
1113 3950 1310 3991 nomen
1364 3933 1632 3990 fallaciter
1675 3950 1784 3990 non

180 4037 498 4100 usurparet.
564 4029 699 4085 Cum
755 4044 885 4101 ergo
942 4044 1051 4084 non
1105 4028 1223 4083 vult
1277 4035 1532 4098 appetere
1586 4042 1785 4082 nomen

182 4118 412 4188 Christi,
442 4119 617 4177 factus
641 4129 726 4178 est
750 4121 1056 4176 membrum
1084 4119 1286 4175 Christi
1315 4138 1327 4173 :
1352 4119 1480 4190 quia
1527 4119 1653 4175 dum
1703 4119 1786 4173 in-

181 4214 507 4271 ﬁrmitatem
531 4231 687 4272 suam
735 4213 940 4270 studuit
977 4211 1253 4268 humiliter
1293 4225 1608 4282 agnoscere,
1642 4209 1786 4264 illius

181 4308 564 4364 celsitudinem
626 4306 826 4362 meruit
879 4305 1150 4361 veraciter
1199 4303 1466 4359 obtinere.
1523 4301 1784 4369 Quisnam

179 4399 272 4467 sit,
302 4400 568 4456 continuo
595 4398 875 4470 exprimit,
903 4412 1027 4454 cum
1055 4395 1330 4468 subjungit
1358 4413 1372 4450 :

249 4493 424 4548 Vsus.
449 4490 540 4546 25.
570 4521 642 4531 —
671 4489 786 4561 Ego
808 4506 906 4544 υοω
925 4488 1202 4543 clamantis
1243 4489 1299 4542 in
1343 4487 1566 4542 deserto.
1621 4483 1786 4542 Scitis

1961 1980 2125 2036 Vsus.
2155 1979 2244 2034 24.
2267 2011 2338 2021 —
2368 1980 2438 2035 Et
2474 1982 2563 2053 qui
2593 1981 2740 2036 missi
2767 1980 2998 2052 fuerant,
3025 1991 3174 2038 erant
3205 2000 3270 2039 ex
3295 1981 3495 2039 Phari-

1890 2071 2031 2127 steis.
2057 2073 2137 2126 Ac
2161 2071 2205 2126 si
2249 2081 2437 2140 aperte
2465 2071 2612 2128 dicat
2645 2090 2658 2126 :
2687 2072 2768 2127 llli
2797 2069 3062 2130 Joannem
3089 2075 3156 2131 de
3193 2076 3308 2132 suis
3349 2076 3490 2132 acti-

1892 2163 1995 2218 bus
2033 2163 2338 2233 requirunt,
2362 2164 2455 2235 qui
2482 2165 2788 2221 doctrinam
2814 2168 3068 2224 nesciunt
3093 2185 3361 2240 quaerere,
3392 2168 3492 2227 sed

1895 2253 2155 2309 invidere.
2193 2254 2298 2310 Sed
2341 2267 2562 2312 sanctus
2585 2257 2834 2329 quisque,
2877 2261 3042 2317 etiam
3075 2279 3195 2319 cum
3235 2280 3493 2335 perversa

1894 2354 2076 2401 tuente
2108 2347 2422 2416 requiritur,
2457 2365 2488 2403 a
2512 2349 2772 2408 bonitatis
2804 2367 2917 2409 sua:
2955 2355 3138 2412 studio
3172 2373 3282 2412 non
3311 2367 3495 2414 muta-

1894 2443 2001 2492 tur.
2032 2437 2186 2493 Unde
2213 2437 2448 2495 Joannes
2477 2456 2692 2512 quoque
2720 2443 2784 2497 ad
2821 2445 2990 2500 verba
3019 2445 3257 2513 invidiw,
3294 2448 3494 2519 praedi:-

1894 2539 2142 2586 camenta
2172 2533 2451 2603 respondit
2479 2533 2622 2590 vitta.
2655 2533 2790 2590 Nam
2818 2537 3066 2608 protinus
3104 2537 3384 2610 adiungit:

1965 2623 2129 2679 Vnus.
2170 2624 2260 2678 26.
2293 2655 2364 2664 —
2393 2623 2509 2696 Ego
2547 2625 2754 2698 baptizo
2787 2629 2843 2682 in
2870 2645 3008 2700 aqua
3034 2645 3052 2682 :
3076 2629 3280 2684 medius
3309 2640 3489 2688 autem

1893 2725 2116 2770 vestrum
2143 2717 2307 2782 stetit,
2334 2733 2486 2789 quem
2513 2735 2600 2773 vos
2629 2719 2860 2773 nescitis.
2887 2717 3122 2776 Joannes
3141 2737 3249 2777 non
3269 2721 3488 2792 spiritu,

1892 2809 1986 2864 sed
2020 2823 2159 2878 aqua
2192 2809 2450 2878 baptizat,
2486 2809 2613 2880 quia
2648 2818 2871 2879 peccata
2908 2811 3121 2869 solvere
3141 2829 3251 2869 non
3279 2814 3490 2884 valens,

1891 2903 2291 2975 baptizatorum
2321 2920 2551 2975 corpora
2582 2921 2720 2976 aqua
2750 2904 2915 2972 lavat,
2940 2905 3035 2962 sed
3063 2916 3246 2962 tamen
3273 2922 3374 2978 per
3396 2923 3492 2964 ve-

1892 2998 2039 3051 niam
2089 2995 2297 3069 [Greg.,
2345 3005 2584 3053 mentem
2614 3011 2714 3068 per
2747 2999 2983 3073 veniam]
3033 3016 3142 3057 non
3187 3001 3350 3056 lavat.
3379 3000 3492 3058 Cur

1891 3103 2022 3160 ergo
2045 3089 2306 3159 baptizat,
2338 3090 2430 3161 qui
2451 3100 2673 3160 peccata
2704 3105 2802 3164 per
2823 3092 3092 3162 baptisma
3123 3107 3232 3147 non
3252 3092 3484 3162 relaxat,

1893 3184 2000 3239 nisi
2031 3191 2089 3238 ut
2110 3185 2496 3254 praecursionis
2525 3201 2637 3241 sua:
2665 3186 2913 3242 ordinem
2937 3201 3184 3253 servans,
3223 3186 3320 3257 qui
3360 3200 3490 3241 nas-

1893 3278 2125 3332 citurum
2153 3279 2426 3333 nascendo
2446 3288 2809 3348 praevenerat,
2839 3279 3239 3349 baptizaturum
3270 3292 3492 3351 quoque

1887 3369 2175 3424 Dominum
2197 3371 2524 3440 baptizando
2549 3371 2916 3440 praeveniret?
2938 3371 3006 3426 Et
3026 3371 3118 3442 qui
3141 3371 3494 3442 praedicando

1885 3460 2064 3517 factus
2085 3469 2168 3516 est
2205 3477 2512 3533 praecursor
2540 3462 2767 3530 Christi,
2791 3462 3121 3533 baptizando
3156 3464 3324 3519 etiam
3346 3478 3493 3536 prte-

1887 3571 2080 3610 cursor
2116 3554 2234 3625 ejus
2267 3557 2444 3625 ﬁeret,
2467 3557 2770 3614 imitatione
2801 3557 3174 3613 sacramenti?
3203 3557 3305 3626 Qui
3344 3557 3492 3614 inter

1886 3651 2005 3704 haec
2025 3650 2345 3720 mysterium
2370 3648 2748 3722 Redemptoris
2767 3652 2938 3707 nostri
2963 3653 3312 3719 annuntians,
3339 3651 3487 3708 hunc

1887 3742 1945 3797 in
1993 3741 2172 3798 medio
2201 3743 2482 3798 hominum
2525 3751 2580 3798 et
2625 3743 2846 3800 stetisse
2897 3746 3094 3800 asserit
3149 3754 3204 3800 et
3240 3743 3484 3812 nesciri;

1887 3834 2015 3904 quia
2044 3848 2141 3904 per
2180 3850 2399 3889 carnem
2425 3833 2685 3890 Dominus
2720 3851 3008 3906 apparens,
3037 3844 3092 3891 et
3118 3837 3346 3892 visibilis
3377 3845 3488 3891 ste-

1891 3926 1955 3980 tit
1974 3940 2202 3996 corpore
2227 3933 2282 3980 ct
2306 3925 2590 3980 invisibilis
2612 3925 2916 3995 majestate.
2942 3926 3020 3983 De
3044 3943 3152 3998 quo
3167 3926 3333 3982 etiam
3358 3926 3491 3983 sub-

1889 4017 2062 4072 didit:
2095 4015 2197 4080 Qui
2222 4024 2338 4086 post
2359 4031 2441 4069 me
2461 4017 2618 4081 venit,
2645 4025 2766 4070 ante
2796 4033 2877 4072 me
2904 4016 3075 4086 factus
3097 4027 3193 4071 est.
3220 4015 3311 4071 Sic
3332 4031 3490 4074 nam-

1890 4123 1995 4180 que
2017 4108 2253 4163 dicitur:
2287 4108 2420 4162 Ante
2454 4123 2535 4162 me
2565 4108 2738 4177 factus
2773 4117 2868 4174 cst,
2898 4124 2963 4162 ac
2997 4109 3043 4162 si
3086 4108 3317 4173 dicatur,
3359 4116 3490 4165 ante

1891 4199 2026 4272 [me]
2075 4200 2304 4269 positus.
2334 4198 2467 4255 Post
2503 4213 2591 4254 me
2619 4214 2748 4269 ergo
2778 4200 2944 4266 venit,
2986 4200 3112 4269 quia
3136 4201 3484 4271 postmodum

1889 4303 2090 4360 natus;
2121 4301 2246 4348 ante
2275 4299 2460 4348 autem
2496 4291 2675 4348 factus
2719 4300 2826 4358 est,
2877 4291 3005 4362 quia
3035 4291 3167 4347 mihi
3205 4292 3486 4362 praelatus.

1892 4387 1999 4445 Sed
2043 4390 2161 4444 haec
2206 4387 2366 4459 paulo
2417 4375 2665 4458 superius
2707 4386 2913 4451 dicens,
2953 4386 3117 4441 etiam
3153 4383 3490 4456 praelationis

1892 4480 2010 4552 ejus
2037 4494 2230 4535 causas
2269 4477 2482 4549 aperuit
2518 4493 2644 4533 cum
2681 4477 2995 4548 subjunxit:
3042 4475 3182 4542 Quia
3215 4477 3362 4549 prior
3403 4491 3489 4531 me

178 4585 308 4656 quia
333 4582 650 4655 unigenitns
666 4581 836 4637 Filius
851 4581 1086 4637 Verbum
1107 4579 1286 4635 Patris
1299 4587 1542 4645 vocatur,
1579 4577 1786 4636 Joanne
1815 4594 1868 4654 Ῑ)
1893 4582 2026 4627 erat.
2055 4571 2136 4626 Ac
2174 4571 2220 4626 si
2247 4577 2435 4643 aperte
2463 4570 2645 4625 dicat:
2676 4569 2800 4625 inde
2832 4583 2923 4624 me
2967 4567 3132 4623 etiam
3174 4575 3298 4638 post
3326 4576 3488 4656 natus

177 4686 501 4744 attestante,
531 4677 622 4748 qui
651 4676 763 4731 ait:
794 4677 861 4730 In
875 4675 1129 4746 principio
1159 4683 1272 4728 erat
1308 4672 1554 4741 Verbum,
1583 4682 1632 4728 et
1660 4671 1787 4728 Ver-

153 4797 158 4801 -
180 4770 303 4825 bum
333 4778 451 4825 erat
474 4767 616 4839 apud
637 4766 828 4833 Deum,
853 4775 901 4820 et
923 4763 1064 4818 Deus
1087 4771 1198 4819 erat
1228 4759 1474 4827 Verbum,
1505 4769 1562 4818 et
1579 4778 1647 4818 ex
1668 4764 1785 4834 ipsa

177 4871 368 4918 vestra
395 4860 666 4917 locutione
701 4857 1058 4929 cognoscitis,
1100 4855 1224 4926 quia
1269 4856 1422 4926 prius
1459 4871 1565 4911 vox
1606 4864 1784 4925 sonat,

180 4960 240 5008 ut
257 4953 495 5008 verbum
517 4949 859 5022 postmodum
876 4949 1048 5019 possit
1075 4947 1271 5003 audiri.
1291 4946 1527 5004 Joannes
1549 4963 1678 5020 ergo
1694 4964 1790 5005 vo-

179 5059 302 5101 cem
337 5059 401 5101 se
443 5058 564 5100 esse
587 5042 798 5108 asserit,
832 5041 958 5111 quia
992 5041 1230 5096 Verbum
1273 5040 1552 5110 praecedit.
1574 5040 1790 5097 Adven-

179 5144 298 5194 tum
331 5138 518 5208 itaque
544 5135 884 5193 Dominicum
914 5147 1258 5204 praecurrens
1282 5147 1388 5188 vox
1415 5131 1634 5199 dicitur,
1662 5133 1788 5202 quia

178 5244 278 5299 per
323 5228 446 5298 ejus
482 5227 866 5291 ministerium,
905 5224 1084 5279 Patris
1114 5225 1338 5279 verbum
1383 5225 1452 5280 ab
1482 5223 1792 5279 hominibus

180 5318 346 5393 [Ms.,
395 5318 666 5392 omnibus]
703 5317 956 5382 auditur;
1003 5315 1279 5385 quietiam
1318 5315 1375 5369 in
1421 5315 1633 5370 deserto
1677 5313 1790 5369 cla-

179 5403 324 5481 mat,
364 5414 492 5484 quia
542 5411 812 5468 derelicta:
837 5424 902 5466 ac
950 5407 1224 5465 destituta:
1267 5405 1486 5475 Judaete,
1540 5406 1792 5463 solatium

179 5505 556 5580 redemptoris.
581 5502 886 5559 annuntiat.
921 5499 1064 5568 Quid
1087 5509 1268 5555 autem
1307 5499 1505 5557 clamet
1531 5499 1788 5569 insinuat,

180 5615 315 5655 cum
345 5599 623 5670 subjungit
647 5612 662 5652 :

254 5689 490 5760 Dirigite
529 5691 668 5745 viam
703 5689 938 5755 Domini,
969 5689 1106 5744 sicut
1136 5689 1268 5743 dixit
1308 5685 1481 5743 Isaias
1521 5690 1790 5761 propheta.

181 5781 292 5839 Via
328 5781 543 5837 Domini
595 5782 664 5837 ad
685 5797 781 5838 cor
823 5780 1098 5852 dirigitur,
1148 5795 1273 5836 cum
1319 5781 1567 5835 veritatis
1613 5796 1793 5838 sermo

267 5894 404 5954 IEx
439 5893 600 5954 Hom.
637 5895 811 5956 sancti
832 5892 1076 5966 Gregorii
1098 5908 1252 5966 papae
1278 5893 1372 5950 lib.
1398 5910 1438 5962 ι,
1466 5894 1616 5953 hom.
1645 5896 1698 5956 7.

1891 4674 2129 4736 superat,
2162 4679 2270 4734 quo
2296 4679 2421 4719 eum
2449 4662 2748 4717 nativitatis
2775 4677 2887 4717 sua:
2909 4669 3151 4730 tempora
3183 4675 3290 4715 non
3318 4653 3488 4730 augu-

1891 4765 2058 4814 stant.
2087 4756 2224 4811 Nam
2238 4757 2332 4826 qui
2350 4747 2450 4826 per
2477 4763 2707 4810 matrem
2730 4754 2787 4810 in
2811 4763 3052 4824 tempore
3078 4753 3340 4820 nascitur,
3368 4753 3488 4810 sine

1891 4863 2136 4922 tempore
2162 4859 2246 4907 est
2282 4867 2314 4906 a
2349 4849 2509 4906 Patre
2523 4858 2812 4921 generatus
2837 4866 2851 4904 :
2874 4848 2969 4905 'cui
2993 4857 3210 4919 quantae
3233 4863 3490 4904 reveren-

1891 4946 1980 5001 tiae
1993 4943 2350 5000 humilitatem
2367 4941 2580 5010 debeat,
2601 4941 2878 4998 subdendo
2888 4939 3214 5004 manifestat,
3231 4955 3354 4995 cum
3377 4940 3488 4996 ait:

1963 5039 2127 5094 Vens.
2163 5038 2254 5093 27.
2284 5067 2357 5077 —
2385 5036 2551 5109 Cujus
2582 5053 2686 5092 non
2710 5053 2826 5091 sum
2865 5035 3054 5106 dignus
3081 5034 3276 5090 solvere
3317 5031 3492 5090 corri-

1892 5132 2033 5203 giam
2080 5129 2437 5186 calceamenti.
2470 5129 2584 5186 Mos
2607 5130 2750 5201 apud
2777 5137 2988 5185 veteres
3029 5125 3155 5192 fuit,
3185 5135 3245 5181 ut
3269 5127 3315 5181 si
3362 5124 3490 5196 quis

1894 5239 2014 5280 eam
2057 5240 2176 5295 quze
2219 5223 2320 5280 sibi
2361 5232 2714 5293 competeret,
2747 5222 2993 5292 accipere
3031 5233 3257 5276 uxorem
3295 5217 3486 5285 nollet,

1895 5317 1987 5372 ille
2013 5317 2064 5372 ei
2106 5317 2534 5372 calceamentum
2571 5315 2823 5381 solveret,
2863 5313 2955 5384 qui
2979 5313 3045 5367 ad
3076 5312 3216 5366 hanc
3248 5326 3489 5383 sponsus

1889 5411 2013 5482 jure
2045 5411 2462 5482 propinquitatis
2503 5411 2730 5466 veniret.
2769 5407 2908 5474 Quid
2936 5407 3103 5478 igitur
3129 5405 3272 5461 inter
3302 5404 3484 5461 homi-

1895 5519 1995 5560 nes
2019 5502 2285 5568 Christus,
2314 5503 2418 5558 nisi
2448 5510 2649 5559 sanctte
2671 5500 2926 5556 Ecclesiae
2954 5512 3186 5567 sponsus
3204 5495 3488 5567 apparuit?

1897 5595 1975 5651 De
2009 5611 2116 5667 quo
2154 5603 2208 5650 et
2235 5593 2378 5649 idem
2421 5591 2657 5649 Joannes
2702 5590 2865 5650 dicit:
2899 5587 3005 5655 Qui
3033 5587 3186 5642 habet
3215 5602 3482 5658 sponsam,

1897 5705 2116 5759 sponsus
2143 5696 2218 5776 es!
2251 5685 2432 5757 (Joan.
2470 5700 2552 5750 ιιι,
2573 5683 2686 5754 29).
2722 5679 2829 5736 Sed
2855 5680 2981 5752 quia
3017 5677 3281 5776 Joannem
3303 5677 3486 5734 homi-

1897 5795 1995 5837 nes
2046 5769 2324 5839 Christum
2363 5793 2482 5835 esse
2508 5781 2856 5848 putaverunt,
2899 5773 3045 5845 quod
3075 5772 3219 5829 idem
3245 5769 3488 5840 Joannes
