4066 6442
597 424 699 494 75‘5

1448 432 1509 491 B.
1550 434 1611 491 ιτ.
1661 420 1887 491 ALBINI
1927 434 2058 490 seu
2097 414 2373 491 ALCUINI
2407 432 2692 491 eranum
2730 423 2910 490 rans
2946 424 3011 488 ΙΙ.

3772 420 3883 531 23.6

596 557 780 623 negat,
824 558 972 607 recte
1007 563 1066 606 se
1101 550 1380 619 indignum
1406 563 1526 605 esse
1556 538 1623 604 ad
1661 547 1977 605 solvendum
2005 547 2176 603 corri—
2205 552 2256 608 Α
2277 544 2610 617 justiﬁeandi
2641 547 2802 603 habet
2838 554 3184 617 potestatem.
3227 545 3510 614 Quomodo
3541 555 3732 603 autem
3758 564 3887 618 νεο-

594 647 739 719 giam
764 642 882 715 ejus
905 643 1256 700 caleeamenti
1284 642 1584 719 denuntiat.
1625 640 1703 698 Ae
1726 642 1772 699 si
1794 653 1979 713 aperte
1999 642 2175 696 dicat:

591 735 708 808 Ego
739 732 1116 803 Redemptoris
1139 732 1365 804 vestigia
1397 731 1672 788 denudare
1700 748 1809 788 nou
1837 733 2012 799 valeo,
2053 730 2183 802 quia

594 828 777 900 Sponsi
806 842 1003 883 nomen
1031 823 1165 881 mihi
1190 825 1497 881 immeritus
1534 841 1641 880 non
1670 841 1891 896 usurpo.
1920 818 2073 894 Quod
2101 832 2181 878 ta-

592 935 717 974 men
765 915 986 988 intelligi
1043 925 1098 971 et
1128 916 1310 981 ‘aliter
1356 924 1552 987 potest.
1602 915 1734 983 Quis
1780 916 1923 971 enim
1976 912 2181 971 nesciat

594 1008 737 1081 quod
775 1009 1143 1064 calceamenta
1172 1024 1239 1062 ex
1269 1008 1497 1064 mortuis
1532 1006 1860 1063 animalibus
1891 1004 2065 1061 ﬁant?
2094 1002 2182 1062 In-

590 1108 846 1158 carnatus
872 1117 1003 1157 vero
1028 1101 1290 1156 Dominus
1326 1102 1565 1166 veniens.
1601 1100 1755 1170 quasi
1787 1096 2058 1155 calceatus
2087 1116 2182 1170 ap-

582 1192 785 1265 paruit,
815 1192 911 1265 qui
934 1192 987 1247 in
1022 1193 1300 1249 divinitate
1324 1209 1420 1248 sua
1446 1192 1730 1248 morticina
1757 1190 1909 1265 [Ms.,
1938 1191 2182 1246 mortici-

584 1283 741 1359 nam]
761 1292 961 1340 nostrae
985 1284 1351 1355 corruptionis
1373 1282 1688 1356 assumpsit.
1733 1283 1886 1340 Unde
1903 1284 2069 1338 etiam
2085 1299 2184 1356 per

585 1370 912 1447 Prophetam
935 1376 1066 1432 dicit
1092 1392 1107 1430 :
1137 1375 1206 1431 In
1228 1377 1506 1432 Idumeam
1548 1376 1824 1431 extendam
1861 1374 2184 1431 calceamen-

590 1483 702 1527 tum
722 1484 895 1527 meum
910 1470 1086 1545 (Psal.
1107 1486 1222 1540 LIX,
1238 1472 1349 1545 10).
1379 1475 1485 1530 Per
1517 1472 1793 1530 Idumeam
1834 1472 2032 1542 quippe
2056 1487 2186 1543 gen-

582 1564 758 1621 tilitas
779 1566 1112 1638 designatur.
1146 1568 1204 1622 ln
1224 1567 1503 1623 ldumeam
1530 1583 1661 1639 ergo
1686 1568 1950 1624 Dominus
1976 1565 2185 1622 calcea-

502 1720 511 1721 ί
588 1668 831 1714 mentum
873 1674 1030 1714 suum
1067 1674 1126 1713 se
1153 1659 1446 1715 extendere
1489 1660 1705 1723 asserit,
1738 1658 1865 1730 quia
1912 1657 2041 1712 dum
2088 1672 2186 1726 per

585 1764 807 1805 carnem
837 1750 1087 1820 gentibus
1125 1749 1372 1815 innotuit,
1409 1750 1564 1822 quasi
1595 1749 1836 1806 calceata
1875 1748 1942 1802 ad
1970 1762 2066 1803 nos
2105 1745 2185 1800 (li—

581 1844 784 1899 vinitas
812 1844 980 1899 venit.
1008 1843 1114 1900 Sed
1138 1843 1299 1913 hujus
1329 1844 1721 1900 incarnationis
1740 1843 2059 1915 mysterium
2091 1841 2187 1897 hu-

2283 652 2403 695 cata
2458 640 2645 696 mundi
2702 638 2875 707 tollat,
2931 656 3037 711 quo
3101 641 3291 697 ordine
3343 640 3611 710 justiﬁcet
3662 644 3887 714 impios,

2282 730 2556 802 apostolus
2600 730 2793 787 Petrus
2823 733 3082 799 ostendit,
3106 732 3199 805 qui
3229 734 3306 787 ait
3331 751 3342 788 :
3376 733 3503 788 Non
3524 736 3890 806 corruptibili—

2283 826 2401 892 bus,
2443 835 2656 896 argento
2692 824 2768 880 vel
2819 843 2949 881 auro
2977 827 3228 898 redempti
3269 828 3393 883 estis
3441 828 3506 883 de
3532 846 3675 884 vana
3718 840 3889 887 vestra

2282 918 2669 972 conversatione
2711 929 2945 989 paternte
2992 918 3315 984 traditionis,
3355 920 3445 973 sed
3486 921 3724 989 pretioso
3766 938 3890 979 san.-

2280 1009 2457 1079 guine,
2505 1010 2660 1080 quasi
2704 1011 2827 1080 agni
2865 1011 3290 1076 incontaminati,
3321 1022 3371 1065 et
3397 1010 3736 1067 immaculati
3762 1012 3889 1075 Jesu

2280 1092 2480 1154 Christi
2506 1100 2558 1173 (Ι
2582 1101 2726 1156 Petr.
2755 1119 2792 1169 ι,
2819 1102 2904 1170 l8,
2929 1102 3037 1177 l9).
3066 1102 3361 1173 Sequitur:

2355 1186 2520 1248 Vsus.
2547 1192 2636 1247 50.
2662 1225 2731 1233 -
2755 1192 2995 1250 Joannes
3022 1195 3391 1250 testimonium
3413 1195 3672 1266 perhibet
3707 1196 3890 1256 deDo-

2260 1284 2450 1342 ‘mino.
2473 1284 2574 1341 Hic
2602 1296 2677 1339 est
2709 1287 2773 1341 de
2801 1304 2903 1358 quo
2935 1287 3070 1354 dixi,
3101 1298 3217 1359 post
3248 1304 3331 1342 me
3361 1290 3499 1343 venit
3521 1290 3622 1353 vir,
3656 1290 3754 1360 qui
3774 1300 3889 1351 ante

2284 1396 2366 1432 me
2389 1379 2561 1449 factus
2587 1389 2687 1445 est,
2716 1380 2841 1449 quia
2869 1380 3017 1451 prior
3040 1395 3122 1433 me
3146 1389 3281 1434 erat.
3328 1378 3460 1435 Post
3482 1395 3570 1436 me
3594 1382 3750 1435 venit
3788 1382 3884 1451 vir,

2286 1479 2406 1544 post
2434 1487 2521 1528 me
2548 1480 2708 1533 natus
2733 1480 2817 1527 cst
2842 1470 2896 1526 in
2919 1472 3140 1537 mundo,
3164 1480 3287 1542 post
3313 1488 3399 1527 me
3426 1473 3733 1543 praedicare
3760 1475 3888 1531 inci-

2286 1566 2400 1639 piet
2420 1566 2657 1633 mundo;
2693 1565 2787 1637 qui
2813 1573 2939 1623 ante
2965 1581 3051 1620 me
3077 1563 3253 1621 factus
3274 1575 3379 1633 est,
3411 1567 3507 1637 qui
3533 1583 3623 1623 me
3640 1570 3889 1639 potentia

2288 1657 2840 1729 majestatistantum,
2875 1667 3138 1729 quantum
3172 1674 3480 1729 praeconem
3493 1657 3678 1729 iudex,
3712 1677 3891 1730 quan-

2290 1763 2402 1809 tum
2446 1754 2525 1808 sol
2548 1752 2878 1818 Luciferum,
2929 1751 3059 1807 licet
3092 1761 3214 1822 post
3257 1767 3545 1824 apparens,
3587 1752 3886 1808 antecellit.

2291 1844 2426 1914 Quia
2458 1847 2607 1917 prior
2636 1861 2723 1900 me
2753 1855 2896 1911 erat,
2934 1842 3062 1915 quia
3103 1844 3161 1898 in
3184 1844 3443 1915 principio
3468 1854 3582 1899 erat
3641 1841 3884 1912 Verbum,

582 1950 777 1992 manus
799 1936 987 1991 oculus
1005 1912 1295 2006 penetrare
1310 1952 1418 1991 non
1449 1935 1665 1991 sutiieit.
1690 1912 2009 2006 investigari
2032 1934 2177 1989 enim
2207 1912 2256 1980 Β
2286 1912 2333 1994 et
2376 1912 2595 1993 Verbum
2638 1948 2750 1994 erat
2781 1937 2923 2011 apud
2952 1912 3142 2004 Deum,
3185 1912 3238 1991 vet
3282 1912 3424 1992 Deus
3473 1948 3588 1992 erat
3641 1935 3881 1992 Verbum.

581 2026 891 2082 nullatenus
952 2034 1151 2099 potest,
1209 2026 1479 2098 quomodo
1535 2026 1915 2097 incorporatur
1973 2023 2177 2099 [στερη

585 2118 928 2193 corporatur]
958 2122 1225 2184 verbum;
1257 2120 1528 2191 quomodo
1567 2135 1812 2175 summus
1846 2127 1900 2174 et
1937 2117 2182 2174 vivifica-

578 2208 673 2266 ιον
721 2211 945 2281 spiritus
994 2212 1137 2267 intra
1187 2221 1401 2267 uterum
1461 2211 1652 2267 matris
1705 2212 2014 2278 animatur;
2049 2226 2183 2282 quo.

585 2303 747 2358 modo
794 2303 840 2358 is
868 2303 960 2373 qui
990 2288 1217 2358 initium.
1236 2314 1345 2359 non
1371 2302 1558 2372 habet,
1599 2313 1653 2360 et
1682 2305 1869 2360 existit
1901 2313 1957 2359 et
1998 2304 2182 2361 conci-

583 2395 751 2466 pitur.
774 2393 1021 2467 Cor‘rigia
1060 2411 1189 2450 vero
1220 2395 1576 2451 calceamenti
1607 2405 1690 2452 εει
1725 2397 1955 2468 ligatura
1986 2405 2183 2467 myste-

583 2486 674 2540 rii.
722 2478 959 2542 Joannes
1006 2487 1188 2559 itaque
1235 2486 1445 2543 solvere
1495 2486 1783 2558 corrigiam
1828 2486 2179 2541 calceamenti

587 2579 706 2651 ejus
752 2595 861 2635 non
904 2579 1064 2644 valet,
1108 2580 1233 2650 quia
1274 2577 1665 2635 incarnationis
1712 2578 2030 2650 mysterium
2081 2593 2183 2633 nec

582 2670 701 2742 ipse
731 2673 1057 2745 investigare
1078 2671 1298 2739 suiiicit,
1338 2672 1430 2743 qui
1458 2672 1599 2726 hanc
1623 2684 1719 2741 per
1756 2668 2053 2741 prophetia:
2075 2669 2184 2739 spi-

591 2765 759 2820 ritum
788 2765 1027 2836 agnovit.
1072 2764 1212 2833 Quid
1240 2772 1325 2821 est
1365 2780 1494 2835 ergo
1531 2760 1735 2830 dicere,
1776 2760 1900 2817 Non
1942 2780 2058 2817 sum
2101 2762 2183 2816 di-

587 2872 721 2927 gnus
742 2855 940 2911 solvere
962 2856 1247 2927 corrigiam
1271 2854 1610 2909 calceamenti
1635 2854 1769 2927 ejus,
1790 2852 1895 2908 nisi
1923 2861 2108 2924 aperte
2129 2861 2186 2909 et

588 2940 871 3001 humiliter
922 2960 1079 3000 suam
1131 2943 1494 3015 ignorantiam
1542 2942 1829 3015 proﬁteri?
1874 2943 1953 2998 Ae
2001 2942 2047 2998 si
2088 2957 2219 3012 pa-‘

585 3042 766 3091 tenter
796 3035 941 3091 dicat
964 3044 981 3089 :
1007 3033 1149 3103 Quid
1179 3036 1401 3102 mirum,
1438 3036 1486 3090 si
1514 3035 1646 3090 mihi
1668 3034 1759 3090 ille
1786 3033 2048 3106 praelatus
2075 3043 2180 3100 est,

582 3136 752 3199 quem
787 3132 910 3199 past
957 3136 1046 3183 me
1092 3128 1312 3199 quidem
1346 3134 1533 3183 natum
1570 3127 1877 3194 considero,
1914 3127 2012 3183 sed
2043 3127 2184 3183 nati-

590 3221 775 3276 vitatis
802 3219 918 3290 ejus
938 3220 1263 3292 mysterium
1294 3234 1403 3276 non
1426 3219 1771 3293 apprehende
1796 3231 1822 3260 ει
1843 3220 1869 3274 ‘t
1898 3238 1916 3272 ι

660 3268 1018 3387 ἤτεδνειιδῗ
1035 3310 1128 3370 28.
1146 3343 1221 3354 —
1234 3311 1366 3368 Παῖς
1384 3313 1441 3367 in
1455 3268 1713 3368 Eat/iunia
1728 3310 1873 3383 facta
1896 3320 2019 3367 sunt
2036 3320 2183 3367 trans
2212 3268 2260 3346 θ

586 3406 896 3474 Iordanem,
916 3404 1011 3461 ubi
1039 3416 1153 3461 erat
1181 3407 1417 3461 Joannes
1445 3406 1738 3477 baptiza'ns.
1766 3402 1916 3460 Bene
1952 3418 2186 3475 prtecur-

587 3492 904 3558 sorDomini
922 3500 1093 3555 nostri
1109 3502 1163 3555 in
1181 3498 1442 3555 Bethania
1470 3498 1669 3554 dicitur
1681 3490 1991 3568 baptizasse
2015 3515 2029 3565 ;
2058 3508 2185 3553 nam

584 3586 850 3652 Bethania
898 3596 1094 3652 domus
1140 3594 1460 3649 obedientiae
1514 3593 1944 3664 interpretatur;
1980 3599 2039 3646 ut
2088 3593 2185 3647 de-

588 3695 923 3744 monstraret
962 3698 1063 3758 per
1104 3685 1469 3741 obedientiam
1503 3684 1625 3740 ﬁdei
1654 3694 1844 3740 omnes
1868 3684 1937 3739 ad
1982 3682 2189 3740 Christi

593 3777 866 3849 baptisma
900 3779 1096 3834 debere
1124 3776 1429 3848 pervenire.
1475 3768 1629 3831 Sicut
1662 3774 1834 3850 Magis
1870 3776 2188 3833 mandatum

592 3879 678 3931 est
698 3884 797 3944 per
822 3871 985 3927 aliam
1003 3871 1146 3926 viam
1170 3870 1371 3926 reverti
1398 3869 1453 3925 in
1477 3870 1732 3940 patriam,
1761 3871 1837 3925 ita
1863 3870 2022 3926 nobis
2048 3884 2189 3941 prte-

593 3966 811 4036 ceptum
844 3969 929 4019 est
964 3976 1065 4032 per
1092 3961 1254 4016 aliam
1285 3961 1353 4016 ad
1381 3960 1617 4032 paradisi
1640 3961 1832 4033 gaudia
1860 3954 2199 4033 perveniret

593 4064 721 4110 nam
767 4054 941 4111 nostri
969 4060 1225 4124 parentes
1256 4062 1355 4123 per
1380 4046 1763 4110 inobediemiae
1806 4054 2022 4124 culpam
2062 4053 2188 4109 inde

587 4145 750 4216 eiecti
771 4153 897 4203 sunt
918 4164 933 4215 ;
959 4162 1061 4203 nos
1085 4158 1216 4203 vero
1236 4159 1337 4217 per
1355 4145 1676 4202 obedientize
1695 4142 1898 4203 bonum
1924 4154 1981 4202 et
2004 4146 2188 4202 obser-

588 4243 863 4299 vationem
894 4241 1270 4297 mandatorum
1313 4240 1428 4304 Dei,
1470 4239 1538 4294 ad
1576 4246 1794 4294 aeternte
1830 4237 2187 4295 beatitudinis

589 4337 905 4416 paradisum
937 4335 1221 4406 pervenire
1256 4334 1535 4388 debemus.

661 4430 828 4489 Vens.
858 4424 949 4483 29.
976 4458 1047 4467 —
1071 4425 1249 4480 Altera
1279 4424 1363 4479 die
1393 4423 1523 4479 vidit
1548 4423 1782 4479 Joannes
1806 4418 1990 4479 Iesum
2022 4423 2093 4477 ad
2128 4440 2185 4478 se

592 4523 898 4578 uenientem.
940 4515 1175 4572 Joannes
1210 4516 1603 4587 interpretatur
1642 4516 1817 4587 gratia
1849 4515 1965 4571 Dei.
1998 4512 2183 4571 Altera

591 4611 708 4669 dies
722 4606 917 4683 pepulo
941 4606 1250 4664 Christiano
1276 4604 1430 4680 [Ms.,
1452 4608 1682 4678 populus
1704 4607 2070 4681 Christianus]
2094 4616 2179 4665 est

595 4702 697 4759 sub
737 4701 928 4772 gratia,
952 4700 1043 4771 qui
1071 4699 1308 4770 pretioso
1331 4699 1592 4769 sanguine
1618 4693 1820 4756 Christi
1866 4700 2178 4772 redemptus

591 4807 696 4855 est.
723 4796 907 4853 Altera
935 4796 1050 4852 dies
1075 4794 1177 4850 fuit
1199 4796 1400 4866 populo
1436 4794 1605 4865 priori
1636 4795 1734 4851 sub
1754 4794 1889 4867 lege,
1931 4796 2023 4865 qui
2061 4810 2179 4869 my-

592 4895 729 4952 stim
756 4891 1015 4965 sanguine
1041 4890 1167 4961 agni
1191 4891 1501 4959 redemptus
1521 4895 1608 4943 est
1631 4904 1662 4943 a
1690 4888 1951 4944 servitute
1979 4886 2178 4959 Egyp—

582 4984 752 5042 ~tiaea.
797 4980 889 5037 Ille
944 4997 1115 5054 agnus
1162 4978 1500 5052 significabat
1545 4980 1711 5035 istum
1752 4992 1973 5049 agnum,
2016 4990 2175 5046 quem

588 5085 912 5151 pnesentem
924 5073 1119 5130 beatus
1138 5072 1381 5144 Baptista
1408 5070 1576 5144 digito
1593 5071 1933 5134 ostendebat,
1956 5066 2171 5125 dicens:

597 5191 617 5225 ι
645 5170 677 5211 b
706 5169 841 5225 Ecce
886 5171 1064 5242 Agnus
1100 5166 1219 5234 Dei,
1242 5182 1356 5222 ecce
1388 5168 1483 5238 qui
1528 5164 1663 5220 tollit
1710 5172 1923 5235 peccata
1970 5162 2171 5217 mundi.

586 5260 732 5320 Ecce
765 5278 936 5335 agnus
970 5260 1089 5327 Dei,
1112 5273 1244 5323 ecce
1288 5259 1548 5313 innocens
1585 5264 1638 5312 et
1666 5258 1734 5310 ab
1777 5256 1924 5311 omni
1953 5261 2177 5325 peccato

592 5356 870 5422 immunis,
907 5362 967 5411 ut
998 5363 1121 5424 pote
1160 5353 1253 5422 qui
1289 5365 1351 5406 os
1378 5352 1593 5421 quidem
1630 5350 1696 5404 de
1730 5349 1945 5403 ossibus
1979 5346 2173 5415 Adam,

591 5456 649 5507 et
675 5458 893 5503 carnem
917 5442 1109 5518 [Beda,
1141 5451 1196 5496 et
1231 5439 1383 5515 caro]
1407 5441 1474 5496 de
1500 5452 1664 5495 carne
1702 5436 1896 5505 Adam,
1924 5439 2018 5494 sed
2054 5438 2177 5493 nul-

588 5541 705 5596 lam
754 5538 821 5595 de
871 5550 1035 5592 carne
1084 5533 1389 5605 peccatrice
1442 5531 1609 5586 traxit
1660 5530 1925 5584 maculam
1982 5530 2171 5599 culpas.

579 5628 739 5691 ‘Ecce
762 5632 854 5706 qui
892 5630 1033 5687 tollit
1060 5635 1282 5699 peccata
1315 5625 1500 5681 mundi
1525 5641 1540 5692 ;
1568 5638 1693 5679 cc'ce
1720 5625 1810 5693 qui
1827 5623 2008 5693 justus
2035 5622 2176 5678 inter

596 5736 930 5799 peccatores,
968 5723 1119 5780 mitis
1149 5722 1290 5775 inter
1317 5720 1530 5789 impios,
1560 5718 1665 5772 hoc
1693 5724 1793 5783 est,
1823 5716 1975 5786 quasi
2006 5731 2175 5787 agnus

596 5820 740 5877 inter
780 5819 935 5887 lupos
980 5822 1261 5885 apparens,
1317 5812 1478 5866 etiam
1531 5818 1843 5882 peceatores
1883 5817 1939 5866 et
1979 5810 2174 5880 impios

674 5943 699 5974 α
726 5928 1013 5998 ﬂuensque
1036 5939 1103 5983 ex
1127 5922 1407 5988 Gregorio.

2297 2030 2415 2085 Post
2467 2048 2548 2084 me
2578 2031 2714 2085 venit
2763 2031 2857 2094 vir,
2906 2037 3119 2101 tempus
3154 2028 3407 2084 humanas
3448 2028 3761 2083 nativitatis
3795 2028 3883 2086 de-

2284 2123 2481 2194 signat,
2534 2122 2588 2175 in
2621 2138 2728 2192 quo
2768 2116 2977 2177 Joanne
3011 2121 3371 2192 posteriorem
3414 2120 3705 2177 Christum
3731 2118 3884 2176 intel-

2284 2214 2426 2288 lige;
2454 2214 2558 2283 Qui
2585 2224 2707 2269 ante
2736 2232 2818 2270 me
2851 2215 3023 2283 [actus
3054 2224 3151 2281 est,
3194 2216 3489 2284 primatum
3515 2215 3687 2286 regiae
3742 2222 3883 2286 pote-

2286 2309 2465 2374 statis,
2520 2324 2627 2380 quo
2678 2309 2845 2363 etiam
2887 2307 3095 2377 angelis
3148 2308 3420 2379 prtesidet,
3478 2307 3696 2363 intuere
3724 2326 3741 2375 ;
3769 2308 3884 2379 quia

2284 2401 2431 2472 prior
2474 2419 2553 2455 me
2587 2410 2720 2466 erat,
2757 2400 3119 2456 aeternitatem
3163 2400 3359 2456 divina:
3410 2400 3746 2471 maiestatis,
3787 2413 3881 2469 qua

2285 2490 2434 2547 Patri
2476 2500 2559 2548 est
2598 2492 2840 2562 mqualis,
2889 2491 3146 2562 intellige.
3184 2488 3311 2545 Post
3359 2474 3625 2546 movenit'
3660 2491 3761 2558 vir,
3802 2492 3882 2562 qui

2287 2595 2408 2637 ante
2432 2600 2513 2638 me
2546 2582 2716 2652 factus
2742 2593 2838 2648 est,
2868 2583 2992 2653 quia
3019 2583 3168 2653 prior
3199 2598 3280 2636 me
3302 2594 3434 2636 erat.
3466 2580 3598 2636 Post
3625 2595 3716 2636 me
3745 2582 3883 2637 venit

2286 2673 2645 2740 humanitate,
2692 2675 2787 2746 qui
2820 2674 2942 2729 ideo
2983 2690 3071 2732 me
3106 2674 3367 2745 prtecellit
3413 2674 3705 2746 dignitate,
3766 2674 3884 2747 quia

2282 2764 2440 2834 prior
2463 2779 2554 2822 me
2577 2774 2695 2821 erat
2722 2765 3026 2821 divinitate.

2360 2856 2523 2911 Vens.
2550 2857 2638 2910 5i.
2670 2887 2740 2896 ——
2782 2856 2852 2910 Et
2878 2873 2970 2927 ego
3013 2857 3324 2924 nesciebam,
3349 2855 3550 2927 inquit,
3587 2872 3732 2913 eum.
3761 2856 3883 2914 Cer-

2282 2952 2402 3003 tum
2430 2955 2513 3002 est
2542 2949 2668 3017 quia
2689 2947 2897 3003 sciebat
2920 2947 3209 3002 Dominum
3236 2945 3494 3014 Joannes,
3519 2948 3607 3004 cui
3641 2949 3879 3006 testimo-

2286 3042 2438 3096 nium
2473 3040 2764 3111 perhibere
2800 3039 3000 3095 missus
3048 3049 3152 3105 est,
3184 3053 3345 3110 quem
3362 3040 3607 3110 iudicem
3642 3042 3879 3097 omnium

2284 3146 2578 3191 venturum
2623 3133 2976 3206 praedicabat,
3008 3133 3230 3189 dicens:
3257 3134 3427 3204 Cujus
3459 3134 3806 3190 ventilabrum
3830 3136 3881 3189 in

2288 3240 2451 3280 manu
2521 3240 2638 3292 sua,
2692 3234 2741 3279 et
2814 3223 3180 3296 permandabit
3218 3234 3397 3278 aream
3448 3241 3601 3279 suam
3668 3223 3877 3297 (Matth.

2288 3314 2521 3389 111,12);
2549 3331 2580 3371 a
2614 3331 2719 3387 quo
2750 3314 3011 3386 Spiritum
3042 3323 3293 3369 sanctum
3323 3314 3443 3369 dari
3480 3315 3686 3370 debere
3722 3321 3880 3369 testa—

2286 3410 2470 3474 batur,
2501 3410 2610 3479 ipse
2651 3424 2738 3463 vos
2779 3406 3081 3478 baptizabit,
3113 3406 3385 3476 inquiens,
3415 3403 3620 3477 Spiritu
3666 3416 3881 3474 sanato;

2291 3518 2322 3556 a
2350 3517 2458 3571 quo
2494 3514 2553 3555 sc
2596 3501 2775 3569 ipsum
2808 3497 2955 3552 ablui
2997 3496 3359 3561 desiderabat,
3401 3495 3629 3551 dicens:
3662 3494 3882 3568 Ερσιοι

2286 3594 2382 3649 beo
2402 3612 2439 3648 a
2467 3602 2516 3647 te
2538 3592 2817 3663 baptizari,
2840 3601 2893 3646 et
2915 3600 2971 3644 tu
2998 3590 3142 3644 venis
3165 3590 3236 3642 ad
3282 3600 3364 3644 tne
3391 3591 3417 3643 7
3438 3589 3730 3656 Quartde
3757 3607 3882 3662 ergo

2288 3686 2440 3749 dicit,
2476 3692 2525 3739 et
2555 3699 2647 3755 ego
2672 3681 2966 3738 nesciebam
3003 3696 3144 3748 eum,
3183 3681 3287 3736 nisi
3316 3681 3443 3751 quia
3482 3696 3609 3737 eum
3639 3694 3805 3754 quem
3830 3690 3883 3738 et

2291 3785 2453 3833 antea
2504 3785 2753 3842 noverat,
2809 3772 3103 3845 perfectius
3150 3770 3265 3841 jam
3314 3782 3442 3828 cum
3510 3774 3884 3844 baptizaretur

2291 3869 2554 3941 agnovit?
2576 3868 2749 3938 Quem
2781 3868 2967 3924 mundi
2996 3866 3339 3923 Salvator-em
3355 3872 3415 3923 et
3450 3865 3698 3937 iudicem
3720 3882 3880 3926 nores

2288 3972 2395 4031 rat,
2419 3963 2579 4035 hujus
2603 3964 2900 4034 potentiam
2918 3961 3221 4032 maiestatis
3243 3960 3426 4029 altius,
3458 3960 3670 4033 Spiritu
3702 3970 3882 4019 sancto

2292 4070 2455 4128 super
2475 4073 2601 4113 eum
2617 4056 3002 4123 descendente,
3026 4055 3297 4126 cognovit.
3318 4054 3503 4125 Neque
3550 4053 3705 4111 enim
3729 4056 3881 4113 dubi-

2291 4150 2517 4206 tandum
2563 4159 2667 4215 est,
2714 4148 2838 4219 quia
2886 4149 3078 4204 beatus
3125 4144 3383 4214 Joannes,
3438 4158 3564 4203 cum
3618 4147 3881 4219 Spiritum

2289 4251 2559 4310 sanctum,
2596 4241 2728 4296 licet
2762 4238 3030 4310 corporali
3068 4238 3251 4310 specie
3268 4239 3455 4294 videre
3480 4256 3496 4306 ;
3522 4244 3661 4295 eum
3694 4250 3881 4297 vocem

2285 4333 2488 4402 Patris,
2524 4328 2654 4389 licet
2699 4328 3058 4402 corporaliter
3100 4338 3405 4395 sonantem,
3448 4332 3747 4387 mmisset
3789 4345 3879 4387 au-

2287 4428 2427 4495 dire,
2454 4427 2682 4482 multum
2709 4436 2776 4480 ex
2815 4426 2920 4482 hoc
2948 4425 3067 4481 visu
3096 4432 3153 4481 et
3178 4422 3364 4481 auditu
3384 4418 3685 4497 proiecerit
3712 4469 3728 4493 ,
3749 4424 3881 4482 ωσι

2284 4529 2403 4574 tum
2425 4519 2490 4574 de
2521 4518 2715 4574 divina:
2740 4517 3027 4588 potestatis
3063 4515 3401 4582 excellentia,
3426 4515 3688 4571 revelatis
3712 4517 3879 4573 oculis

2206 4634 2260 4708 δ
2283 4611 2508 4679 mentis,
2539 4612 2778 4667 scientiae
2812 4609 3056 4665 caelestis
3085 4608 3395 4680 acceperit:
3427 4607 3566 4663 adeo
3603 4616 3665 4662 ut
3692 4607 3874 4682 [Βεὰι

2282 4703 2557 4775 acceperit
2600 4718 2630 4757 a
2665 4700 2794 4768 Deo,
2834 4700 2918 4773 ut]
2959 4700 3027 4754 ad
3067 4700 3530 4770 comparationem
3578 4697 3877 4770 intempo-

2281 4803 2372 4858 tiae
2402 4814 2509 4873 qua
2533 4804 2662 4854 tunc
2690 4796 2951 4852 illustrari
2990 4802 3246 4867 cmperat,
3274 4802 3500 4848 eatenus
3527 4791 3686 4848 ﬂium
3710 4800 3872 4864 quam

2279 4903 2371 4949 tus
2397 4898 2559 4957 esset,
2601 4888 2926 4945 omnimodis
2968 4888 3071 4943 sibi
3114 4886 3389 4942 videretur
3415 4886 3719 4957 ignorasse.
3776 4883 3868 4953 Qui

2280 4983 2671 5049 testimonium,
2717 4982 2775 5036 in
2823 4996 2930 5052 quo
2953 4979 3146 5053 [Beda,
3200 4980 3255 5035 in
3308 4975 3485 5051 quod]
3522 4979 3728 5036 missus
3772 4984 3866 5043 est,

2278 5075 2509 5134 Domino
2545 5076 2830 5149 diligenter
2864 5074 3158 5144 perhibens
3183 5072 3464 5143 adiungit:

2354 5166 2463 5224 Sed
2498 5178 2554 5223 ut
2602 5167 3029 5237 manifestaretur
3063 5163 3252 5231 Israel,
3284 5170 3557 5235 prapterea
3612 5163 3731 5219 verti
3777 5175 3862 5234 ego

2277 5257 2336 5310 in
2365 5272 2503 5327 aqua
2533 5255 2827 5326 baptizans.
2858 5252 3015 5320 Quod
3042 5260 3126 5307 est
3152 5259 3336 5321 aperte
3360 5250 3581 5306 dicere:
3614 5264 3726 5306 non
3749 5249 3865 5305 ideo

2277 5349 2403 5406 veni
2432 5349 2488 5404 in
2519 5364 2658 5419 aqua
2692 5348 3000 5418 bapti'zans,
3039 5347 3166 5416 quia
3194 5354 3416 5415 peccata
3462 5345 3651 5401 mundi
3695 5340 3859 5415 δινεῖ·

2274 5440 2455 5495 'zando
2489 5440 2680 5495 tollere
2726 5448 2969 5508 possum,
3006 5434 3102 5492 sed
3147 5441 3208 5491 at
3249 5449 3374 5490 eum
3420 5435 3751 5505 baptizando
3797 5442 3863 5491 eo

2274 5531 2621 5602 pmdicando
2654 5526 3062 5586 manifestarem
3087 5526 3287 5599 popuio
3327 5526 3511 5592 lsrael,
3543 5527 3637 5598 qui
3674 5528 3731 5581 in
3757 5526 3863 5598 spi‘

2278 5623 2387 5677 ritu
2425 5631 2613 5678 saneto
2652 5622 2955 5693 baptizans,
2990 5621 3059 5675 ad
3085 5620 3316 5675 tollenda
3362 5626 3583 5689 peccata
3638 5626 3743 5673 non
3773 5632 3860 5673 so—

2271 5713 2388 5770 lum
2418 5713 2603 5782 Israel,
2634 5714 2729 5770 sed
2754 5720 2809 5770 et
2839 5714 3006 5769 totius
3029 5713 3236 5778 mundi,
3276 5710 3321 5766 si
3346 5712 3397 5767 ei
3428 5713 3655 5767 credere
3677 5709 3861 5767 votae.

2277 5808 2369 5875 rit,
2399 5808 2623 5863 idoneus
2654 5814 2759 5863 est.
2799 5804 3089 5876 Propterea
3141 5802 3306 5877 570
3352 5806 3475 5860 veni
3503 5820 3607 5878 ego
3634 5805 3689 5863 in
3715 5816 3858 5875 aqua

2350 5924 2379 5963 ιν
2406 5918 2548 5979 Beda
2557 5921 2733 5989 ,hom.
2762 5918 2820 5976 in
2841 5916 3137 5989 Epiphania
3158 5916 3391 5977 Demitri.
