4072 6340
215 347 316 422 7191

1022 347 1433 412 EXEGETIC'A.
1471 383 1542 395 —
1575 349 1935 410 COMMENT.
1979 351 2047 407 ΙΝ
2081 349 2274 408 JOAN.
2315 381 2386 394 -—
2421 349 2549 406 LIB.
2589 352 2633 408 l.

3369 346 3474 404 758

219 469 349 545 [1b,
381 465 440 521 in
461 461 862 536 penitentiam]
909 463 1213 534 baptizans,
1257 473 1318 519 ut
1344 466 1424 520 sic
1449 465 1788 535 baptizando,
1820 471 1872 526 Δ
1897 463 2126 536 fugeret,
2173 465 2336 519 ullam
2379 464 2600 518 invenit.
2636 462 2831 518 Mansit
2865 471 3044 518 autem
3087 469 3238 516 totus
3273 462 3329 516 in
3355 461 3474 525 illo,

217 561 292 618 illi
341 559 486 613 viam
519 567 794 628 pararem,
839 555 938 627 qui
973 555 1280 626 baptizare!
1319 555 1376 610 in
1424 555 1794 612 remissionem

216 657 581 724 peccatorum.
1325 675 1328 678 -

285 743 448 800 Vnus.
473 741 568 796 ἠ.
591 767 664 780 —-
683 738 758 793 Et
777 741 1132 794 testimonium
1155 739 1416 809 perhibuit
1451 739 1682 795 latinitas
1717 740 1798 794 di-

217 843 354 900 cens,
375 833 500 904 quis
523 831 630 884 vidi
645 829 902 900 Spiritum
921 830 1316 885 descendentem
1325 831 1480 902 quasi
1507 829 1800 887 columbam

217 925 280 980 de
292 922 440 988 coelo,
463 931 512 976 et
529 922 720 976 muttit
745 929 1050 992 supersum.
1069 915 1214 978 Bene
1225 927 1402 976 autem
1419 921 1522 995 [in]
1537 921 1802 976 columba:

218 1017 398 1088 specie
418 1014 874 1084 descenditsuper
899 1015 1187 1068 Dominum
1215 1014 1473 1086 Spiritus,
1503 1025 1566 1068 ut
1589 1015 1801 1069 discant

217 1102 404 1158 ﬁdeles
413 1115 526 1156 non
537 1099 766 1158 aliterse
787 1097 1032 1155 membra
1051 1097 1170 1169 ejus
1189 1099 1310 1154 fieri
1333 1117 1348 1168 ;
1373 1115 1483 1156 non
1511 1102 1666 1156 aliter
1685 1100 1802 1170 ejus

218 1195 426 1268 Spiritu
477 1203 538 1250 se
579 1203 740 1265 posse
794 1191 990 1263 repleti
1013 1233 1028 1260 ,
1081 1195 1186 1248 nisi
1233 1193 1516 1263 simplices
1567 1191 1798 1261 iuerint,

216 1287 323 1342 nisi
373 1301 559 1342 veram
595 1299 718 1340 cui
767 1283 1028 1340 fratribus
1061 1287 1347 1340 habuerint
1389 1299 1602 1357 pacem,
1639 1301 1802 1356 quam

215 1378 524 1448 signiﬁcant
570 1377 754 1432 oscula
801 1377 1192 1433 columbarum.
1239 1377 1448 1434 Habent
1491 1389 1678 1444 autem
1717 1395 1806 1435 os—

221 1469 345 1524 cula
371 1477 426 1522 et
455 1469 625 1534 corvi,
653 1469 748 1523 sed
778 1469 1005 1535 laniant,
1030 1461 1172 1538 quod
1201 1469 1464 1526 columbae
1493 1471 1806 1526 omnimodo

217 1579 328 1621 non
357 1559 560 1614 faciunt
587 1578 600 1612 ε
630 1557 999 1630 significantes
1024 1575 1136 1626 eos,
1173 1561 1266 1632 qui
1294 1561 1588 1630 loquuntur
1613 1576 1806 1631 pacem

219 1671 346 1714 cum
373 1654 624 1726 proximo
645 1667 764 1718 suo,
803 1653 946 1706 maia
983 1663 1168 1707 autem
1197 1663 1324 1707 sunt
1347 1654 1400 1706 in
1429 1655 1684 1709 cordibus
1717 1669 1808 1708 eo-

218 1762 344 1804 rum
377 1743 549 1817 (Paul.
585 1755 756 1808 xxvii,
789 1743 865 1814 '5).
900 1743 1172 1800 Columbae
1219 1755 1396 1800 autem
1433 1755 1642 1814 natura,
1688 1761 1808 1816 qua:

1897 571 2006 612 non
2043 571 2112 612 ex
2148 571 2216 612 eo
2245 556 2416 611 solum
2449 563 2693 626 tempore
2711 569 2818 624 quo
2863 557 3008 610 hunc
3031 552 3268 610 Joannes
3315 566 3480 622 super

1895 663 2020 704 eum
2062 647 2197 703 vidit
2223 648 2675 714 descendentem;
2707 645 2802 702 sed
2827 661 2894 700 ex
2943 659 3054 717 quo
3099 645 3264 702 homo
3311 639 3482 716 [ﬁeri]

1895 739 2182 810 incipiens,
2228 738 2346 807 ejus
2374 739 2680 795 ministerio
2723 747 2778 794 et
2823 753 2986 810 Opere
3037 745 3334 809 conceptus
3373 743 3474 791 est.

1895 831 2104 888 Idcirco
2131 838 2314 887 autem
2347 845 2508 902 super
2536 845 2685 898 eum,
2727 831 2782 886 in
2813 845 2920 902 quo
2951 843 3167 902 semper
3203 831 3476 894 manebat,

1897 927 2227 994 baptizatum
2283 925 2614 980 descendere
2673 921 2910 994 Spiritus
2949 923 3272 987 ostenditur,
3323 929 3380 974 ut
3427 927 3484 974 et

1899 1017 2140 1087 Baptista
2167 1017 2280 1086 ipse
2311 1015 2467 1087 [Ms.,
2501 1013 2700 1085 ipsum]
2735 1013 2934 1068 celsius
2959 1012 3070 1081 jam
3099 1027 3258 1080 quem
3285 1009 3484 1080 prde-

1901 1119 2068 1174 caret,
2099 1115 2418 1180 agnosceret
2445 1125 2458 1174 ;
2495 1115 2548 1160 et
2573 1106 2920 1162 credentibs
2953 1105 3176 1158 daretur
3195 1101 3477 1160 indicium,

1905 1215 2252 1272 nequaquam
2287 1215 2346 1254 se
2383 1199 2488 1254 nisi
2533 1199 2833 1268 baptizatos
2883 1211 3040 1265 aqua,
3073 1193 3309 1263 Spiritus
3339 1192 3487 1260 ejus-

1905 1297 2026 1351 dem
2075 1308 2234 1365 posse
2283 1293 2550 1360 baptisma
2597 1291 2814 1345 mereri.
2867 1287 3226 1354 Qurnrendum
3275 1293 3357 1339 est
3405 1285 3488 1336 in-

1903 1395 2054 1441 terea
2117 1386 2386 1455 quomodo
2445 1383 2676 1454 speciale
2745 1381 2838 1436 lilii
2891 1381 2984 1434 Dei
3042 1377 3366 1448 agnoscendi
3427 1377 3492 1427 si-

1905 1491 2068 1552 gnum
2093 1477 2273 1544 fuerit,
2302 1477 2444 1547 quod
2477 1491 2639 1546 super
2662 1489 2786 1530 eum
2818 1473 3177 1536 descenderit,
3205 1481 3259 1526 et.
3283 1485 3492 1524 manse-

1907 1573 1978 1628 rit
2011 1571 2288 1642 Spiritus?
2333 1568 2467 1624 Cum
2514 1568 2678 1622 etiam
2709 1565 2987 1635 discipulis
3023 1565 3139 1633 ipse
3187 1563 3489 1632 promittat,

1907 1665 2092 1720 dicens
2116 1665 2196 1717 eis
2221 1681 2233 1715 :
2260 1661 2374 1732 Ego
2403 1661 2594 1730 rogabo
2621 1655 2856 1721 Patrem,
2889 1665 2936 1711 et
2965 1655 3126 1710 alium
3171 1653 3494 1724 paracletum

1908 1755 2050 1809 dabit
2082 1754 2242 1819 vobis,
2272 1761 2328 1805 ut
2353 1759 2562 1806 maneat
2585 1749 2847 1804 vobiscum
2867 1749 2922 1800 in
2939 1755 3209 1808 (utentum,
3237 1743 3496 1812 Spiritum

219 1840 428 1896 laniatu
453 1838 712 1892 innocens
738 1845 838 1901 est,
869 1837 974 1892 illis
1001 1837 1280 1906 aptissime
1301 1837 1574 1910 congruit,
1599 1839 1692 1908 qui
1715 1854 1810 1908 pa-
1838 1833 1888 1894 Β
1917 1845 2146 1901 veritatis
2183 1842 2364 1912 (Joan.
2415 1857 2528 1904 11V,
2553 1841 2662 1913 15).
2701 1840 2768 1893 Ει
2797 1837 2956 1908 paulo
2982 1845 3104 1906 post
3131 1855 3144 1888 :
3171 1833 3310 1899 Quia
3355 1830 3496 1900 apud

219 1947 342 1987 cem
371 1937 670 1998 sequuntur
706 1944 827 1982 cum
865 1929 1116 1984 omnibus
1145 1941 1198 1984 et
1233 1931 1668 1996 sanctimoniam,
1707 1931 1814 1986 sol-

219 2019 358 2076 liciti
371 2034 588 2074 servare
600 2019 865 2074 unitatem
877 2021 1100 2088 spiritus
1114 2021 1168 2075 in
1187 2023 1402 2078 vinculo
1423 2023 1572 2092 pacis
1594 2022 1811 2094 (Ephes.

221 2128 296 2178 tv,
322 2113 400 2184 5).
453 2109 632 2182 Atque
660 2109 781 2167 ideo
821 2109 1056 2182 Spiritus
1115 2113 1170 2167 in
1205 2113 1470 2170 columbae
1505 2115 1688 2184 specie
1725 2114 1820 2170 de-

223 2202 556 2268 scendcndo,
572 2217 678 2256 non
713 2216 866 2256 suam
904 2204 1300 2268 tantummodo,
1327 2203 1414 2258 vel
1433 2201 1548 2274 ejus
1575 2205 1630 2258 in
1656 2219 1818 2273 quem

217 2291 524 2354 descendit,
585 2289 952 2344 innocentiam
981 2292 1494 2364 simplicitatemque
1548 2295 1816 2366 designat,

215 2382 324 2439 sed
369 2397 556 2436 eorum
591 2396 744 2450 aeque
776 2382 870 2450 qui
897 2383 1138 2438 sentiunt
1164 2386 1229 2440 de
1273 2385 1364 2439 illo
1399 2385 1456 2440 in
1487 2386 1730 2440 bonitate
1767 2393 1822 2442 et

215 2471 286 2528 in
334 2471 678 2540 simplicitate
721 2472 902 2527 cordis
952 2483 1204 2542 quaerunt
1251 2475 1404 2530 illum
1443 2474 1598 2548 (Sap.
1629 2477 1692 2547 ι).
1747 2476 1820 2532 Et

216 2582 344 2636 ego,
379 2567 572 2636 inquit,
601 2568 892 2623 nesciebam
914 2585 1052 2624 eum.
1085 2569 1375 2639 Subaudis,
1399 2581 1511 2628 tam
1531 2573 1820 2640 subtiliter,

219 2674 392 2728 quam
437 2658 640 2728 Spiritu
661 2662 718 2714 in
752 2677 878 2716 eum
899 2662 1262 2722 descendente
1289 2663 1479 2738 [Beda,
1502 2665 1820 2736 spiritum...

219 2749 691 2823 descendentem],
709 2755 960 2824 cognovi.

247 2919 250 2922 _
300 2841 466 2898 Vens.
512 2841 600 2898 55.
630 2873 700 2884 —-
729 2845 832 2900 Sed
867 2848 958 2918 qui
985 2849 1126 2902 irrisit
1159 2866 1242 2904 me
1277 2849 1542 2921 baptizare
1581 2853 1640 2906 in
1665 2867 1824 2923 aqua,

221 2931 316 2986 ille
341 2933 470 2986 mihi
496 2934 668 2988 dixit:
697 2935 868 3007 Super
901 2956 1058 3010 quem
1083 2940 1274 2996 videris
1305 2941 1564 3014 Spiritum
1613 2944 1830 3000 descen-

223 3024 464 3092 dentem,
489 3035 536 3080 et
562 3039 858 3084 manentem
888 3049 1045 3102 super
1069 3051 1208 3100 eum,
1238 3035 1322 3090 hic
1367 3045 1442 3090 est
1469 3037 1560 3108 qui
1595 3036 1826 3108 baptizat

223 3115 286 3168 in
357 3113 559 3185 Spiritu
637 3130 838 3174 sancto.
907 3121 1155 3192 Baptizat
1203 3125 1460 3181 Dominus
1502 3126 1558 3180 in
1619 3125 1828 3196 Spiritu

225 3213 446 3276 sancto,
487 3225 584 3280 per
629 3209 865 3280 Spiritus
903 3191 1078 3268 sancti
1117 3217 1350 3286 gratiam
1389 3225 1614 3288 peccata
1643 3191 1826 3274 dimit-
1850 3191 1900 3254 θ

226 3293 420 3352 tendo.
476 3297 601 3354 Sive
647 3302 792 3356 enim
835 3303 950 3373 ipse
979 3319 1120 3375 aqua
1175 3307 1386 3378 aliquos
1441 3310 1828 3380 discipulorum

228 3401 461 3444 suorum
507 3392 716 3460 primus
755 3395 1134 3464 baptizaverit,
1167 3414 1266 3470 per
1305 3416 1446 3470 quos
1493 3403 1562 3458 ad
1603 3411 1830 3460 crateres

227 3481 428 3538 ﬁdeles
463 3483 610 3540 rivus
635 3483 886 3556 baptismi
919 3487 1232 3558 proﬂueret,
1281 3494 1498 3550 eosdem
1525 3495 1690 3550 etiam
1721 3496 1832 3565 spi-

229 3571 349 3628 ritu
379 3573 710 3643 baptizabat,
751 3587 978 3647 peccata
1013 3581 1122 3638 illis
1167 3584 1460 3641 relaxando
1495 3593 1550 3640 et
1596 3587 1832 3657 Spiritus

229 3666 420 3719 sancti
450 3666 590 3722 dona
617 3669 1017 3740 ministrando;
1046 3675 1162 3730 sive
1185 3675 1370 3732 ﬁdeles
1397 3678 1534 3748 ejus,
1579 3680 1832 3736 invocato

230 3755 467 3811 nomine
497 3757 690 3827 ipsius,
723 3777 866 3832 aqua
883 3763 1162 3836 baptizent
1201 3767 1426 3836 electos,
1457 3777 1514 3824 et
1535 3770 1832 3826 chrismate

231 3855 438 3904 sancto
477 3862 800 3924 perungunt,
831 3857 1050 3913 eosdem
1092 3859 1440 3916 nihilominus
1465 3861 1580 3930 ipse
1626 3861 1834 3931 Spiritu

233 3947 436 3994 sancto
459 3939 738 4012 baptizat;
771 3947 900 4018 quia
933 3963 1092 4004 nemo
1123 3957 1322 4019 praeter
1363 3951 1540 4019 ipsum
1584 3961 1836 4021 peccato-

231 4044 364 4084 rum
423 4047 596 4089 nexus
645 4035 874 4105 solvere,
921 4047 974 4094 et
1003 4039 1238 4108 Spiritus
1279 4043 1454 4096 sancti
1497 4042 1642 4097 valet
1695 4043 1836 4098 dona

237 4121 512 4179 tribuere.
555 4124 664 4180 Sed
694 4128 1002 4198 diligentius
1037 4131 1354 4186 intuendum
1399 4141 1505 4200 est,
1536 4134 1664 4202 quia
1709 4147 1836 4190 cum

237 4213 516 4294 dixisset:
549 4216 719 4288 Super
739 4237 888 4291 quem
913 4221 1102 4278 videris
1133 4222 1392 4294 Spiritum
1419 4225 1832 4292 descendentem,

235 4301 482 4372 adjecit:
509 4315 559 4361 et
585 4319 878 4366 manentem
915 4327 1072 4383 super
1092 4329 1232 4368 eum.
1261 4314 1332 4369 Et
1364 4315 1420 4370 in
1447 4323 1662 4372 sanctos
1691 4317 1838 4372 enim

235 4387 364 4461 ejus
418 4394 642 4466 spiritus
697 4399 1012 4457 descendit:
1066 4419 1256 4460 verum
1307 4407 1546 4477 quandiu
1619 4407 1840 4464 suntin

237 4487 502 4558 corpore,
545 4499 766 4560 peccato
803 4508 990 4551 carere
1026 4505 1322 4566 nequeunt,
1369 4499 1494 4568 quia
1533 4499 1838 4556 caelestium

235 4585 694 4655 eoatemplationi
719 4603 933 4660 semper
955 4591 1172 4648 oculum
1197 4593 1396 4650 mentis
1425 4593 1706 4650 intendere
1727 4609 1840 4650 non

238 4671 527 4762 suﬁciunt
552 4693 568 4742 ;
598 4677 695 4734 sed
721 4678 920 4750 saepius
952 4680 1098 4736 hunc
1130 4683 1200 4738 ad
1228 4690 1458 4740 terrente
1491 4699 1678 4740 curam
1709 4700 1840 4740 con-

239 4765 582 4822 versationis
616 4767 942 4828 inilectunt:
971 4773 1028 4828 in
1055 4789 1246 4830 eorum
1283 4775 1472 4847 procul
1519 4777 1683 4833 dubio
1723 4793 1844 4836 cor-

241 4855 416 4913 dibus
459 4859 694 4928 Spiritus
740 4863 1029 4936 aliquando
1071 4869 1240 4932 venit,
1277 4867 1568 4938 aliquando
1611 4869 1842 4924 recedit.

244 4943 413 5006 Unde
439 4949 642 5008 dictum
676 4963 780 5020 est,
818 4953 1072 5028 Spiritus,
1102 4959 1194 5014 ubi
1219 4959 1350 5026 vult,
1377 4963 1576 5032 spirat,
1596 4973 1644 5018 et
1669 4975 1842 5021 uocent

237 5043 368 5114 ejus
409 5043 582 5110 audis,
621 5047 712 5102 sed
753 5065 856 5104 non
881 5051 1002 5117 scis,
1037 5052 1175 5108 unde
1195 5055 1386 5121 ueniat,
1439 5064 1488 5110 et
1532 5073 1634 5128 quo
1682 5059 1844 5114 vadat

241 5131 442 5206 (Joan.
468 5153 552 5205 ιιι,
575 5139 653 5212 8).
683 5141 842 5198 Venit
870 5143 1065 5214 quippe
1089 5146 1158 5200 ad
1179 5156 1416 5217 sanctos,
1457 5151 1606 5205 vadit
1641 5167 1674 5205 a
1717 5165 1844 5208 sau-

241 5225 361 5280 ctis
385 5223 638 5296 Spiritus,
679 5240 740 5286 ut
767 5247 928 5303 quem
976 5248 1188 5306 semper
1216 5236 1464 5311 [habere]
1507 5239 1684 5296 idonei
1734 5257 1844 5300 non

243 5325 406 5382 sunt,
464 5319 584 5390 ejus
603 5337 702 5392 per
729 5333 976 5396 tempora
1015 5327 1294 5384 redeuntis
1324 5331 1518 5386 crebra
1555 5332 1676 5388 luce
1721 5335 1844 5390 reli-

241 5409 493 5466 ciantur.
510 5413 567 5467 In
585 5416 699 5472 solo
721 5427 902 5476 autem
923 5420 1220 5478 mediatore
1242 5422 1338 5477 Dei
1365 5432 1420 5479 et
1445 5425 1725 5482 hominum
1744 5426 1846 5482 bo-

243 5503 408 5560 miue
427 5501 557 5562 Jesu
577 5509 792 5566 Christo
814 5509 1048 5581 Spiritus
1071 5522 1330 5583 perpetuo
1350 5517 1614 5572 veraciter
1635 5526 1838 5584 manet,

241 5595 316 5654 in
341 5613 450 5668 quo
481 5615 584 5658 nec
607 5605 836 5662 sordidae
863 5605 1208 5680 cogitationis
1233 5609 1522 5677 maculam,
1563 5624 1726 5680 quam
1755 5626 1842 5667 re—

1915 1951 2002 1992 vas
2023 1935 2270 1998 manebit,
2291 1943 2338 1987 et
2361 1935 2416 1987 in
2445 1932 2586 1988 vobis
2613 1933 2729 1985 erit.
2766 1929 2824 1983 Si
2849 1929 2992 1982 etlim
3027 1927 3168 1994 apud
3189 1939 3376 1978 servos
3397 1920 3494 1974 Dei

1917 2027 2119 2086 electos
2170 2033 2374 2090 manet,
2413 2032 2470 2078 et
2510 2021 2566 2076 in
2615 2021 2722 2076 illis
2770 2021 2873 2074 erit
2925 2017 3181 2086 Spiritus,
3231 2012 3360 2082 quid
3417 2015 3506 2064 est

1917 2127 2175 2189 magnum
2205 2115 2334 2188 [Με.
2367 2123 2416 2169 et
2465 2113 2630 2176 Beda,
2663 2111 2846 2182 magni
2875 2107 2978 2178 est]
3026 2105 3164 2160 Filio
3205 2105 3318 2168 Dei,
3359 2101 3504 2172 quod

1919 2211 1976 2264 in
2031 2209 2154 2279 ipso
2221 2219 2446 2260 manere
2507 2203 2742 2274 Spiritus
2803 2199 3122 2254 astruatur?
3195 2193 3504 2248 Notandum

1921 2313 2136 2370 quoque
2181 2298 2326 2367 quod
2369 2307 2584 2364 semper
2619 2293 2678 2346 in
2711 2291 2942 2346 Domino
2971 2286 3236 2342 manserit
3272 2283 3507 2352 Spiritus

1925 2399 2145 2450 sanctus
2169 2403 2186 2443 :
2215 2391 2272 2443 in
2295 2387 2500 2444 sanctis
2535 2391 2718 2440 autem
2741 2379 3072 2442 hominibus,
3099 2375 3340 2446 quandiu
3363 2387 3508 2426 mor-

1923 2484 2034 2540 tale
2059 2495 2258 2552 corpus
2275 2477 2630 2551 gestaverint,
2649 2473 2850 2544 partim
2877 2475 3098 2525 maneat
3127 2467 3183 2520 in
3216 2473 3502 2526 aeternum,

1924 2573 2128 2644 partim
2145 2571 2424 2626 rediturus
2445 2569 2683 2623 secedat.
2707 2563 2890 2618 Manet
2917 2561 3118 2630 quippe
3145 2556 3286 2626 apud
3312 2567 3432 2616 eos,
3447 2558 3510 2644 ut

1925 2643 2084 2722 bonis
2107 2663 2360 2718 insistant
2377 2660 2608 2724 actibus,
2621 2653 2985 2712 voluntariam
3005 2655 3378 2720 paupertatem
3393 2643 3512 2698 dili-

1927 2765 2058 2830 gant
2093 2752 2566 2810 mansuetudinem
2603 2751 2900 2816 sequantur
2941 2741 3130 2812 [Beda,
3167 2749 3508 2830 consequan-

1929 2825 2040 2921 tur]
2049 2889 2062 2914 ,
2087 2861 2186 2916 pro
2199 2854 2524 2902 aeternorum
2537 2838 2806 2896 desiderio
2825 2836 3066 2904 lugeant,
3082 2829 3356 2892 esuriant,
3367 2834 3424 2880 et
3439 2825 3514 2880 si-

1929 2919 2069 2998 tiant
2091 2940 2376 3010 justitiam,
2411 2931 2864 2994 misericordiam,
2883 2925 3202 2982 munditiam
3233 2919 3431 2982 cordis,
3452 2923 3514 3010 et

1931 3008 2378 3100 tranquillitatem
2415 3024 2566 3096 pacis
2605 3021 3021 3090 amplectantur.
3052 3014 3160 3068 Sed
3183 3020 3239 3068 et
3277 3025 3376 3079 pro
3415 3008 3516 3062 ob-

1933 3124 2238 3182 servatione
2255 3119 2503 3190 iustitia,
2534 3114 2970 3186 persecutionem
2992 3108 3104 3178 pati
3129 3121 3242 3160 non
3280 3115 3512 3190 verean-

1933 3225 2040 3281 tur,
2071 3189 2446 3280 eleemosynis,
2485 3204 2844 3267 orationibus,
2887 3209 2942 3254 et
2981 3195 3224 3266 jejuniis,
3273 3189 3514 3250 ceteris-

1933 3323 2038 3380 que
2075 3304 2414 3375 spiritalibus
2437 3297 2570 3372 [Ms.
2599 3306 2647 3352 et
2673 3293 2840 3358 Beda,
2867 3290 3126 3364 Spiritus]
3142 3287 3301 3360 4⁵17
3323 3284 3514 3340 fructi-

1933 3403 2038 3458 bus
2067 3400 2316 3454 insistere
2345 3393 2669 3451 desiderent.
2696 3385 2922 3444 Bccedit
2959 3393 3140 3440 autem
3173 3382 3242 3436 ad
3283 3390 3514 3447 tempus,

1932 3505 2004 3548 ne
2039 3505 2252 3560 semper
2279 3487 2524 3543 inﬁrmos
2551 3481 2796 3548 curandi,
2825 3487 3070 3535 mortuos
3105 3471 3424 3535 suscitandi,
3447 3469 3522 3524 le-

1933 3601 2126 3658 prosos
2151 3582 2464 3648 mundandi,
2493 3581 2764 3636 dtemoues
2789 3575 3058 3646 ejiciendi,
3081 3570 3168 3626 vel
3191 3567 3354 3622 etiam
3388 3577 3518 3633 pro-

1933 3676 2192 3748 phetandi
2243 3674 2450 3744 possint
2501 3670 2702 3726 habere
2735 3669 3010 3726 virtutem.
3059 3663 3240 3718 Manet
3281 3669 3514 3726 semper,

1937 3777 2000 3825 ut
2045 3765 2367 3822 mirabiliter
2407 3764 2512 3833 ipsi
2551 3763 2738 3818 vivant
2789 3773 2844 3812 ιε.
2878 3757 3030 3813 venit
3077 3755 3146 3808 ad
3179 3761 3410 3820 tempus,
3457 3751 3520 3799 ut

1937 3862 2104 3918 etiam
2147 3859 2268 3912 aliis
2300 3871 2400 3927 per
2427 3854 2814 3912 miraculorum
2857 3851 3034 3920 signa,
3065 3844 3251 3916 quales
3291 3842 3404 3898 sint
3431 3839 3520 3894 in-

1937 3962 2046 4017 tus,
2079 3949 2386 4019 et’i‘ulgeant.

2008 4043 2174 4097 Vsus.
2201 4039 2292 4094 54.
2329 4067 2400 4078 —-
2433 4035 2570 4107 Ego,
2599 4034 2796 4104 inquit,
2823 4031 2930 4086 vidi
2955 4039 3004 4084 et
3034 4025 3384 4082 testimonium
3409 4037 3524 4092 per-

1937 4132 2104 4198 hibui,
2127 4131 2252 4202 quia
2265 4129 2358 4182 hic
2383 4136 2458 4182 est
2493 4123 2668 4178 Filius
2709 4123 2828 4177 Dei.
2897 4119 3074 4188 Supra
3111 4117 3356 4172 dixerat:
3391 4111 3524 4168 Post

1938 4239 2022 4278 me
2043 4222 2174 4276 venit
2195 4222 2292 4286 uir,
2317 4219 2407 4290 qui
2434 4225 2551 4272 ante
2590 4213 2734 4287 [me]
2767 4213 2936 4282 {actus
2961 4219 3034 4264 est
3068 4225 3087 4264 :
3119 4219 3260 4262 nunc
3282 4203 3528 4260 testimo-

1939 4314 2088 4370 nium
2115 4311 2384 4383 perhibet,
2413 4309 2538 4380 quia
2557 4307 2642 4360 hic
2665 4313 2740 4360 est
2755 4302 2928 4356 Filius
2957 4301 3088 4356 Dei:
3120 4297 3401 4365 utriusque
3429 4305 3528 4348 na—

1945 4415 2082 4462 tura:
2095 4405 2402 4470 veritatem,
2419 4409 2474 4458 ct
2494 4401 2744 4455 humanae
2757 4395 3009 4452 videlicet
3029 4399 3086 4448 et
3103 4389 3318 4452 divinae,
3343 4387 3401 4440 in
3417 4398 3528 4439 una

1944 4497 2244 4566 eademque
2261 4485 3028 4563 Christipersona,manifeste
3053 4481 3362 4550 designans.
3389 4475 3530 4530 Eru-

1862 4541 1920 4625 θ
1941 4541 2507 4653 bescat‘llllanichaeus:
2550 4583 2802 4639 audiens:
2845 4577 2988 4634 Venit
3023 4577 3126 4630 vir.
3186 4571 3530 4630 Conticescat

1940 4685 2230 4748 Photinus,
2247 4681 2504 4738 audiens:
2533 4675 2636 4731 Hic
2657 4684 2730 4730 est
2761 4672 2936 4726 Fitius
2957 4669 3074 4724 Dei.
3107 4665 3346 4722 Audiam
3373 4673 3529 4718 man-

1947 4778 2086 4838 sueti
2107 4783 2164 4832 et
2189 4776 2462 4838 laetentur,
2507 4770 2636 4840 quia
2660 4767 2812 4823 venit
2856 4764 2940 4820 vir
2963 4768 3088 4833 post
3112 4759 3396 4820 Joannem,
3422 4755 3534 4810 for-

1948 4871 2054 4928 tior
2075 4867 2302 4931 Joanne,
2357 4864 2448 4935 qui
2483 4860 2722 4930 baptizat
2745 4859 2802 4914 in
2831 4855 3038 4926 Spiritu
3059 4861 3270 4926 sancto,
3291 4927 3304 4932 η
3317 4859 3372 4905 et
3400 4846 3532 4917 quia

1947 4964 2038 5020 hic
2058 4969 2146 5018 est
2166 4960 2340 5016 Filius
2377 4957 2496 5012 Dei.
2534 4955 2668 5021 Quia
2691 4952 2836 5010 enim
2867 4963 2966 5021 per
3009 4937 3324 5018 superbiam
3351 4955 3531 4998 reces-

1949 5053 2122 5112 simus
2139 5063 2328 5108 omnes
2349 5063 2382 5104 a
2405 5047 2536 5114 Deo,
2563 5045 2734 5100 Filius
2757 5043 2856 5098 Dei
2881 5057 2982 5112 per
3002 5035 3426 5096 misericordiam
3452 5031 3534 5088 fa-

1950 5153 2072 5202 ctus
2097 5150 2180 5198 est
2205 5143 2388 5206 homo,
2415 5145 2476 5194 ut
2503 5137 2646 5192 idem
2677 5137 2794 5205 ipse
2817 5143 2872 5188 et
2889 5146 2988 5203 per
3015 5128 3348 5186 divinitatem
3382 5123 3534 5178 Patri

1953 5243 2010 5292 et
2027 5249 2126 5306 per
2145 5231 2534 5288 humanitatem
2565 5232 2890 5297 congrueret
2909 5222 3096 5286 nobis;
3135 5233 3200 5273 ac
3225 5231 3323 5286 per
3341 5215 3534 5306 human

1953 5303 2180 5383 nitatem
2218 5323 2388 5380 nostri
2413 5321 2648 5380 similem
2675 5333 2774 5388 pro
2797 5315 2952 5372 nobis
3001 5323 3124 5368 eum
3150 5311 3308 5364 hoste
3345 5303 3534 5366 conﬂi-

1954 5435 2100 5492 gere,
2119 5433 2216 5490 per
2235 5417 2566 5472 divinitatem
2589 5412 2735 5468 Patri
2751 5401 3280 5466 consubstantialem,
3307 5399 3376 5453 ad
3393 5398 3536 5492 ima-

1953 5486 2140 5584 ginem
2149 5525 2249 5566 nos
2269 5509 2366 5564 Dei
2390 5517 2446 5563 et
2470 5502 2900 5564 similitudinem,
2922 5511 3084 5566 quam
3099 5492 3371 5565 peccando
3397 5486 3537 5544 ami-

1954 5605 2144 5670 simus,
2191 5609 2374 5674 posset
2401 5601 2558 5670 digne
2581 5608 2858 5660 recreare;
2903 5589 3024 5662 [ut]
3047 5603 3144 5645 uer
3183 5591 3414 5644 mortem
3435 5593 3537 5642 no-

336 5806 370 5840 α
404 5793 578 5854 Beda:
610 5796 789 5856 Manet
809 5815 1030 5872 semper,
1067 5811 1126 5856 ut
1149 5811 1348 5873 possint
1368 5803 1555 5860 habere
1584 5807 1847 5875 virtutem,
1882 5820 1989 5878 qua
2011 5801 2322 5861 mirabiliter
2341 5800 2442 5871 ipsi
2473 5799 2660 5854 vivant.
