4072 6340
554 319 654 376 759

1406 313 1466 368 B.
1506 312 1568 368 F.
1606 307 1831 365 ALBINI
1867 306 1998 364 SEU
2036 303 2312 363 ALCUINI
2344 303 2627 362 OPEBUM
2667 304 2846 362 PARS
2881 306 2942 361 ll.

3693 310 3810 367 760

553 443 679 490 straa
707 431 1014 504 fragilitatis
1039 431 1342 488 destrueret
1369 445 1492 485 eum
1535 429 1626 499 qui
1656 427 1890 482 habebat
1937 422 2128 478 mortis
2155 422 2341 495 AVos
2384 433 2603 488 autem,
2653 421 2744 496 (Ιυῑ
2791 420 3039 491 disc-itm“
3093 419 3227 476 θεῑῖε
3277 419 3499 480 Joannis
3532 463 3549 491 ν
3595 426 3686 496 qui
3739 443 3824 488 ex

464 532 470 536 ’
555 528 862 598 imperium,
898 537 952 583 et
977 541 1074 598 per
1096 524 1475 596 impassibilem
1503 538 1614 577 suae
1635 518 1928 578 divinitatis
1947 525 2134 587 poten-

555 621 686 675 tiam
718 619 1089 674 reconciliaret
1116 633 1211 670 nos
1245 618 1352 669 Deo
1376 614 1522 668 Patri
1551 626 1598 667 8.
1639 632 1656 664 ι

625 713 788 767 Vens.
818 711 906 766 55.
930 739 1002 751 --
1029 710 1212 764 Stabat
1251 708 1482 761 Joannes
1519 714 1567 759 et
1607 721 1670 759 ea:
1715 702 1985 775 discipulis
2018 701 2132 771 ejus

551 799 678 860 duo.
736 799 925 853 Stabat
967 797 1221 861 Joannes,
1252 797 1377 865 quia
1404 794 1659 850 credebat
1687 793 1741 847 in
1768 793 1990 848 Domino
2009 831 2024 856 ,
2079 799 2134 845 et

553 890 659 946 duo
687 907 752 944 ex
781 889 1054 958 discipulis
1080 887 1224 956 ejus;
1285 887 1466 942 statim
1493 886 1638 941 enim
1665 885 2031 949 crediderunt,
2079 889 2134 937 et

553 983 721 1040 secuti
744 991 868 1036 sunt
897 981 1080 1036 Jesum
1107 980 1492 1036 ambulantem.

626 1071 784 1124 Vens.
827 1069 914 1125 56.
955 1100 1025 1110 -
1064 1070 1133 1123 Et
1190 1070 1466 1140 respiciens
1505 1067 1710 1132 Iesum,
1760 1065 2128 1120 ambulantem.

553 1161 820 1216 Debemus
849 1162 1060 1232 singula
1076 1160 1481 1232 Scripturarum
1495 1161 1657 1214 verba
1685 1165 1936 1223 tractare,
1967 1170 2134 1226 quare

549 1250 784 1307 Joannes
813 1262 982 1317 stans,
1013 1261 1070 1306 et
1099 1251 1256 1308 Jesus
1304 1251 1588 1306 ambulans
1625 1250 1822 1304 dicitur
1849 1267 1862 1302 :
1895 1248 1965 1301 Et
1995 1248 2136 1317 aspi-

548 1351 686 1403 ciens
711 1348 892 1402 Iesum
914 1347 1289 1413 ambulantem,
1342 1347 1499 1400 dicit:
1530 1345 1666 1399 Ecce
1687 1361 1852 1414 agnus
1879 1341 1996 1395 Dei.
2021 1341 2134 1396 Lex

547 1439 641 1494 dat
670 1440 1069 1494 testimonium:
1123 1455 1250 1494 ecce
1284 1455 1454 1510 agnus
1479 1438 1596 1503 Dei,
1624 1451 1794 1506 agnus
1818 1433 2135 1488 immacula—

549 1542 657 1598 tus,
683 1549 851 1602 agnus
883 1531 1188 1597 anniculus,
1215 1546 1384 1601 agnus
1406 1529 1496 1599 qui
1524 1528 1660 1583 tollit
1683 1535 1904 1597 peccata
1924 1523 2130 1590 mundi,

546 1640 716 1696 agnus
743 1625 834 1694 qui
890 1624 1367 1679 exterminatorem
1395 1621 1614 1692 Egypti
1667 1618 1922 1691 populum
1970 1615 2133 1671 Israel

543 1722 827 1782 percutere
866 1729 972 1767 non
998 1714 1145 1768 sinit.
1202 1713 1338 1766 Ecce
1361 1727 1528 1782 agnus
1555 1710 1674 1763 Dei.

616 1809 777 1864 Vens.
807 1808 896 1862 57.
921 1838 993 1847 —
1023 1808 1090 1861 Et
1147 1808 1428 1861 audierunt
1456 1822 1574 1860 eum
1630 1803 1896 1874 discipuli.
1955 1800 2135 1868 Quare

543 1900 712 1955 voluit
755 1899 954 1964 dicere,
1004 1899 1164 1952 ecce?
1201 1899 1426 1965 Quando
1475 1898 1672 1952 dicitur
1697 1913 1830 1959 ecce,
1875 1895 2137 1965 quodam-

544 1993 704 2046 modo
739 1991 828 2045 ille
855 1991 946 2061 qui
978 1991 1303 2056 ostenditur,
1340 1990 1509 2060 digito
1531 1991 1953 2045 demonstratur.
1994 1986 2135 2041 Dicit

541 2097 671 2154 ergo
696 2085 764 2138 ad
807 2083 1097 2153 diseipulOs
1124 2101 1284 2140 suos:
1321 2084 1462 2150 Quid
1489 2099 1576 2140 me
1624 2083 1946 2153 sequimini?
1995 2081 2135 2148 Quid

543 2190 631 2230 me
655 2176 852 2245 putatis
878 2176 1195 2248 magistrum
1223 2176 1462 2230 habere?
1483 2175 1618 2230 Ecce
1643 2193 1809 2246 agnus
1834 2175 1952 2227 Dei.
1979 2173 2133 2226 Illum

541 2269 848 2338 sequimini,
881 2269 1030 2325 illum
1060 2279 1272 2340 oportet
1301 2284 1569 2334 crescere,
1601 2283 1688 2323 me
1735 2277 1915 2322 autem
1937 2264 2130 2320 minui.

544 2360 711 2416 Nemo
734 2362 1054 2432 prudentum
1075 2379 1199 2418 eum
1229 2364 1320 2432 qui
1351 2363 1634 2427 minuitur,
1653 2362 1920 2431 sequitur,
1957 2369 2011 2414 et
2046 2378 2135 2419 re-

543 2453 740 2524 linquit
759 2470 881 2523 eum
919 2456 1011 2526 qui
1039 2457 1253 2511 crescit.
1296 2456 1364 2510 Et
1398 2455 1685 2510 audierunt
1705 2455 1947 2509 eumduo
1974 2455 2135 2511 disci-

542 2545 652 2614 puli
682 2547 991 2615 loquentem
1022 2549 1372 2618 magistrum:
1418 2546 1662 2618 Magistri
1689 2546 1977 2616 imperium
2007 2557 2135 2602 sunt

541 2639 734 2694 secuti.
775 2640 1162 2696 Testimonium
1196 2640 1421 2696 Joannis
1449 2642 1581 2696 ﬁdes
1615 2650 1698 2696 est
1725 2641 2130 2710 discipulorum.

539 2729 611 2784 Et
638 2733 801 2785 secuti
830 2741 950 2786 sunt
976 2733 1177 2788 Jesum.
1222 2734 1521 2804 Sequentcs
1542 2733 1746 2801 Jesum,
1763 2733 2136 2805 relinquerunt

539 2817 835 2888 Joannem;
880 2833 1168 2892 sequentes
1198 2826 1566 2896 Evangelium,
1592 2826 1790 2896 Legem
1813 2827 2131 2881 amiserunt.

545 2913 640 2970 Sic
693 2923 870 2972 tamen
924 2920 1095 2973 secuti
1145 2930 1270 2974 sunt
1311 2920 1679 2991 Evangelium,
1738 2929 1797 2975 ut
1827 2921 2135 2978 testimonio

542 3016 827 3062 uterentur
855 3024 886 3064 e
914 3009 1072 3082 Lege.
1123 3011 1416 3068 Conversus
1463 3025 1636 3069 autem
1658 3014 1835 3081 Iesus,
1879 3025 1926 3070 et
1957 3017 2134 3070 videns

541 3112 649 3151 eos.
700 3098 957 3170 Discipuli
1003 3098 1225 3157 Joannis
1254 3104 1521 3170 cominus,
1581 3114 1635 3161 et
1665 3121 1872 3173 coram,
1902 3114 1956 3160 et
1982 3115 2134 3160 ante-

545 3204 704 3246 cessu
727 3190 911 3248 Jesum
957 3195 1139 3252 videre
1175 3213 1281 3252 non
1311 3207 1582 3268 poterant,
1633 3201 1728 3256 sed
1751 3209 1959 3272 tergum
1983 3201 2126 3256 illius

549 3285 914 3351 sequebantur
943 3295 1002 3340 ut
1030 3288 1296 3344 viderent.
1374 3292 1516 3363 Ergo
1557 3291 1707 3365 [illi]
1761 3294 2007 3364 discipuli
2052 3294 2132 3349 fa-

543 3371 684 3428 ciem
699 3374 909 3430 Domini
934 3379 1115 3434 videre
1137 3397 1241 3436 non
1256 3393 1523 3451 poterant.
1555 3386 1830 3442 Convertit
1854 3403 1910 3442 se
1925 3397 1980 3443 et
2001 3405 2134 3459 quo—

551 3462 838 3520 dummodo
867 3467 932 3521 de
961 3482 1056 3522 sua
1088 3471 1370 3540 majestate
1383 3475 1684 3542 descendit,
1710 3485 1770 3530 ut
1802 3487 2025 3546 possent
2051 3478 2135 3532 di-

547 3558 737 3626 scipuli
765 3563 1114 3632 contemplari
1141 3566 1331 3623 faciem
1357 3569 1528 3626 illius:
1571 3573 1843 3627 convertit
1877 3585 1936 3626 se
1964 3577 2026 3625 ut
2064 3584 2134 3626 ex

547 3647 691 3719 Lege
713 3665 744 3704 a
773 3651 1048 3723 discipulis
1077 3667 1408 3715 cerneretur.

620 3740 781 3795 Vens.
812 3742 900 3798 58.
925 3774 996 3783 -
1020 3745 1310 3803 Conversus
1337 3759 1512 3804 autem
1533 3759 1581 3805 et
1609 3753 1787 3809 videns
1809 3771 1894 3810 eos
1916 3773 2136 3829 sequen-

545 3839 620 3885 tes
659 3831 825 3886 dixit:
873 3833 1014 3901 Quid
1043 3841 1318 3908 quaeritis?
1361 3841 1478 3898 Non
1503 3846 1658 3914 quasi
1684 3846 1938 3918 ignorans
1968 3851 2136 3906 inter-

549 3936 729 3995 rogat;
769 3930 862 3984 sed
891 3929 1205 4002 interrogat,
1239 3943 1299 3989 ut
1328 3939 1633 3994 mercedem
1657 3940 1890 3997 habeant
1910 3960 2134 4016 respon-

549 4022 752 4079 dentes.
787 4025 928 4092 Quid
949 4029 1187 4098 quwritis
1207 4030 1233 4084 ?
1302 4031 1412 4088 Nec
1433 4034 1570 4089 dixit
1588 4051 1747 4105 quem
1775 4040 2035 4109 quaeritis,
2064 4056 2133 4096 Ie

548 4125 607 4166 se
631 4114 903 4171 videretur
926 4119 1232 4175 ostendere.
1291 4121 1431 4188 Quid
1458 4126 1693 4194 quaeritis
1716 4127 1740 4180 ?
1803 4127 1938 4182 Rem
1961 4130 2132 4183 inter-

547 4215 717 4274 rogat,
762 4214 820 4260 ut
865 4207 941 4262 illi
977 4225 1266 4278 personam
1293 4214 1618 4284 signiﬁcent.
1680 4217 1822 4283 Quid
1849 4221 2134 4291 qumritis.’

549 4293 652 4360 Qui
683 4298 926 4353 dixerunt
953 4302 1034 4355 ei:
1071 4302 1257 4356 Rabbi.
1309 4305 1426 4373 Ipsa
1449 4310 1737 4379 appellatio
1764 4311 2131 4382 responsionis

547 4385 802 4443 indicium
827 4398 912 4446 est
936 4390 1081 4446 ﬁdei.
1130 4393 1354 4459 Quando
1373 4399 1516 4454 enim
1542 4403 1729 4457 dicunt
1749 4404 1943 4470 Rabbi,
1987 4404 2130 4474 quod

2234 512 2348 583 ipso
2375 515 2591 569 nomine
2626 511 3018 567 confessionem
3049 521 3289 568 vestram
3319 515 3718 584 demonstratis,
3757 532 3825 578 et

2234 603 2439 658 dicitis:
2470 603 2654 669 Rubbi,
2671 603 2847 657 venite
2872 612 2926 656 et
2954 602 3129 658 videte
3155 601 3284 675 [Με.
3306 603 3432 658 add.
3457 605 3550 661 ubi
3571 607 3817 682 maneo].

2313 697 2573 752 Venerunt
2587 707 2636 750 et
2657 697 2893 750 viderunt
2916 695 3007 748 ubi
3028 706 3280 762 maneret,
3301 707 3347 750 et
3370 699 3512 769 apud
3540 715 3653 754 eum
3665 719 3824 756 man—

2232 799 2409 845 serunt
2437 788 2650 842 dieillo.
2714 787 2848 855 Quia
2871 787 3178 851 credebant,
3222 803 3328 842 non
3372 789 3427 844 in
3471 801 3629 846 nocte
3655 808 3821 847 man-

2231 890 2438 946 serunt,
2462 881 2556 936 sed
2579 881 2633 934 in
2657 881 2762 936 die.
2804 880 2920 936 Nox
2945 881 3036 936 illa
3058 881 3308 935 tenebras
3329 895 3434 936 non
3460 883 3708 947 habebat,
3725 884 3823 939 ubi

2234 980 2350 1027 erat
2377 971 2510 1026 ﬁdes
2539 971 2654 1026 veri
2691 971 2928 1027 luminis.
2978 971 3046 1025 Et
3085 971 3225 1042 apud
3264 987 3382 1026 eum
3406 983 3711 1028 manserunt
3731 975 3822 1031 die

2233 1062 2346 1117 illo.
2389 1062 2538 1117 Hora
2567 1073 2678 1118 erat
2703 1065 2856 1134 quasi
2874 1063 3098 1118 decima.
3159 1063 3239 1118 Ex
3263 1063 3405 1135 Lege
3434 1067 3724 1122 veniebant
3751 1069 3823 1125 ad

2235 1155 2614 1226 Evangelium’;
2646 1157 2712 1211 ad
2739 1157 2899 1212 ﬁdem
2929 1156 3132 1212 Christi
3156 1156 3407 1213 mittebat
3433 1158 3556 1216 illos
3573 1159 3712 1234 legis
3737 1161 3826 1218 de-

2235 1250 2473 1322 calogus,
2501 1251 2593 1322 qui
2610 1267 2707 1322 per
2734 1249 2997 1307 Joannem
3019 1249 3444 1322 signiﬁcabatur.

2851 1383 3079 1440 CAPUT
3112 1383 3197 1439 lli.

2239 1475 2392 1551 Quod
2421 1494 2486 1551 ea:
2509 1477 2711 1532 duobus
2737 1477 2958 1533 Joannis
2975 1479 3268 1551 discipulis,
3293 1479 3383 1551 qui
3420 1457 3581 1535 secuti
3609 1481 3824 1551 fuerant

2307 1549 2610 1620 Dominum,
2647 1567 2781 1604 unus
2803 1551 3040 1604 Andreus
3081 1549 3314 1604 adduxit
3341 1550 3553 1620 fratrem
3575 1549 3727 1607 suum
3749 1555 3825 1608 ad

2308 1619 2511 1686 ¹θ³²⁴⁷⁷²ν
2538 1621 2625 1690 ‘1'“
2660 1620 2846 1695 Pe"?!
2883 1621 2947 1695 ab
2990 1619 3488 1695 θρξρωετιειφαιμνγ
3538 1623 3821 1695 Philippus

2308 1707 2510 1761 quoque
2537 1690 3092 1761 vocatusNathunaeli
3113 1690 3330 1745 indicat.
3382 1691 3484 1757 Qui
3522 1711 3639 1748 mox
3674 1690 3821 1748 inter

2310 1759 2497 1814 cmtera
2524 1760 2639 1836 _De_i
2679 1759 2877 1836 Filium
2918 1762 3211 1836 confitetur.
3276 1761 3413 1836 Hinc
3437 1763 3823 1836 Iesusuquum.

2311 1832 2555 1913 convertit
2607 1832 2662 1885 in
2714 1833 2927 1900 vinum,
2977 1833 3296 1903 creduntque
3340 1835 3396 1887 in
3430 1850 3546 1888 eum
3578 1832 3825 1906 discipuli

2308 1919 2442 1972 ejus.

2307 2016 2470 2070 Vens.
2512 2013 2601 2068 40.
2641 2045 2711 2055 -
2749 2013 2880 2068 Erat
2915 2022 3089 2069 autem
3117 2015 3355 2070 Andreas
3395 2017 3561 2086 frater
3593 2015 3822 2081 Simonis

2239 2107 2404 2171 Petri,
2434 2123 2570 2160 unus
2591 2122 2656 2159 ex.
2676 2105 2900 2171 duobus,
2927 2107 3017 2176 qui
3039 2106 3316 2161 audierant
3347 2126 3378 2160 u
3407 2108 3636 2171 Joanne,
3674 2118 3720 2162 et
3745 2125 3824 2164 se-

2236 2199 2340 2251 cuti
2367 2197 2577 2266 fuerunt
2597 2214 2734 2252 eum.
2804 2199 2862 2252 In
2913 2198 3015 2252 ﬁde
3064 2214 3170 2253 non
3207 2210 3288 2254 est
3323 2201 3484 2256 ordo:
3518 2202 3823 2272 ubicunque

2235 2287 2411 2343 ﬁdelis
2424 2297 2506 2344 est
2533 2290 2735 2355 anima,
2783 2289 2856 2345 ibi
2885 2305 3150 2345 annorum
3180 2293 3466 2348 multitudo
3488 2310 3597 2348 non
3627 2295 3817 2364 quaeri-

2235 2385 2344 2445 tur,
2375 2395 2476 2434 nec
2501 2380 2765 2450 paucitas.
2805 2380 3048 2436 Andreas
3074 2382 3250 2438 minor
3269 2392 3385 2438 erat
3407 2383 3631 2440 Simone
3645 2385 3818 2451 Petro,

2235 2479 2290 2526 et
2306 2479 2486 2526 tamen
2503 2487 2610 2526 non
2637 2473 2896 2542 quaeritur
2923 2475 3098 2530 aetatis
3129 2475 3278 2540 ordo,
3313 2479 3406 2533 sed
3435 2478 3558 2533 ﬁdei
3590 2497 3604 2532 :
3641 2478 3820 2533 Jesum

2235 2561 2444 2632 primus
2472 2563 2696 2620 invenit.
2755 2564 2883 2619 Erat
2913 2574 3092 2620 autem
3113 2566 3354 2624 Andreas
3380 2569 3551 2625 frater
3589 2572 3823 2627 Simonis

2237 2653 2399 2720 Petri,
2431 2671 2569 2710 unus
2603 2673 2667 2710 ex
2697 2656 2926 2713 duobus.
2962 2659 3075 2714 Nisi
3103 2657 3242 2715 forte
3266 2669 3320 2715 ct
3350 2663 3464 2718 htec
3491 2663 3727 2735 dignitas
3747 2672 3826 2719 est

2236 2749 2484 2814 Andrem,
2517 2750 2643 2820 quia
2681 2750 2827 2806 Petri
2869 2753 3170 2823 appellatur
3207 2753 3399 2820 frater,
3451 2771 3617 2828 super
3668 2772 3824 2828 quem

2236 2849 2354 2896 erat
2392 2841 2612 2897 fundata
2645 2842 2798 2915 [Ms.,
2823 2854 3008 2913 postea
3030 2844 3337 2919 fundanda]
3374 2847 3644 2903 Ecclesia.
3730 2848 3830 2915 Qui

2237 2933 2517 2986 audierant
2561 2951 2595 2988 a
2618 2933 2841 3001 Iounne,
2870 2944 2918 2989 et
2946 2938 3108 2991 secuti
3131 2937 3341 3007 fuerunt
3376 2938 3692 2994 Dominum.

2309 3027 2471 3082 Vens.
2507 3028 2594 3081 41.
2646 3060 2718 3070 --
2754 3028 2958 3083 Invenit
3008 3031 3091 3084 Itic
3139 3031 3362 3101 primum
3406 3033 3627 3103 fratrem
3655 3050 3828 3090 suum.

2237 3115 2432 3172 Overa
2470 3118 2672 3188 pietas!
2734 3121 2916 3173 statim
2950 3128 3008 3174 ut
3045 3121 3251 3177 invenit
3291 3122 3498 3191 Jesum,
3547 3127 3734 3181 statim
3769 3133 3830 3181 ut

2237 3208 2828 3280 invenitmargaritam,
2851 3212 3030 3266 statim
3058 3221 3117 3266 ut
3133 3213 3335 3268 invenit
3359 3215 3699 3284 thesaurum,
3724 3218 3830 3275 fra-

2236 3303 2305 3356 tri
2329 3305 2561 3358 nuntiat.
2594 3302 2840 3358 Fratrem
2871 3323 3023 3360 suum
3055 3305 3327 3363 Simonem
3359 3318 3550 3377 vocat;
3579 3311 3832 3382 fratrem,

2235 3407 2343 3447 non
2375 3400 2488 3448 tam
2526 3395 2788 3466 sanguine
2817 3410 2977 3465 quam
3011 3397 3228 3466 spiritu.
3281 3389 3454 3466 Quem
3478 3400 3704 3457 fratrem
3730 3403 3831 3458 ha—

2235 3483 2399 3539 bebat
2428 3487 2800 3555 germanitate,
2829 3496 2884 3541 et
2897 3489 3174 3560 sanguine,
3203 3491 3371 3547 voluit
3396 3493 3596 3550 habere
3632 3502 3689 3549 et
3721 3494 3833 3551 ﬁde

2237 3590 2572 3646 germanum.
2617 3575 2686 3630 Et
2710 3577 2837 3630 dicit
2867 3577 2948 3631 ei:
2982 3577 3279 3635 Invenimus
3313 3580 3586 3637 Messium.
3661 3583 3834 3641 Nemo

2237 3666 2464 3734 invenit,
2501 3667 2607 3722 nisi
2652 3668 2739 3737 qui
2775 3669 2986 3738 qumrit.
3040 3670 3148 3726 Iste
3175 3673 3264 3741 qui
3290 3671 3564 3729 invenisse
3591 3689 3655 3730 se
3676 3675 3828 3743 dicit,

2235 3757 2491 3822 ostendit,
2545 3757 2672 3827 quia
2718 3758 2809 3812 diu
2863 3761 3127 3829 quaesivit.
3195 3761 3495 3818 Invenimus
3555 3765 3832 3834 Messium,

2236 3847 2380 3918 quod
2421 3855 2506 3902 est
2542 3847 2955 3919 interpretatum
3002 3852 3268 3909 Christus.
3338 3855 3440 3909 Diu
3481 3857 3838 3926 quresivimus

2235 3942 2510 3998 Christum
2537 3943 2590 3998 in
2605 3943 2873 4015 Moyse,et
2896 3945 2951 3999 in
2977 3947 3228 4002 omnibus
3250 3947 3560 4018 pmphetis;
3588 3958 3644 4003 et
3668 3965 3835 4018 quem

2236 4033 2482 4090 invenire
2514 4034 2884 4104 cupiebamus,
2925 4037 3040 4107 ipse
3070 4053 3171 4093 nos
3200 4039 3425 4106 invenit,
3451 4047 3506 4094 et
3526 4041 3728 4097 inventi
3748 4042 3840 4097 in-

2235 4126 2503 4181 venimus.

2306 4217 2469 4273 Vsns.
2506 4216 2595 4271 42.
2628 4248 2700 4258 -
2735 4218 2806 4273 Et
2829 4219 3048 4275 adduxit
3075 4237 3192 4276 eum
3240 4223 3308 4276 ad
3329 4222 3534 4278 Iesum.
3589 4223 3703 4279 Non
3730 4225 3840 4280 de-

2235 4308 2493 4379 dignatur
2520 4307 2694 4378 major
2719 4310 2984 4368 minorem
3022 4313 3195 4383 sequi,
3242 4313 3369 4383 quia
3403 4331 3509 4371 non
3541 4325 3656 4370 erat
3680 4316 3835 4372 ordo

2235 4403 2432 4470 aetatis,
2456 4404 2547 4460 ubi
2569 4413 2687 4458 erat
2713 4406 2965 4461 meritum
3001 4407 3147 4462 ﬁdei.
3194 4407 3430 4464 Intuitus
3458 4419 3629 4465 autent
3667 4410 3843 4466 Iesus

552 4475 870 4547 intelligitur
895 4482 1168 4550 magister,
1209 4492 1262 4539 et
1281 4498 1578 4558 sequuntur
1597 4507 1719 4547 eum
1738 4533 1753 4560 ,
1804 4495 1990 4565 utique
2018 4510 2132 4550 ma-
2155 4509 2212 4574 ι)
2233 4512 2351 4551 eum
2382 4496 2515 4550 dixit
2533 4513 2552 4551 :
2587 4495 2664 4551 Tu
2691 4513 2744 4551 es
2767 4495 2949 4552 Simon
2969 4498 3112 4568 ﬁlius
3149 4498 3289 4554 Iona
3317 4516 3335 4554 :
3363 4509 3420 4554 ut
3446 4501 3700 4555 vocaberis
3728 4499 3848 4557 Ce-

547 4567 777 4636 gistrum
801 4581 1099 4640 sequuntur
1118 4584 1172 4631 et
1201 4577 1418 4635 dicunt:

618 4657 782 4714 Vens.
815 4659 906 4715 39.
933 4693 1007 4702 —
1032 4661 1128 4719 Ubi
1150 4667 1394 4725 habitas?
1430 4671 1572 4728 Dicit
1611 4671 1724 4730 eis:
1770 4674 1950 4732 Venite
1980 4687 2027 4733 et
2057 4679 2132 4735 vi-

546 4747 680 4802 dete.
731 4750 927 4806 Volunt
977 4755 1346 4816 habitaculum
1390 4779 1549 4819 nosse
1594 4763 1745 4835 Jesu,
1791 4768 1976 4824 volunt
2028 4771 2131 4827 sibi

547 4841 756 4896 ostendi
782 4843 991 4912 qualem
1020 4848 1406 4908 habitationem
1429 4855 1904 4925 habeatSalvator,
1929 4871 1989 4916 ut
2007 4877 2132 4917 cum

546 4931 639 4990 ille
690 4936 984 4994 ostenderit
1031 4942 1084 4997 in
1115 4946 1310 5014 quibus
1348 4947 1598 5006 Christus
1623 4953 1853 5018 habitet,
1896 4952 2030 5008 tales
2075 4968 2134 5009 se

547 5025 856 5101 exhibeant,
909 5035 962 5090 in
992 5039 1482 5107 quibusDominus
1507 5045 1677 5114 possit
1723 5045 1994 5100 habitare.
2065 5046 2134 5102 Et

547 5121 817 5180 dixit‘eis:
880 5125 1059 5182 Venite
1081 5138 1126 5182 et
1151 5131 1336 5185 videte.
1396 5134 1572 5191 Vultis
1610 5136 1797 5190 videre
1852 5137 2134 5194 habitacu-

545 5212 660 5269 lum
706 5219 924 5272 meum?
989 5219 1251 5277 Sermone
1302 5224 1578 5293 explicari.
1607 5243 1714 5282 non
1742 5235 1938 5298 potest,
1969 5245 2133 5300 opere

544 5305 964 5364 demonstratur.
1010 5309 1186 5366 Venite
1209 5323 1258 5366 et
1283 5315 1466 5370 videte.
1505 5316 1595 5371 lsti
1617 5317 1784 5389 478
1805 5322 1932 5389 quia
1959 5321 2026 5377 de
2053 5329 2130 5377 te-

544 5399 800 5456 stimonio
839 5401 973 5473 legis
1009 5415 1288 5473 venerant,
1354 5409 1443 5476 qui
1478 5407 1692 5480 [Forte,
1733 5412 1845 5479 Isti,
1877 5417 1968 5484 qui
1996 5430 2025 5470 a
2048 5427 2129 5471 te-

544 5493 800 5549 stimonio
827 5533 841 5548 .
873 5534 887 5548 .
916 5534 930 5548 .
963 5505 1244 5564 venerant,
1279 5499 1496 5571 statim]
1549 5504 1731 5558 statim
1771 5505 1824 5560 in
1871 5507 1988 5578 ipso
2031 5525 2131 5567 no-

543 5585 689 5641 mine
717 5588 1060 5654 conﬁtentur,
1113 5600 1166 5645 et
1191 5591 1407 5647 dicunt:
1446 5591 1634 5660 Rubbi,
1688 5600 1828 5666 quod
1866 5601 2134 5674 interpre-

2233 4588 2386 4659 phus,
2449 4587 2589 4658 quod
2633 4589 3006 4660 interpretatur
3050 4589 3261 4645 Petrus.
3339 4589 3580 4646 Necdum
3622 4591 3846 4661 aliquid

2233 4681 2428 4737 Petrus
2450 4680 2677 4747 fecerat,
2726 4692 2782 4737 et
2799 4683 2912 4754 jam
2943 4685 3143 4739 meruit
3172 4699 3369 4739 nomen
3421 4686 3618 4739 mutari
3657 4683 3844 4756 [Ms.,

2232 4772 2489 4846 mutare].
2530 4773 2782 4844 Nunquid
2815 4775 2935 4844 plus
2965 4776 3032 4831 ab
3069 4777 3284 4832 Andrea
3313 4778 3648 4833 crediderat?
3681 4776 3846 4844 Quid

2233 4863 2410 4933 majus
2439 4863 2586 4930 fecit,
2626 4873 2687 4918 ut
2715 4880 2745 4919 a
2772 4863 2940 4921 fratre
2966 4867 3087 4937 plus
3114 4867 3417 4938 acciperet?
3457 4867 3625 4942 [Quid
3649 4869 3848 4939 majus

2233 4952 2472 5009 fecerat?
2493 4954 2514 5027 ]
2557 4955 2816 5012 Minorem
2839 4957 3063 5013 fratrem
3084 4968 3304 5016 secutus
3328 4967 3433 5026 est,
3457 4969 3511 5016 et
3541 4977 3698 5031 quem
3729 4963 3849 5019 ha-

2232 5044 2397 5102 bebat
2440 5048 2798 5119 discipulum,
2842 5067 2949 5106 non
2981 5052 3300 5124 dedignatus
3348 5062 3431 5109 est
3466 5055 3660 5110 habere
3705 5071 3848 5112 ma-

2234 5138 2486 5210 gistrum.
2574 5139 2651 5194 Tu
2705 5157 2759 5196 es
2820 5142 3007 5199 Simon
3054 5143 3197 5213 ﬁlius
3239 5145 3400 5200 Iona.
3458 5145 3590 5201 Jona
3641 5145 3847 5218 lingua

2233 5241 2420 5287 nostra
2446 5233 2643 5290 dicitur
2690 5234 2957 5291 columba.
3014 5237 3092 5292 Tu
3118 5253 3178 5293 es
3210 5254 3339 5310 ergo
3379 5238 3520 5295 ﬁlius
3553 5238 3704 5304 Jona,
3775 5253 3846 5299 tu

2237 5340 2295 5380 es
2325 5325 2467 5382 ﬁlius
2523 5326 2760 5398 Spiritus
2807 5331 3003 5386 sancti.
3067 5330 3237 5387 Filius
3286 5347 3415 5405 ergo
3459 5333 3654 5388 dicitur
3697 5331 3846 5404 Spi-

2233 5417 2370 5473 ritus
2401 5420 2595 5487 sancti,
2626 5421 2752 5491 quia
2775 5421 3135 5480 humilitatem
3165 5423 3233 5480 de
3263 5424 3466 5495 Spiritu
3503 5435 3689 5480 sancto
3721 5440 3841 5482 ac-

2232 5520 2467 5582 ceperat.

2304 5605 2467 5660 Vens.
2483 5605 2574 5660 45.
2598 5635 2670 5646 -
2697 5605 2765 5661 In
2787 5609 3075 5662 crastinum
3099 5607 3259 5663 voluit
3280 5609 3422 5663 exire
3447 5609 3502 5663 in
3516 5607 3838 5668 Guliltrum.

545 5681 692 5726 tatur
719 5677 994 5748 magister.
1034 5677 1192 5736 Jesus
1234 5692 1415 5740 autem
1441 5686 1715 5754 respondit
1739 5689 1839 5756 eis,
1875 5699 1930 5746 et
1954 5693 2126 5750 dixit:
2228 5695 2287 5750 In
2309 5696 2628 5763 crastinum,
2662 5698 2859 5770 inquit,
2891 5700 3059 5756 voluit
3085 5699 3242 5758 Jesus
3265 5701 3415 5759 exire
3437 5701 3493 5759 in
3517 5700 3837 5774 Galilteam,

623 5802 650 5832 α
680 5791 798 5853 Huc
824 5810 994 5870 usque
1013 5810 1081 5855 ex
1106 5798 1268 5860 Beda.
