4072 6340
219 315 311 373 ’761

1025 315 1432 374 EXEGETICA.
1473 348 1547 360 —
1582 316 1938 375 COMMENT.
1977 315 2046 374 IN
2082 315 2272 375 IOAN.
2319 347 2391 359 -—
2426 316 2556 374 LIB.
2593 315 2636 372 Ι.

3373 317 3478 374 762

219 439 265 487 et
283 429 475 485 invenit
499 428 822 502 Philippum,
842 437 890 484 et
925 429 1052 484 dicit
1087 433 1134 486 ei
1161 431 1420 504 :Sequere
1442 451 1543 488 me.
1579 452 1598 484 ‹
1624 447 1648 475 a
1671 433 1791 490 Iam
1818 435 1868 495 Α
1893 431 2237 487 ordinaretur
2265 448 2296 488 a
2336 433 2582 500 Domino,
2615 438 2876 503 quantum
2901 430 3179 504 capiendis
3214 435 3284 492 ad
3310 435 3478 492 vitam

217 531 361 594 patet
383 536 450 576 ex
475 523 863 591 superioribus,
893 522 1034 579 unde
1075 524 1307 580 voluerit
1353 525 1508 581 Iesus
1548 527 1698 582 exire
1735 527 1792 581 in

218 614 510 681 Galilaeam,
561 615 808 670 videlicet
837 631 866 670 a
915 615 1118 684 Iudaea,
1166 620 1258 674 ubi
1290 628 1408 674 erat
1436 618 1670 675 Joannes
1698 621 1792 676 ba-

217 705 445 776 ptizans,
497 714 552 758 et
586 705 950 761 testimonium
997 708 1070 762 illi
1118 711 1425 779 perhibens,
1467 711 1610 780 quod
1649 719 1794 767 esset

217 811 382 868 agnus
405 795 521 850 Dei.
595 795 740 853 Duos
765 812 832 852 ex
859 798 1134 868 discipulis
1167 801 1280 857 suis
1306 803 1371 857 ad
1401 818 1523 858 eum
1557 818 1789 872 sequen-

214 889 337 945 dum
386 891 716 963 provocavit,
767 907 797 947 e
842 893 1036 962 quibus
1064 910 1202 948 unus
1245 894 1508 960 Andreas,
1539 896 1604 950 ad
1642 895 1790 950 illum

213 981 374 1036 etiam
396 979 617 1036 fratrem
643 982 860 1037 Petrum
887 983 1128 1038 adduxit.
1189 984 1342 1039 Patet
1378 985 1533 1054 juxta
1572 1003 1790 1044 sensum

213 1073 526 1144 spiritalem,
587 1083 639 1128 et
660 1075 852 1132 crebra
871 1077 1210 1147 expositione
1231 1088 1424 1136 vestrae
1462 1079 1791 1138 fraternitati

206 1164 318 1234 jam
351 1167 624 1236 cognitum
681 1177 786 1236 est,
835 1173 965 1242 quid
1013 1173 1085 1228 sit
1119 1174 1406 1230 Dominum
1457 1177 1787 1250 scqui[.lls.,

209 1260 351 1328 quod
381 1259 667 1316 Dominum
704 1265 1030 1338 sequitur?].
1070 1265 1327 1337 Sequitur
1346 1285 1579 1340 namque
1602 1270 1790 1327 Domi-

207 1366 357 1416 num,
397 1352 488 1420 qui
533 1352 801 1421 imitatur;
852 1357 1099 1426 sequitur
1117 1357 1422 1426 Dominum,
1480 1361 1569 1430 qui
1621 1377 1793 1431 quan-

208 1449 323 1496 tum
372 1441 638 1515 fragilitas
689 1447 924 1502 humana
972 1449 1198 1518 patitur,
1240 1465 1446 1521 eaquze
1491 1451 1545 1506 in
1574 1452 1791 1508 homine

205 1543 471 1590 monstrat
509 1535 676 1592 Filius
708 1538 826 1604 Dei,
876 1539 1200 1596 humilitatis
1237 1543 1482 1614 exempla
1505 1559 1611 1599 non
1638 1545 1793 1602 dese-

205 1625 310 1692 rit;
367 1628 608 1698 sequitur
636 1630 944 1697 Dominum,
1004 1634 1095 1703 qui
1119 1635 1299 1690 socius
1332 1636 1641 1704 passionum
1678 1638 1787 1692 exi-

204 1719 418 1784 stendo,
468 1721 536 1776 ad
559 1723 888 1778 consortium
907 1727 1320 1783 resurrectionis
1342 1729 1478 1798 ejus,
1510 1737 1563 1784 et
1603 1745 1790 1787 ascen-

1893 527 2177 583 animabus
2189 535 2334 583 esset
2345 527 2606 594 intentus,
2627 542 2753 583 mox
2771 535 2962 600 sponte
2973 529 3314 600 praedicando
3330 545 3456 587 mon

1893 621 2104 674 stravit.

1963 715 2125 770 Vsus.
2138 712 2336 768 45.-1
2341 713 2510 769 nvenit
2526 715 2664 768 enim
2679 709 3001 779 Nathanael,
3015 721 3062 767 et
3077 712 3199 768 dicit
3213 712 3261 768 ei
3275 725 3294 764 :
3310 711 3479 780 Quem

1890 807 2096 876 scripsit
2125 805 2295 860 Moses
2316 807 2370 860 in
2387 805 2514 876 lege,
2539 815 2584 860 et
2604 805 3190 878 prophetw,invenimus
3206 803 3390 860 Iesum
3411 805 3481 874 ﬁ-

1892 892 2021 948 lium
2031 895 2224 967 Ioseph
2239 913 2272 949 a
2285 894 2916 968 Nazareth.[Videamus]
2933 903 3191 966 quantum
3205 902 3319 950 rete
3330 893 3477 960 fidei,

1892 1002 2054 1058 quam
2072 989 2364 1059 capacibus
2377 989 2584 1045 devotae
2608 990 3006 1060 praedicationis
3028 989 3305 1044 miraculis
3325 988 3476 1061 [Ms.,

1892 1077 2150 1152 maculis]
2187 1080 2453 1134 intextum
2492 1081 2711 1134 invento
2755 1078 2911 1134 fratri
2943 1079 3262 1145 circumdet,
3320 1093 3482 1148 quem

1894 1171 1961 1226 ad
1987 1179 2247 1226 aeternam
2279 1171 2429 1242 cupit
2455 1172 2714 1242 providus
2759 1180 2981 1243 captare
3020 1171 3273 1227 salutem.
3328 1169 3483 1225 Illum

1894 1261 2025 1316 dicit
2047 1262 2345 1329 inventum,
2402 1278 2562 1332 quem
2589 1263 2762 1324 Moses
2787 1272 2842 1318 et
2864 1264 3143 1334 propheta:
3189 1270 3481 1317 venturum

1893 1355 2007 1411 suis
2045 1356 2262 1426 scriptis
2285 1357 2653 1427 signaverunt,
2701 1365 2761 1411 ut
2792 1357 3004 1412 cunctis
3027 1357 3378 1426 sequentibus
3400 1355 3503 1410 in—-

1893 1448 2169 1519 telligatur
2207 1449 2349 1518 quod
2392 1449 2508 1519 ipse
2529 1450 2599 1504 sit
2632 1448 2786 1519 cujus
2822 1450 3077 1505 adventui
3127 1449 3488 1520 prmconando

1894 1541 2149 1596 universa
2180 1548 2425 1596 veterum
2453 1542 2654 1613 scripta
2694 1542 2936 1597 serviunt
2980 1541 3109 1614 [Al.,
3147 1540 3482 1615 servierint].

1893 1629 2078 1686 Iesum
2107 1641 2399 1703 nuncupat,
2432 1633 2574 1703 quod
2612 1648 2807 1689 nomen
2844 1632 3042 1689 Christi
3067 1632 3329 1700 futurum,
3357 1648 3484 1702 pro-

1894 1722 2181 1793 phetarum
2202 1723 2419 1778 oracula
2449 1725 2825 1780 concinebant.
2867 1725 3063 1780 Filium
3084 1723 3280 1796 Ioseph
3305 1723 3488 1795 appel-

202 1810 374 1866 sionis
423 1811 588 1884 479
619 1816 924 1887 pertingere
977 1817 1194 1873 sedulus
1230 1829 1468 1891 exoptat.
1528 1821 1633 1876 Sed
1680 1838 1787 1878 non
1821 1814 1864 1872 Β
1894 1813 1988 1878 lat,
2045 1829 2152 1868 non
2191 1823 2252 1867 ut
2285 1814 2429 1870 hunc
2455 1830 2521 1869 ex
2557 1815 2936 1885 conjunctione
2979 1817 3146 1872 maris
3188 1826 3243 1870 et
3267 1815 3482 1870 femina:

199 1903 317 1958 sine
369 1906 500 1959 certi
547 1907 755 1962 ratione
805 1911 1046 1980 mysterii
1074 1909 1326 1977 refertur,
1376 1913 1519 1982 quod
1543 1914 1788 1970 dicturus

199 2002 282 2049 est
307 1995 555 2068 Philippo
593 1999 740 2066 Iesu,
769 2019 979 2074 sequere
1003 2021 1104 2059 me.
1172 2003 1346 2060 Voluit
1379 2008 1522 2062 exire
1552 2009 1608 2063 in
1639 2007 1789 2064 Gali-

199 2082 375 2140 lwam.
414 2087 631 2146 Galilzea
657 2108 887 2164 namque
918 2097 1321 2168 transmigratio
1341 2099 1500 2166 facta,
1529 2100 1613 2155 vel
1636 2116 1789 2157 reve-

196 2172 330 2228 latio
352 2177 754 2248 interpretatur.
810 2183 868 2237 ln
890 2199 954 2239 eo
983 2185 1181 2255 quippe
1207 2188 1350 2255 quod
1379 2188 1787 2257 transmigratio

196 2263 341 2323 facta
387 2271 614 2338 dicitur,
650 2273 950 2344 profectum
1006 2276 1241 2331 ﬁdelium
1301 2279 1596 2350 designat:
1641 2280 1788 2349 quod

194 2357 361 2434 [vel]
406 2364 471 2418 de
508 2365 655 2420 vitiis
702 2369 770 2422 ad
797 2369 1057 2424 virtutum
1107 2370 1481 2426 celsitudinem
1534 2373 1790 2428 transmi-

192 2468 381 2524 grare,
421 2454 507 2509 vel
533 2457 589 2509 in
616 2457 748 2526 ipsis
770 2460 1059 2516 virtutibus
1108 2463 1366 2532 paulatim
1401 2463 1685 2534 proficere,
1723 2481 1789 2521 ac

191 2547 266 2602 de
302 2548 604 2606 minoribus
626 2550 692 2605 ad
722 2551 924 2622 majora
960 2555 1200 2626 quotidie
1223 2557 1406 2612 subire
1432 2558 1786 2626 contendunt,

190 2654 486 2710 quousque
507 2641 573 2696 de
602 2642 704 2697 hac
727 2645 967 2701 convalle
999 2645 1363 2718 lacrymarum
1387 2649 1456 2702 ad
1481 2663 1660 2703 arcem
1691 2648 1785 2704 lte-

191 2729 333 2784 titim
359 2730 612 2795 caelestis,
649 2734 876 2790 Domino
899 2737 1210 2804 auxiliante,
1242 2739 1582 2809 perveniant;
1627 2742 1681 2794 in
1721 2756 1788 2796 eo

192 2834 404 2891 autem,
441 2819 584 2896 quod
612 2831 995 2888 revelationem
1015 2842 1192 2900 sonat,
1233 2835 1406 2906 ipsam
1428 2836 1553 2891 vitae
1572 2843 1788 2890 aeternae

191 2918 615 2988 beatitudinem,
643 2938 742 2993 pro
769 2939 874 2994 qua
904 2925 959 2979 in
993 2928 1247 2997 praesenti
1293 2927 1464 2982 sancti
1516 2927 1784 2993 laborant,

191 3011 461 3069 insinuat.
532 3015 698 3085 Cujus
727 3028 1016 3089 utramque
1066 3021 1568 3092 interpretationem
1615 3021 1788 3076 nomi-

190 3106 278 3162 nis
302 3105 594 3164 Psalmista
633 3125 739 3166 uno
765 3113 1032 3169 versiculo
1073 3116 1504 3184 comprehendit,
1555 3114 1646 3169 ubi
1677 3115 1782 3169 ait:

190 3199 550 3254 Ambulabunt
567 3201 632 3256 de
655 3203 840 3258 virtute
866 3204 919 3257 in
947 3205 1211 3272 virtutem,
1226 3207 1482 3261 videbitur
1498 3206 1638 3260 Deus
1653 3205 1793 3261 Deo-

191 3307 313 3345 rum
350 3291 408 3346 in
457 3290 585 3347 Sion
633 3292 804 3363 (Psal.
855 3311 1082 3362 Lxxxm,
1114 3297 1191 3368 8).
1251 3297 1378 3352 Haec
1431 3305 1514 3352 est
1558 3312 1793 3368 namque

188 3384 350 3448 visio,
380 3384 446 3439 de
459 3401 564 3455 qua
579 3387 710 3442 dicit
732 3387 1047 3458 Apostolus:
1083 3389 1196 3445 Nos
1217 3402 1391 3446 autem
1408 3391 1630 3446 revelata
1657 3391 1792 3460 facie

188 3477 424 3548 gloriam
472 3479 686 3535 Domini
739 3483 1086 3554 speculantes,
1129 3483 1184 3538 in
1227 3485 1463 3540 eamdem
1510 3486 1792 3556 imaginem

190 3570 665 3640 transformamur,
708 3590 747 3631 a_
765 3573 935 3644 gloria
965 3575 1020 3628 in
1044 3573 1289 3645 gloriam,
1340 3586 1592 3648 tanquam
1621 3593 1654 3629 a
1676 3573 1790 3629 Do-

191 3663 325 3715 mini
358 3661 549 3732 spiritu
606 3662 747 3735 [Al.,
781 3681 812 3717 a
841 3664 1066 3720 Domino
1107 3666 1374 3740 praesenti]
1425 3667 1512 3739 (ll
1551 3665 1674 3722 Cor.
1705 3682 1789 3733 ιιι,

193 3751 306 3822 18).
365 3751 519 3808 Bene
548 3767 680 3824 ergo
716 3764 1007 3812 vocaturus
1031 3757 1099 3811 ad
1125 3759 1455 3828 sequendum
1477 3773 1535 3814 se
1557 3758 1794 3829 discipu-

191 3840 326 3908 lum,
353 3841 516 3898 Iesus
537 3844 708 3900 voluit
733 3846 882 3902 exire
911 3847 964 3901 in
986 3846 1281 3916 Galilaeam,
1307 3848 1362 3903 id
1391 3856 1495 3915 est,
1529 3848 1583 3903 in
1615 3857 1794 3904 trans-

191 3933 577 4003 migrationem
603 3935 822 4003 factam,
852 3937 964 3992 sive
995 3939 1403 4004 revelationem,
1436 3948 1497 3994 ut
1542 3939 1793 3995 videlicet

193 4025 412 4100 [sicut]
447 4027 559 4097 ipse
590 4035 726 4084 teste
760 4029 1052 4101 Evangelio
1096 4029 1415 4100 proﬁciebat
1450 4030 1713 4100 sapientia
1736 4037 1792 4084 et

190 4131 378 4186 aetate,
405 4129 462 4176 et
486 4121 658 4192 gratia
690 4123 830 4192 apud
859 4123 1028 4178 Deum
1048 4131 1104 4177 et
1123 4123 1370 4202 homines
1391 4122 1544 4193 (Luc.
1573 4139 1636 4188 ιι,
1659 4121 1749 4194 52)
1773 4138 1788 4189 ;

190 4212 340 4268 sicut
381 4228 576 4284 passus
597 4222 682 4268 est
715 4222 771 4268 et
817 4214 1132 4278 resurrexit,
1160 4222 1216 4267 et
1240 4214 1313 4268 ita
1344 4213 1567 4268 intravit
1593 4213 1646 4267 in
1673 4213 1790 4282 glo-

190 4304 335 4359 riam
371 4319 554 4359 suam:
597 4305 678 4360 sic
697 4305 860 4360 etiam
885 4320 1013 4360 suos
1040 4319 1303 4374 sequaces
1327 4305 1638 4360 ostenderet
1666 4321 1793 4374 pro-

191 4395 364 4452 licere
396 4397 702 4462 virtutibus,
764 4413 829 4452 ac
874 4413 972 4468 per
1008 4397 1290 4467 passiones
1330 4398 1672 4453 transitorias
1723 4397 1792 4453 ad

188 4499 532 4546 aeternorum
581 4491 720 4546 dona
756 4491 1073 4564 gaudiorum
1127 4491 1511 4564 transmigrare
1563 4491 1785 4548 debere.

188 4579 462 4652 Sequitur
502 4597 518 4636 :

259 4674 440 4728 Vens.
465 4671 553 4726 44.
590 4701 662 4713 -
696 4672 829 4728 Erat
857 4683 1030 4729 autem
1061 4673 1332 4746 Philippus
1364 4690 1397 4728 a
1424 4673 1689 4739 Betsaida,
1717 4675 1794 4730 ci-

187 4767 352 4822 vitate
380 4765 606 4820 Andreas
632 4775 680 4820 et
706 4766 870 4822 Petri.
929 4766 1047 4822 Non
1067 4777 1149 4822 est
1170 4767 1441 4839 putandus
1462 4767 1792 4838 evangelista

187 4859 429 4914 fortuito
464 4865 520 4912 et
550 4857 755 4928 absque
799 4859 1004 4914 ratione
1035 4859 1264 4931 mystica
1291 4875 1488 4915 nomen
1533 4859 1790 4925 civitatis,

189 4950 257 5006 de
287 4967 405 5022 qua
432 4958 577 5006 esset
611 4949 908 5022 Philippus,
932 4961 988 5006 et
1016 4953 1160 5022 quod
1190 4953 1378 5008 eadem
1408 4952 1638 5009 Andreas
1660 4967 1794 5023 quo-

187 5057 300 5112 que
349 5052 409 5098 et
433 5042 579 5097 Petri
613 5051 775 5108 esset,
825 5043 1060 5100 voluisse
1087 5052 1424 5100 monstrare:
1459 5045 1552 5102 sed
1579 5061 1676 5117 per
1700 5061 1797 5102 no-

187 5149 323 5189 men
352 5135 591 5190 civitatis
605 5135 801 5205 typice,
818 5135 992 5205 qualis
1017 5145 1143 5192 tunc
1159 5137 1272 5208 jam
1294 5138 1474 5194 animo
1497 5139 1796 5209 Philippus,

187 5225 381 5294 qualis
424 5223 598 5280 oﬂicio
639 5233 785 5282 esset
811 5224 1046 5292 futurus,
1094 5227 1282 5296 quales
1312 5229 1476 5282 etiam
1503 5229 1694 5283 Petrus
1744 5236 1801 5282 et

187 5317 477 5384 Andreas,
503 5320 788 5375 ostendere
809 5333 1044 5375 curasse.
1117 5319 1366 5376 Betsaida
1387 5321 1584 5391 quippe
1607 5319 1800 5374 domus

187 5419 530 5465 venatorum
560 5411 775 5477 dicitur,
825 5418 880 5465 et
899 5419 1185 5466 venatores
1204 5413 1388 5481 utique
1411 5419 1566 5466 erant
1611 5409 1797 5474 futuri,

188 5487 290 5572 qui
320 5501 622 5556 audiebant
647 5519 679 5556 a
704 5502 967 5559 Domino:
1013 5501 1193 5557 Venite
1220 5513 1334 5573 post
1376 5520 1473 5568 me,
1526 5512 1572 5556 et
1605 5501 1800 5572 faciam

187 5611 286 5650 vos
307 5595 439 5665 ﬁeri
468 5597 751 5667 piscatores
793 5597 1061 5653 hominum
1086 5598 1328 5669 (Ma!th.,
1372 5614 1443 5662 tv,
1484 5598 1592 5670 19).
1629 5596 1804 5653 Vena—

192 5698 289 5745 tor
311 5698 379 5745 et
405 5690 512 5756 ille,
545 5693 636 5760 qui
676 5699 731 5746 et
757 5704 1046 5766 antequam
1065 5692 1131 5750 ad
1151 5691 1550 5764 prtedicatiouis
1571 5690 1803 5748 ollicium

271 5816 304 5845 ι
348 5803 521 5873 Beda,
545 5805 692 5862 hom.
715 5805 771 5862 4.

1891 1911 2080 1958 natum
2117 1915 2412 1971 asseveret,
2465 1921 2626 1976 quem
2670 1907 2737 1962 de
2793 1908 3002 1978 virgine
3030 1908 3366 1964 nasciturum
3423 1907 3481 1962 in

1891 1997 2170 2066 prophetis
2217 1997 2502 2065 didicerat,
2541 1999 2636 2054 sed
2665 2007 2724 2054 ut
2753 2001 2819 2054 de
2847 2001 3008 2056 domo
3043 2017 3106 2056 ac
3135 1999 3339 2055 familia
3370 2001 3481 2057 Da-

1890 2086 2001 2151 vid,
2032 2087 2173 2143 unde
2197 2085 2398 2159 Ioseph
2439 2097 2616 2144 ortum
2666 2098 2913 2156 noverat,
2964 2091 3262 2147 secundum
3289 2091 3485 2148 vatici-

1891 2179 1981 2233 nia
2007 2180 2414 2249 prophetarum,
2444 2195 2567 2236 eum
2593 2182 2806 2238 venisse
2835 2182 3073 2237 doceret.
3118 2181 3303 2252 Neque
3337 2182 3483 2236 enim

1891 2272 2198 2326 mirandum
2226 2273 2270 2327 si
2287 2273 2565 2344 Philippus
2589 2289 2714 2329 eum
2736 2273 2904 2328 lilium
2924 2272 3123 2344 Ioseph
3151 2281 3326 2337 vocet,
3359 2289 3482 2328 cum

1891 2373 1948 2420 et
1974 2365 2091 2435 ipsa
2137 2365 2367 2436 genitrix
2394 2365 2535 2420 illius
2565 2365 2886 2421 intemerata
2913 2379 3127 2434 semper
3167 2364 3334 2434 Virgo
3374 2362 3487 2418 Ma-

1892 2455 1996 2521 ria,
2025 2471 2148 2526 qua:
2167 2457 2345 2510 virum
2361 2471 2468 2512 non
2489 2464 2734 2523 noverat,
2760 2457 3205 2512 consuetudinem
3227 2455 3371 2526 vulgi
3395 2471 3484 2511 se-
3529 2493 3536 2496 -

1891 2564 2065 2619 quens
2095 2549 2175 2605 sic
2203 2549 2381 2605 locuta
2401 2551 2640 2622 legatur:
2676 2549 2808 2617 Fili,
2835 2550 2961 2621 quid
2987 2549 3155 2619 fecisti
3179 2550 3326 2604 nobis
3365 2551 3440 2604 sic
3465 2551 3490 2604 ?

1891 2643 2030 2698 Ecce
2048 2653 2197 2715 pater
2218 2653 2340 2699 tuus
2371 2654 2419 2699 et
2445 2661 2535 2716 ego
2565 2643 2797 2698 dolentes
2839 2643 3198 2714 qurerebamus
3244 2651 3292 2696 te
3335 2640 3488 2712 (Luc.

1892 2753 1957 2802 ιι,
1986 2737 2099 2806 48).
2145 2737 2383 2793 Additet
2403 2737 2638 2808 patriam
2659 2755 2691 2791 a
2713 2735 3005 2801 Nazareth,
3044 2743 3105 2790 ut
3153 2735 3332 2806 ipsum
3361 2749 3485 2790 esse

1894 2827 2134 2897 signaret
2158 2831 2224 2884 de
2270 2843 2378 2897 quo
2397 2827 2605 2897 legerat
2646 2827 2702 2881 in
2746 2825 3046 2896 prophetis,
3089 2827 3340 2895 quoniam
3370 2822 3486 2878 Na-

1895 2941 2082 2978 zareus
2103 2924 2391 2978 vocabitur.
2440 2921 2557 2977 Non
2578 2937 2710 2992 ergo
2728 2922 2925 2976 mirum
2947 2920 2995 2974 si
3026 2934 3150 2974 mox
3175 2919 3242 2974 ad
3261 2933 3494 2974 consen-

1893 3029 2012 3068 sum
2047 3013 2301 3069 credendi
2323 3029 2387 3069 ae
2410 3012 2664 3068 veniendi
2689 3013 2759 3067 ad
2786 3011 3064 3066 Christum
3087 3009 3324 3080 captavit
3354 3007 3488 3063 Phi-

1894 3105 2074 3176 lippus
2102 3104 2424 3170 Nathanael,
2471 3104 2558 3159 cui
2594 3111 2773 3159 tantas
2824 3102 3064 3172 undique
3090 3101 3336 3158 veritatis
3369 3115 3492 3156 cas-

1817 3172 1865 3235 C
1896 3172 1991 3254 ses
2010 3199 2313 3270 prtetendit.
2363 3196 2530 3263 Quem
2574 3197 2782 3267 scripsit
2837 3193 3009 3250 Moses
3049 3195 3107 3248 in
3134 3193 3262 3265 lege,
3287 3201 3336 3247 et
3365 3208 3490 3264 pro-

1893 3293 2081 3364 phetae,
2112 3293 2404 3346 invenimus
2447 3290 2630 3345 Iesum
2672 3289 2844 3358 filium
2883 3287 3074 3359 Ioseph
3121 3304 3154 3340 a
3195 3285 3488 3341 Nasareth.

1893 3383 2080 3453 Neque
2110 3383 2383 3438 immerito
2418 3398 2449 3438 a
2477 3381 2746 3445 Betsaida,
2781 3380 2833 3435 id
2854 3389 2958 3446 est,
2986 3379 3147 3435 domo
3167 3387 3490 3434 venatorum

1893 3475 2154 3531 oriundus
2179 3475 2462 3542 asseritur,
2485 3474 2577 3544 qui
2608 3482 2815 3528 tantam
2835 3471 2949 3528 Deo
2969 3471 3176 3528 dilecta:
3190 3469 3490 3527 venationis

1894 3585 2081 3626 curam
2136 3570 2342 3638 pariter
2365 3609 2382 3636 ,
2432 3575 2489 3624 et
2539 3567 2770 3638 gratiam
2807 3566 3084 3638 accepisse
3132 3571 3486 3622 monstratur.

1894 3661 2029 3716 Nam
2060 3661 2305 3731 sequitur
2326 3679 2338 3715 :

1964 3756 2130 3810 Vens.
2161 3754 2251 3808 46.
2293 3785 2364 3796 -
2398 3753 2467 3808 Ει
2493 3753 2630 3809 dixit
2661 3753 2710 3808 ei
2759 3750 3100 3808 Nathanael:
3140 3752 3184 3806 A
3217 3747 3489 3806 Nazareth

1892 3855 2058 3918 potest
2103 3844 2304 3916 aliquid
2331 3845 2452 3900 boni
2475 3863 2604 3900 esse.
2656 3844 2948 3910 Nazareth,
2975 3843 3234 3901 munditia
3259 3842 3372 3896 sive
3393 3838 3494 3895 llos

1894 3937 2031 4007 ejus,
2065 3944 2159 3990 aut
2186 3944 2434 4005 separata
2471 3937 2881 4006 interpretatur.
2932 3934 3192 3989 Annuens
3211 3948 3339 4004 ergo
3360 3947 3488 3987 vero

1894 4031 1979 4086 bis
2005 4029 2426 4098 evangelizantis
2471 4029 2572 4084 sibi
2609 4027 2842 4097 Philippi
2879 4025 3198 4091 Nathanael,
3250 4042 3284 4078 a
3309 4023 3494 4078 Naza-

1895 4125 2006 4177 reth
2027 4164 2041 4188 ,
2072 4122 2268 4192 inquit,
2289 4131 2454 4192 potest
2476 4121 2678 4192 aliquid
2713 4121 2834 4174 boni
2859 4136 2987 4174 esse.
3030 4117 3110 4174 Ac
3146 4118 3194 4172 si
3238 4124 3490 4189 patenter

1895 4217 2068 4272 dicat:
2115 4215 2301 4270 Potest
2334 4214 2474 4280 ﬁeri,
2520 4221 2637 4268 uta
2683 4213 2902 4268 civitate
2931 4211 3066 4266 tanti
3108 4210 3344 4267 nominis
3389 4207 3492 4262 ali-

1894 4313 2027 4383 quid
2056 4327 2281 4368 summac
2303 4311 2491 4382 gratia:
2516 4309 2674 4364 nobis
2703 4308 2934 4373 oriatur,
2963 4305 3068 4361 -vel
3105 4305 3219 4376 ipse
3240 4301 3493 4358 videlicet

1894 4406 2080 4462 mundi
2111 4405 2360 4460 Salvator
2389 4403 2669 4467 Dominus,
2695 4401 2786 4472 qui
2809 4395 3334 4472 singulariterm
3352 4409 3484 4450 san-

1895 4506 2017 4553 ctus
2045 4505 2150 4563 est,
2181 4497 2459 4560 innocens,
2506 4492 2839 4564 impollutus,
2871 4496 3184 4560 segregatus
3232 4501 3263 4540 a
3290 4499 3488 4554 pecca-

1897 4591 2106 4646 toribus
2132 4630 2146 4655 ,
2205 4589 2406 4659 quique
2453 4585 2692 4656 loquitur
2742 4584 2797 4638 in
2843 4581 3080 4638 Canticis
3119 4579 3491 4636 canticorum:

1899 4683 2014 4755 Ego
2036 4686 2134 4754 [los
2157 4683 2346 4754 campi,
2388 4690 2436 4736 et
2457 4680 2628 4736 lilium
2650 4676 2964 4734 convallium
2989 4674 3167 4747 (Cant.
3201 4691 3266 4741 ιι,
3307 4672 3383 4747 1).
3426 4672 3498 4729 Et

1899 4776 1967 4832 de
1985 4791 2092 4846 quo
2111 4775 2409 4844 Propheta:
2436 4771 2614 4836 Exiet,
2644 4768 2837 4839 inquit,
2862 4769 3007 4838 virga
3029 4765 3092 4821 de
3123 4767 3300 4821 radice
3320 4764 3490 4831 Iesse,

1899 4878 1955 4925 et
1975 4867 2273 4931 Nazareus,
2295 4866 2349 4920 id
2379 4873 2481 4930 est,
2504 4865 2600 4934 [los
2628 4863 2692 4916 de
2722 4859 2897 4914 radice
2921 4859 3034 4930 ejus
3057 4859 3298 4915 ascendet
3326 4856 3486 4930 (Isai.

1900 4977 1977 5027 xi,
2010 4960 2086 5031 1).
2142 4958 2240 5012 Vel
2278 4963 2425 5011 certe
2461 4953 2657 5022 aliquis
2678 4951 2869 5006 doctor
2902 4950 3154 5015 eximius,
3182 4947 3274 5018 qui
3301 4945 3491 5001 ﬂorem

1899 5053 2056 5110 nobis
2092 5051 2351 5106 virtutum
2382 5045 2810 5116 munditiamque
2850 5041 3156 5099 sanctitatis
3191 5037 3493 5112 praedicare

1901 5150 1971 5205 sit
2000 5148 2216 5202 missus.
2264 5143 2559 5197 Possumus
2580 5141 2725 5196 hunc
2746 5139 2924 5196 locum
2945 5145 3001 5194 et
3028 5137 3103 5191 ita
3130 5142 3280 5190 recte
3297 5131 3496 5188 intelli-

1902 5255 2051 5312 gere,
2079 5235 2217 5308 quod
2249 5235 2458 5291 dicente
2486 5233 2731 5304 Philippo
2760 5248 2776 5287 :
2806 5232 2971 5299 Quem
2995 5228 3201 5300 scripsit
3231 5226 3404 5281 Moses
3431 5224 3492 5280 in

1903 5331 2012 5402 lege
2056 5338 2103 5382 et
2137 5327 2418 5400 prophetae,
2449 5325 2741 5379 invenimus
2795 5323 2977 5377 Iesum
3021 5319 3192 5390 ﬁlium
3224 5314 3417 5388 Ioseph
3457 5330 3496 5371 α

1909 5421 2198 5483 Nazareth,
2214 5417 2508 5474 Nathanael
2525 5425 2720 5473 caetera
2747 5414 2962 5486 quidem
2984 5413 3121 5468 bene
3143 5403 3494 5474 intellexerit,

1908 5517 2137 5572 miratus
2163 5513 2233 5569 sit
2257 5520 2432 5567 autem
2453 5510 2721 5580 quomodo
2744 5524 2774 5562 a
2806 5506 3073 5561 Nazareth
3101 5503 3374 5560 Christum
3399 5511 3496 5556 vo-

1910 5610 2054 5681 njsse
2075 5607 2290 5670 dixerit,
2321 5620 2481 5674 quem
2533 5603 2599 5657 de
2628 5602 2787 5656 domo
2815 5597 3006 5662 David,
3035 5607 3091 5653 et
3127 5595 3193 5650 de
3219 5590 3497 5649 Bethleem
3581 5667 3594 5680 .

1909 5702 2145 5766 civitate,
2193 5698 2283 5754 ubi
2321 5703 2440 5754 erat
2470 5692 2660 5759 David,
2701 5698 2988 5748 venturum
3017 5686 3295 5760 propheta:
3331 5694 3496 5741 cane-
