4066 6446
566 392 673 453 767

1429 402 1491 458 Β.
1530 402 1593 459 F.
1635 403 1860 463 ALBINI
1899 405 2032 468 SEU
2061 408 2339 470 ALCUINI
2376 413 2664 475 OPERUM
2703 419 2882 478 PARS
2909 421 2975 479 ll.

3746 439 3852 496 768

561 506 825 582 poraliter
849 507 1126 582 accepisse
1152 508 1216 568 de
1244 521 1441 581 matre,
1471 517 1566 572 sed
1611 521 1971 578 aeternitatem
2017 539 2158 580 sem-
2183 526 2238 588 Α
2261 526 2420 583 nistri
2447 530 2742 600 prophetae,
2765 535 2926 591 modo
2948 536 3013 593 de
3052 535 3214 596 Patre
3234 547 3447 600 tantum
3472 543 3773 618 loquuntur
3795 562 3850 610 et

563 616 662 672 per
695 599 950 658 habuisse
971 602 1037 657 de
1059 603 1236 660 Patre.
1271 606 1412 672 Quid
1438 609 1588 676 mihi,
1615 611 1810 682 inquit,
1843 623 1893 668 et
1943 616 2036 669 tibi
2054 625 2151 684 est,

564 693 800 748 mulier?
844 694 1094 751 Nondum
1124 699 1257 752 venit
1308 699 1439 755 hora
1492 720 1627 758 mea.
1680 704 1816 773 Quid
1868 707 2150 774 divinitati,

565 800 727 855 quam
756 801 820 840 ex
851 785 1011 841 Patre
1034 802 1248 858 semper
1269 790 1453 858 habui,
1479 809 1602 848 cum
1625 803 1714 849 tua
1739 810 1920 861 carne,
1953 813 2020 852 ex
2045 814 2152 868 qua

563 893 787 933 carnem
821 881 1054 950 suscepi,
1083 898 1368 942 commune
1393 889 1516 944 est?
1543 888 1789 946 Nondum
1832 895 1979 949 venit
2019 895 2153 951 hora

562 977 622 1023 ut
659 966 1003 1038 fragilitatem
1031 983 1258 1044 sumptae
1291 992 1354 1032 ex
1389 987 1440 1034 te
1476 981 1821 1040 humanitatis
1867 987 2146 1043 moriendo

561 1060 947 1116 demonstrem.
973 1061 1132 1119 Prius
1152 1075 1236 1121 est
1265 1072 1635 1141 utpotentiam
1674 1083 1892 1132 telorum
1935 1079 2152 1136 deitatis

558 1151 788 1208 virtutes
808 1158 1082 1224 operando
1109 1160 1455 1228 patefaciam.
1483 1165 1674 1222 Veniet
1700 1178 1879 1225 autem
1929 1171 2064 1228 hora
2090 1181 2150 1228 ut

556 1241 700 1310 quod
734 1241 832 1297 sibi
856 1253 912 1298 et
936 1247 1097 1302 matri
1129 1264 1414 1308 commune
1441 1264 1601 1320 esset,
1653 1261 1997 1328 ostenderet,
2027 1279 2149 1318 cum

555 1345 675 1386 eam
705 1334 1004 1391 moriturus
1029 1339 1084 1393 in
1136 1356 1297 1398 cruce
1326 1345 1598 1419 discipulo
1635 1349 1829 1419 virgini
1884 1353 2148 1423 virginem

556 1424 939 1482 commendare
961 1430 1192 1484 curavit.
1223 1433 1414 1490 Carnis
1439 1453 1672 1508 namque
1692 1439 1907 1496 infirma
1930 1459 2149 1515 perpes-

555 1525 669 1578 sus,
702 1523 953 1583 matrem,
993 1519 1058 1573 de
1082 1535 1187 1590 qua
1215 1523 1330 1579 haec
1352 1539 1682 1598 susceperat,
1727 1531 1814 1601 pie
1850 1535 2144 1606 cognitam,

553 1602 748 1668 eidem,
781 1621 942 1676 quem
963 1612 1197 1668 maxime
1225 1616 1511 1688 diligebat,
1561 1622 1820 1695 discipulo
1873 1642 2148 1685 commen-

553 1691 741 1751 davit:
773 1713 957 1768 quam,
984 1703 1164 1759 divina
1189 1705 1450 1776 facturus,
1498 1716 1650 1782 quasi
1696 1691 2029 1789 incognitam
2085 1737 2144 1780 se

551 1801 712 1844 nosse
749 1791 1070 1861 dissimulat,
1099 1799 1224 1867 quia
1252 1801 1392 1859 hanc
1419 1803 1584 1877 483
1624 1808 1816 1866 divinae
1843 1814 2142 1872 nativitatis

551 1883 849 1938 auctricem
879 1903 984 1942 non
1037 1905 1156 1946 esse
1217 1899 1511 1966 cognoscit.
1550 1919 1568 1950 ι
1614 1899 1784 1970 Hujus
1831 1919 1960 1960 vero

549 1971 702 2044 ergo]
729 1973 874 2030 home
895 1977 1144 2036 dominus
1175 1983 1230 2037 in
1272 2001 1433 2042 cruce
1464 1989 1705 2057 pendens
1733 2008 2141 2067 commemorat,

549 2076 676 2118 cum
701 2065 836 2121 dixit
873 2069 1022 2141 [Ms.,
1055 2090 1482 2137 commemorans
1517 2083 1674 2158 dixit]
1701 2089 1900 2144 matri:
1948 2065 2142 2161 Mater,

548 2167 666 2208 ecce
689 2155 835 2225 ﬁlius
865 2171 1031 2230 tuus;
1068 2168 1223 2236 quasi
1258 2169 1521 2228 dixisset:
1571 2155 1696 2232 ecce
1743 2179 1845 2236 hoc
1893 2183 2038 2252 quod
2075 2199 2143 2240 ex

549 2251 605 2299 te
625 2251 829 2318 sumpsi
859 2255 1018 2310 modo
1046 2259 1368 2327 ostenditur,
1393 2265 1672 2321 moriendo
1718 2251 1933 2339 quidem
1957 2290 1972 2339 ;
2021 2288 2142 2344 qum

544 2345 726 2395 tamen
758 2352 950 2401 natura
978 2352 1322 2417 postmodum
1351 2355 1695 2416 clariﬁcanda
1725 2372 1844 2419 erat
1865 2365 1920 2420 in
1950 2381 2136 2424 resur-

547 2433 805 2491 rectionis
841 2437 1030 2508 gloria.

615 2522 779 2580 Vsus.
807 2525 859 2581 5.
888 2559 960 2570 --
982 2531 1127 2588 Dixit
1150 2545 1318 2590 mater
1358 2537 1473 2609 ejus
1520 2541 1773 2598 ministris
1797 2557 1817 2597 :
1865 2548 2140 2618 quodcun-

541 2627 640 2680 que
665 2613 857 2671 dixerit
885 2620 1042 2686 vobis,
1083 2623 1260 2692 facite.
1305 2626 1527 2685 Sciebat
1555 2633 1771 2703 quidem
1799 2613 1975 2692 mater
2019 2639 2138 2710 ejus

544 2701 936 2766 humanitatem
992 2713 1087 2768 filii
1133 2718 1249 2784 sui,
1307 2718 1435 2776 licet
1491 2701 1869 2795 quoquomodo
1921 2701 2138 2790 videtur

540 2790 693 2866 [λίβη
723 2800 826 2858 hoc
859 2807 1019 2862 modo
1043 2809 1338 2885 videretur]
1372 2790 1635 2888 nega—tum-
1673 2823 1818 2891 quod
1851 2826 2130 2895 poscebat,

537 2897 714 2944 mater
742 2900 923 2951 tamen
952 2899 1158 2956 sciebat
1187 2903 1442 2973 pietatem
1475 2909 1590 2976 lilii,
1641 2914 1785 2982 quod
1819 2929 1929 2972 non
1989 2929 2134 2976 esset

538 2991 833 3050 negaturus
891 2987 1044 3060 [Λίδη
1097 3009 1297 3066 negare
1352 3000 1547 3074 noluit]
1596 3007 1741 3075 quod
1803 3009 2128 3076 petebatur:

537 3070 663 3128 ideo
685 3074 1006 3135 fiducialiter
1027 3087 1302 3144 mandavit
1340 3070 1629 3149 ministris
1643 3104 1704 3150 ut
1730 3070 1986 3155 mandata
2025 3102 2129 3157 im—

537 3163 748 3233 plerent
778 3169 871 3225 filii
894 3171 1157 3242 jubentis.

612 3256 774 3313 Vnus.
807 3258 859 3314 6.
889 3292 959 3302 —
989 3261 1158 3321 Erant
1183 3279 1355 3326 autent
1401 3272 1622 3345 lapidea:
1671 3280 1861 3337 ltidrite
1905 3301 1997 3339 sea:
2043 3303 2130 3357 po-
2158 3281 2206 3345 C

536 3345 668 3412 sitm,
700 3353 985 3408 secundum
1013 3359 1433 3428 puriﬁcationem
1482 3367 1814 3440 Judworum,
1869 3378 2128 3447 capientes

534 3437 758 3508 singqu
784 3452 1022 3502 metretas
1049 3450 1196 3506 binas
1222 3454 1298 3508 vel
1321 3467 1516 3513 ternas.
1574 3479 1593 3512 ι
1623 3462 1838 3535 Hydriae
1866 3480 2130 3528 vocantur

539 3539 668 3581 vasa
707 3544 966 3599 aquarum
1007 3543 1247 3610 receptui
1298 3555 1503 3615 parata,
1563 3550 1749 3610 Graece
1796 3557 1940 3614 enim
1989 3577 2129 3633 aqua

535 3615 676 3695 ὕδωρ
703 3620 919 3679 dicitur.
966 3627 1122 3700 Aqua
1165 3643 1344 3692 autem
1399 3638 1693 3712 Scriptura:
1737 3663 1908 3707 sacrae
1952 3615 2131 3711 scien-

536 3707 667 3762 tiam
689 3711 950 3784 designat,
984 3736 1105 3791 qua:
1131 3740 1256 3782 suos
1293 3707 1568 3791 auditores
1604 3748 1660 3793 et
1699 3756 1730 3795 a
1776 3757 2128 3813 peccatorum

535 3799 696 3854 sorde
720 3803 936 3861 abluere
964 3818 1018 3864 et
1063 3813 1257 3872 divinae
1283 3823 1606 3892 cognitionis
1646 3799 1793 3888 solet
1828 3835 1980 3896 fonte
2023 3858 2124 3912 po-

535 3896 668 3992 tare.
700 3894 838 3951 Vasa
864 3914 960 3956 sex
989 3904 1184 3974 quibus
1203 3925 1342 3981 aqua
1383 3919 1784 3992 continebatur,
1807 3933 1969 3986 corda
1997 3894 2126 3990 sunt

536 3981 727 4040 devota
776 3999 1121 4064 sanctorum,
1153 4014 1380 4070 quorum
1430 4010 1692 4078 perfectio
1720 3981 1855 4090 vita:
1889 4031 1946 4078 et
1999 4026 2126 4084 ﬁdei

536 4075 603 4130 ad
628 4081 930 4151 exemplum
975 4098 1120 4146 recte
1173 4097 1426 4155 credendi
1477 4119 1540 4158 ac
1575 4106 1789 4166 vivendi
1844 4088 2126 4187 proposita

533 4172 617 4279 est
651 4173 834 4238 generi
864 4176 1098 4235 humano
1137 4197 1239 4253 per
1261 4203 1356 4244 sex
1407 4197 1586 4251 smculi
1635 4172 1864 4260 labentis
1908 4172 2119 4279 aetates,

638 4270 752 4330 est,
795 4281 966 4338 usque
1014 4273 1082 4328 ad
1131 4283 1340 4349 tempus
1386 4283 1680 4347 Dominicaa
1721 4254 2124 4363 praedicationis

531 4346 718 4464 EBeda,
755 4359 1069 4437 passionis].
1101 4366 1167 4422 Et
1203 4346 1340 4426 bene
1383 4374 1590 4447 lapidea
1645 4346 2120 4464 sunt

529 4440 688 4499 fortia
711 4460 838 4505 sunt
861 4460 1159 4523 praecordia
1173 4440 1465 4536 justorurd,
1502 4483 1562 4528 ut
1591 4487 1717 4546 pote
1740 4480 1883 4538 illius
1912 4440 2027 4542 fidel
2066 4497 2121 4544 et

527 4535 810 4648 dilectjone
829 4543 1024 4615 lapidis
1054 4552 1280 4611 solidata
1320 4535 1480 4629 quem
1531 4535 1663 4624 vidit
1698 4535 1885 4630 Daniel

525 4638 644 4680 sum
670 4629 736 4684 de
759 4643 941 4691 monte
968 4639 1084 4697 sine
1129 4647 1397 4717 manibus,
1426 4653 1735 4732 factumque
1774 4682 1829 4720 tn
1871 4629 2113 4730 montem
2139 4641 2194 4702 Β

524 4733 800 4840 ἳιιιξιιιιηι,
823 4736 878 4784 et
924 4731 1173 4804 implesse
1219 4758 1434 4803 omnem
1485 4731 1682 4810 terram
1715 4757 1877 4830 (Dan.
1907 4781 1967 4832 ιι,
1993 4766 2106 4840 54).

521 4809 590 4865 Ει
619 4814 686 4925 de
698 4833 819 4925 quo.
831 4821 960 4879 dicit
990 4828 1309 4893 Zacharias:
1337 4838 1403 4896 In
1431 4842 1604 4916 lapide
1627 4809 2110 4925 αηᾶζξρἓξεᾶξόξῖἇὲ

519 4917 640 5009 sunt
667 4908 849 5009 (.Zaclt.
889 4933 971 4985 ιιι,
1021 4922 1095 4994 9),
1155 4927 1207 4983 id
1251 4939 1352 4998 est,
1409 4908 1733 4999 in'Christo
1779 4908 2108 5009 universitas

519 4997 758 5058 scientiae
785 5008 1043 5076 spiritalis
1081 4997 1347 5078 inhabitat
1376 5042 1391 5093 ;
1419 5028 1572 5097 cujus
1595 5041 1649 5088 et
1702 5039 1978 5106 apostolus
2003 5041 2105 5101 Pe-

521 5094 635 5144 trus
663 5098 1002 5159 mcminitita
1024 5107 1246 5168 dicens:
1298 5117 1381 5170 Ad
1427 5094 1576 5190 quem
1619 5094 1918 5185 accedentes
1967 5132 2105 5206 lapi-

516 5193 632 5235 aem
671 5186 858 5259 vivum,
893 5204 942 5248 et
971 5198 1069 5268 ipsi
1110 5213 1359 5276 tanquam
1399 5186 1598 5282 lapides
1637 5219 1735 5273 vivi
1779 5186 2105 5298 superandi/i-

516 5279 788 5383 camini(l
818 5284 964 5344 Petr.
991 5309 1052 5358 ιι,
1083 5297 1164 5367 4).
1219 5299 1366 5358 Bene
1420 5279 1711 5366 secundum
1761 5279 2099 5383 purificatio-

516 5380 640 5474 ttcm
688 5369 994 5436 Iudaeorum
1045 5384 1210 5457 [Beda
1245 5391 1371 5447 add.
1423 5400 1652 5473 tantum]
1699 5369 2103 5474 positaeﬂerattt

514 5457 742 5570 hytlrize,
771 5470 895 5538 quia
949 5473 1256 5536 Iudaeorum
1289 5493 1493 5542 tantum
1535 5457 1730 5560 populo
1744 5457 2099 5570 lexperﬂhit:

511 5563 607 5606 seu
648 5555 771 5611 data
800 5569 916 5629 est;
944 5581 1068 5622 nam
1110 5575 1279 5640 gratia
1327 5585 1381 5631 et
1422 5555 1621 5638 veritas
1669 5555 1940 5662 Evangelii
1990 5613 2100 5654 non

513 5647 690 5746 minus
725 5657 972 5722 gentibus
1001 5677 1163 5730 quam
1203 5665 1401 5726 Judzeis
1441 5688 1539 5742 per
1597 5675 1778 5736 Jesum
1818 5647 2100 5746 Ehristum

515 5734 650 5790 facta
681 5750 781 5795 est.
817 5743 1110 5817 Cupientes,
1153 5755 1345 5825 inquit,
1377 5763 1599 5834 singula:
1650 5785 1894 5832 metretas
1949 5781 2099 5839 binas

512 5827 586 5882 vel
611 5838 808 5891 ternas.
840 5835 978 5906 Quia
1014 5842 1308 5916 Scriptum
1351 5866 1551 5916 sancta:
1599 5874 1849 5927 auctores
1897 5883 1953 5929 et
1993 5875 2098 5934 mi-

2255 618 2412 684 Filio,
2444 629 2503 676 ut
2525 631 2609 678 est
2627 623 2788 681 illud:
2824 625 3013 684 Omnia
3059 631 3114 686 in
3154 635 3414 704 sapientia
3449 638 3622 710 fecisti
3670 642 3846 712 (Psal.

2255 725 2372 777 cm,
2403 711 2515 786 24),
2544 715 2715 771 virtus
2734 717 2878 772 enim
2901 719 2996 774 Dei
3023 730 3078 777 et
3115 726 3378 796 sapientia
3423 711 3689 789 Chritusi
3726 745 3845 793 est:

2254 805 2415 860 modo
2444 807 2608 862 etiam
2638 808 2871 879 Spiritus
2897 816 3068 870 sancti
3093 816 3300 875 faciunt
3321 823 3678 894 mentionem,
3695 827 3847 897 juxta

2254 895 2386 953 illud
2413 898 2653 968 ejusdem
2678 900 3116 978 Psalmographi:
3151 908 3318 966 Verbo
3348 914 3566 971 Domini
3591 895 3713 974 ccli
3755 922 3846 990 ﬁr-

2254 992 2629 1058 matisnnt,et
2673 996 2862 1068 spiritu
2907 1001 3016 1055 oris
3071 1003 3187 1072 ejus
3233 1008 3402 1062 omnis
3446 1011 3613 1064 virtus
3668 1029 3846 1069 eorum

2255 1083 2428 1154 (Psal.
2458 1103 2631 1154 χχχιι,
2658 1087 2733 1160 6).
2763 1092 3018 1161 Verbum,
3069 1096 3344 1167 Dominus,
3369 1088 3425 1158 et
3460 1102 3726 1175 Spiritus,
3768 1117 3849 1164 to-

2253 1182 2447 1246 tusque
2476 1194 2616 1236 unus
2641 1181 2784 1238 Deus
2805 1193 2890 1240 est
2914 1185 3296 1262 intelligendus
3321 1195 3376 1249 in
3403 1195 3677 1256 Trinitate
3716 1200 3844 1273 [51s.

2251 1276 2300 1321 et
2356 1268 2522 1335 Beda,
2576 1273 2832 1342 Verbum,
2883 1277 3189 1350 Dominum,
3243 1291 3298 1338 et
3344 1283 3612 1355 Spiritum
3655 1268 3846 1359 totam,

2252 1373 2373 1428 quae
2393 1378 2531 1418 unus
2557 1363 2699 1421 Deus
2724 1376 2827 1432 est,
2858 1369 3100 1442 intelligo
3127 1374 3491 1452 Trinitatem].
3520 1380 3632 1437 Sed
3677 1400 3847 1454 quau—

2251 1459 2366 1506 tum
2397 1453 2538 1510 inter
2561 1471 2758 1526 aquam
2781 1469 2837 1513 et
2865 1462 3069 1531 vinum,
3113 1474 3319 1522 tantum
3357 1470 3522 1526 distat
3545 1453 3845 1530 intersca-

2251 1559 2370 1599 sum
2399 1546 2547 1602 illum
2574 1565 2682 1619 quo
2705 1553 3000 1623 Scriptura:
3033 1566 3159 1615 ante
3199 1561 3494 1618 adventum
3543 1564 3844 1626 Salvatoris

2249 1634 2706 1708 intelligebantur,
2737 1651 2794 1698 et
2819 1660 2942 1700 eum
2963 1661 3124 1717 quem
3152 1651 3374 1708 veniens
3418 1655 3531 1724 ipse
3575 1657 3845 1714 revelavit

2249 1729 2505 1796 apostolis
2543 1747 2838 1805 eorumque
2887 1738 3165 1812 discipulis
3203 1755 3466 1815 perpetuo
3508 1751 3844 1820 sequendum

2247 1821 2484 1892 reliquit.
2516 1824 2583 1879 Et
2615 1827 2832 1897 quidem
2863 1832 3038 1900 potuit
3084 1833 3345 1893 Dominus
3368 1853 3566 1896 vacuas
3619 1842 3844 1914 implere

2011 1905 2144 1978 [Al.,
2178 1915 2224 1976 Β
2251 1911 2475 1985 hydrias
2509 1918 2668 1987 vino,
2697 1922 2788 1990 qui
2834 1922 2886 1977 in
2939 1926 3164 1982 exordio
3221 1931 3508 1988 mundanae
3549 1905 3843 1995 creationis

2251 2017 2444 2064 cuncta
2466 2012 2669 2067 creavit
2690 2028 2758 2068 ex
2779 2015 2950 2072 nihilo
2974 2033 2989 2083 ;
3017 2019 3112 2075 sed
3132 2020 3325 2077 maluit
3357 2023 3425 2080 de
3481 2040 3625 2097 aqua
3665 2027 3843 2086 facere

2250 2099 2456 2165 vinum,
2503 2117 2610 2171 quo
2642 2105 2820 2176 typiee
2882 2107 3121 2176 doceret,
3163 2127 3270 2168 non
3309 2127 3367 2169 se
3411 2116 3478 2171 ad
3528 2117 3840 2177 solvendam

2247 2190 2788 2266 improbandamque,
2815 2199 2909 2254 sed
2937 2200 3008 2255 ad
3055 2202 3384 2273 implendam
3440 2209 3626 2277 potius
3673 2209 3840 2280 legem

2246 2285 2647 2357 prophetasque
2670 2291 2904 2358 venisse,
2937 2308 3112 2364 neque
3168 2296 3274 2352 alia
3335 2313 3500 2369 super
3549 2299 3745 2372 [Beda,
3787 2319 3842 2361 se

2245 2378 2364 2452 per]
2413 2382 2779 2454 evangelicam
2839 2385 3067 2455 gratiam
3115 2387 3298 2446 facere
3343 2401 3398 2447 et
3441 2391 3646 2448 docere
3683 2410 3839 2465 quam

2245 2485 2365 2539 quae
2391 2471 2578 2542 legalis
2603 2482 2659 2530 et
2702 2476 3018 2545 prophetica
3058 2478 3340 2552 Scriptura
3391 2498 3516 2541 eum
3568 2487 3838 2546 facturum

2243 2561 2636 2636 docturumque
2660 2567 2916 2638 signaret.
2968 2571 3262 2630 Videamus
3287 2591 3420 2648 ergo
3472 2592 3570 2634 sex
3623 2580 3839 2652 hydrias

2243 2650 2656 2726 Scripturarum
2681 2673 2822 2731 aqua
2844 2661 3068 2718 salutari
3112 2665 3367 2736 repletas,
3391 2650 3681 2726 videamus
3697 2686 3839 2727 eam-

2243 2747 2363 2803 dem
2389 2763 2586 2820 aquam
2611 2752 2668 2808 in
2694 2753 3076 2812 suavissimum
3113 2758 3225 2814 vini
3251 2761 3473 2817 odorem
3513 2773 3838 2836 gustumque

2238 2854 2576 2898 conversam.
2607 2843 2666 2899 In
2691 2845 2864 2915 prima
2885 2856 3044 2905 aetate
3071 2852 3249 2907 saeculi
3270 2893 3286 2919 ,
3329 2851 3465 2910 Abel
3486 2855 3702 2925 justum
3731 2858 3834 2914 fra-

2240 2940 2324 2987 ter
2343 2932 2587 2992 invidens
2608 2938 2808 2994 occidit
2833 2937 2988 3008 (Gen.
3027 2941 3126 3015 IV),
3165 2951 3221 2998 et
3241 2945 3312 3001 ob
3352 2945 3458 3002 hoc
3477 2947 3595 3017 ipse
3643 2965 3835 3020 perpe-

2239 3030 2332 3078 tua
2353 3028 2598 3099 martyrii
2635 3030 2806 3099 gloria
2828 3031 3048 3101 beatus,
3095 3036 3263 3092 etiam
3317 3038 3373 3093 in
3423 3041 3759 3113 evangelicis
3785 3051 3837 3100 et

2238 3117 2546 3185 apostolicis
2592 3120 2789 3178 litteris
2833 3122 3061 3192 iustitiae
3098 3127 3309 3185 laudem
3359 3135 3570 3204 accepit
3616 3135 3832 3208 (Matth.

2238 3221 2395 3272 χχιιι,
2425 3209 2555 3265 Luc.
2589 3211 2688 3285 χι).
2730 3212 3030 3272 Fratricida
3078 3233 3208 3274 vero
3245 3219 3444 3290 impius
3473 3232 3697 3280 eterna:
3723 3241 3833 3281 ma-

2236 3296 2538 3356 ledictionis
2556 3316 2747 3371 poenas
2769 3302 2886 3360 luit.
2945 3306 3264 3379 Quicunque
3316 3312 3402 3367 his
3446 3313 3672 3382 auditis,
3721 3331 3830 3374 me-

2233 3398 2448 3448 tuentes
2473 3393 2664 3466 [Beda,
2707 3398 2976 3472 metuunt]
3009 3416 3134 3457 cum
3180 3403 3362 3474 impiis
3403 3405 3689 3476 damnari,
3741 3424 3830 3468 cu-

2229 3487 2440 3557 pientes
2481 3489 2727 3548 benedici
2756 3510 2881 3550 cum
2914 3495 3036 3566 piis,
3064 3512 3277 3558 omnem
3307 3499 3558 3556 odiorum
3601 3511 3658 3558 et
3684 3503 3826 3559 invi-

2231 3578 2332 3633 diae
2353 3577 2594 3636 fomitem
2623 3581 2904 3652 ahjiciunt,
2950 3585 3062 3642 Deo
3101 3588 3321 3658 placere
3357 3605 3458 3662 per
3497 3591 3827 3651 sacriﬁcium

2222 3666 2479 3738 iustitiae;
2513 3673 2790 3730 modestiae
2825 3684 2880 3731 et
2925 3677 3267 3759 innocentiae,
3317 3683 3628 3755 virtuteque
3675 3685 3826 3759 [Hs.,

2228 3761 2572 3830 modestiam,
2628 3757 2990 3824 innocentiam
3013 3811 3028 3837 ,
3086 3771 3367 3846 virtutem]
3412 3757 3695 3844 patientiae
3737 3792 3829 3833 cu-

2229 3863 2372 3922 rant,
2399 3871 2494 3910 vas
2540 3856 2786 3926 profecto
2829 3877 2982 3931 aquae
3030 3862 3085 3917 in
3137 3863 3418 3936 Scriptura
3479 3866 3824 3937 invenerunt,

2226 3946 2370 4001 unde
2403 3947 2693 4006 salubriter
2731 3951 2903 4008 abluti
2945 3956 3228 4026 potatique
3275 3958 3567 4028 gaudeant.
3625 3960 3734 4018 Sed
3780 3963 3824 4020 si

2226 4033 2591 4094 intellexerint
2641 4041 2698 4096 in
2745 4040 2878 4098 Cain
2933 4044 3258 4103 homicidam
3329 4048 3644 4108 Iudaeorum
3707 4065 3825 4111 esse

2224 4130 2510 4200 perfidiam
2539 4151 2553 4200 ;
2586 4135 2915 4192 occisionem
2947 4138 3081 4194 Abel
3106 4142 3414 4210 passionem
3437 4158 3561 4200 esse
3603 4145 3821 4202 Domini

2227 4219 2550 4290 Salvatoris;
2579 4232 2804 4295 terram,
2828 4243 2949 4298 quae
2973 4232 3183 4300 aperuit
3205 4248 3266 4289 os
3297 4249 3453 4290 suum
3491 4245 3548 4290 et
3586 4237 3824 4309 suscepit

2227 4310 2388 4388 [ejus]
2442 4320 2756 4389 sanguinem
2807 4322 2873 4378 de
2913 4338 3076 4379 manu
3128 4325 3284 4394 Cain,
3332 4327 3638 4386 Ecclesiam
3677 4347 3819 4399 esse,

2223 4421 2342 4476 qua:
2375 4407 2606 4464 eﬂ'usum
2660 4426 2690 4464 a
2714 4410 2918 4468 Iudaeis
2947 4413 3147 4471 Christi
3176 4419 3494 4490 sanguinem
3533 4421 3590 4476 in
3620 4433 3821 4494 myste-

2222 4496 2365 4551 rium
2391 4512 2502 4554 suze
2524 4500 2911 4571 redemptionis
2945 4507 3183 4577 accepit;
3223 4508 3482 4564 nimirum
3535 4527 3736 4581 aquam
3761 4512 3818 4569 in

2219 4589 2405 4643 vinum
2456 4599 2721 4647 mutatam
2750 4596 3029 4665 reperiunt
3056 4597 3243 4670 [Beda,
3291 4604 3661 4679 repererunt],
3694 4607 3820 4677 quia

2221 4693 2390 4734 sacrae
2410 4680 2555 4736 dicta
2581 4682 2714 4752 legis
2736 4688 3003 4744 sacratius
3025 4689 3350 4763 intelligunt.
3376 4693 3630 4754 Secunda
3656 4707 3816 4756 aetate

2217 4770 2398 4826 saeculi
2438 4771 2750 4843 inchoante,
2783 4778 2993 4836 deletus
3039 4791 3125 4838 est
3151 4784 3306 4854 aquis
3334 4785 3520 4842 diluvii
3558 4793 3810 4860 mundus,

2217 4862 2286 4916 oh
2339 4872 2683 4932 peccatorum
2734 4871 3198 4942 magnitudinem;
3231 4877 3324 4932 sed
3364 4877 3511 4936 solus
3556 4879 3671 4938 Noe
3719 4898 3814 4955 per

2208 4953 2475 5022 justitiam
2506 4974 2631 5013 cum
2661 4960 2822 5017 domo
2843 4978 2939 5019 sua
2965 4965 3223 5024 liberatus
3255 4971 3309 5024 in
3341 4987 3465 5027 arca
3493 4971 3652 5044 (Gen.
3687 4953 3807 5047 vit).

2212 5043 2384 5113 Hujus
2411 5047 2583 5118 plaga:
2605 5049 2772 5125 m
2799 5057 2980 5111 audita
3023 5061 3328 5116 vastatione
3359 5043 3634 5133 horribili,
3676 5043 3812 5139 pau-

2210 5152 2504 5211 corumque
2531 5143 2850 5204 liberatione
2893 5152 3147 5220 mirabili,
3179 5157 3424 5227 quisquis
3469 5161 3806 5218 emendatius

2209 5232 2390 5289 vivere
2417 5239 2665 5308 arx-perit,
2696 5241 2916 5300 liberari
2956 5247 3272 5307 desiderans
3301 5267 3423 5308 cum
3473 5254 3686 5325 electis,
3739 5258 3806 5314 ti-

2209 5339 2365 5381 mens
2399 5331 2752 5388 exterminari
2781 5351 2903 5390 cum
2946 5341 3211 5409 reprobis,
3263 5343 3514 5415 hydriam
3560 5349 3804 5419 profecto

2209 5431 2384 5486 aquae,
2422 5435 2531 5490 qua
2562 5424 2851 5481 mundetur
2872 5429 2954 5484 vel
2983 5430 3280 5497 reficietur,
3308 5439 3537 5508 accepit.
3567 5440 3645 5497 At
3673 5443 3801 5499 dum

2209 5508 2369 5565 altius
2400 5527 2590 5583 sapere
2629 5513 2816 5587 [Beda,
2843 5519 3003 5578 altius
3023 5526 3316 5601 respicere]
3365 5533 3612 5602 coeperit,
3644 5542 3700 5591 et
3743 5535 3799 5593 in

2207 5615 2333 5656 arca
2364 5602 2682 5688 Ecclesiam,
2713 5608 2768 5664 in
2807 5609 2919 5666 Noe
2955 5613 3230 5673 Christum
3253 5660 3267 5685 ,
3305 5619 3360 5675 in
3398 5637 3538 5693 aqua
3562 5625 3799 5682 diluculo

2203 5706 2519 5765 peccatores
2549 5716 2742 5770 aquam
2793 5705 3046 5775 baptismi
3098 5727 3219 5782 quae
3268 5725 3488 5786 peccata
3529 5719 3709 5785 diluit,
3738 5720 3795 5776 in

2203 5787 2515 5845 hominibus
2555 5802 2608 5847 et
2645 5794 2699 5848 in
2743 5796 3071 5858 animalibus
3114 5819 3237 5875 quae
3296 5821 3422 5863 arca
3459 5809 3792 5877 continebat,

2199 5879 2552 5947 multifariam
2579 5884 2978 5958 baptizatorum
3025 5895 3404 5969 diderentiam,
3432 5899 3487 5958 in
3517 5901 3788 5976 columba,
