4066 6442
601 386 710 444 775

1418 381 1482 438 Β.
1522 379 1586 436 F.
1623 375 1853 435 ALBINI
1888 374 2020 434 SEU
2057 374 2339 434 ALCUINI
2375 373 2662 434 OPERUM
2689 373 2870 432 PARS
2911 375 2977 432 ll.

3793 375 3901 438 776

602 502 734 578 [Ηε.
767 507 816 556 et
847 499 1013 566 Beda,
1037 494 1334 569 crementa]
1359 504 1486 554 sunt
1513 495 1783 552 actionum
1811 493 2096 559 malarum,
2123 491 2190 547 de
2217 491 2270 552 Δ
2295 491 2340 547 si
2370 491 2644 546 iracundia
2675 491 2970 558 turbidum,
2999 490 3044 547 si
3071 491 3176 547 alio
3203 491 3454 566 cuiquam
3479 493 3615 550 vitio
3632 493 3902 552 substra-

603 592 802 664 quibus
843 591 1071 646 materia
1115 587 1400 644 damnandi
1447 585 1704 656 reprobos
1748 583 1992 638 districto
2028 583 2196 651 judici

603 687 784 744 datur.
814 685 952 741 Hinc
978 681 1178 738 etenim
1208 681 1340 736 dicit
1362 679 1532 734 Isaias
1557 697 1568 733 :
1615 677 1703 733 Va:
1748 678 1836 748 qui
1865 677 2069 731 trahitis
2097 676 2198 731 ini-

601 783 854 856 quitatem
875 780 930 834 in
959 775 1207 846 funiculis
1245 775 1494 828 vanitatis
1535 771 1740 844 (Isaiae,
1771 787 1825 837 v,
1870 769 1990 842 18)!
2033 770 2102 825 Et
2142 770 2195 825 in

603 870 914 931 Proverbiis
936 867 1190 924 Salomon
1221 865 1595 937 :Iniquitates,
1627 864 1820 935 inquit,
1851 879 1961 918 suae
1987 862 2198 933 capiunt

605 965 843 1035 impium,
869 970 917 1016 et
961 960 1173 1030 funibus
1200 968 1532 1030 peccatorum
1567 974 1783 1012 suorum
1825 957 2201 1026 constringitur

609 1059 792 1132 (Prov.
823 1072 876 1118 v,
903 1054 1016 1126 22).
1050 1053 1152 1122 Qui
1173 1053 1318 1110 enim
1342 1061 1564 1123 peccata
1591 1053 1848 1124 peccatis,
1879 1067 1978 1121 pro
2005 1051 2199 1122 quibus

605 1151 784 1206 acrius
812 1149 1118 1214 damnetur,
1157 1147 1484 1212 accumulat,
1522 1146 1678 1216 quasi
1713 1143 1980 1200 funiculus
2005 1143 2200 1213 quibus

603 1241 799 1312 ligetur
832 1255 897 1294 ac
937 1237 1258 1309 ﬁagelletur,
1299 1236 1556 1309 paulatim
1611 1235 1856 1306 augendo
1896 1234 2196 1305 probngat.

603 1331 1102 1389 Nummulariorum
1145 1344 1360 1400 quoque
1389 1343 1524 1397 quos
1567 1325 1851 1396 expulerat
1884 1324 2074 1398 [Beda,
2107 1340 2202 1378 ex-

603 1421 827 1495 pulsat],
858 1421 1046 1478 effudit
1078 1437 1152 1476 aes
1180 1429 1237 1477 et
1269 1435 1485 1475 mensas
1514 1417 1794 1481 subvertit,
1828 1417 1956 1487 quia
1981 1417 2202 1470 damna-

603 1511 675 1568 tis
714 1513 769 1567 in
821 1513 928 1568 ﬁne
978 1513 1242 1583 reprobis,
1290 1511 1453 1566 etiam
1486 1510 1727 1580 ipsarum
1776 1523 1913 1577 quas
1967 1507 2201 1561 dilexere

604 1617 789 1658 rerum
814 1603 967 1658 tollet
995 1603 1245 1674 ﬁguram,
1285 1601 1440 1672 juxta
1480 1601 1580 1656 hoc
1606 1599 1749 1670 quod
1791 1597 2050 1668 scriptum
2077 1604 2159 1650 est
2183 1612 2198 1649 :

604 1696 677 1755 Et
717 1699 944 1754 mundus
991 1699 1232 1754 transibit
1263 1706 1313 1753 et
1353 1696 1775 1768 concupiscentia
1815 1695 1928 1765 ejus
1957 1693 2009 1766 (Ι
2037 1694 2197 1749 Joan.

608 1805 672 1859 ιι,
705 1792 816 1865 ιτ).

679 1886 843 1943 Vens.
877 1885 964 1941 l6.
987 1915 1060 1926 --
1081 1883 1149 1940 Et
1170 1885 1244 1939 eis
1264 1885 1353 1955 qui
1379 1882 1646 1938 columbas
1676 1881 1984 1945 vendebant,
2018 1879 2149 1932 dixit
2181 1894 2198 1933 :

604 1978 822 2048 Aufcrte
868 1979 969 2032 ista
1011 1977 1153 2041 hinc,
1196 1975 1354 2031 nolite
1399 1975 1574 2045 facere
1616 1975 1830 2028 domum
1867 1972 2046 2026 Patris
2081 1971 2201 2036 mei,

603 2069 821 2124 domum
867 2067 1251 2138 negotiationis.
1299 2065 1675 2121 Venditionem
1722 2063 2098 2120 columbarum
2139 2061 2206 2117 de

609 2161 808 2233 templo
837 2159 1038 2215 auferri
1077 2159 1344 2230 praecipit,
1389 2159 1514 2230 quia
1546 2157 1719 2228 gratia
1761 2156 1995 2226 Spiritus
2035 2155 2207 2226 gratis

605 2252 798 2324 accipi,
840 2252 1011 2323 gratis
1054 2251 1214 2306 debet
1248 2249 1369 2305 dari
1401 2261 1426 2290 ι
1453 2247 1666 2322 (Matth.
1711 2245 1788 2319 χ).
1824 2245 1976 2302 Unde
2019 2246 2206 2302 Simon

607 2345 699 2401 ille
727 2360 935 2416 magus,
963 2343 1092 2414 quia
1119 2343 1260 2398 hanc
1298 2355 1481 2397 emere
1524 2339 1751 2411 pecunia
1779 2338 1970 2404 voluit,
2003 2346 2065 2392 ut
2088 2352 2204 2392 ma-

603 2435 720 2508 jore
753 2436 928 2506 pretio
956 2435 1235 2501 venderet,
1267 2432 1475 2488 audivit
1501 2449 1514 2485 :
1540 2427 1776 2485 Pecunia
1804 2439 1898 2484 tua
1938 2439 2107 2484 tecum
2139 2429 2206 2484 sit

604 2529 662 2583 in
687 2527 998 2600 perditione,
1032 2543 1136 2581 non
1167 2534 1239 2580 est
1263 2525 1355 2579 tibi
1383 2541 1525 2595 pars,
1559 2539 1721 2594 neque
1747 2536 1861 2576 sors
1889 2521 1944 2576 in
1972 2536 2209 2576 sermone

610 2621 707 2675 hoc
738 2618 876 2691 (Act.
909 2635 1032 2685 vui,
1062 2618 1152 2684 20,
1186 2617 1299 2688 2|).
1342 2616 1648 2672 Notandum
1691 2624 1874 2670 autem
1925 2615 2053 2684 quia
2100 2629 2209 2669 non

606 2713 704 2769 soli
735 2713 1046 2767 venditores
1083 2720 1210 2766 sunt
1235 2710 1610 2766 columbarum
1648 2717 1704 2764 et
1747 2708 1966 2764 domum
2003 2708 2100 2763 Dei
2129 2707 2209 2762 fa-

607 2805 758 2859 ciunt
785 2805 1002 2858 domum
1045 2802 1446 2873 negotiationis,
1478 2801 1571 2870 qui
1617 2815 1806 2856 sacros
1843 2799 2061 2856 ordines
2101 2799 2210 2853 lar-

607 2893 816 2964 gientes
842 2892 1032 2964 [Beda,
1063 2891 1392 2964 largiendo],
1427 2892 1664 2963 pretium
1690 2891 1954 2962 pecunias,
1981 2891 2067 2947 vel
2096 2890 2210 2946 lau-

609 2984 710 3049 dis,
749 2984 835 3040 vel
876 2984 1042 3040 etiam
1078 2985 1302 3040 honoris
1335 2984 1656 3054 inquirunt:
1686 3000 1874 3040 verum
1913 2985 1969 3040 lii
1996 3000 2211 3056 quoque

609 3075 704 3145 qui
723 3075 950 3146 gradum
979 3074 1063 3130 vel
1090 3075 1316 3146 gratiam
1341 3075 1396 3129 in
1426 3074 1671 3130 Ecclesia
1695 3075 2014 3158 spiritalem,
2047 3090 2210 3144 quam

610 3167 840 3224 Domino
870 3168 1132 3238 largiente
1156 3181 1469 3240 percepere,
1498 3183 1604 3222 non
1631 3167 1862 3238 simplici
1892 3167 2204 3232 intentione,

611 3263 708 3318 sed
742 3260 1028 3330 cujuslibet
1055 3263 1306 3318 humana!
1335 3276 1499 3317 causa
1530 3261 1906 3316 retributionis
1929 3269 2206 3328 exercent,

609 3362 800 3411 contra
831 3353 959 3407 illud
988 3353 1216 3423 apostoli
1237 3353 1386 3408 Petri
1413 3371 1426 3407 :
1456 3353 1559 3420 Qui
1583 3353 1816 3424 loquitur
1836 3355 1988 3424 quasi
2015 3370 2213 3409 sermo-

613 3462 702 3501 nes
735 3445 852 3510 Dei,
879 3447 968 3516 qui
997 3447 1256 3500 ministrat
1295 3456 1547 3517 tanquam
1587 3462 1652 3500 ex
1695 3447 1901 3511 virtute,
1929 3463 2089 3517 quam
2117 3445 2211 3500 ad-

611 3539 877 3591 ministrat
907 3537 1068 3602 Deus,
1103 3547 1158 3592 ut
1189 3539 1246 3592 in
1286 3539 1525 3592 omnibus
1560 3539 1938 3608 honoriﬁcetur
1956 3539 2102 3594 Deus
2122 3556 2214 3610 per

611 3627 793 3682 Jesum
841 3627 1108 3682 Christum
1141 3627 1226 3699 (II
1249 3620 1405 3683 'Petr.
1451 3644 1524 3694 IV,
1571 3629 1680 3701 ll).
1725 3629 2040 3700 Quicunque
2083 3645 2213 3701 ergo

613 3719 750 3774 tales
777 3727 921 3784 sunt,
949 3720 995 3774 si
1020 3719 1194 3774 nolint
1215 3721 1467 3776 veniente
1491 3721 1718 3775 Domino
1747 3721 1813 3776 de
1848 3720 2092 3776 Ecclesia
2119 3736 2215 3774 au-

616 3810 772 3877 ferri,
803 3811 1053 3867 auferant
1084 3812 1186 3868 ista
1225 3813 1293 3868 de
1334 3814 1448 3869 suis
1493 3813 1721 3880 actibus,
1765 3829 1833 3869 ne
1870 3813 2072 3870 faciant
2120 3813 2216 3870 do-

613 3921 761 3960 mum
795 3904 888 3959 Dei
919 3905 1139 3960 domum
1181 3906 1586 3978 negotiationis.
1629 3905 1740 3962 Nec
1777 3906 2215 3977 prietereundum

615 3997 743 4068 quia
788 3996 1016 4054 sollicite
1065 3998 1221 4056 nobis
1265 3997 1549 4069 Scriptura
1589 4007 1878 4070 utramque
1917 3998 2217 4055 Salvatoris

614 4090 786 4146 nostri
819 4097 1096 4156 naturam,
1145 4097 1200 4146 et
1243 4091 1555 4146 humanam
1583 4091 1832 4147 videlicet
1873 4090 2218 4146 commendat

614 4191 670 4240 et
716 4185 974 4242 divinam.
1023 4185 1096 4242 Ut
1134 4187 1278 4241 enim
1306 4202 1469 4242 verus
1507 4187 1604 4242 Dei
1652 4185 1819 4240 Filius
1859 4185 2213 4255 intelligatur,

615 4278 896 4334 audiamus
923 4279 1067 4350 quod
1093 4280 1209 4351 ipse
1247 4281 1379 4335 dicit
1403 4299 1416 4333 :
1464 4279 1644 4335 Nolite
1667 4281 1839 4349 facere
1864 4279 2077 4332 domum
2107 4275 2218 4332 Pa-

613 4373 712 4426 tris
758 4373 893 4437 mei,
939 4373 1153 4426 domum
1201 4374 1591 4443 negotiationis.
1635 4373 1836 4443 Aperte
1886 4388 2119 4443 namque
2159 4388 2218 4428 sc

618 4458 812 4515 Filium
842 4462 936 4517 Dei
965 4461 1145 4516 Patris
1179 4464 1436 4526 ostendit,
1463 4463 1557 4532 qui
1595 4463 1852 4533 templum
1880 4463 1975 4519 Dei
1999 4464 2218 4518 domum

616 4556 701 4611 sui
729 4555 905 4611 Patris
938 4557 1304 4628 cognominat.
1336 4556 1402 4609 Et
1443 4563 1504 4608 ut
1535 4570 1752 4609 rursum
1782 4570 1943 4610 verus
1982 4555 2217 4611 hominis

619 4648 761 4704 ﬁlius
807 4651 1088 4714 sentiatur,
1129 4649 1434 4706 recolamus
1470 4649 1616 4720 quod
1645 4649 1697 4703 in
1727 4647 1886 4717 hujus
1935 4649 2110 4720 capite
2141 4649 2218 4705 le-

618 4737 818 4796 ctionis
860 4742 1192 4799 descendens
1234 4743 1288 4797 in
1333 4740 1735 4813 Capharnaum,
1778 4747 2006 4796 matrem
2052 4742 2221 4797 comi-

623 4839 731 4886 tem
771 4831 939 4904 [Beda
988 4851 1093 4888 om.
1125 4833 1404 4908 comitem]
1462 4833 1716 4889 habuisse
1754 4833 2089 4904 perhibetur.
2121 4832 2220 4889 Se-

621 4925 809 4995 quitur
835 4942 848 4979 :

694 5017 856 5073 Vens.
882 5017 970 5073 l7.
992 5018 1357 5075 —Recordati
1381 5036 1503 5075 vero
1525 5026 1648 5074 sunt
1668 5015 1916 5088 discipuli
1938 5017 2073 5086 ejus,
2095 5015 2222 5087 quia

621 5109 874 5180 scriptum
903 5119 1018 5165 est:
1049 5109 1206 5166 Zelus
1229 5112 1416 5166 domus
1455 5120 1560 5165 tua:
1595 5108 1818 5164 comedit
1843 5123 1941 5162 me.
1975 5106 2102 5162 Zelo
2127 5107 2222 5161 do-

625 5218 746 5259 mus
773 5203 953 5262 Patris
994 5207 1247 5262 Salvator
1287 5207 1448 5276 ejecit
1476 5207 1671 5276 impios
1700 5206 1766 5261 de
1806 5205 2024 5276 templo.
2071 5203 2223 5259 Zele-

618 5285 747 5353 'mus
770 5306 824 5352 et
849 5315 966 5365 nos,
1007 5299 1205 5355 fratres
1230 5298 1557 5362 charissimi,
1584 5299 1802 5353 domum
1834 5298 1947 5362 Dei,
1970 5305 2024 5352 et
2053 5313 2224 5368 quan-

624 5395 741 5445 tum
769 5407 1080 5462 possumus,
1110 5407 1178 5448 ne
1206 5390 1335 5460 quid
1376 5389 1430 5443 in
1469 5404 1533 5443 ea
1559 5405 1786 5459 pravum
1817 5397 2057 5460 geratur,
2093 5389 2222 5444 insi-

625 5489 853 5536 stamus.
907 5483 964 5536 Si
994 5483 1290 5539 viderimus
1337 5480 1561 5534 fratrem
1591 5481 1683 5550 qui
1735 5479 1803 5534 ad
1855 5481 2074 5535 domum
2125 5481 2222 5536 Dei

625 5573 878 5643 pertinet,
909 5574 1162 5644 superbia
1192 5571 1479 5636 tumidum,
1511 5570 1556 5625 si
1595 5571 2020 5628 detractionibus
2039 5589 2225 5629 assue-

631 5671 765 5730 tum,
799 5665 845 5720 si
874 5666 1124 5721 ebrietati
1173 5665 1518 5730 servientem,
1559 5665 1604 5720 si
1642 5664 1856 5719 luxurie
1883 5675 2199 5721 enervatum

701 5813 729 5842 ι
759 5800 921 5879 _Be_da
955 5820 968 5856 :
1004 5801 1143 5879 Quia
1169 5805 1394 5876 gratiam
1429 5801 1678 5876 Spiritus,
1703 5805 1791 5878 qui
1813 5806 1976 5876 gratis
2004 5807 2221 5879 accepit,

633 5872 796 5945 gratis
822 5872 969 5927 debet
993 5873 1142 5928 dare.

2299 592 2432 649 tum,
2464 586 2796 650 studeamus,
2829 585 2884 640 in
2909 596 3167 656 quantum
3191 585 3420 642 facultas
3439 589 3698 660 suppetit,
3732 591 3902 646 casti-

2298 693 2448 749 gare,
2479 676 2682 747 polluta
2728 692 2792 731 ac
2829 691 3081 748 perversa
3127 679 3421 750 corrigere,
3465 688 3522 734 et
3559 681 3607 737 si
3645 681 3784 750 quid
3835 682 3902 739 de

2300 770 2498 826 talibus
2522 768 2812 824 emendare
2839 769 3181 838 nequivimus
3199 768 3389 841 [Beda,
3424 769 3765 851 nequimus],
3790 787 3900 829 non

2300 862 2418 917 sine
2463 860 2730 915 acerrimo
2777 861 2974 916 mentis
3001 861 3271 915 sustinere
3298 861 3501 917 dolore.
3546 862 3618 917 Et
3655 864 3900 920 maxime

2301 953 2356 1009 in
2387 953 2502 1024 ipsa
2531 954 2690 1009 domo
2717 953 3000 1019 orationis,
3023 953 3117 1008 ubi
3144 967 3339 1024 corpus
3367 954 3582 1009 Domini
3608 970 3900 1013 consecra-

2301 1054 2407 1111 tur,
2452 1046 2544 1102 ubi
2586 1045 2914 1118 Angelorum
2952 1045 3239 1114 praesentia
3289 1061 3504 1116 semper
3552 1047 3749 1104 adesse
3793 1036 3898 1106 non

2301 1141 2594 1200 dubitatur.
2628 1156 2698 1195 ne
2744 1138 2872 1210 quid
2915 1140 3154 1210 ineptum
3187 1139 3300 1205 ﬁat,
3328 1154 3397 1195 ne
3441 1140 3596 1210 quid,
3622 1140 3772 1211 quod
3800 1157 3896 1200 no-

2302 1242 2471 1288 strain
2495 1233 2863 1288 fraternamve
2891 1234 3195 1288 orationem
3227 1233 3506 1304 impediat,
3533 1235 3668 1291 totis
3692 1235 3898 1294 viribus

2301 1341 2524 1397 agamus
2551 1326 2599 1378 ι’.
2627 1325 2886 1395 Sequitur
2915 1343 2928 1380 :

2373 1419 2536 1474 Vens.
2571 1418 2656 1482 l8,
2687 1418 2774 1472 l9.
2796 1447 2869 1457 --
2893 1415 3290 1488 Respondes-unt
3312 1434 3434 1490 ergo
3456 1417 3662 1485 Iudici,
3683 1429 3733 1474 et
3755 1420 3899 1475 dixe-

2304 1522 2424 1565 runt
2445 1512 2492 1564 ei
2519 1524 2538 1562 :
2566 1510 2720 1576 Quod
2748 1511 2954 1581 signum
2992 1511 3222 1565 ostendis
3246 1511 3416 1577 nobis,
3443 1511 3570 1582 quia
3595 1513 3712 1566 hinc
3731 1512 3900 1583 lacis?

2301 1603 2584 1675 Respondit
2616 1602 2794 1669 Iesus,
2821 1613 2868 1658 et
2895 1604 3029 1658 dixit
3055 1605 3130 1659 eis
3155 1618 3172 1656 :
3195 1603 3394 1660 Solvite
3427 1606 3675 1676 templum
3699 1607 3824 1670 hoc,
3856 1616 3900 1660 et

2304 1695 2358 1748 in
2380 1694 2544 1747 tribus
2569 1692 2750 1748 diebus
2771 1693 3007 1747 excitabo
3030 1693 3182 1748 illud.
3208 1695 3283 1750 De
3303 1710 3412 1765 quo
3450 1695 3640 1766 templo
3662 1695 3900 1762 diceret,

2305 1785 2636 1855 evangelista
2664 1792 2787 1854 post
2816 1785 3055 1855 aperuit;
3087 1785 3338 1841 videlicet
3379 1785 3446 1841 de
3474 1785 3673 1856 templo
3712 1802 3904 1858 corpo-

2231 1857 2279 1917 Β
2307 1879 2382 1934 ris
2410 1877 2514 1942 sui,
2546 1876 2690 1946 quod
2718 1877 2785 1931 ab
2815 1875 2922 1932 illis
2953 1877 3206 1946 passione
3236 1877 3492 1944 solutum,
3521 1877 3639 1947 ipse
3661 1885 3788 1947 post
3811 1857 3899 1932 tri-

2306 1971 2470 2026 duum
2501 1969 2762 2024 excitavit
2785 1967 2853 2024 de
2889 1978 3083 2024 morte.
3122 1969 3260 2036 Quia
3285 1985 3415 2042 ergo
3449 1970 3670 2041 signum
3700 1985 3896 2039 quaere-

2304 2065 2436 2119 bant
2475 2079 2508 2118 a
2552 2062 2810 2128 Domino,
2856 2078 3025 2132 quare
3069 2063 3227 2118 solita
3276 2064 3609 2119 commercia
3641 2063 3897 2133 projicere

2307 2157 2568 2213 debuerat
2605 2155 2732 2229 [Ms.
2774 2166 2821 2211 et
2863 2156 3031 2223 Beda,
3072 2155 3341 2228 debuerit]
3369 2172 3401 2212 e
3430 2156 3660 2227 templo,
3691 2171 3897 2226 respon-

2307 2250 2417 2315 dit;
2443 2251 2564 2306 ideo
2593 2265 2652 2304 se
2687 2249 2990 2305 rectissime
3022 2249 3214 2318 impios
3251 2247 3416 2320 489
3444 2249 3815 2303 exterminare
3837 2250 3896 2305 de

2309 2343 2532 2413 templo,
2565 2341 2692 2413 quia
2728 2343 2901 2412 ipsum
2935 2341 3192 2411 templum
3221 2339 3612 2410 signiﬁcaverit
3653 2340 3894 2410 templum

2309 2432 2554 2502 corporis
2578 2433 2682 2497 sui,
2716 2433 2770 2487 in
2800 2449 2907 2503 quo
2933 2431 3081 2487 nulla
3109 2446 3333 2503 prorsus
3358 2439 3502 2486 esset
3529 2431 3769 2502 alicujus
3797 2448 3894 2487 ma-

2309 2524 2430 2580 cula
2458 2527 2686 2595 peccati.
2720 2525 2905 2596 Neque
2942 2524 3214 2580 immerito
3248 2525 3488 2596 typicum
3522 2527 3838 2597 purgaverit
3867 2541 3895 2579 a

2312 2614 2607 2670 sceleribus
2633 2615 2913 2686 templum,
2945 2615 3038 2685 qui
3062 2629 3252 2669 verum
3291 2614 3386 2670 Dei
3417 2616 3686 2686 templum
3725 2619 3796 2672 ab
3819 2617 3898 2674 ho-

2313 2709 2552 2764 minibus
2593 2717 2767 2765 morte
2802 2709 3054 2773 solutum,
3094 2709 3288 2764 divinae
3331 2710 3579 2780 potentia
3611 2711 3898 2784 majestatis

2313 2799 2554 2854 excitare
2582 2808 2763 2869 posset
2790 2814 2821 2853 a
2852 2798 3102 2854 mortuis.

2386 2890 2550 2946 Vens.
2575 2890 2664 2944 20.
2687 2922 2760 2931 ——
2785 2889 3037 2945 Dixerunt
3065 2907 3186 2962 ergo
3211 2890 3391 2947 λειάίεὶ
3415 2907 3434 2948 :
3457 2891 3835 2965 Quadraginta
3859 2901 3900 2948 et

2313 2999 2406 3038 sex
2444 2983 2597 3037 annis
2640 2983 2960 3052 wdiﬁcatum
3009 2992 3085 3038 est
3116 2983 3366 3054 templum
3418 2986 3540 3051 hoc,
3581 2997 3632 3040 et
3663 2997 3723 3040 tu
3750 2987 3898 3042 tribus

2315 3076 2498 3130 diebus
2551 3077 2800 3131 excitabis
2842 3075 3019 3131 illud?
3045 3075 3326 3144 Quomodo
3369 3078 3784 3150 intellexerunt,
3839 3083 3899 3138 ita

2316 3170 2730 3238 responderunt.
2761 3167 2865 3224 Sed
2890 3185 2959 3224 ne
2985 3185 3085 3226 nos
3112 3186 3328 3243 quoque
3351 3173 3657 3243 spiritalem
3698 3176 3900 3231 Domini

2313 3275 2618 3316 sermonem
2645 3260 2935 3315 carnaliter
2959 3262 3306 3329 sentiremus,
3347 3265 3684 3336 evangelista
3732 3269 3902 3324 subse-

2311 3362 2560 3422 quentcr,
2587 3353 2652 3407 de
2677 3368 2786 3422 quo
2827 3353 3027 3423 templo
3059 3353 3396 3424 loqueretur,
3443 3361 3722 3428 exposuit.
3760 3360 3900 3428 Quod

2312 3455 2494 3500 autem
2531 3445 2684 3508 aiunt
2710 3446 2972 3516 templum
3001 3448 3361 3519 quadraginta
3390 3458 3448 3504 et
3477 3466 3574 3506 sex
3595 3453 3760 3508 annis
3783 3454 3906 3510 tedi—

2314 3537 2551 3602 ﬁcatum,
2606 3554 2712 3592 non
2742 3538 2996 3607 primam,
3048 3541 3142 3595 sed
3181 3543 3472 3597 secundam
3512 3543 3659 3599 illius
3681 3545 3907 3602 aediﬁca-

2316 3630 2518 3684 tionem
2545 3629 2870 3697 signiﬁcant.
2901 3630 3116 3687 Primus
3153 3632 3299 3687 enim
3351 3631 3609 3690 Salomon
3656 3635 3904 3707 templum

2316 3720 2369 3775 in
2399 3721 2633 3775 maxima
2676 3721 2827 3792 regni
2855 3723 2938 3776 sui
2966 3738 3098 3792 pace
3123 3725 3506 3780 decentissimo
3539 3726 3736 3798 [Beda,
3762 3727 3902 3782 citis-

2316 3811 2475 3885 simo]
2519 3819 3012 3882 seplemanuorum
3043 3814 3196 3887 [Ms.,
3247 3833 3315 3870 xx
3359 3827 3567 3888 septem
3618 3817 3900 3894 annorum]

2316 3920 2478 3975 opere
2527 3906 2772 3975 perfecit,
2824 3908 2968 3977 quod
3021 3909 3411 3965 destructuma
3451 3909 3746 3977 Chaldaeis,
3790 3920 3904 3983 post

2317 3997 2656 4068 septuaginta
2685 4012 2855 4052 annos
2884 3999 2952 4054 ad
2988 3999 3286 4070 jussiouem
3335 3999 3463 4071 Cyri
3506 4000 3693 4058 Persae
3739 4002 3907 4058 laxata

2317 4093 2656 4163 captivitate,
2690 4092 3009 4148 reaediﬁcari
3037 4103 3276 4165 coeptum
3325 4103 3428 4150 est.
3461 4093 3570 4149 Sed
3593 4095 3694 4150 ﬁlii
3741 4106 3909 4151 trans-

2318 4184 2660 4255 migrationis
2688 4200 2857 4254 opus,
2903 4186 3048 4256 quod
3099 4187 3199 4242 sub
3250 4187 3587 4257 principibus
3616 4187 3909 4243 Zorobabel

2319 4291 2374 4338 et
2401 4281 2528 4338 Jesu
2556 4282 2850 4348 faciebant,
2891 4290 3114 4353 propter
3162 4282 3631 4354 impugnationem
3679 4283 3908 4354 gentium

2319 4376 2644 4438 vicinarum,
2685 4383 2810 4429 ante
2851 4375 3212 4448 quadraginta
3235 4385 3291 4430 et
3318 4391 3412 4432 sex
3467 4392 3644 4432 annos
3696 4376 3910 4447 implere

2321 4469 2702 4539 nequiverunt.
2751 4466 2856 4535 Qui
2895 4469 3062 4524 etiam
3115 4484 3374 4525 numerus
3423 4485 3695 4525 annorum
3747 4468 3909 4542 perfe-

2245 4592 2298 4652 Β
2323 4562 2487 4617 ctioui
2511 4560 2779 4615 Dominici
2805 4560 3052 4630 corporis
3077 4560 3354 4630 aptissime
3374 4561 3650 4632 congruit.
3678 4561 3909 4615 Tradunt

2320 4655 2518 4710 etenim
2539 4653 2867 4709 naturalium
2907 4653 3202 4723 scriptores
3224 4669 3430 4717 rerum,
3463 4653 3698 4708 formam
3733 4665 3910 4722 corpo-

2320 4746 2397 4802 ris
2431 4745 2652 4800 humani
2685 4752 2766 4799 tot
2801 4744 3009 4799 dierum
3035 4745 3210 4814 spatio
3229 4743 3418 4814 perﬁci
3449 4762 3462 4796 :
3495 4744 3626 4813 quia
3670 4742 3909 4797 videlicet

2320 4838 2512 4909 primis
2538 4853 2633 4893 sex
2655 4854 2686 4891 a
2714 4838 3067 4907 conceptione
3099 4837 3312 4901 diebus,
3356 4835 3514 4890 lactis
3540 4835 3748 4890 habeat
3772 4831 3910 4889 simi-

2320 4929 2622 4994 litudinem,
2651 4929 3000 4998 sequentibus
3019 4944 3222 4985 novem.
3240 4935 3590 4984 convertatur
3617 4928 3674 4981 in
3703 4924 3908 4998 sangui-

2321 5036 2465 5085 nem,
2507 5020 2703 5076 deinde
2729 5021 3010 5076 duodecim
3054 5021 3332 5086 solidetur,
3386 5019 3614 5090 reliquis
3643 5019 3830 5074 decem
3862 5023 3910 5071 et

2321 5119 2446 5167 octo
2470 5110 2732 5167 formetur
2754 5128 2924 5183 usque
2952 5113 3020 5168 ad
3045 5111 3286 5183 perfecta
3316 5111 3646 5166 lineamenta
3676 5111 3908 5166 omnium

2322 5206 2720 5270 membrorum;
2749 5213 2804 5260 et
2833 5204 2959 5260 hinc
2976 5204 3088 5273 jam
3118 5203 3326 5273 reliquo
3346 5211 3610 5273 tempore,
3638 5218 3812 5274 usque
3849 5200 3909 5255 ad

2323 5305 2537 5368 tempus
2561 5306 2767 5368 partus,
2795 5297 3164 5368 magnitudine
3189 5304 3469 5366 augeatur.
3507 5294 3615 5351 Sex
3636 5304 3838 5360 autem,
3863 5300 3913 5349 et

2325 5413 2538 5464 novem,
2566 5405 2620 5453 et
2647 5397 2952 5461 duodecim,
2979 5406 3035 5452 et
3061 5399 3270 5462 decem,
3299 5404 3357 5452 et
3382 5406 3528 5462 octo,
3559 5399 3910 5469 quadraginta

2325 5493 2560 5564 quinque
2610 5490 2839 5555 faciunt;
2895 5490 3092 5560 quibus
3136 5491 3180 5545 si
3222 5506 3391 5546 unum
3447 5490 3837 5560 adjecerimus,
3866 5489 3911 5543 id

2325 5591 2426 5645 est,
2465 5583 2640 5652 ipsum
2671 5583 2833 5648 diem,
2869 5598 2976 5653 quo
3007 5583 3300 5638 discretum
3326 5596 3426 5654 per
3454 5585 3701 5639 membra
3724 5595 3912 5650 corpus

2326 5683 2660 5732 crementum
2694 5691 2908 5733 sumere
2935 5676 3143 5746 incipit,
3182 5684 3260 5732 tot
3289 5676 3548 5731 nimirum
3571 5675 3686 5731 dies
3705 5675 3760 5729 in
3783 5672 3912 5729 tedi-

2399 5809 2427 5849 ιι
2464 5808 2752 5880 [lucusque
2787 5809 3077 5867 Anselmus
3099 5809 3378 5866 Lucensis.
