4072 6340
286 413 388 469 77⁸1

1098 419 1510 480 EXEGETICA.
1548 453 1614 468 —-
1655 422 2004 483 COMMENT.
2045 429 2115 486 ΙΝ
2151 431 2321 490 IOAN
2379 421 2453 479 ιῖ-
2483 436 2612 494 LIB.
2635 427 2711 495 ill.

3428 438 3530 513 '77s

283 525 538 583 ﬁcatione
583 528 824 598 corporis
867 527 1100 598 Domini,
1152 543 1283 604 quot
1329 537 1384 591 in
1418 536 1622 594 fabrica
1672 541 1855 611 templi
1883 548 1931 607 Α
1959 548 2199 616 corporis
2224 557 2279 604 et
2301 552 2573 624 sanguinis
2617 553 2837 612 Christi.
2883 554 2964 613 Ex
2989 557 3076 615 his
3103 568 3280 618 autem
3330 569 3532 638 multis,

283 633 459 684 annos
509 619 827 674 invenimus.
877 622 944 676 Et
991 624 1115 693 quia
1163 627 1419 697 templum
1450 629 1579 684 illud
1606 631 1854 686 manufa-

284 715 454 772 ctum,
489 719 887 764 sacrosanctam
910 711 1121 768 Domini
1145 729 1383 783 carnem,
1413 733 1574 787 quam
1599 734 1666 774 ex
1697 722 1860 793 virgi-

281 816 352 856 ne
375 786 620 870 Sumpsit,
648 812 706 856 ut
737 817 803 856 ex
832 803 934 858 hoc
963 803 1079 860 loco
1106 807 1379 874 discimus,
1414 811 1702 883 ﬁgurabat,
1733 817 1859 885 quia

280 906 434 960 aeque
479 905 674 960 corpus
700 890 836 961 ejus,
884 894 1026 965 quod
1064 905 1147 952 est
1187 899 1446 968 Ecclesia,
1476 906 1619 972 quod
1667 904 1854 976 [Beda,

279 983 431 1055 quia]
475 983 895 1056 uniuscujusque
956 987 1193 1045 ﬁdelium
1241 1008 1461 1064 corpus,
1515 997 1858 1070 animamque

211 1060 221 1068 ﬂ
277 1079 616 1150 designabat,
659 1087 720 1134 ut
766 1081 820 1134 in
863 1081 1130 1151 plerisque
1156 1060 1557 1156 Scripturarum
1605 1089 1738 1146 locis
1769 1060 1858 1147 in-

277 1170 525 1225 venimus
552 1179 599 1224 κ.
629 1190 648 1222 ι
683 1171 852 1227 Adam
879 1189 1008 1230 vero
1028 1177 1232 1244 primus
1251 1186 1372 1248 post
1394 1189 1674 1250 peccatum
1700 1184 1853 1240 audi-

277 1263 396 1316 vit:
438 1260 598 1316 Terra
623 1279 697 1329 es,
727 1273 775 1317 et
803 1263 858 1318 in
879 1273 1070 1320 terram
1110 1267 1208 1323 ibis
1247 1269 1398 1339 (Gen.
1433 1271 1536 1342 ιιι).
1577 1273 1856 1333 Secundus

278 1369 408 1409 vero
441 1352 612 1408 Adam
645 1354 710 1409 de
746 1370 804 1410 se
850 1357 968 1426 ipso
988 1358 1101 1411 ait:
1131 1357 1323 1414 Solvite
1369 1363 1616 1432 templum
1643 1365 1761 1432 hoc,
1807 1377 1856 1422 et

276 1447 331 1501 in
355 1447 521 1501 tribus
548 1447 727 1502 diebus
749 1450 980 1504 excitabo
1007 1450 1158 1506 illud.
1190 1451 1420 1524 Sparsus
1440 1471 1568 1512 vero
1598 1456 1701 1513 fuit
1745 1461 1856 1529 pri-

278 1554 400 1594 mus
430 1540 599 1595 Adam
626 1555 726 1610 per
760 1541 1068 1598 universum
1093 1543 1371 1612 mundum,
1399 1548 1492 1617 qui
1518 1549 1574 1603 in
1619 1551 1854 1607 secundo

277 1632 534 1688 collectus
558 1640 667 1700 est;
703 1634 846 1704 quod
875 1636 1140 1706 signiﬁcat
1165 1655 1360 1695 nomen
1386 1641 1578 1708 Adam,
1607 1645 1699 1713 qui
1722 1661 1854 1715 qua-

277 1730 402 1777 tuor
430 1723 624 1778 litteris
663 1725 941 1792 scribitur,
990 1728 1044 1782 id
1071 1737 1185 1784 est:
1224 1731 1416 1801 Alpha,
1447 1733 1618 1800 Delta,
1655 1736 1852 1792 iterum

273 1814 465 1884 Alpha,
496 1824 551 1869 et
578 1815 662 1887 My
701 1832 716 1871 :
747 1835 868 1888 qua
892 1829 1123 1890 quatuor
1155 1822 1366 1890 litterae,
1401 1836 1634 1896 quatuor
1670 1837 1852 1898 partes

1959 637 2050 706 qui
2079 637 2369 696 credebant
2401 643 2454 697 in
2479 642 2683 712 Iesum,
2711 663 2852 702 unus
2879 657 3000 704 erat
3042 651 3366 711 Nicodemus
3395 659 3530 726 iste;

1957 736 2012 780 ct
2031 728 2153 782 ideo
2181 739 2338 786 nocte
2359 735 2524 799 venit,
2559 751 2662 790 non
2694 738 2800 804 die,
2835 741 2962 811 quia
3005 745 3230 800 necdum
3264 747 3509 807 illumina

1959 827 2047 872 tus
2075 821 2220 874 venit
2246 822 2482 879 caelestis
2507 828 2693 896 gratia;
2721 827 2858 885 luce.

2585 941 2811 999 CAPUT
2847 945 2910 1000 ν.

1959 1041 2246 1137 Νἰξριζεῖηρ
2273 1048 2408 1104 inter
2428 1051 2592 1106 multa
2619 1053 2765 1120 dicit,
2791 1057 2893 1111 nisi
2932 1070 3167 1137 renatum
3212 1063 3268 1137 in
3320 1082 3534 1137 regnum

2026 1113 2125 1201 Dei
2152 1116 2350 1172 intrare
2377 1137 2480 1201 non
2503 1139 2650 1201 posse
2674 1141 2692 1178 :
2718 1113 2959 1201 ut_quod
3004 1147 3106 1201 non
3136 1113 3403 1201 judicare:
3443 1140 3534 1193 sed

2025 1184 2227 1277 stilvare
2256 1191 2444 1277 ρεπεν-ὗε
2476 1184 2746 1249 mundum.
2777 1184 2847 1251 Εἰ
2871 1184 3198 1268 manifestdri
3215 1203 3340 1259 dicit
3357 1184 3532 1277 opera,

2026 1258 2143 1326 qia:
2176 1256 2232 1310 in
2250 1257 2361 1312 Deo
2396 1270 2517 1314 sunt
2545 1272 2686 1319 act‘a.

2025 1365 2206 1424 CAPUT
2238 1386 2320 1424 ιιι.
2378 1372 2540 1428 Vens.
2574 1376 2628 1441 1,
2655 1376 2706 1430 2.
2731 1379 2952 1436 —Erat
2981 1384 3132 1440 homo
3162 1404 3227 1442 ex
3247 1389 3535 1449 Pharistris

1956 1458 2277 1516 Nicodemus
2307 1466 2532 1533 nomine,
2573 1469 2807 1542 princeps
2829 1472 3162 1545 Iudaeorum,
3192 1481 3274 1535 hic
3303 1485 3437 1539 venit
3466 1487 3536 1540 ad

1953 1549 2136 1605 Iesum
2164 1563 2328 1608 nocte.
2364 1574 2381 1606 ‹
2428 1557 2456 1596 b
2479 1557 2734 1632 Princeps
2755 1564 2960 1620 scilicet
2978 1565 3285 1628 Iudaeorum
3309 1578 3535 1632 venitad

1957 1637 2140 1696 Iesum
2165 1654 2340 1710 nocte,
2366 1649 2588 1717 cupiens
2611 1665 2821 1709 secreta
2846 1655 2962 1725 ejus
2984 1659 3304 1719 allocutione
3321 1667 3534 1736 plenius

1955 1730 2161 1786 discere
2189 1737 2444 1804 mysteria
2473 1738 2619 1806 ﬁdei,
2643 1743 2796 1812 cujus
2816 1757 3003 1816 aperta
3023 1754 3329 1810 ostensione
3355 1757 3536 1829 signo-

1955 1836 2076 1875 rum
2099 1821 2436 1894 aliquatenus
2458 1827 2573 1897 jam
2595 1833 2895 1890 rudimenta
2916 1853 3254 1911 perceperat.
3275 1845 3376 1911 Qui
3403 1821 3536 1916 quo-

272 1904 421 1958 orbis
451 1905 748 1976 designant,
789 1908 844 1963 in
889 1925 1021 1979 quas
1069 1927 1287 1981 sparsus
1312 1923 1395 1970 est
1434 1915 1608 1972 Adam
1644 1919 1696 1973 in
1726 1920 1852 1977 ﬁliis
1879 1916 1928 1977 B
1957 1913 2102 1965 niam
2130 1915 2423 1982 prudenter
2453 1934 2515 1973 ea
2559 1936 2679 1990 qua:
2703 1925 2770 1979 ab
2800 1926 2892 1981 illo
2916 1904 3038 1985 ﬁeri
3065 1904 3318 2001 videbat:
3343 1904 3536 1992 ιηιὲιιι-

271 1995 404 2048 suis.
431 1995 556 2050 Ideo
594 1997 648 2050 in
681 1997 956 2070 principiis
998 2003 1272 2059 nominum
1298 2007 1530 2075 partium
1557 2011 1742 2065 mundi
1767 2013 1852 2068 hae

271 2097 502 2158 quatuor
525 2089 720 2146 littera:
743 2091 1026 2163 leguntur;
1063 2111 1188 2151 nam
1227 2095 1432 2174 ἄρκτος,
1480 2103 1622 2171 quod
1651 2112 1735 2158 est
1755 2104 1852 2159 Se-

268 2178 525 2246 ptentrio,
557 2179 625 2234 ab
649 2179 821 2251 Alpha
870 2182 1086 2252 incipit;
1117 2192 1172 2240 et
1217 2185 1382 2253 ὂυσις,
1417 2191 1559 2258 quod
1581 2199 1665 2244 est
1697 2190 1854 2247 Occi-

267 2267 425 2334 dens,
454 2285 485 2324 a
507 2269 660 2325 Delta
679 2271 898 2342 incipit;
924 2282 979 2328 et
1006 2277 1242 2341 ἀνατολή,
1270 2279 1412 2346 quod
1441 2288 1524 2335 est
1543 2279 1754 2349 Oriens,
1783 2287 1851 2341 ab

264 2356 442 2426 Alpba
468 2359 688 2428 incipit;
720 2363 1056 2437 μεσημϐρίος,
1100 2367 1243 2434 quod
1274 2375 1358 2422 est
1391 2367 1662 2437 Meridies,
1698 2389 1731 2427 a
1765 2373 1851 2446 My

263 2449 459 2519 incipit
485 2476 497 2503 ~.
539 2466 658 2518 qua:
683 2460 808 2507 sunt
832 2463 1064 2524 quatuor
1093 2465 1276 2525 partes
1303 2460 1472 2527 orbis,
1513 2462 1582 2518 ab
1610 2465 1695 2520 his
1719 2483 1852 2536 qua-

265 2549 394 2594 tuor
434 2541 628 2598 litteris
671 2543 1003 2615 incipientes.
1038 2546 1167 2614 Quae
1212 2549 1404 2607 litterae
1449 2555 1493 2609 si
1520 2555 1575 2610 in
1599 2568 1850 2630 computo

263 2630 456 2686 Graeco
490 2634 918 2704 considerentur,
951 2642 1302 2714 quadraginta
1338 2661 1431 2701 sex
1457 2646 1678 2706 faciunt.
1713 2652 1849 2710 Nam

260 2724 436 2794 Alpha
472 2741 658 2792 unum,
689 2729 839 2784 Delta
871 2741 1128 2801 quatuor,
1158 2745 1212 2790 et
1239 2737 1435 2794 iterum
1458 2740 1631 2812 Alpha
1659 2761 1846 2815 unum,

260 2813 352 2884 My
395 2816 772 2888 quadraginta,
797 2837 917 2891 qua:
954 2823 1112 2878 simul
1162 2826 1319 2882 ducta
1362 2828 1570 2888 faciunt
1610 2813 1847 2904 quadra;

261 2906 410 2978 ginta
441 2923 554 2963 sex.
580 2909 679 2976 Qui
703 2928 959 2970 numerus
983 2918 1207 2989 mystice
1226 2919 1474 2992 designat
1493 2927 1849 2997 quadraginta

259 3013 361 3054 sex
397 2999 534 3066 dies,
580 3002 774 3071 quibus
809 3007 1063 3077 templum
1088 3013 1331 3081 corporis
1367 3013 1568 3071 Christi
1607 3019 1660 3073 in
1692 3029 1848 3077 utero

258 3093 510 3164 virginali
532 3094 853 3152 aediﬁcatum
871 3107 971 3162 est,
1001 3101 1141 3156 sicut
1159 3105 1406 3173 superius
1430 3108 1680 3164 diximus.
1707 3111 1846 3168 Caro

256 3190 444 3237 autem
487 3182 712 3252 Christi,
738 3202 858 3256 quae
889 3189 954 3244 de
985 3190 1157 3246 Adam
1197 3203 1541 3266 sumpta'est,
1569 3201 1843 3258 destructa

1953 2018 2080 2072 gere
2130 2007 2358 2074 curavit,
2411 2010 2680 2066 subtiliter
2735 2031 2799 2070 ea
2828 2033 2947 2087 qua:
2986 2021 3054 2075 ab
3093 2021 3183 2078 illo
3237 2029 3532 2096 quaerebat,

1950 2095 2278 2168 investigare
2308 2106 2626 2171 promeruit.
2665 2107 2856 2176 Rabbi,
2887 2112 3078 2182 inquit,
3109 2117 3302 2171 scimus
3329 2120 3454 2189 quia
3503 2137 3535 2175 a

1950 2185 2062 2240 Deo
2102 2191 2284 2244 venisti
2314 2196 2591 2263 magister;
2641 2214 2790 2254 nemo
2837 2205 2971 2256 enim
3011 2217 3174 2275 potest
3223 2209 3333 2264 [uec
3383 2213 3533 2282 signa

1951 2276 2123 2346 facere
2149 2297 2266 2350 qua:
2311 2293 2366 2336 tu
2405 2285 2558 2353 facis,
2586 2289 2687 2342 nisi
2711 2291 2868 2359 fuerit
2895 2295 3036 2350 Deus
3065 2315 3182 2353 cum
3207 2318 3288 2355 eo.
3331 2302 3379 2356 A
3425 2305 3537 2361 Deo

1951 2366 2118 2436 igitur
2163 2369 2347 2426 Iesum
2376 2375 2443 2428 ad
2485 2379 2857 2447 magisterium
2901 2386 3119 2441 caeleste
3148 2391 3348 2446 mundo
3377 2394 3534 2448 adhi-

1949 2459 2184 2514 bendum
2219 2465 2430 2520 venisse
2464 2467 2746 2525 confessus
2771 2482 2875 2540 est,
2898 2475 3066 2530 Deum
3091 2493 3214 2533 cum
3242 2481 3333 2536 illo
3372 2481 3538 2540 fuisse

1951 2549 2228 2606 miraculis
2276 2556 2630 2622 prodentibus
2681 2559 2812 2632 [Al.,
2864 2566 3203 2641 prudentius]
3252 2571 3533 2641 intellexit,

1949 2640 2181 2696 necdum
2201 2650 2380 2699 tamen
2403 2646 2578 2716 ipsum
2615 2649 2786 2706 Deum
2811 2669 2930 2710 esse
2957 2640 3225 2728 cognovit.
3274 2660 3381 2717 Sed
3409 2665 3536 2734 quia

1947 2745 2108 2800 quem
2139 2736 2459 2807 magistrum
2489 2751 2715 2798 noverat
2732 2746 2974 2803 veritatis
2997 2751 3237 2808 studiose
3263 2755 3537 2813 docendus

1949 2824 2102 2889 adiit,
2129 2828 2322 2882 merito
2355 2830 2422 2884 ad
2449 2834 2808 2902 cognitionem
2840 2836 3027 2909 [Beda,
3061 2844 3412 2922 agnitionem]
3457 2849 3538 2902 di-

1947 2915 2189 2973 v'mitatis
2221 2921 2338 2990 ejus
2365 2923 2604 2992 perfecte
2644 2927 2832 2984 doctus
2861 2933 3054 3001 subiit;
3099 2939 3294 2994 merito
3337 2915 3537 2998 utrius—

1948 3023 2054 3077 que
2073 3011 2369 3067 nativitatis
2417 3017 2554 3085 ejus,
2586 3019 2778 3075 divinae
2808 3023 3017 3080 scilicet
3043 3036 3098 3082 et
3131 3030 3410 3097 humanm,
3443 3034 3536 3089 sed

1947 3106 2003 3154 et
2035 3099 2303 3168 passionis
2343 3102 2500 3176 [ejus]
2545 3115 2706 3178 atque
2748 3114 3080 3170 ascensionis
3125 3117 3294 3188 ipsius
3336 3137 3534 3179 arcana

1947 3189 2224 3258 percepit;
2258 3206 2358 3247 nec
2377 3210 2488 3249 non
2514 3197 2676 3252 etiam
2702 3203 2919 3257 modum
2953 3208 3203 3263 secundae
3232 3215 3537 3280 generatio-

258 3281 346 3327 est
379 3289 410 3326 a
437 3271 654 3341 Iudaeis,
681 3284 737 3331 et
763 3293 793 3332 a
825 3279 1002 3350 seipse
1039 3283 1236 3339 iterum
1264 3286 1528 3344 aadiﬁcata
1550 3295 1843 3350 secundum

1946 3279 2052 3345 nis,
2105 3281 2402 3352 ingressum
2429 3290 2580 3359 regni
2615 3292 2869 3360 caelestis,
2900 3296 3113 3367 aliaque
3138 3271 3393 3372 perplura
3432 3307 3532 3361 do—

257 3362 576 3435 Scripturas
613 3368 1025 3439 prophetarum;
1059 3381 1112 3430 et
1142 3374 1263 3432 ideo
1292 3377 1422 3434 dicit
1470 3382 1842 3452 evangelista:

257 3454 379 3510 Hoc
405 3457 542 3511 enim
569 3458 768 3513 dicebat
793 3460 857 3515 de
883 3462 1070 3532 templo
1098 3468 1329 3536 corporis
1358 3469 1461 3523 sui.

332 3568 493 3622 Vens.
525 3567 615 3635 21,
642 3569 732 3624 2‘2.
755 3601 828 3610 —
849 3570 980 3626 Cum
1015 3590 1134 3644 ergo
1163 3580 1527 3634 resurrexisset
1550 3585 1842 3652 emortuis,

253 3659 522 3712 recordati
546 3670 665 3714 sunt
694 3661 940 3732 discipuli
969 3663 1084 3734 ejus
1114 3667 1237 3736 quia
1263 3668 1359 3722 hoc
1383 3670 1602 3736 dicebat,
1645 3683 1694 3726 et
1732 3691 1845 3729 cre-

253 3747 507 3803 diderunt
540 3748 843 3820 Scriptum.
872 3751 929 3808 ld
954 3762 1057 3819 est,
1085 3757 1487 3825 prophetarum,
1520 3762 1610 3831 qui
1644 3764 1840 3834 praedi-

245 3846 457 3893 xerunt
484 3838 758 3896 Christum
784 3842 942 3897 tertia
971 3845 1058 3900 die
1091 3860 1394 3918 resurgere.
1434 3849 1504 3904 Et
1528 3869 1835 3921 sermonem,

252 3946 410 4000 quem
435 3931 565 3984 dixit
587 3931 764 3997 Iesus,
805 3933 860 3988 id
884 3941 986 4000 est,
1026 3937 1179 4005 quod
1208 3938 1282 3992 ait
1307 3953 1322 3991 :
1351 3938 1543 3996 Solvite
1593 3942 1841 4013 templum

252 4021 375 4086 hoc,
406 4031 453 4074 et
482 4023 537 4076 in
581 4021 747 4077 tribus
787 4023 965 4079 diebus
995 4027 1228 4081 excitabo
1272 4028 1406 4083 illud
1429 4047 1448 4084 :
1479 4032 1581 4087 hoc
1602 4041 1704 4099 est,
1733 4043 1842 4089 ter-

253 4110 334 4164 tia
358 4110 444 4166 die
488 4112 838 4180 resuscitabo,
873 4115 1015 4183 quod
1055 4132 1152 4174 vos
1180 4118 1398 4176 solvetis
1429 4121 1484 4175 in
1531 4137 1709 4179 cruce.
1744 4124 1841 4182 Se-

252 4203 444 4273 quitur
465 4222 478 4257 :

332 4295 492 4350 Vens.
521 4295 614 4362 25,
638 4296 726 4351 24.
753 4327 825 4338 -
858 4296 990 4353 Cum
1018 4308 1192 4355 autem
1221 4312 1351 4358 esset
1388 4305 1544 4360 Iesus
1587 4306 1838 4363 Hieroso-

249 4386 408 4458 lymis
436 4388 492 4442 in
508 4387 717 4444 Pascha
743 4391 800 4445 in
820 4390 904 4445 die
925 4391 1072 4460 festo,
1097 4393 1248 4448 multi
1264 4396 1592 4451 crediderunt
1613 4399 1668 4452 in
1694 4415 1834 4478 eum,

250 4477 363 4546 ipse
389 4486 564 4532 autem
589 4478 744 4534 Iesus
788 4498 893 4536 non
920 4482 1157 4538 credebat
1198 4489 1528 4558 semetipsum
1575 4491 1669 4557 eis,
1711 4477 1837 4561 quia

250 4569 361 4638 ipse
401 4569 592 4624 sciebat
620 4571 746 4642 quid
785 4583 912 4629 esset
940 4575 994 4629 in
1022 4575 1247 4632 homine.
1280 4577 1396 4634 Non
1425 4581 1567 4635 enim
1597 4583 1677 4638 sic
1719 4599 1836 4639 cre—

1947 3373 2135 3428 ctrinae
2183 3376 2504 3447 evangelica:
2552 3394 2909 3453 sacramenta,
2959 3386 3186 3444 Domino
3238 3394 3531 3463 revelante,

1877 3531 1880 3534 ,
1947 3466 2154 3522 didicit.

2018 3559 2178 3616 Vsus.
2211 3563 2264 3616 5.
2281 3594 2355 3604 -
2369 3564 2655 3637 Respondit
2669 3570 2808 3624 enim
2827 3571 3004 3637 Iesus,
3027 3583 3075 3628 et
3105 3576 3239 3630 dixit
3261 3580 3310 3632 ei
3331 3596 3350 3633 :
3364 3580 3532 3636 Amen

1945 3670 2098 3708 amen
2124 3655 2241 3710 dico
2266 3655 2408 3711 vobis
2431 3675 2450 3712 :
2481 3657 2604 3713 Nisi
2631 3663 2747 3732 quis
2769 3673 2981 3719 renatus
3008 3666 3169 3736 fuerit
3195 3670 3392 3738 denuo,
3429 3689 3533 3728 non

1942 3753 2105 3814 potest
2133 3747 2306 3802 videre
2338 3765 2551 3821 regnum
2579 3751 2697 3806 Dei.
2728 3753 2859 3821 Quae
2881 3759 3147 3814 sententia
3197 3770 3349 3817 tanto
3371 3779 3532 3832 aper-

1944 3835 2052 3892 tius
2072 3841 2282 3894 cunctis
2312 3839 2557 3897 ﬁdelibus
2586 3844 2751 3911 lucet,
2783 3856 2986 3916 quanto
3022 3859 3234 3906 constat
3261 3855 3385 3922 quia
3416 3855 3534 3912 sine

1942 3927 2103 3999 hujus
2148 3930 2268 3985 luce
2312 3931 2494 3987 ﬁdeles
2535 3949 2654 3989 esse
2703 3946 2998 4006 nequeunt.
3030 3938 3160 4006 Quis
3183 3945 3382 3998 etenim
3413 3947 3532 4002 sine

1942 4017 2159 4074 lavacro
2217 4023 2642 4090 regenerationis
2668 4064 2683 4089 ,
2750 4027 3124 4084 remissionem
3179 4042 3530 4100 peccatorum

1941 4110 2220 4180 consequi,
2241 4119 2294 4164 et
2323 4126 2550 4180 regnum
2571 4113 2711 4168 valet
2736 4114 2944 4170 intrare
2967 4118 3266 4174 caelorum?
3298 4121 3405 4178 Sed
3431 4124 3528 4178 Ni-

1939 4199 2217 4266 codemus,
2260 4201 2352 4270 qui
2399 4209 2555 4257 nocte
2593 4205 2740 4260 venit
2766 4207 2833 4261 ad
2875 4205 3080 4274 Iesum,
3115 4212 3341 4267 necdum
3393 4215 3530 4272 lucis

1937 4292 2194 4362 mysteria
2222 4307 2416 4362 capere
2445 4303 2694 4362 noverat;
2720 4312 2844 4352 nam
2891 4307 2946 4354 et
2967 4315 3095 4367 nox,
3137 4302 3191 4356 in
3224 4320 3328 4373 qua
3357 4309 3527 4377 venit,

1939 4381 2112 4451 ipsam
2140 4382 2256 4452 ejus
2304 4399 2410 4454 qua
2452 4387 2801 4454 premebatur
2843 4389 3203 4460 ignorantiam
3253 4394 3526 4465 designat;

1938 4474 2168 4529 necdum
2195 4476 2340 4530 enim
2367 4492 2556 4531 eorum
2603 4495 2832 4536 numero
2861 4484 3099 4538 sociatus
3147 4494 3288 4552 erat,
3331 4489 3530 4559 quibus

1938 4564 2323 4636 ait.Apostolus
2349 4585 2362 4621 :
2389 4566 2594 4622 Fuistis
2610 4569 2896 4640 aliquando
2917 4575 3164 4643 tenebrte,
3196 4595 3335 4632 nunc
3353 4590 3528 4635 autem

251 4631 451 4716 debant
483 4662 539 4716 in
564 4631 688 4718 eum
706 4673 766 4718 ut
787 4664 934 4737 digni
971 4676 1154 4722 essent
1181 4667 1454 4725 Christum
1494 4673 1740 4729 habitare
1777 4675 1832 4728 in
1863 4631 1915 4692 Β
1939 4656 2032 4711 tu”
2058 4657 2113 4710 ίη
2132 4657 2358 4713 Βουδίηο
2390 4659 2604 4731 (Epheso
2635 4662 2795 4733 vis);
2829 4664 2923 4720 Sed
2952 4666 3096 4734 inter
3124 4683 3218 4724 (ξοδ
3244 4671 3422 4740 Doms
3441 4687 3528 4726 τε·

248 4751 352 4812 eis,
400 4766 632 4820 quorum
679 4753 811 4810 ﬁdes
840 4757 1238 4814 catechumenis
1282 4763 1584 4832 comparari
1633 4772 1829 4834 potest,

248 4839 341 4907 qui
384 4839 609 4896 credunt
639 4841 693 4897 in
741 4841 1038 4912 Christum,
1087 4849 1180 4903 sed
1215 4849 1462 4908 Christus
1510 4869 1617 4908 non
1661 4856 1834 4910 credit

247 4930 487 4999 seipsum
530 4946 630 4999 eis,
660 4934 805 5005 quia,
833 4937 934 4991 nisi
958 4939 1075 5008 quis
1103 4950 1314 4995 renatus
1345 4942 1502 5011 fuerit
1523 4935 1595 4998 ex
1616 4962 1752 5016 aqua
1782 4956 1833 5001 et

247 5019 450 5092 Spiritu
463 5021 843 5094 590sancto,
861 5044 964 5082 non
982 5040 1144 5098 potest
1165 5031 1382 5088 introire
1403 5035 1457 5088 in
1478 5052 1691 5106 regnum
1709 5037 1827 5091 Dei.

245 5109 462 5167 Nemini
499 5129 627 5171 vero
649 5131 708 5171 se
747 5118 918 5172 credit
945 5117 1213 5187 Christus,
1251 5124 1352 5178 nisi
1397 5127 1488 5194 qui
1516 5127 1708 5196 dignus
1746 5136 1831 5182 est

245 5201 475 5258 introire
511 5204 566 5259 in
597 5219 819 5277 regnum
849 5207 974 5273 Dei;
1024 5209 1200 5264 nullus
1249 5226 1378 5267 vero
1423 5215 1614 5284 dignus
1641 5223 1725 5270 est
1751 5216 1832 5270 in-

243 5291 415 5346 troire
460 5293 516 5348 in
542 5309 770 5364 regnum
792 5295 911 5361 Dei,
938 5296 1043 5350 nisi
1077 5298 1168 5366 qui
1196 5309 1417 5355 renatus
1460 5311 1542 5356 est
1582 5317 1649 5357 ex
1691 5319 1829 5374 aqua

240 5389 300 5437 et
336 5380 541 5452 Spiritu
583 5393 789 5440 sancto.
843 5386 972 5442 Inde
1006 5395 1062 5442 et
1088 5388 1452 5445 ecclesiastica
1503 5396 1830 5450 consuetudo

238 5475 650 5532 catechumenis
688 5479 932 5549 corporis
969 5487 1025 5534 et
1053 5482 1326 5552 sanguinis
1354 5483 1554 5540 Christi
1592 5503 1832 5543 commu—

235 5565 463 5619 nionem
492 5580 600 5620 non
626 5567 810 5632 tradit,
837 5569 966 5639 quia
995 5586 1103 5626 non
1130 5581 1256 5626 sunt
1299 5575 1471 5629 renati
1498 5592 1564 5633 ex
1607 5593 1748 5650 aqua
1777 5589 1831 5636 et

237 5652 450 5724 Spiritu
489 5663 699 5723 sancto,
731 5657 926 5727 quibus
970 5667 1180 5715 tantum
1217 5663 1456 5719 creditur
1482 5668 1827 5740 participatio

309 5804 339 5833 ι
367 5791 657 5866 Hucusque
695 5813 764 5852 ex
791 5799 1011 5858 homilia
1031 5801 1189 5862 Beda:
1210 5803 1394 5861 citata.

558 5955 832 6022 Ρηιιυι..
877 5960 946 6024 C.

1938 4750 2213 4815 manebat,
2243 4752 2438 4820 quibus
2472 4752 2711 4820 loquitur
2753 4754 2957 4810 Isaias:
2988 4756 3178 4829 Surge,
3225 4760 3527 4817 illuminare

1936 4839 2253 4907 Ierusalem,
2283 4843 2407 4913 quia
2445 4844 2578 4897 venit
2627 4843 2803 4899 lumen
2837 4855 3006 4913 tuum,
3037 4858 3085 4902 et
3113 4849 3282 4920 gloria
3310 4851 3524 4906 Domini

1935 4949 2092 5003 super
2115 4941 2163 4986 te
2189 4942 2305 4986 orta
2330 4941 2404 4988 est
2433 4933 2586 5006 (Isai.
2621 4952 2712 5000 Lx,
2736 4935 2808 5008 1).
2865 4937 3164 5008 Respondit
3190 4955 3318 5012 ergo
3343 4941 3526 4996 Domi-

1936 5039 2028 5090 no,
2059 5033 2114 5080 et
2135 5025 2211 5080 ait
2237 5043 2250 5079 :

2005 5137 2167 5191 Vens.
2199 5137 2342 5190 4.-
2364 5137 2638 5203 Quomodo
2664 5151 2828 5212 potest
2861 5143 3015 5198 homo
3043 5145 3188 5198 nasci
3217 5161 3334 5199 cum
3363 5161 3522 5202 senes:

1934 5227 2042 5280 sit?
2063 5226 2318 5298 Nunquid
2345 5238 2510 5299 potest
2536 5231 2591 5284 in
2620 5241 2843 5288 ventrem
2863 5236 3048 5288 matris
3075 5252 3185 5289 sua:
3210 5237 3399 5290 iterato
3436 5237 3520 5294 irt-

1934 5317 2095 5371 troire
2121 5331 2170 5372 et
2209 5319 2392 5372 nasci?
2419 5319 2553 5386 Quia
2581 5325 2828 5379 secunda:
2859 5325 3153 5379 nativitatis
3203 5326 3380 5381 adhuc
3421 5343 3519 5383 ne-

1934 5408 2080 5462 scius
2104 5409 2510 5477 perseverabat,
2537 5412 2604 5466 de
2632 5413 3008 5490 salute’autem
3051 5428 3150 5467 sua
3189 5413 3305 5482 jam
3328 5415 3518 5473 sollici-

1934 5504 2021 5552 tus
2043 5498 2348 5564 exstiterat,
2379 5503 2684 5556 necessario
2729 5503 2793 5556 de
2817 5519 2925 5556 una
2954 5518 3116 5572 quam
3163 5514 3388 5559 noverat
3414 5520 3513 5560 na-

1932 5587 2163 5654 tivitate,
2193 5605 2260 5643 an
2281 5593 2686 5659 possetlterari,
2717 5591 2798 5646 vel
2819 5608 2926 5662 quo
2960 5593 3148 5648 ordine
3175 5597 3513 5666 regeneratio

1927 5687 2112 5746 posset
2140 5679 2372 5750 impleri,
2393 5682 2688 5750 quaerebat,
2718 5697 2785 5736 ne
2805 5681 2964 5752 hujus
2984 5680 3180 5754 expers
3221 5701 3509 5742 remanen-

1925 5874 1966 5932 Ο
1996 5805 2025 5844 ι)
2053 5806 2134 5889 Ex
2177 5808 2335 5865 Bedze
2374 5808 2596 5865 homilia
2644 5808 2700 5864 in
2738 5807 2879 5868 festo
2923 5811 3256 5870 lnventionis
3294 5814 3506 5880 Sanctae

1970 5891 2135 5932 l‘llClS.

1970 5891 2135 5934 l'llClS.

3105 5980 3184 6043 25
