4072 6340
560 405 670 466 779

1430 397 1492 454 Β.
1529 394 1596 452 F.
1635 391 1862 454 ΑιΒιΝι
1899 391 2034 450 ΘΕΗ
2071 388 2345 448 ALCUINI
2395 389 2679 450 OPERUM
2716 390 2896 450 PARS
2929 389 2996 448 ll.

3721 387 3838 449 rso
3869 427 3884 437 ο

561 522 654 587 do,
680 515 806 574 vita:
825 513 1064 576 calcatis
1085 512 1354 588 particeps
1391 525 1511 568 esse
1532 509 1800 580 nequiret.
1834 505 2141 564 Notandum
2171 507 2219 568 Α
2244 521 2367 564 tam
2394 515 2444 562 te
2465 515 2731 577 praisente
2743 505 2982 576 loquitur
2999 504 3048 562 is
3072 503 3165 575 qui
3195 502 3403 576 Spiritu
3429 510 3624 561 sancto
3655 505 3842 577 reple.

563 621 746 669 autem
775 610 902 682 quia
928 607 1070 682 quod
1099 607 1166 664 de
1189 604 1392 662 carnali
1413 603 1568 666 dixit,
1597 604 1700 658 hoc
1741 601 1907 656 etiam
1950 599 2017 655 de
2041 599 2150 668 spi-

562 705 710 765 ritali
764 713 851 763 est
902 700 1310 776 regeneratione
1367 696 1751 760 sentiendum;
1807 707 2149 764 nequaquam

564 799 821 856 videlicet
845 811 985 860 eam,
1015 801 1302 865 postquam
1329 789 1494 847 semel
1533 786 1746 857 expleta
1775 785 1964 850 fuerit,
1990 797 2151 854 posse

565 891 740 963 repeti
769 907 783 942 :
816 889 929 944 sive
960 885 1102 942 enim
1128 883 1437 947 haereticus,
1467 881 1579 935 sive
1607 877 2007 940 schismaticus,
2039 876 2153 930 sive

568 984 902 1038 facinorosus
926 978 1153 1048 quisque
1176 975 1231 1030 in
1263 973 1604 1030 confessione
1646 978 1845 1026 sancta:
1871 969 2154 1024 Trinitatis

567 1072 826 1144 baptizet,
854 1084 963 1126 non
983 1067 1129 1123 valet
1157 1067 1245 1122 ille
1268 1066 1359 1136 qui
1390 1066 1462 1122 ita
1478 1063 1783 1135 baptizatus
1809 1069 1893 1118 est
1909 1101 1925 1128 ,
1948 1075 1978 1115 a
2001 1061 2155 1118 benis

568 1159 854 1218 catholicis
906 1156 1231 1229 rebaptizari
1251 1195 1266 1219 ,
1325 1169 1394 1208 ne
1438 1151 1704 1210 confessio
1750 1151 1836 1205 vel
1882 1149 2155 1205 invocatio

567 1255 702 1310 tanti
741 1252 975 1308 nominis
995 1251 1242 1304 videatur
1267 1245 1553 1301 annullari.
1585 1245 1651 1299 Et
1679 1243 1806 1314 quia
1833 1242 2156 1298 Nicodemus

567 1349 633 1404 ad
657 1346 889 1419 primam
910 1341 1120 1398 Domini
1145 1339 1550 1411 responsionem
1581 1336 1862 1400 sollicitus,
1887 1335 2156 1405 quomodo

568 1442 640 1497 sit
668 1435 1011 1509 intelligenda
1038 1434 1320 1504 diligenter
1349 1429 1599 1500 inquirit,
1629 1437 1873 1484 meretur
1895 1425 2008 1495 iam
2039 1425 2154 1495 pla—

570 1529 692 1585 nius
727 1525 945 1591 instrui,
991 1532 1046 1579 et
1066 1523 1193 1594 quia
1219 1521 1457 1578 secunda
1483 1519 1737 1576 nativitas
1767 1533 1875 1575 non
1926 1517 2158 1574 carnalis

570 1630 653 1678 est
677 1661 692 1687 ,
739 1619 837 1676 sed
880 1615 1159 1691 spiritalis,
1206 1612 1426 1679 audire;
1481 1609 1759 1682 respondit
1799 1623 2032 1679 namque
2082 1607 2159 1663 illi

570 1709 729 1770 Iesus
758 1730 770 1764 :

641 1804 800 1878 5,91
832 1801 996 1858 Vsus.
1026 1798 1078 1854 5.
1100 1795 1352 1851 —Amen
1398 1810 1551 1849 amen
1578 1793 1695 1848 dico
1749 1791 1866 1857 tibi,
1913 1790 2013 1850 nisi
2039 1790 2157 1860 quis

2247 605 2336 654 tus
2362 604 2479 664 est;
2518 597 2609 654 sed
2627 614 2732 653 non
2757 597 2879 662 scis,
2901 595 3041 651 unde
3066 595 3257 662 veniat,
3286 605 3336 651 et
3362 613 3465 668 quo
3491 595 3671 664 vadat,
3707 599 3840 670 quia

2247 687 2461 744 etiamsi
2483 695 2534 742 te
2553 696 2818 758 prasente
2837 685 3145 757 quempiam
3166 683 3400 756 Spiritus
3422 686 3490 741 ad
3507 687 3704 742 horam
3736 687 3840 743 im-

2247 779 2496 850 pleverit,
2510 793 2616 834 non
2630 787 2810 850 potest
2827 777 2998 834 videri
3022 776 3131 849 [ΑΙ.
3141 817 3156 843 ,
3172 793 3278 833 non
3290 786 3447 847 potes
3461 778 3696 852 videre],
3710 796 3843 851 quo-

2250 873 2410 928 modo
2427 885 2551 927 eum
2572 870 2874 934 intraverit,
2898 868 2985 924 vel
3011 869 3279 939 quomodo
3305 871 3565 928 redierit:
3597 873 3725 943 quia
3746 889 3843 929 ns-

2251 967 2372 1018 tura
2392 967 2475 1016 ost
2494 959 2796 1016 invisibilis.
2820 957 2908 1014 Sic
2925 967 3002 1014 est
3026 959 3192 1014 omnis
3220 961 3310 1031 qui
3350 970 3508 1016 natu
3529 971 3609 1017 est
3635 979 3702 1018 es:
3722 961 3844 1034 Spi-

2253 1051 2392 1106 ritu:
2421 1058 2478 1108 et
2505 1051 2618 1121 ipse
2644 1051 2790 1106 enim
2827 1049 3166 1107 invisibiliter
3209 1058 3401 1121 agente
3426 1050 3632 1123 Spiritu
3655 1055 3845 1126 incipit

2254 1155 2374 1201 esse
2393 1139 2536 1211 quod
2557 1156 2664 1196 non
2692 1148 2831 1206 erat,
2860 1141 2936 1196 ita
2957 1149 3018 1196 ut
3034 1141 3278 1198 inﬁdeles
3298 1143 3566 1210 nesciant,
3585 1146 3734 1200 unde
3753 1162 3841 1202 ve-

2253 1232 2370 1289 niat
2389 1239 2445 1286 et
2465 1245 2573 1302 quo
2592 1231 2778 1296 vadat,
2798 1231 2853 1288 id
2869 1239 2974 1297 est,
2996 1231 3124 1301 quia
3153 1247 3186 1288 ιι
3206 1234 3381 1304 gratia
3413 1237 3841 1306 regenerationis

2253 1325 2403 1382 venit
2430 1325 2484 1380 in
2507 1325 2848 1398 adoptionem
2880 1325 3112 1382 ﬁliorum
3152 1325 3278 1390 Dei;
3316 1335 3374 1383 et
3391 1328 3544 1384 vadit
3566 1329 3624 1383 in
3658 1345 3843 1401 perce-

2256 1417 2496 1488 ptionem
2524 1417 2673 1489 regni
2702 1416 2958 1474 cmlestis.
3000 1415 3288 1484 Quaerente
3331 1426 3515 1475 autem
3550 1421 3730 1476 adhuc
3749 1422 3840 1476 Ni-

2259 1508 2486 1568 codemo
2502 1509 2770 1579 quomodo
2791 1509 3002 1578 possint
3028 1509 3146 1566 haec
3173 1507 3293 1567 ﬁeri
3314 1508 3503 1582 (Vens.
3527 1510 3607 1584 9),
3625 1514 3844 1583 subjun-

2259 1602 2337 1676 git
2363 1601 2644 1667 Dominus,
2681 1601 2870 1658 dicens
2897 1618 2912 1656 :

2332 1692 2493 1750 Vsus.
2527 1693 2614 1750 i0.
2637 1723 2708 1734 —
2739 1692 2820 1746 Tu
2850 1709 2902 1746 es
2925 1693 3173 1763 magister
3198 1693 3254 1748 in
3279 1691 3471 1759 Israel,
3490 1705 3535 1748 et
3557 1697 3662 1750 iure
3682 1697 3837 1766 igno-

2263 1785 2391 1842 ras?
2413 1784 2531 1842 Non
2560 1786 2713 1856 quasi
2743 1784 3002 1842 insultare
3037 1784 3224 1842 volens
3252 1785 3304 1842 ei
3341 1787 3434 1855 qui
3463 1788 3713 1857 magister
3739 1803 3842 1842 vo-

574 1910 784 1960 rsnatus
815 1896 973 1964 fuerit
1000 1910 1065 1948 ea:
1084 1907 1223 1963 aqua
1245 1899 1294 1946 et
1323 1886 1546 1959 Spiritu,
1587 1904 1691 1944 non
1735 1894 1898 1957 potest
1942 1885 2158 1939 introire
2191 1883 2232 1944 Il
2261 1885 2434 1944 cetur,
2488 1891 2610 1934 cum
2639 1878 2708 1932 sit
2749 1878 2969 1948 ignarus
3012 1885 3480 1936 sacramentorum
3508 1879 3836 1949 celestium‘;

573 1991 630 2046 in
657 2003 870 2059 regnum
899 1985 1014 2042 Dei.
1046 1982 1212 2054 Cujus
1236 1978 1539 2036 nativitatis
1584 1977 1804 2034 modum
1831 1977 2162 2046 subsequen-

575 2090 661 2138 ter
710 2091 1003 2148 exponens,
1032 2085 1364 2145 prorsusque
1389 2085 1423 2124 a
1446 2068 1650 2125 carnali
1680 2068 2014 2138 distinguens
2042 2068 2119 2122 ait
2145 2083 2157 2119 :

574 2168 758 2242 (Vens.
791 2167 843 2238 6)
873 2164 1025 2232 Quod
1056 2173 1239 2220 natum
1267 2170 1340 2216 est
1367 2177 1432 2216 ex
1458 2177 1636 2226 carne,
1669 2176 1791 2214 caro
1817 2168 1928 2225 est;
1950 2168 1998 2216 et
2023 2159 2162 2229 quod

574 2273 758 2320 natrtm
811 2268 887 2316 est
919 2277 982 2316 ea:
1023 2259 1249 2330 spiritu,
1299 2256 1516 2328 spiritus
1561 2263 1657 2311 est.
1686 2254 1891 2310 Natura
1939 2253 2163 2322 spiritus

573 2352 880 2420 invisibilis,
911 2351 1097 2408 carnis
1133 2357 1218 2406 est
1246 2349 1504 2414 visibilis;
1557 2355 1718 2417 atque
1775 2345 1896 2401 ideo
1934 2343 2165 2399 carnalis

574 2443 855 2517 generatio
901 2441 1188 2498 visibiliter
1215 2439 1628 2496 administratur
1655 2436 1955 2492 visibilibus
1984 2436 2163 2490 incre-

573 2538 788 2596 mentis.
818 2535 918 2604 Qui
949 2535 1005 2591 in
1028 2549 1194 2590 carne
1219 2533 1484 2596 nascitur,
1525 2545 1622 2601 per
1643 2538 1864 2587 (statum
1890 2534 2165 2584 momenta

571 2628 788 2701 proﬁcit
813 2645 826 2660 '
857 2626 1115 2697 spiritalis
1151 2632 1330 2680 autem
1363 2623 1640 2693 generatio
1664 2630 1778 2678 tota
1825 2619 2168 2675 invisibiliter

573 2723 770 2793 agitur.
801 2720 939 2778 Nam
965 2721 1177 2778 videtur
1203 2718 1417 2788 quidem
1445 2717 1747 2786 baptizatus
1775 2715 1968 2787 [Beda,
1990 2713 2165 2783 bapti-

574 2813 801 2884 zandus]
825 2814 882 2870 in
906 2811 1109 2870 fontem
1133 2811 1482 2875 descendere,
1498 2811 1712 2866 videtur
1738 2811 1893 2880 aquis
1914 2807 2162 2878 intingui,

575 2907 789 2961 videtur
823 2906 890 2962 de
933 2906 1090 2974 aquis
1139 2904 1463 2968 ascendere;
1497 2904 1590 2973 qui
1612 2911 1792 2960 autem
1819 2905 1873 2958 in
1904 2903 1996 2957 illo
2020 2902 2168 2956 lava-

573 3013 733 3056 crum
779 2995 1206 3068 regenerationis
1247 2994 1441 3066 egerit,
1487 2995 1709 3050 minime
1747 3001 1925 3064 potest
1970 2991 2162 3050 videri.

2261 1967 2356 2028 sed
2401 1968 2469 2023 ad
2497 1968 2813 2024 humilitatis
2852 1969 3004 2026 illum
3028 1970 3171 2027 viam
3211 1985 3537 2040 provocans,
3585 1971 3705 2027 sine
3743 1989 3840 2043 qua

2256 2061 2424 2131 ianua
2453 2061 2691 2119 omlestis
2711 2077 2817 2118 non
2842 2071 3022 2132 potest
3048 2063 3277 2122 inveniri

2334 2154 2496 2210 Vsus.
2538 2152 2624 2208 12.
2645 2183 2716 2192 -
2738 2152 2796 2209 Si
2816 2162 3024 2210 terrena
3066 2153 3180 2208 dixi
3209 2153 3382 2220 nobis,
3412 2162 3461 2208 et
3489 2171 3597 2211 non
3621 2156 3839 2223 creditis,

2263 2244 2541 2317 quomodo,
2576 2244 2623 2300 si
2650 2243 2831 2298 dixero
2879 2244 3020 2301 vobis
3046 2243 3297 2309 celestia,
3327 2243 3591 2300 credetis?
3615 2246 3838 2301 Terrena

2267 2336 2370 2398 illis
2394 2336 2626 2401 dixit,ut
2652 2335 2708 2390 in
2727 2336 3006 2405 superiore
3035 2335 3264 2394 lectione
3291 2337 3619 2401 mvenimus,
3643 2353 3765 2392 cum
3785 2339 3839 2392 de

2265 2427 2514 2500 passione
2543 2434 2599 2483 et
2623 2426 2692 2482 de
2724 2427 3123 2484 resurrectione
3167 2427 3253 2484 sui
3297 2429 3567 2499 corporis,
3618 2429 3758 2499 quod
3785 2431 3840 2485 de

2268 2527 2413 2578 terra
2452 2525 2839 2588 assumpserat,
2883 2517 3196 2588 loqueretur
3237 2517 3456 2574 dicens:
3489 2518 3690 2574 Solvite
3729 2529 3834 2574 tan-

2263 2609 2411 2685 plum
2438 2611 2555 2676 hoc,
2583 2619 2631 2666 et
2665 2611 2722 2665 in
2748 2610 2914 2666 tribus
2944 2610 3126 2667 diebus
3156 2610 3394 2668 excitabo
3423 2611 3560 2666 illud
3585 2611 3766 2684 (Joan.
3787 2629 3842 2678 ιι,

2269 2703 2381 2774 l9).
2417 2701 2534 2756 Non
2583 2709 2763 2758 tamen
2789 2701 3081 2760 credebant
3109 2703 3278 2760 verbo
3303 2703 3446 2772 quod
3474 2704 3629 2771 dixit,
3656 2706 3751 2760 sed
3785 2720 3841 2759 ne

2269 2793 2374 2854 hoc
2415 2786 2634 2864 quidem
2690 2792 2988 2864 intelligere
3027 2793 3286 2852 valebant
3335 2794 3528 2867 [Deda,
3557 2796 3843 2869 volebant],

2268 2888 2398 2961 quia
2427 2903 2534 2944 non
2563 2887 2627 2944 de
2654 2886 2781 2952 alio,
2804 2902 2966 2957 quam
3000 2887 3068 2946 de
3104 2888 3303 2959 templo
3329 2890 3578 2959 corporis
3597 2892 3678 2945 sui
3708 2892 3836 2946 dice-

2269 2987 2372 3038 ret.
2389 2978 2491 3046 Qui
2509 2993 2637 3049 ergo
2659 2986 2874 3036 terrena
2894 2978 3176 3036 audientes
3196 2995 3302 3034 non
3326 2979 3638 3049 capiebant,
3656 2990 3845 3051 quanto

576 3089 704 3148 Sola
737 3097 919 3146 autem
970 3085 1163 3160 [Beda,
1191 3085 1304 3143 sola
1340 3083 1466 3157 hoc]
1500 3084 1738 3140 ﬁdelium
1779 3084 1955 3155 pietas
1992 3083 2163 3148 novit,
2267 3073 2445 3130 minus
2476 3072 2544 3128 ad
2581 3070 2842 3137 caelestia,
2883 3070 2939 3127 id
2964 3077 3068 3135 est.
3095 3071 3288 3129 dirinai
3314 3073 3683 3140 generationis
3705 3072 3845 3145 (Hs,

575 3185 703 3256 quia
726 3190 978 3254 peccator
1004 3182 1058 3237 in
1103 3179 1307 3236 fontem
1353 3178 1664 3243 descendit,
1697 3177 1792 3232 sed
1841 3178 2163 3247 puriﬁcatus
2198 3249 2232 3256 _
2270 3164 2718 3238 regenerationis]
2749 3165 3010 3235 capienda
3062 3167 3320 3237 mysteria
3345 3162 3652 3222 suﬁciunt?
3697 3165 3843 3219 Addit

574 3249 838 3332 ascendit.
870 3272 1038 3328 Filius
1059 3268 1522 3344 prmvaricationis
1562 3268 1860 3333 descendit,
1894 3269 1988 3324 sed
2019 3268 2160 3324 ﬁlius
2189 3249 2235 3314 Ο
2267 3267 2446 3318 autem
2466 3258 2726 3316 Dominus
2749 3259 2946 3344 adhuc,
2976 3257 3114 3314 etde
3138 3258 3448 3314 cmicstibus
3471 3258 3846 3321 sacramentis,

575 3365 1028 3428 reconciliationis
1052 3341 1328 3430 ascendit;
1357 3362 1502 3417 ﬁlius
1518 3363 1713 3417 mortis
1738 3362 2036 3428 descendit,
2064 3365 2161 3420 sed

2265 3357 2320 3406 et
2355 3349 2421 3408 de
2470 3350 2702 3410 terrenis
2728 3341 3002 3408 instruere
3046 3365 3194 3416 eum,
3232 3364 3396 3421 quem
3419 3349 3558 3406 vidit
3581 3349 3846 3418 sapienter

576 3460 719 3516 ﬁlius
742 3456 1155 3513 resurrectionis
1193 3454 1471 3519 ascendit;
1527 3453 1670 3507 ﬁlius
1722 3454 1818 3508 irae
1861 3454 2160 3522 descendit,

2265 3454 2330 3494 ac
2381 3439 2658 3511 diligenter
2704 3441 2792 3499 his
2829 3456 2950 3510 quze
3002 3441 3192 3507 audit,
3242 3439 3551 3496 intendere.
3601 3439 3850 3495 leestis

577 3555 671 3615 sed
719 3551 862 3612 ﬁlius
903 3546 1294 3607 misericordiae
1334 3544 1608 3611 amati;
1651 3543 1794 3599 ﬁlius
1835 3545 2030 3601 diaboli
2073 3548 2166 3602 de—
2265 3549 2498 3604 namque
2540 3542 2626 3592 est
2671 3535 2915 3592 ascensio
2945 3533 3060 3603 eius
3108 3535 3176 3592 ad
3214 3534 3380 3589 vitam
3428 3531 3850 3601 sempiternam;

577 3642 811 3708 scendit,
845 3640 943 3702 sed
984 3639 1126 3696 ﬁlius
1165 3635 1264 3695 Dei
1307 3633 1569 3697 ascendit.
1611 3633 1739 3691 Sola
1762 3636 1881 3690 haec
1921 3637 2164 3692 Ecclesia
2266 3633 2483 3686 terrena
2520 3640 2650 3684 vero
2677 3626 2932 3696 exaltatio
2959 3625 3077 3696 ejus
3105 3627 3178 3686 ad
3207 3633 3440 3688 mortem
3485 3625 3850 3696 temporales.

581 3743 780 3798 mater,
815 3746 935 3801 quae
979 3735 1226 3800 generat,
1267 3729 1438 3787 novit.
1480 3727 1768 3795 Caeterum,
1813 3728 1986 3786 oculis
2036 3729 2167 3785 insi—
2265 3718 2409 3780 Dicit
2431 3734 2560 3792 ergo
2586 3719 2652 3774 de
2681 3718 3031 3798 cmlestibus:

575 3825 841 3898 pientium
866 3820 1082 3880 videtur
1133 3819 1258 3879 talis
1303 3819 1454 3880 exire
1494 3819 1562 3875 de
1603 3817 1752 3875 fonte
1777 3821 1954 3892 qualis
1993 3823 2166 3876 intra-
2337 3817 2500 3876 Vsus.
2531 3818 2787 3876 15.-Et
2816 3835 2966 3877 nemo
3009 3817 3246 3875 ascendit
3285 3819 3342 3873 in
3369 3816 3588 3881 calum,
3629 3818 3734 3870 nisi
3773 3831 3851 3886 qun

577 3920 678 3984 vit,
733 3924 1014 3984 totumque
1062 3913 1223 3972 ludus
1265 3927 1388 3970 esse
1433 3913 1576 3982 quod
1637 3913 1831 3984 agitur.
1914 3914 2067 3971 Unde
2112 3916 2168 3971 in
2267 3911 2532 3974 descendit
2581 3912 2644 3969 de
2692 3911 2841 3977 mlo,
2871 3910 3046 3968 Filius
3090 3913 3342 3977 hominis,
3383 3914 3477 3984 qui
3505 3923 3578 3967 est
3616 3913 3676 3966 in
3713 3910 3849 3966 calo.

580 4010 690 4072 ﬁne
737 4009 984 4066 videntes
1033 4005 1260 4078 gloriam
1317 4014 1626 4064 sanctorum
1672 4007 1855 4065 dicent
1895 4016 2169 4079 gementes
2269 4002 2558 4076 Subiungit
2581 4020 2714 4062 vero
2737 4005 2805 4075 de
2827 4006 3096 4061 terrenis:
3131 4005 3314 4078 (Vsus.
3352 4005 3440 4077 is)
3468 4005 3536 4059 Et
3557 4009 3695 4060 sicut
3720 4004 3853 4074 Mog-

583 4106 640 4162 in
685 4102 970 4160 tormentis
1019 4119 1033 4154 :
1065 4098 1142 4154 Hi
1194 4109 1336 4164 sunt,
1378 4116 1510 4171 quos
1554 4099 1840 4172 aliquando
1889 4100 2169 4159 [tabuimus
2267 4111 2348 4152 us
2370 4093 2925 4165 exaltacitserpcntent
2953 4097 3252 4165 ἐκάθηντο,
3283 4099 3358 4151 ita
3392 4098 3623 4152 omnium
3665 4107 3854 4167 oportet

579 4198 640 4254 in
695 4195 928 4272 derisum
973 4202 1023 4248 et
1084 4192 1144 4246 iis
1197 4190 1595 4246 similitudinem
1641 4192 1946 4263 improperii
1970 4232 1986 4257 ,
2041 4209 2171 4263 quo-
2269 4185 2319 4239 F
2322 4185 2473 4240 ilium
2497 4186 2742 4240 hominis.
2785 4186 2974 4242 Merito
2999 4197 3180 4242 autem
3209 4189 3468 4258 qumritur
3490 4189 3765 4259 quomodo
3785 4188 3854 4244 di.

580 4283 735 4342 modo
781 4273 1067 4354 comprimi
1107 4290 1229 4336 sunt
1273 4282 1412 4336 inter
1452 4281 1592 4350 ﬁlios
1635 4281 1734 4336 Dei
1781 4281 1950 4353 (Sap.
1987 4298 2045 4347 ν,
2083 4282 2171 4354 τὴῖ
2270 4288 2425 4338 natur
2445 4279 2614 4336 Filius
2641 4280 2897 4347 hominis,
2924 4280 3012 4336 vel
3037 4281 3381 4337 descendisse
3404 4282 3471 4337 de
3492 4281 3668 4347 nmio,
3696 4281 3779 4336 vel
3799 4296 3857 4336 eo

578 4373 868 4444 Apostolus
894 4371 1152 4436 Joannes,
1199 4371 1515 4436 charissim,
1545 4372 1737 4441 inquit,
1768 4388 1908 4428 nunc
1949 4371 2049 4441 ﬁlii
2075 4371 2174 4426 Dei
2272 4378 2515 4441 tempore
2564 4386 2672 4440 quo
2714 4371 2833 4428 hinc
2876 4371 2934 4426 in
2981 4381 3128 4428 terra
3171 4373 3514 4443 loquebatur,
3545 4371 3716 4444 ωε
3747 4374 3854 4443 jam

580 4480 785 4522 sumus.
809 4471 857 4518 et
884 4460 1120 4518 nondum
1153 4461 1396 4529 apparuit
1419 4459 1546 4529 quid
1572 4461 1769 4514 erimus
1809 4460 1863 4532 (Ι
1887 4461 2048 4516 Jaan.
2086 4477 2170 4527 ιιι,
2272 4449 2440 4522 fuisse
2467 4465 2526 4521 in
2543 4463 2716 4521 cmlo?
2737 4463 2877 4519 Nota
2903 4472 2991 4520 est
3036 4481 3272 4536 namque
3291 4465 3561 4522 contessio
3593 4465 3725 4521 ﬁdei
3766 4481 3855 4520 ca-

581 4556 662 4630 ἰ).
679 4555 834 4622 Quod
858 4569 987 4625 ergo
1006 4560 1192 4608 natum
1217 4560 1306 4607 est
1328 4568 1396 4607 ex
1423 4553 1636 4622 spiritu,
1667 4553 1890 4623 spiritus
1914 4565 2029 4622 est;
2049 4556 2173 4624 quia
2203 4609 2252 4630 _
2276 4557 2510 4623 tbolicae,
2537 4557 2664 4628 quia
2688 4557 3024 4613 descendens
3060 4559 3128 4613 de
3155 4559 3293 4614 cmlo
3311 4558 3483 4618 Filius
3513 4559 3636 4626 Dei,
3669 4559 3858 4617 Filium

583 4651 678 4723 qui
707 4654 775 4706 ex
819 4664 964 4721 aqua
1003 4655 1060 4705 et
1099 4647 1303 4719 Spiritu
1341 4653 1714 4718 regeneratur,
1745 4646 2086 4703 invisibiliter
2114 4650 2168 4703 in
2202 4646 2253 4670 "
2275 4649 2509 4706 hominis
2551 4651 2607 4706 in
2635 4659 2792 4706 utero
2838 4653 3088 4724 virginali
3130 4655 3385 4724 suscepit,
3433 4670 3680 4724 eumque
3722 4669 3859 4709 com-

583 4757 787 4799 novum
806 4747 1048 4797 mutatur
1074 4739 1371 4804 hominem,
1399 4746 1456 4793 et
1482 4738 1547 4792 de
1567 4738 1769 4793 carnali
1803 4738 2036 4796 edicitur
2063 4742 2172 4812 spl-
2273 4741 2416 4812 pleta
2436 4743 2836 4814 dispensatione
2856 4746 3125 4815 passionis
3151 4759 3265 4800 sum
3278 4747 3628 4801 resuscitnvit
3655 4763 3692 4802 a
3720 4762 3858 4802 utor-

582 4834 777 4894 ritalis.
801 4832 904 4901 Qui
929 4832 1052 4890 ideo
1073 4840 1224 4889 recte
1243 4847 1350 4888 non
1379 4831 1556 4887 solum
1577 4831 1862 4900 spiritalis,
1887 4834 1982 4888 sed
2003 4841 2170 4889 etiam
2277 4833 2404 4898 tuis,
2431 4841 2488 4888 et
2511 4836 2806 4906 assiimpsit
2819 4837 2874 4890 in
2905 4837 3122 4892 coelum.
3171 4837 3286 4893 Non
3327 4852 3460 4909 ergo
3486 4853 3620 4893 caro
3665 4839 3861 4895 Christi

584 4925 812 4996 spiritus
833 4930 1089 4989 vocatur;
1119 4924 1246 4994 quia
1280 4923 1423 4980 sicut
1445 4923 1745 4981 substantia
1772 4924 1996 4994 spiritus
2034 4925 2174 4979 invi-
2274 4927 2556 4984 descendit
2593 4929 2660 4984 de
2681 4929 2850 4995 calo,
2897 4946 3073 5002 neque
3100 4939 3225 4986 ante
3264 4939 3477 5003 tempus
3525 4932 3863 4988 ascensionis

586 5015 757 5072 sibilis
781 5021 867 5070 est
891 5013 1091 5068 nostris
1139 5013 1464 5082 aspectibus,
1495 5014 1569 5068 ita
1610 5013 1658 5068 is
1697 5013 1790 5084 qui
1813 5029 1913 5085 per
1937 5015 2169 5086 gratiam
2275 5028 2396 5076 erat
2414 5021 2470 5075 in
2489 5022 2644 5078 cmlo.
2676 5021 2746 5076 Et
2764 5038 2870 5091 qua
2893 5025 3105 5079 ratione
3118 5024 3320 5080 dicitur
3346 5042 3361 5077 :
3399 5021 3632 5096 Nisi-fut
3660 5024 3865 5078 descen-

586 5106 685 5170 Dei
708 5111 1022 5172 renovatur,
1057 5102 1401 5162 invisibiliter
1428 5103 1489 5160 ﬁt
1513 5104 1772 5175 spiritalis
1799 5112 1855 5160 et
1878 5104 1978 5165 Dei
2002 5105 2168 5171 illius,
2273 5112 2352 5166 dit
2376 5113 2440 5166 de
2465 5113 2614 5180 caelo,
2639 5112 2815 5168 Filius
2840 5117 3088 5181 hominis,
3115 5118 3205 5188 qui
3232 5125 3306 5171 est
3335 5117 3390 5170 in
3418 5116 3568 5180 creto,
3597 5117 3711 5172 nisi
3744 5115 3861 5186 quia

587 5212 715 5260 eum
739 5195 1024 5256 visibillter
1052 5192 1306 5254 omnibus
1329 5208 1458 5252 caro
1481 5201 1539 5251 et
1561 5194 1705 5254 ﬁlius
1729 5197 1966 5256 hominis
2002 5211 2173 5267 appa-
2273 5200 2471 5257 Christi
2497 5217 2726 5273 persona
2753 5220 2861 5259 una
2889 5214 3006 5271 est,
3047 5209 3099 5261 in
3130 5208 3336 5263 duabus
3358 5207 3599 5263 existens
3621 5206 3867 5262 naturis?

589 5297 730 5352 rent.
757 5286 1057 5362 Sequitur:
2023 5345 2026 5347 ,
2275 5301 2435 5363 atque
2460 5295 2577 5350 ideo
2614 5293 2784 5349 Filius
2830 5297 3064 5352 hominis
3113 5307 3260 5354 recte
3298 5300 3514 5364 dicitur,
3539 5307 3594 5354 et
3635 5301 3863 5354 descen-

657 5377 824 5438 Yns.
855 5377 911 5446 7,
939 5378 994 5436 8.
1017 5407 1093 5420 —
1115 5375 1241 5434 Non
1263 5377 1472 5434 mireris
1509 5377 1638 5448 quia
1661 5376 1775 5434 disi
1815 5377 1928 5442 tibi,
1971 5385 2174 5448 oportet
2275 5383 2419 5439 disse
2445 5384 2689 5450 decedo,
2712 5393 2768 5439 et
2792 5394 2918 5442 ante
2935 5389 3241 5458 passionem
3269 5389 3436 5445 fuisse
3455 5391 3509 5444 in
3533 5390 3709 5455 curio;
3743 5390 3866 5459 quia

587 5487 682 5534 sos
704 5470 852 5529 nasci
873 5469 1070 5527 denuo.
1110 5468 1364 5540 Spiritus,
1401 5468 1488 5522 ubi
1516 5467 1646 5534 vult,
1675 5469 1861 5539 spirat,
1906 5477 1954 5524 et
1995 5486 2168 5526 uocem
2275 5473 2418 5544 quod
2443 5474 2498 5530 in
2527 5489 2624 5530 sua
2655 5482 2846 5529 natura
2893 5477 3096 5533 habere
3134 5494 3241 5534 non
3269 5479 3464 5550 potuit,
3492 5480 3596 5533 hoc
3640 5479 3698 5532 in
3733 5476 3867 5534 Filio

586 5563 703 5638 τῇ.
747 5562 924 5630 audis,
949 5561 1040 5618 sed
1070 5579 1173 5618 non
1217 5562 1340 5626 scis,
1377 5561 1514 5616 unde
1540 5561 1733 5626 ueniat,
1759 5569 1810 5616 et
1838 5577 1938 5631 quo
1989 5561 2165 5616 vadat.
2279 5562 2394 5631 Dei,
2455 5582 2486 5620 a
2530 5581 2638 5636 quo
2691 5575 2998 5636 assumptus
3045 5577 3148 5634 est,
3198 5569 3403 5624 habuit.
3437 5567 3593 5624 Sicut
3639 5575 3871 5639 propter

591 5655 682 5714 Sic
707 5667 781 5714 est
823 5660 993 5714 omnis
1037 5660 1128 5728 qui
1154 5668 1307 5715 natus
1339 5666 1412 5714 est
1441 5675 1506 5713 ea:
1529 5655 1747 5728 Spiritu.
1797 5655 2054 5726 Spiritus,
2078 5655 2173 5714 ubi
2277 5658 2522 5712 eamdem
2570 5659 2729 5714 unius
2766 5657 2967 5713 Christi
3015 5675 3323 5729 personam,
3367 5676 3487 5730 quae
3533 5674 3603 5717 ex
3649 5657 3868 5714 duabus

589 5747 728 5814 vult,
771 5749 962 5820 spirat,
988 5750 1115 5818 quia
1141 5749 1256 5821 ipse
1299 5748 1462 5804 habet
1489 5749 1543 5802 in
1561 5753 1849 5820 potestate,
1895 5743 2048 5813 cujus
2077 5760 2172 5802 cor
2276 5747 2463 5801 existit
2497 5749 2728 5812 naturis,
2759 5747 3051 5819 Apostolus
3079 5749 3193 5806 ait:
3235 5747 3337 5804 Vos
3386 5747 3616 5820 Spiritus
3645 5762 3870 5806 sanctus

593 5840 768 5911 gratia
797 5856 909 5896 suae
935 5840 1260 5897 visitationis
1281 5841 1530 5895 illustret.
1564 5838 1634 5892 Et
1658 5856 1830 5894 vocem
1852 5839 1968 5910 ejus
1993 5839 2168 5908 audis,
2277 5838 2449 5908 posuit
2474 5839 2737 5908 episcopos
2767 5855 2939 5909 regere
2968 5839 3258 5896 Ecclesiam
3285 5840 3408 5906 Dei,
3442 5856 3601 5912 quam
3630 5840 3869 5912 acquisi-
