4072 6340
263 457 365 521 ’181

1075 454 1489 550 ῌΧΕΕΕΤῙΟΑ.
1529 487 1600 500 -
1636 456 1994 515 COMMENT.
2030 456 2102 514 IN
2132 456 2322 517 JOAN.
2360 490 2433 503 --
2466 459 2596 517 LIB.
2631 460 2695 518 Π.

3403 463 3520 529 ’181

261 583 334 639 vit
357 578 611 654 sanguine
663 593 756 632 suo
788 574 923 651 (Act.
967 592 1061 644 xx,
1088 577 1200 650 28).
1278 576 1464 648 Neque
1501 577 1644 632 enim
1690 576 1832 633 Deus
1860 574 1910 635 Α
1934 573 2120 647 plagas
2164 582 2219 631 et
2260 585 2464 634 mortes
2504 578 2883 655 plurimorum,
2933 593 3055 636 cum
3107 580 3403 641 clamarent
3444 587 3515 644 ad

260 674 318 737 in
344 686 443 729 sua
482 669 801 733 substantia,
829 668 924 723 sed
964 667 1018 723 in
1065 669 1286 727 homine
1315 677 1593 739 assumpto
1619 669 1836 741 sangui-

258 778 387 820 nem
411 801 428 828 ,
471 759 564 830 qui
607 774 706 833 pro
760 757 1005 813 Ecclesia
1056 757 1373 816 funderetur
1420 756 1589 833 [Beda
1612 798 1627 824 ,
1678 774 1840 829 quem

260 852 556 929 funderet],
583 852 787 908 habuit.
820 850 957 911 Hinc
985 852 1130 910 enim
1150 849 1434 911 Psalmista
1456 851 1586 907 dicit
1610 869 1623 906 :
1647 848 1842 911 Ascen-

262 945 340 1000 dit
361 943 501 998 Deus
528 943 585 997 in
603 940 914 1013 jubilatiane
940 939 1112 1018 (Psat.
1134 957 1282 1009 XLVI,
1305 941 1379 1019 ὃ).
1406 941 1682 1013 Quomodo
1698 944 1838 999 enim

261 1036 408 1093 Deus
430 1033 536 1089 nisi
578 1034 635 1091 in
667 1033 885 1093 homine
914 1034 1249 1101 ascenderet,
1274 1034 1365 1107 qui
1404 1034 1461 1091 in
1498 1048 1608 1093 suae
1648 1041 1842 1089 natura

265 1126 564 1199 majestatis
590 1140 804 1199 semper
829 1125 1027 1195 ubique
1046 1139 1285 1200 praisens
1315 1125 1503 1180 adest?
1524 1123 1633 1180 Sed
1659 1131 1713 1180 et
1738 1124 1842 1179 hoc

266 1219 613 1291 quaerendum
641 1228 723 1275 est
761 1220 1030 1293 quomodo
1057 1218 1257 1278 dictum
1287 1218 1377 1280 sit,
1405 1227 1453 1274 et
1483 1236 1631 1274 nemo
1665 1235 1843 1273 ascen-

264 1311 343 1365 dit
370 1313 428 1365 in
458 1310 660 1379 caelum,
691 1311 794 1371 nisi
817 1312 906 1384 qui
933 1310 1195 1369 descendit
1222 1310 1285 1365 de
1314 1310 1461 1377 οωιο,
1502 1326 1625 1367 cum
1656 1326 1845 1369 omnes

262 1399 421 1457 electi
458 1416 517 1455 se
560 1402 828 1459 veraciter
857 1400 1127 1459 conﬁdant
1167 1415 1490 1459 ascensuros
1531 1401 1585 1459 in
1623 1401 1839 1469 coelum,

262 1492 611 1566 promittente
658 1490 760 1546 sibi
805 1492 1055 1558 Domino,
1085 1491 1233 1567 quia,
1259 1490 1348 1545 ubi
1372 1507 1467 1563 ego
1494 1507 1629 1556 sum,
1660 1489 1769 1545 illic
1795 1500 1843 1544 et

265 1581 502 1635 minister
522 1596 663 1635 meus
693 1580 838 1634 erit?
877 1579 1041 1650 Cujus
1071 1590 1253 1635 tamen
1300 1580 1497 1635 nodum
1531 1580 1843 1650 qumstionis

267 1670 607 1741 apertissima
634 1671 772 1724 ratio
801 1670 979 1735 solvit,
1027 1671 1153 1740 quia
1182 1670 1429 1726 videlicet
1458 1672 1721 1727 mediator
1748 1671 1844 1728 Dei

265 1770 319 1816 et
345 1760 643 1826 hominum,
673 1760 834 1815 homo
880 1756 1124 1815 Christus
1173 1758 1350 1826 Jesus,
1382 1762 1674 1817 electorum
1723 1776 1842 1817 om-

264 1853 414 1909 nium
436 1860 596 1929 caput
620 1860 719 1909 est.
774 1853 1013 1923 Itemque
1049 1868 1237 1908 omnes
1265 1855 1445 1919 electi,
1475 1852 1714 1923 ejusdem
1753 1868 1844 1908 ca-

1941 663 2181 737 Moysen,
2229 675 2285 722 et
2326 668 2414 725 ille
2442 679 2623 729 oraret
2648 686 2748 743 pro
2785 671 2884 738 eis,
2908 669 3071 740 jussit
3094 688 3217 729 eum
3258 674 3518 741 Dominus

1939 750 2121 811 facere
2165 767 2472 833 serpentem
2513 777 2742 832 aeneum,
2773 771 2829 820 et
2854 781 3055 838 ponere
3080 785 3179 845 pro
3208 772 3378 843 signo.
3413 772 3520 842 Qui

1938 862 2235 917 percussus,
2276 850 2470 925 inquit,
2500 856 2758 924 aspexerit
2785 873 2922 925 eum,
2951 860 3095 915 vivet.
3125 861 3193 917 Et
3218 863 3296 921 ita
3312 864 3518 924 factum

1941 943 2025 991 est
2054 934 2243 1036 (Num.
2294 941 2428 1036 rat).
2452 940 2614 1016 Plaga
2654 943 2781 1024 [Με.
2827 957 2875 1003 et
2920 949 3088 1036 Bede,
3110 952 3312 1036 Plagae]
3358 960 3521 1031 igitur

1942 1030 2273 1099 serpentium
2303 1033 2615 1111 ignitorum,
2660 1052 2867 1096 venena
2895 1034 3054 1113 sunt,
3068 1054 3123 1102 et
3145 1030 3414 1115 incentiva
3440 1055 3521 1117 vi-

1944 1119 2163 1217 tiorum,
2207 1139 2326 1217 quae
2356 1128 2593 1217 animam
2636 1145 2799 1203 quam
2834 1141 3065 1211 tangunt
3092 1141 3325 1217 spiritali
3346 1155 3521 1209 morte

1940 1212 2233 1315 perimunt.
2262 1216 2329 1273 Et
2349 1216 2493 1315 behe
2520 1236 2863 1283 murmurans
2901 1239 3089 1291 contra
3112 1212 3398 1301 Dominum
3426 1257 3524 1315 po-

1942 1296 2457 1395 pulusserpentitim
2476 1312 2746 1371 morsibus
2773 1319 3135 1395 sternebatur,
3159 1335 3218 1381 ut
3241 1296 3307 1391 ex
3334 1296 3524 1395 ordine

1945 1390 2139 1494 ﬂagelli
2185 1399 2470 1499 exterioris
2514 1415 2829 1473 agnosceret
2875 1390 3132 1483 quantam
3168 1390 3523 1499 intus

1946 1482 2089 1577 ciem
2114 1490 2501 1545 murmurando
2541 1501 2838 1562 pateretur.
2869 1499 3138 1561 Exaltatio
3180 1482 3358 1571 autem

1945 1575 2124 1645 peutis
2143 1580 2301 1645 aenei,
2325 1594 2485 1651 quem
2509 1583 2635 1639 dum
2655 1592 2899 1658 percussi
2923 1598 3247 1668 aspicerent,
3265 1575 3525 1667 sanaban-

1893 1740 1903 1751 '
1946 1672 2057 1775 tur,
2086 1672 2376 1775 passio-est
2405 1677 2574 1732 nostri
2602 1678 2976 1757 Redemptoris
2996 1689 3055 1745 in
3075 1706 3261 1763 cruce,
3288 1697 3343 1756 in
3370 1699 3524 1775 cujus

1946 1758 2117 1861 mlum
2146 1760 2422 1836 noema
2451 1782 2673 1839 regnum
2696 1776 2885 1832 mortis
2914 1786 2968 1833 et
2986 1785 3193 1851 peccati
3217 1758 3522 1861 supersim.

1946 1846 2115 1949 Recte
2153 1858 2351 1911 etenim
2380 1874 2477 1928 per
2523 1874 2802 1933 serpentes
2849 1846 3092 1941 peccata,
3121 1894 3240 1947 quae

262 1947 391 2021 pitis
417 1945 657 2005 membra
686 1952 831 2009 sunt,
863 1944 1073 2048 dicente
1093 1943 1348 2016 Apostolo
1371 1963 1384 1976 ο
1410 1944 1479 1999 Et
1500 1947 1667 2017 ipsum
1697 1946 1839 2001 dedit
1870 1930 1918 1993 Β
1942 1944 2102 2000 simul
2127 1954 2182 2001 et
2220 1963 2412 2020 corpus
2438 1953 2505 2006 ad
2536 1930 2809 2013 interitum
2839 1930 3527 2048 trahunt;

265 2047 420 2110 caput
470 2053 627 2108 super
654 2037 828 2090 omnia
880 2032 1131 2090 Ecclesia!
1163 2036 1284 2109 [Ms.
1327 2046 1381 2091 et
1424 2036 1590 2101 Beda,
1639 2054 1844 2093 omnem

266 2122 583 2198 Ecclesium]
633 2124 847 2198 (Ephes.
885 2142 934 2191 1,
964 2126 1077 2197 22).
1126 2126 1192 2181 Et
1236 2142 1452 2182 rursum
1493 2147 1507 2182 :
1555 2125 1651 2182 Vos
1707 2130 1844 2183 enim

265 2216 389 2270 estis
413 2233 601 2290 corpus
626 2212 818 2270 Christi
843 2225 892 2270 et
914 2215 1143 2271 membra
1164 2217 1228 2271 de
1249 2217 1476 2272 membro
1503 2217 1555 2291 (Ι
1594 2216 1716 2273 Cor.
1740 2234 1842 2284 xu,

262 2304 357 2378 ετ)
398 2302 567 2360 Nemo
591 2321 721 2381 ergo
739 2305 981 2360 ascendit
998 2306 1055 2359 in
1076 2305 1294 2371 omium,
1321 2308 1423 2361 nisi
1452 2309 1541 2376 qui
1573 2307 1848 2363 descendit

266 2398 336 2453 de
366 2396 505 2452 coelo
566 2393 736 2450 Filius
759 2396 1015 2459 hominis,
1046 2397 1136 2464 qui
1179 2405 1263 2451 est
1300 2398 1354 2450 in
1379 2397 1547 2463 coelo;
1575 2400 1721 2468 quod
1764 2396 1848 2455 es‘t

256 2490 457 2568 aperte
482 2484 660 2541 dicere
694 2484 904 2540 :Nemo
928 2486 1172 2541 ascendit
1204 2487 1258 2542 in
1288 2488 1506 2555 cretum,
1538 2490 1641 2545 nisi
1688 2490 1845 2546 Chri-

266 2588 387 2635 stus
414 2582 467 2634 in
491 2594 719 2650 corpore
746 2594 867 2644 suo,
898 2579 1041 2649 quod
1067 2586 1152 2634 est
1175 2578 1440 2647 Ecclesia,
1471 2578 1563 2652 qui
1588 2583 1640 2637 in
1670 2585 1846 2654 seipso

266 2671 487 2744 quidem
523 2673 758 2745 primum
799 2666 1148 2728 cernentibus
1169 2673 1446 2742 apostolis,
1473 2676 1845 2747 eminentiori-

258 2763 369 2818 bus
411 2761 664 2816 nimirum
710 2760 1128 2828 membris'suis,
1166 2763 1429 2828 ascendit,
1475 2771 1530 2818 et
1552 2766 1744 2821 exinde
1788 2766 1845 2823 in

263 2854 528 2910 membris
554 2853 669 2908 suis
693 2851 933 2924 quotidie
957 2855 1253 2909 ascendens
1286 2870 1345 2910 se
1382 2855 1581 2927 colligit
1624 2858 1679 2911 in
1731 2873 1845 2915 οω-

264 2943 397 3000 ium.
447 2943 586 2998 Hinc
611 2952 695 2999 est
721 2944 864 2998 enim
892 2943 1036 3013 quod
1081 2943 1258 3015 ipsum
1305 2958 1500 3015 corpus
1539 2946 1676 3014 ejus,
1700 2948 1845 3005 intra

264 3038 495 3094 adversa
533 3037 815 3105 praesentis
851 3035 1031 3091 saeculi
1073 3036 1467 3107 deprehensum
1504 3038 1765 3109 gloriatur
1791 3048 1847 3097 et

263 3126 399 3185 dicit
426 3145 439 3182 :
483 3126 639 3181 Nune
686 3136 862 3181 autem
900 3126 1152 3181 ezaitaoit
1178 3136 1333 3198 caput
1359 3144 1532 3184 meum
1556 3147 1711 3201 super
1736 3133 1842 3186 iui-

262 3222 428 3275 mieos
445 3234 586 3274 meos
617 3214 790 3290 (Psat.
820 3232 969 3284 xm,
990 3216 1069 3289 6).
1092 3216 1171 3272 Ae
1194 3219 1240 3273 si
1262 3227 1511 3287 patenter
1530 3221 1710 3276 dicat:
1740 3220 1845 3289 Qui

263 3272 515 3369 eis...
529 3272 788 3365 nam.
828 3272 1125 3376 Christtim,
1166 3272 1327 3381 caput
1346 3272 1349 3273 ί
1367 3272 1845 3373 antistes;
1866 3272 1921 3342 ο

263 3402 549 3460 Suscitavit
589 3419 619 3456 a
652 3400 901 3465 mortuis,
925 3417 989 3456 ac
1018 3400 1291 3458 frustratis
1313 3400 1563 3460 omnibus
1605 3405 1849 3462 inimico-

263 3513 389 3553 rum
409 3496 634 3562 insidiis,
657 3492 957 3551 subieiavit
986 3494 1039 3548 in
1059 3495 1278 3560 coelum,
1322 3510 1484 3565 spero
1532 3496 1721 3571 [quod]
1761 3515 1847 3557 me

265 3595 431 3649 etiam
477 3592 543 3646 de
590 3591 944 3661 praesentibus
988 3589 1245 3658 periculis
1280 3604 1499 3656 eruens,
1530 3604 1652 3647 meo
1681 3593 1849 3664 capiti

259 3685 454 3758 jungat
472 3684 525 3738 in
546 3696 712 3753 regno
740 3694 857 3736 suo.
880 3679 1019 3747 Quia
1047 3694 1178 3751 ergo
1204 3695 1363 3735 nemo
1390 3683 1630 3737 ascendit
1662 3683 1717 3737 in
1738 3699 1848 3740 ete-

260 3775 402 3841 inm,
431 3774 536 3843 nisi
560 3772 653 3844 qui
681 3771 958 3827 descendit
993 3771 1062 3826 de
1106 3770 1265 3837 coelo,
1292 3770 1538 3841 quisquis
1567 3773 1623 3827 in
1652 3773 1849 3830 cretum

268 3866 563 3922 ascendere
580 3861 874 3927 desiderat,
892 3861 943 3916 ei
968 3861 1061 3931 qui
1087 3862 1153 3916 de
1179 3860 1320 3917 casio
1334 3862 1615 3918 descendit
1637 3872 1692 3919 et
1719 3863 1845 3937 [est]

266 3959 325 4012 in
346 3956 501 4020 cosio,
523 3968 582 4009 se
598 3966 730 4008 vera
749 3951 873 4007 ﬁdei
887 3958 945 4006 et
970 3942 1273 4007 dilectionis
1302 3954 1509 4008 unitate
1525 3952 1843 4027 conjungat;

266 4058 454 4122 aperte
477 4047 777 4119 intelligens
799 4046 927 4116 quia
947 4044 1092 4101 nullo
1112 4045 1219 4100 alio
1238 4046 1450 4111 ordine,
1474 4048 1577 4103 nisi
1599 4063 1697 4118 per
1723 4064 1848 4104 eum

268 4148 364 4217 qui
413 4142 687 4200 descendit
736 4143 806 4198 de
844 4141 1002 4207 coelo,
1028 4150 1210 4212 potest
1231 4147 1523 4200 ascendere
1548 4147 1603 4201 in
1629 4147 1844 4204 caelum.

266 4236 425 4294 Unde
442 4236 575 4290 alias
602 4248 714 4305 Ipse
740 4233 905 4288 dicit:
934 4228 1102 4287 Nemo
1129 4234 1265 4289 vestit
1291 4235 1360 4288 ad
1388 4232 1603 4290 Patrem
1633 4238 1735 4293 nisi
1757 4257 1851 4315 per

266 4346 372 4384 me.
402 4326 525 4382 Haec
548 4325 673 4381 ideo
697 4323 992 4380 Nicodemo
1018 4330 1073 4377 et
1096 4319 1253 4395 [Ms.,
1273 4322 1380 4397 vel]
1410 4326 1622 4383 cunctis
1658 4326 1850 4386 dicun-

265 4427 362 4475 tur
380 4415 801 4481 catechumenis,
829 4422 890 4468 ut
913 4413 1126 4469 discant
1142 4413 1263 4484 ejus
1282 4414 1542 4471 membris
1567 4429 1849 4476 renascen-

269 4511 343 4567 ϐυ
379 4508 734 4580 incorporari,
772 4521 871 4577 per
904 4520 1065 4575 quem
1107 4506 1316 4576 possint
1355 4509 1646 4566 ascendere
1672 4511 1729 4566 in
1754 4526 1845 4568 re-

1944 2051 2054 2145 n'ou
2102 2038 2273 2145 solum
2323 2043 2447 2111 quia
2485 2045 2658 2145 igniti,
2702 2052 2825 2119 quia
2864 2056 3134 2126 viruienti,
3176 2038 3310 2136 quia
3339 2069 3409 2125 ad

1945 2129 2257 2229 rimendum
2295 2142 2418 2188 sunt
2459 2140 2655 2205 astuti,
2706 2158 2893 2200 verum
2935 2149 3099 2205 etiam
3125 2129 3250 2224 quia
3275 2171 3375 2229 per
3417 2129 3530 2221 ξαρ.

1944 2231 2161 2323 pontem
2176 2224 2337 2293 primi
2355 2238 2610 2323 parentes
2627 2235 2799 2290 nostri
2823 2236 2890 2291 ad
2903 2244 3237 2308 peccandum
3260 2224 3531 2323 persuasi,

1946 2327 2011 2367 ac
2037 2315 2102 2369 de
2134 2316 2530 2375 immortalibus
2567 2331 2693 2377 sunt
2730 2331 3006 2394 peccando
3030 2315 3289 2397 mortales
3327 2315 3529 2401 eiiecti;

1946 2402 2113 2505 Recte
2134 2421 2232 2505 per
2254 2419 2561 2479 serpentem
2581 2427 2789 2470 aeneum
2811 2416 3070 2477 Dominus
3091 2429 3413 2502 ostenditur,
3435 2437 3529 2505 qui

1945 2497 2093 2551 venit
2139 2498 2194 2595 in
2243 2500 2648 2595 similitudinem
2696 2504 2885 2578 [Beda,
2932 2510 3302 2595 similitudine]
3351 2497 3533 2585 carnis

1944 2591 2201 2687 peccati:
2243 2592 2366 2662 quia
2412 2595 2553 2650 sicut
2580 2612 2762 2656 aeneus
2792 2616 3013 2672 serpens
3039 2591 3532 2687 elﬁgiequuidem

1947 2684 2130 2757 ignitis
2170 2684 2521 2760 serpentibus
2569 2694 2823 2765 similem,
2855 2700 2950 2754 sed
2977 2701 3185 2760 nullum
3211 2684 3433 2778 prorsus
3474 2714 3533 2771 in

1947 2781 2062 2878 suis
2088 2783 2345 2843 membris
2374 2783 2564 2840 habuit
2592 2788 2842 2844 ardorem
2880 2795 3075 2850 veneni
3102 2803 3377 2870 nocentis;
3404 2806 3532 2878 quin

1946 2871 2130 2942 potius
2176 2887 2466 2945 percussos
2495 2893 2525 2931 a
2552 2882 2921 2951 serpentibus,
2953 2902 3051 2943 sua
3096 2871 3507 2957 cxaltatione-sa

1946 2964 2113 3019 nabat
2142 2983 2155 3018 :
2182 2964 2261 3021 sic
2288 2967 2565 3038 nimirum,
2593 2971 2674 3027 sic
2698 2973 3028 3048 Redemptor
3052 2982 3273 3043 humani
3300 2993 3533 3063 generis,

1948 3073 2053 3112 non
2080 3073 2300 3114 carnem
2327 3063 2556 3130 peccati,
2587 3064 2680 3119 sed
2712 3067 3123 3131 similitudinem
3151 3077 3328 3136 induit
3351 3086 3531 3143 carnis

1946 3147 2179 3237 peccati,
2204 3150 2258 3203 in
2301 3166 2405 3220 qua
2435 3160 2666 3209 mortem
2712 3160 2890 3216 crucis
2924 3164 3200 3237 patiendo,
3251 3174 3532 3236 credentes

1945 3235 2004 3290 in
2035 3252 2095 3292 se
2136 3239 2205 3293 ab
2228 3240 2374 3294 omni
2402 3251 2624 3310 peccato
2658 3252 2713 3300 et
2747 3248 2816 3307 ab
2854 3249 2969 3321 ipsa
2995 3253 3159 3313 etiam
3185 3235 3364 3319 Vmor-te
3400 3235 3530 3325 libo.

1947 3334 2116 3380 raret.
2150 3325 2297 3383 Sicut
2323 3346 2445 3401 ergo
2468 3330 2674 3403 Moyses
2701 3337 2948 3395 exultavit
2972 3357 3259 3414 serpentem
3285 3354 3344 3409 in
3361 3354 3525 3412 deserr

1948 3426 2024 3517 to,
2050 3416 2368 3517 itu-{inquit}
2410 3422 2638 3517 credituri
2662 3439 2862 3497 oportet
2891 3430 3094 3493 Filium
3119 3437 3367 3497 hominis.
3394 3445 3530 3517 Quia

1949 3511 2090 3565 sicut
2114 3511 2195 3566 illi
2223 3513 2314 3583 qui
2342 3514 2635 3571 exaltatum
2673 3533 2773 3589 pro
2808 3523 2959 3594 signo
2986 3539 3292 3601 serpentem
3321 3511 3529 3599 anteum

1949 3604 2647 3701 aspiciebant,sanabantur
2671 3616 2739 3668 ad
2768 3622 2978 3688 tempus
3000 3635 3029 3674 a
3054 3626 3335 3701 temporali
3358 3639 3531 3691 morte

1945 3703 2003 3749 et
2031 3694 2184 3788 plaga
2214 3710 2376 3765 quam
2414 3703 2744 3771 serpentium
2790 3721 3003 3765 morsus
3031 3694 3308 3788 intulerat,
3358 3718 3433 3777 ita
3478 3729 3529 3783 et

1946 3787 2041 3858 qui
2068 3791 2385 3861 mysterium
2427 3794 2720 3854 Dominicaa
2744 3802 3009 3870 passionis
3036 3787 3320 3881 credendo,
3363 3816 3528 3877 conﬁ-

1946 3881 2129 3945 tendo,
2178 3882 2464 3941 sinceriter
2509 3886 2770 3944 imitando
2821 3893 3127 3964 aspiciunt,
3174 3900 3450 3962 salvantur
3476 3906 3528 3965 in

1945 3980 2266 4043 perpetuum
2295 3973 2362 4030 ab
2384 3977 2532 4031 omni
2557 3987 2752 4047 morte,
2782 3997 2943 4051 quam
2975 3989 3247 4053 peccando
3274 3989 3327 4046 in
3351 3994 3528 4054 anima

1947 4063 2154 4132 pariter
2180 4072 2238 4155 et
2280 4080 2444 4121 carne
2490 4079 2897 4127 contraxerant.
2942 4075 3095 4132 Unde
3135 4088 3283 4139 recte
3310 4084 3527 4155 subjun-

1946 4156 2131 4227 gitur:
2159 4154 2228 4211 Ut
2255 4158 2535 4251 omnisqui
2573 4163 2738 4217 credit
2788 4164 2842 4219 in
2871 4165 3042 4236 ipsum
3088 4160 3274 4245 [Beda,
3307 4176 3363 4231 in
3393 4177 3527 4251 ipso]

1946 4260 2053 4299 non
2076 4256 2273 4317 pereat,
2304 4248 2395 4303 sed
2415 4248 2601 4304 habent
2628 4253 2785 4307 vitam
2807 4263 3075 4311 (sternam.
3107 4258 3273 4333 Cujus
3312 4248 3526 4336 quidem
3622 4324 3625 4325 ν

1947 4337 2098 4392 verbi
2123 4346 2273 4408 patet
2301 4354 2520 4408 sensus;
2549 4343 2676 4411 quia
2704 4345 2795 4413 qui
2818 4346 2988 4401 credit
3013 4348 3065 4403 in
3093 4347 3389 4427 Christum,
3419 4374 3528 4417 non

1944 4427 2121 4483 solum
2166 4430 2525 4500 perditionem
2572 4432 2753 4488 evadit
2800 4450 3117 4505 pinnarum,
3144 4442 3239 4498 sed
3269 4450 3325 4500 et
3362 4441 3526 4504 vitam

1944 4521 2175 4593 percipit
2218 4530 2496 4578 eternam.
2557 4524 2623 4579 Et
2664 4526 2767 4582 hoc
2811 4528 2953 4585 inter
2992 4530 3219 4602 ﬁguram
3267 4537 3430 4596 distat
3470 4549 3527 4599 et

268 4618 435 4675 gnum
450 4599 660 4706 Dei-Et
683 4596 810 4706 quia
838 4597 1087 4706 asc‘epsio
1097 4596 1195 4706 rei
1530 4603 1709 4706 rigui.
1726 4602 1847 4706 fieri
1869 4636 1926 4699 υ
1947 4616 2251 4683 veritatem,
2287 4617 2411 4688 quia
2437 4633 2534 4690 per
2556 4617 2702 4673 illam
2731 4620 2840 4675 vita
2862 4596 3163 4691 protelatur
3188 4626 3377 4705 [Beda,
3398 4596 3526 4706 pro;

264 4712 377 4753 non
416 4702 596 4767 potest
660 4692 885 4785 absque
909 4690 1017 4746 ﬁde
1062 4696 1119 4745 et
1146 4694 1517 4785 moramentis
1557 4693 1848 4752 Dominicm
1869 4690 1919 4699 ’⁷
1951 4707 2238 4782 telahatur]
2292 4710 2620 4779 temporalis,
2660 4724 2758 4780 per
2803 4690 2946 4769 hanc
2989 4716 3099 4773 vita
3139 4690 3375 4779 ddnatur
3398 4690 3527 4785 sine

236 4785 558 4865 passionis,
604 4788 754 4839 recte
798 4778 1031 4836 infertur
1070 4780 1205 4836 :‘Et
1248 4784 1385 4838 sicut
1411 4783 1619 4857 Moyses
1645 4787 1849 4843 exaltu-

263 4878 339 4933 oit
385 4883 669 4948 serpentem
684 4875 743 4929 in
780 4873 1006 4940 deserto,
1030 4871 1108 4927 ita
1148 4872 1377 4929 exaltari
1401 4885 1598 4946 oportet
1644 4876 1848 4935 Filium

266 4967 515 5023 hominis.

334 5056 501 5115 Vens.
527 5056 613 5112 iii.
633 5084 706 5098 --
726 5054 794 5110 Ut
839 5047 1008 5112 omnis
1051 5057 1145 5129 qui
1185 5057 1352 5111 credit
1395 5073 1454 5113 in
1495 5075 1689 5131 ipsum,
1740 5077 1846 5117 non

264 5157 462 5222 pereat,
510 5147 601 5203 sed
640 5146 827 5201 habeat
870 5146 1030 5200 vitam
1071 5154 1340 5200 wtmam.
1386 5147 1521 5203 Mira
1546 5150 1845 5221 magisterii

265 5242 508 5300 cmiestis
550 5249 667 5296 arte
712 5238 972 5295 Dominus
1025 5239 1343 5310 magistrum
1402 5238 1533 5308 legis
1597 5241 1845 5299 Mosaicae

265 5333 338 5389 ad
376 5332 672 5403 spiritalem
697 5330 830 5400 legis
873 5326 1114 5397 ejusdem
1140 5343 1358 5383 sensum
1387 5326 1612 5398 inducit,
1662 5348 1844 5388 recor-

265 5428 405 5485 dans
442 5423 945 5488 lictor-ianuis,
982 5422 1541 5494 ahancmﬁguram
1581 5441 1843 5500 satrapas-

262 5518 434 5577 sionis
466 5527 630 5589 atque
652 5517 899 5572 humana:
924 5513 1237 5569 salvationis
1274 5513 1471 5571 factam
1511 5518 1836 5577 edisserens.

254 5608 465 5666 Narrat
514 5608 710 5679 quippe
750 5605 888 5661 liber
912 5603 1292 5671 Numerorum,
1331 5608 1456 5677 quia
1486 5616 1752 5680 pertaesus
1783 5614 1839 5670 in

258 5715 451 5758 ereum
475 5698 702 5770 populus
719 5696 886 5755 Israel
908 5697 1123 5753 itineris
1144 5697 1288 5768 longi
1316 5713 1384 5753 ac
1418 5698 1639 5768 laboris,
1685 5719 1837 5759 mur-

258 5796 503 5852 muravit
526 5802 717 5849 contra
742 5793 1029 5851 Dominum
1051 5799 1106 5846 et
1125 5790 1374 5863 Moysen;
1406 5793 1635 5866 ideoque
1654 5797 1837 5855 Domi-

258 5902 369 5945 nus
388 5886 675 5945 immiserit
697 5888 756 5944 in
782 5885 933 5942 illum
970 5883 1165 5956 ignitos
1188 5892 1486 5957 serpentes,
1516 5889 1584 5945 ad
1604 5904 1834 5961 quorum

1949 4798 2057 4853 ﬁne
2098 4812 2371 4852 mansura.
2405 4797 2511 4853 Sed
2561 4802 2857 4856 curandum
2896 4805 3124 4865 solerter
3165 4819 3269 4880 est,
3294 4822 3355 4870 ut
3378 4818 3523 4888 quod

1946 4889 2255 4945 intellectus
2290 4890 2428 4945 bene
2457 4891 2641 4957 sentit,
2680 4894 2923 4973 operatio
2949 4901 3209 4973 condigna
3254 4905 3520 4977 perﬁciat,

1946 4987 2212 5050 quatenus
2237 4980 2506 5037 confessio
2527 4990 2690 5038 recta:
2724 4994 2922 5043 nostra:
2954 4988 3100 5065 iidei,
3132 4994 3220 5063 pie
3245 5003 3299 5061 et
3340 5000 3523 5062 sobrie

1946 5072 2330 5135 conversando,
2366 5073 2433 5128 ad
2465 5071 2849 5142 perfectionem
2875 5064 3063 5151 ματα,
3086 5064 3177 5137 ad
3220 5090 3520 5156 perceptio-

1942 5164 2383 5247 nemlpremissae
2407 5168 2561 5224 nobis
2579 5169 2706 5225 vitae
2722 5181 2997 5228 mereatur
3017 5172 3298 5248 attingere.
3316 5181 3518 5243 Verum

1943 5259 2070 5328 quia
2102 5260 2222 5313 haec
2251 5259 2317 5314 de
2339 5259 2479 5316 Filio
2506 5261 2741 5319 hominis
2777 5263 3048 5333 dicuntur,
3095 5269 3187 5337 qui
3208 5272 3433 5331 exaltari
3458 5276 3518 5335 in

1938 5360 2121 5412 cruce,
2149 5342 2451 5404 etmortem
2472 5353 2649 5420 potuit
2678 5354 2810 5431 pati,
2850 5371 2915 5409 ne
2936 5364 3154 5429 putaret
3190 5357 3515 5423 Nicodamus

1938 5438 2139 5494 Filium
2182 5448 2397 5497 tantum
2432 5456 2557 5499 eum
2585 5446 2821 5501 hominis
2847 5461 2989 5512 esse,
3016 5463 3047 5502 a
3081 5465 3189 5520 quo
3232 5452 3342 5509 vita
3370 5462 3516 5515 esset

1940 5534 2298 5601 exspectanda
2320 5544 2598 5605 perpetua,
2640 5537 2849 5591 curavit
2874 5538 2923 5592 ei
2954 5536 3212 5598 Dominus
3240 5543 3399 5600 etiam
3425 5545 3510 5602 di-

1938 5622 2180 5679 vinitatis
2201 5638 2312 5680 suae
2346 5627 2653 5696 patefacere
2694 5638 3109 5698 sacramentum,
3153 5650 3428 5707 unumque
3455 5644 3512 5696 et

1934 5715 2183 5771 eumdem
2210 5716 2403 5771 Filium
2425 5716 2543 5782 Dei,
2564 5726 2619 5772 et
2637 5718 2832 5773 Filium
2865 5720 3097 5780 hominis
3121 5728 3307 5784 mundi
3328 5738 3511 5788 osten-

1938 5805 2066 5861 dere
2083 5806 2426 5866 salvatorem.
2450 5808 2586 5865 Nam
2606 5811 2851 5881 sequitur
2872 5830 2888 5867 :

2007 5899 2169 5958 Vsus.
2200 5899 2286 5957 16.
2320 5929 2392 5945 σι·-
2429 5900 2519 5958 Sic
2563 5904 2700 5960 enim
2732 5905 2914 5964 dilexit
2963 5906 3107 5966 Deus
3150 5919 3510 5979 meum.“
