4072 6340
555 407 667 468 7.85

1427 403 1489 458 Β.
1528 402 1592 459 F.
1630 399 1856 457 ALBINI
1894 398 2024 456 SEU
2064 395 2342 454 ALCUINI
2379 394 2662 452 OPERUM
2698 390 2882 450 PARS
2918 391 2982 447 ll.

3722 390 3831 449 784

557 521 761 579 Filium
784 537 941 577 suum
963 520 1287 593 unigenitum
1309 518 1477 584 daret,
1508 526 1564 570 ut
1589 516 1756 570 omnis
1776 515 1866 586 qui
1889 514 2052 570 credit
2090 515 2144 567 in
2174 517 2222 576 Α
2249 527 2366 578 sua,
2389 511 2501 582 jam
2539 525 2662 565 cum
2688 510 2800 565 Deo
2825 506 2974 563 facit.
2999 505 3234 563 Accusat
3255 504 3401 562 Deus
3431 512 3657 575 peccata
3683 514 3778 562 tua
3813 525 3829 564 :

554 630 698 680 eum,
742 629 846 667 non
884 619 1078 684 pereat,
1112 611 1200 664 sed
1244 609 1431 663 habeat
1470 607 1628 662 vitam
1666 615 1937 660 aeternam.
1991 604 2144 663 Unde

555 705 855 763 notandum
878 705 1020 774 quod
1043 702 1230 756 eadem
1257 701 1322 755 de
1357 700 1496 755 Filio
1530 699 1624 753 Dei
1659 697 1937 768 unigenito
1984 696 2146 766 repli-

556 806 668 864 cat,
697 811 821 867 qua:
851 797 916 851 de
939 795 1076 850 Filio
1105 793 1340 848 hominis
1367 793 1420 846 in
1451 807 1614 847 cruce
1655 790 1892 847 exaltato
1931 778 2147 862 praemi—

555 897 729 957 scrat,
761 890 988 945 dicens:
1034 885 1100 940 Ut
1123 885 1290 940 omnis
1329 886 1420 957 qui
1446 884 1609 939 credit
1637 884 1693 938 in
1731 899 1878 964 eum,
1917 899 2021 938 non
2059 898 2148 951 pe-

557 990 694 1047 reat,
725 980 816 1036 sed
848 980 1035 1034 habeat
1057 979 1217 1033 vitam
1243 986 1514 1032 wternam.
1547 975 1683 1042 Quia
1713 975 1956 1046 profecto
2006 974 2148 1028 idem

556 1073 868 1144 redemptor
895 1081 950 1127 et
977 1071 1227 1128 conditor
1253 1078 1458 1134 noster,
1485 1067 1653 1126 Filius
1676 1068 1771 1122 Dei
1801 1075 1927 1121 ante
1952 1065 2148 1122 saecula

551 1160 816 1226 existens,
839 1162 1009 1217 Filius
1035 1160 1269 1217 hominis
1289 1159 1464 1214 factus
1488 1166 1570 1215 est
1595 1158 1649 1212 in
1679 1158 1785 1212 tine
1806 1156 2147 1221 smculorum,

553 1262 639 1322 ιιι,
667 1255 758 1325 qui
783 1269 880 1326 per
903 1253 1208 1310 divinitatis
1245 1268 1356 1308 suae
1397 1252 1700 1322 potentiam
1727 1267 1826 1306 nos
1874 1256 2153 1306 creaverat

553 1345 629 1402 ad
657 1345 1040 1416 perfruendam
1061 1346 1187 1401 vitae
1205 1345 1597 1402 beatitudinem
1625 1345 1897 1416 perennis,
1924 1344 2036 1412 ipse
2056 1357 2154 1413 per

556 1434 907 1507 fragilitatem
932 1437 1291 1493 humanitatis
1326 1445 1528 1492 nostrm
1569 1451 1668 1492 nos
1699 1442 2033 1492 rcstauraret
2085 1433 2154 1488 ad

556 1527 928 1599 recipiendam
966 1543 1129 1599 quam
1175 1527 1511 1599 perdidimus
1552 1527 1740 1584 vitam.
1771 1541 1797 1569 ι
1835 1546 1854 1580 ι
1896 1526 2156 1598 Sequitur

558 1626 746 1675 autem
790 1637 803 1673 :

629 1708 795 1766 Vens.
830 1711 1142 1767 i7.—Non
1176 1714 1316 1768 enim
1349 1714 1492 1768 misit
1519 1713 1661 1768 Deus
1693 1712 1894 1768 Filium
1921 1728 2075 1768 suum
2099 1712 2157 1766 in

555 1802 834 1868 mundum,
858 1812 915 1856 ut
936 1803 1140 1874 judicet
1171 1805 1446 1871 mundum,
1475 1805 1566 1860 sed
1588 1815 1644 1859 ut
1672 1804 1900 1860 salvetur
1924 1804 2155 1858 mundus

554 1909 651 1964 per
678 1895 868 1964 ipsum.
901 1912 919 1943 ‹
949 1895 978 1934 ι)
1007 1895 1149 1965 Ergo
1170 1905 1432 1965 quantum
1464 1895 1520 1950 in
1572 1897 1783 1951 medico
1831 1905 1932 1961 est,
1961 1911 2155 1952 sanare

557 1983 706 2039 venit
759 1991 1040 2053 aegrotum.
1092 1984 1163 2040 Se
1225 2001 1354 2056 ergo
1405 1986 1698 2051 interimit,
1742 1987 1834 2057 qui
1890 1997 2157 2060 praecepta

555 2076 757 2132 medici
783 2077 1075 2132 observare
1097 2093 1206 2132 non
1235 2078 1369 2133 vult.
1398 2079 1558 2133 Venit
1595 2077 1844 2134 Salvator
1891 2079 1947 2133 in
2001 2094 2157 2133 mun-

559 2169 690 2225 dum
730 2187 743 2223 :
775 2186 944 2239 quare
990 2171 1239 2227 Salvator
1266 2173 1440 2227 dictus
1469 2181 1554 2226 est
1585 2173 1791 2237 mundi,
1829 2173 1932 2227 nisi
1963 2180 2022 2226 ut
2052 2171 2156 2227 sal-

555 2270 649 2318 vet
674 2263 957 2328 mundum,
981 2280 1089 2319 non
1118 2266 1400 2336 utjudicet
1447 2268 1741 2323 mundum?
1793 2267 2002 2322 Salvari
2046 2284 2155 2323 non

556 2353 642 2409 vis
667 2354 734 2408 ab
757 2353 892 2424 ipso,
925 2369 994 2410 ex
1025 2363 1079 2410 te
1099 2355 1451 2424 judicaberis.
1480 2359 1546 2412 Et
1575 2358 1704 2428 quid
1735 2359 1911 2414 dicam
1943 2357 2154 2428 judica-

557 2443 750 2499 beris?
781 2444 905 2500 vide
934 2445 1062 2515 quid
1084 2447 1161 2500 ait
1191 2464 1206 2503 :
1250 2446 1355 2513 Qui
1378 2449 1543 2502 credit
1573 2450 1628 2502 in
1655 2465 1790 2514 eum,
1816 2467 1920 2504 non
1940 2449 2156 2520 judica-

558 2535 700 2590 bitur
727 2535 859 2608 [Al.,
882 2536 1204 2610 judicatur].
1257 2538 1360 2604 Qui
1395 2550 1570 2595 autem
1613 2557 1718 2594 non
1760 2541 1923 2595 credit
1968 2557 1985 2594 :
2026 2541 2157 2610 quid

556 2627 831 2683 dicturum
865 2631 1144 2700 sperabas,
1177 2631 1304 2696 nisi,
1319 2632 1642 2702 judicatur?
1682 2632 1826 2697 lam,
1852 2632 2048 2703 inquit,
2061 2633 2157 2703 ju-

553 2717 766 2774 dicatus
807 2730 904 2775 est.
950 2720 1198 2777 Nondum
1229 2724 1477 2794 apparuit
1501 2722 1787 2792 judicrum,
1819 2725 1913 2780 sed
1935 2723 2050 2792 jam
2075 2724 2157 2778 fa-

558 2817 708 2865 ctum
753 2822 840 2867 est
867 2812 1162 2881 judicium;
1215 2815 1374 2871 Novit
1409 2817 1546 2871 enim
1592 2817 1874 2883 Dominus,
1907 2819 1997 2889 qui
2035 2827 2155 2873 sunt

552 2903 698 2974 ejus,
729 2905 816 2976 (II
848 2907 981 2961 Tim.
1009 2925 1071 2974 ll,
1099 2909 1219 2982 l9);
1260 2912 1428 2977 novit,
1457 2913 1549 2982 qui
1577 2923 1932 2983 permaneant
1960 2916 2028 2969 ad
2064 2930 2157 2970 co-

559 3011 774 3064 ronam,
803 2999 896 3068 qui
917 3011 1271 3068 permaneant
1297 3003 1366 3058 ad
1391 3002 1693 3071 ﬂammam;
1741 3008 1891 3061 novit
1927 3008 1981 3062 in
2029 3023 2156 3063 area

559 3100 656 3142 sua
689 3090 929 3146 triticum
969 3107 1147 3159 suum,
1169 3095 1319 3149 novit
1344 3104 1398 3151 et
1436 3097 1678 3166 paleam;
1729 3101 1879 3154 novit
1913 3109 1968 3155 ει
2009 3116 2157 3172 sege-

2248 607 2290 661 si
2315 614 2367 659 et
2389 614 2447 659 tu
2474 618 2715 670 accuses,
2733 601 3079 674 conjungeris
3099 599 3229 657 Deo.
3247 599 3413 667 Quasi
3434 601 3551 655 dua:
3573 615 3663 655 res
3685 612 3831 669 sunt,

2249 699 2415 754 homo
2447 705 2500 752 et
2526 705 2798 768 peccator.
2840 695 2996 763 Quod
3043 693 3196 749 audis
3241 694 3422 758 homo,
3473 693 3618 748 Deus
3672 692 3832 761 fecit;

2247 790 2391 861 quod
2411 789 2564 844 audis
2586 795 2856 860 peccator,
2882 788 2997 856 ipse
3017 789 3180 843 homo
3200 786 3345 844 fecit.
3372 785 3501 841 Dele
3527 787 3673 856 quod
3701 785 3835 842 feci-

2249 883 2340 948 sti,
2362 889 2423 936 ut
2441 881 2585 937 Deus
2611 881 2781 937 salvet
2802 881 2946 951 quod
2969 879 3117 936 fecit.
3143 878 3366 951 Oportet
3394 886 3455 935 ut
3484 878 3669 934 oderis
3701 879 3757 934 in
3788 887 3836 935 te

2249 991 2384 1046 opus
2411 985 2581 1038 tuum,
2611 984 2667 1030 ει
2693 991 2844 1030 ames
2869 976 2922 1030 in
2948 983 3004 1030 te
3029 989 3166 1046 opus
3194 973 3311 1028 Dei.
3345 972 3483 1029 Cum
3521 981 3704 1026 autem
3731 988 3839 1028 cce

2249 1066 2390 1138 perit
2419 1066 2513 1122 tibi
2545 1065 2829 1136 displicere
2867 1065 3008 1136 quod
3035 1063 3236 1130 fecisti,
3263 1063 3387 1118 inde
3410 1063 3681 1133 incipiunt
3699 1062 3836 1117 bona

2252 1171 2414 1228 opera
2439 1166 2549 1223 tua,
2576 1157 2702 1226 quia
2737 1171 2963 1212 accusas
2988 1154 3130 1209 mala
3159 1167 3321 1224 opera
3349 1160 3462 1208 tua.
3491 1152 3717 1207 Initium
3744 1153 3836 1206 bo-

2253 1265 2447 1304 norum
2475 1263 2718 1320 operum,
2745 1246 3015 1303 confessio
3034 1253 3119 1302 est
3146 1260 3371 1316 operum
3407 1244 3700 1298 malorum.
3743 1241 3839 1297 Fa-

2255 1342 2334 1397 cis
2357 1341 2660 1405 veritatem,
2683 1346 2737 1394 ct
2764 1339 2918 1394 venis
2956 1339 3026 1394 ad
3058 1337 3255 1394 lucem.
3281 1335 3422 1405 Quid
3442 1344 3547 1400 est,
3578 1334 3715 1390 facis
3754 1348 3838 1389 ve-

2255 1432 2506 1488 ritatem?
2543 1430 2660 1485 Non
2697 1437 2751 1486 te
2775 1429 2981 1500 palpas,
3009 1444 3118 1485 non
3156 1428 3254 1484 tibi
3306 1425 3606 1491 blandiris,
3636 1441 3746 1480 non
3789 1433 3838 1479 te

2257 1523 2478 1588 adulas;
2509 1539 2616 1578 non
2639 1522 2774 1577 dicis
2799 1539 2811 1574 :
2830 1520 3012 1590 justus
3049 1536 3204 1586 sum,
3230 1535 3354 1575 cum
3407 1518 3484 1574 sis
3522 1518 3755 1588 iniquus,
3787 1523 3840 1570 et

2258 1615 2450 1687 incipis
2493 1615 2672 1670 facere
2711 1614 3015 1670 veritatem.
3057 1611 3222 1668 Venis
3258 1618 3439 1666 autem
3467 1610 3531 1664 ad
3553 1609 3746 1675 lucem,
3779 1617 3840 1661 ut

2258 1708 2677 1764 manifestentur
2695 1722 2861 1776 opera
2886 1713 2979 1761 tua
3009 1704 3135 1776 quia
3163 1704 3218 1758 in
3243 1703 3358 1758 Deo
3383 1710 3508 1758 sunt
3527 1701 3684 1764 facta,
3706 1698 3830 1770 quia

2261 1809 2316 1857 et
2349 1801 2452 1855 hoc
2488 1799 2664 1870 ipsum
2700 1797 2846 1867 quod
2875 1797 2973 1852 tibi
3010 1794 3285 1865 displicuit
3329 1800 3610 1863 peccatum
3653 1797 3834 1854 tuum,

2181 1868 2232 1931 θ
2258 1910 2364 1950 non
2410 1868 2525 1946 tibi
2548 1891 2882 1961 displiceret,
2912 1890 3018 1945 nisi
3066 1889 3211 1944 Deus
3259 1886 3357 1943 tibi
3405 1887 3633 1951 luceret,
3656 1889 3712 1939 ει
3732 1881 3840 1952 ejus

2255 1987 2459 2043 veritas
2488 1986 2588 2040 tibi
2617 1984 2930 2040 ostenderet
2953 1983 3127 2038 lucem
3160 1980 3254 2054 [In
3273 1981 3411 2050 Aug.
3433 1979 3598 2042 deest,
3615 1974 3835 2048 lucem];

2256 2083 2350 2139 sed
2375 2082 2468 2152 qui
2489 2081 2655 2136 etiam
2685 2079 2995 2134 admonitus
3020 2076 3195 2146 diligit
3222 2082 3447 2146 peccata
3471 2087 3594 2138 sua,
3619 2071 3734 2126 odit
3755 2069 3838 2124 ad-

2254 2183 2565 2232 monentem
2594 2174 2793 2239 lucem,
2829 2180 2883 2228 et
2928 2171 3065 2242 fugit
3103 2186 3255 2235 eam,
3297 2177 3358 2224 ut
3396 2185 3506 2225 non
3556 2177 3838 2241 arguantur

2254 2283 2421 2338 opera
2441 2267 2558 2338 ejus
2594 2265 2735 2319 mala
2762 2280 2881 2335 qua:
2910 2262 3106 2334 diligit.
3139 2261 3242 2328 Qui
3277 2270 3458 2317 autem
3491 2260 3627 2317 facit
3655 2261 3838 2316 verita—

2255 2371 2388 2428 tem,
2416 2368 2638 2416 accusat
2666 2359 2720 2413 in
2755 2372 2814 2413 se
2842 2357 2985 2410 mala
3011 2371 3128 2422 sua,
3174 2370 3282 2412 non
3336 2354 3440 2410 sibi
3492 2355 3695 2426 parcit,
3743 2370 3836 2409 non

2255 2454 2357 2510 sibi
2380 2452 2631 2524 ignoscit,
2662 2457 2720 2503 ut
2764 2449 2907 2504 Deus
2949 2448 3224 2518 ignoscat;
3275 2446 3404 2517 quia
3445 2446 3593 2517 quod
3636 2445 3750 2500 vult
3789 2453 3839 2500 ut

2256 2544 2398 2600 Deus
2438 2542 2702 2612 ignoscat,
2729 2539 2843 2610 ipse
2871 2538 3140 2606 agnoscit,
3173 2537 3396 2592 etvenit
3428 2537 3497 2591 ad
3540 2536 3742 2601 lucem,
3763 2535 3839 2592 cui

2256 2633 2460 2703 gratias
2491 2632 2602 2702 agit
2630 2629 2775 2700 quod
2802 2629 2899 2695 illi,
2924 2629 3053 2698 quid
3085 2630 3139 2684 in
3181 2643 3240 2685 se
3277 2627 3504 2693 odisset,
3532 2628 3838 2684 ostenderit.

2255 2726 2397 2782 Dicit
2419 2725 2646 2780 Domino
2677 2741 2689 2777 :
2720 2724 2904 2778 Averte
2937 2723 3125 2791 faciem
3148 2731 3295 2777 tuam
3317 2740 3349 2776 α
3367 2723 3597 2794 peccatis
3617 2721 3764 2777 meis.
3783 2721 3840 2776 Et

2256 2835 2362 2890 qua
2385 2817 2561 2873 fronte
2589 2817 2740 2882 dicit,
2772 2816 2879 2871 nisi
2906 2816 3108 2872 iterum
3128 2816 3311 2872 dicat?
3338 2815 3608 2883 Quoniam
3640 2818 3836 2887 facinus

2257 2927 2428 2966 meum
2453 2927 2546 2981 890
2577 2925 2799 2980 agnosco
2815 2949 2830 2973 ,
2853 2917 2902 2962 et
2929 2918 3198 2979 peccatum
3221 2923 3396 2964 meum
3420 2919 3607 2964 contra
3645 2926 3728 2964 me
3773 2918 3838 2963 est

2256 3019 2459 3074 semper
2496 2998 2677 3072 (Psal.
2721 3016 2775 3067 ι,
2806 2999 2860 3066 5,
2897 2999 3007 3071 11).
3041 2999 3126 3055 Sit
3167 3008 3293 3055 ante
3321 3008 3403 3066 te,
3447 3007 3594 3071 quod
3637 3015 3746 3056 non
3772 3014 3845 3054 ns

2257 3109 2378 3150 esse
2406 3103 2531 3149 ante
2559 3095 2845 3150 Dominum
2869 3094 3054 3167 [Aug.,
3089 3094 3308 3167 Deum].
3344 3095 3402 3151 Si
3426 3103 3611 3151 autem
3641 3103 3760 3166 post
3798 3103 3845 3150 te

558 3187 692 3247 tem,
715 3184 866 3238 novit
894 3185 1124 3240 zizania.
1147 3185 1266 3241 Jam
1289 3188 1563 3259 judicatus
1600 3200 1683 3246 est
1711 3193 1804 3261 qui
1833 3208 1938 3247 non
1959 3195 2150 3249 credit.
2181 3225 2228 3288 ρ
2261 3184 2459 3240 feceris
2505 3193 2790 3255 Peccatum
2838 3193 3022 3249 ῑιιιιῐης
3056 3192 3338 3256 retorquet
3390 3185 3486 3241 tibi
3538 3184 3670 3240 illud

562 3277 740 3344 Quare
767 3279 1076 3348 judicatus?
1122 3282 1262 3350 Quia
1292 3303 1396 3341 non
1426 3288 1592 3342 credit
1625 3289 1682 3344 in
1726 3293 1935 3346 nomine
1968 3295 2153 3364 unige-

559 3370 657 3424 niti
687 3369 818 3426 Filii
837 3373 954 3428 Dei.
1000 3377 1187 3447 (Vens.
1222 3379 1336 3450 19.)
1370 3379 1484 3436 Hoc
1534 3392 1608 3436 est
1653 3391 1827 3438 autem
1867 3386 2153 3455 judicium,

557 3463 684 3534 quia
712 3463 805 3520 lux
841 3469 978 3521 venit
1004 3469 1060 3522 in
1091 3470 1367 3537 mundum,
1393 3481 1443 3526 et
1465 3471 1762 3527 dilexerunt
1791 3475 2025 3531 homines
2051 3494 2161 3530 ma-

557 3555 639 3625 gis
664 3557 902 3613 tenebras
949 3576 1108 3630 quam
1156 3560 1326 3616 lucem
1372 3578 1391 3616 :
1440 3573 1590 3618 erant
1630 3566 1766 3618 enim
1821 3566 1963 3620 mala
2002 3584 2160 3638 opera

558 3649 763 3702 eorum.
813 3649 1036 3707 Fratres
1082 3653 1208 3718 mei,
1243 3670 1475 3725 quorum
1526 3671 1690 3726 opera
1750 3658 1894 3713 bona
1951 3659 2161 3715 invenit

563 3736 856 3796 Dominus?
894 3741 1194 3799 Nullorum.
1228 3746 1420 3802 Omnia
1470 3747 1650 3820 [Aug.,
1683 3749 1960 3823 Omnium]
2015 3753 2160 3808 enim

561 3831 707 3884 mala
728 3847 893 3902 opera
921 3833 1144 3891 invenit.
1170 3836 1452 3904 Quomodo
1479 3855 1609 3911 ergo
1649 3843 1868 3911 quidam
1916 3842 2164 3900 fecerunt

560 3921 846 3979 veritatem
867 3965 882 3992 ,
913 3935 970 3981 et
1007 3937 1272 3985 venerunt
1304 3931 1375 3986 ad
1402 3931 1616 3988 lucem?
1652 3933 1769 3990 Hoc
1797 3936 1942 3991 enim
1975 3938 2161 4007 sequi-

565 4019 658 4070 tur
697 4033 712 4071 :

572 4107 576 4110 ’
633 4107 799 4164 Vens.
827 4109 916 4165 21.
958 4133 1031 4152 ---
1061 4111 1165 4180 Qui
1192 4123 1370 4170 autem
1406 4116 1537 4187 facit
1585 4119 1882 4184 veritatem,
1917 4121 2051 4175 venit
2091 4122 2162 4175 ad

561 4197 752 4266 lucem,
778 4211 834 4255 ut
860 4204 1263 4274 manifestentur
1297 4223 1454 4278 opera
1480 4209 1615 4280 ejus,
1639 4211 1765 4282 quia
1790 4213 1846 4264 in
1884 4210 1993 4266 Deo
2017 4211 2163 4282 facta

561 4302 707 4346 sunt.
739 4292 1019 4360 Quomodo
1055 4313 1185 4368 ergo
1235 4299 1455 4366 quidam
1495 4301 1698 4355 bonum
1725 4317 1864 4372 opus
1892 4302 2160 4369 fecerunt,

561 4392 624 4438 ut
644 4386 893 4443 venirent
911 4388 1079 4460 494
1103 4389 1171 4444 ad
1199 4390 1374 4444 lucem
1391 4431 1406 4457 ,
1431 4391 1487 4446 id
1508 4401 1620 4456 est,
1647 4393 1716 4446 ad
1740 4394 2049 4450 Christum?
2099 4394 2165 4450 Et

566 4480 836 4545 quomodo
852 4481 1073 4548 quidam
1097 4480 1404 4535 dilexerunt
1421 4485 1703 4539 tenebras?
1728 4484 1786 4540 Si
1807 4487 1952 4540 enim
1974 4502 2164 4543 omnes

2261 3285 2387 3332 ante
2430 3276 2615 3332 oculos
2664 3285 2830 3331 tuos:
2870 3283 2926 3330 et
2972 3283 3102 3330 tunc
3147 3283 3445 3346 retorquet,
3489 3275 3707 3346 quando
3740 3274 3844 3345 jam

2258 3368 2589 3440 paenitentia:
2625 3367 2834 3424 fructus
2878 3368 3057 3424 nullus
3089 3369 3213 3424 erit.
3245 3368 3461 3425 Currite
3504 3370 3634 3424 dum
3679 3368 3846 3424 lucem

2257 3459 2489 3526 habetis,
2507 3475 2574 3515 ne
2605 3458 2841 3516 tenebrae
2864 3459 3059 3515 mortis
3083 3474 3180 3516 vos
3206 3461 3685 3532 comprehendant.
3712 3479 3734 3513 ι
3753 3457 3850 3517 So-

2258 3552 2443 3622 quitur
2471 3560 2651 3608 autem
2685 3570 2698 3606 :

2332 3646 2498 3700 Vens.
2525 3645 2616 3699 22.
2646 3675 2715 3685 —
2745 3644 2875 3700 Post
2910 3645 3021 3700 haec
3047 3653 3224 3699 autem
3243 3653 3384 3699 venit
3409 3642 3566 3698 Iesus
3603 3650 3656 3697 et
3696 3641 3848 3696 disci-

2259 3741 2371 3814 puli
2396 3742 2511 3812 ejus
2537 3741 2591 3794 in
2616 3741 2864 3796 Judteam
2891 3749 3104 3795 terram.
3133 3739 3201 3794 Et
3219 3737 3330 3794 illic
3351 3737 3728 3793 demorabatur
3742 3752 3850 3791 cum

2265 3835 2362 3897 eis,
2391 3841 2438 3886 et
2462 3831 2571 3885 illic
2594 3831 2915 3902 baptizabat.
2964 3849 2983 3882 ι
3023 3842 3044 3870 ο
3079 3831 3395 3900 Baptizatus
3424 3829 3705 3900 baptizat;
3754 3840 3852 3882 non

2261 3926 2317 3983 in
2347 3941 2411 3980 eo
2452 3923 2781 3994 baptismate
2819 3925 3063 3996 baptizat
3109 3939 3216 3996 quo
3262 3924 3569 3994 baptizatus
3613 3931 3719 3979 est.
3761 3921 3854 3976 Dat

2261 4019 2594 4090 baptismum
2646 4016 3112 4090 [Ms.,baptisma]
3164 4017 3426 4072 Dominus
3468 4015 3782 4086 baptizatus
3822 4029 3852 4068 a

2265 4125 2441 4174 servo,
2465 4109 2756 4165 ostendens
2785 4108 3110 4164 humilitatis
3137 4109 3302 4174 viam,
3336 4115 3392 4164 et
3435 4107 3743 4179 perducens
3792 4105 3853 4161 ad

2263 4203 2595 4274 baptismum
2652 4201 2808 4274 μὴ,
2832 4201 3126 4274 baptisma]
3184 4201 3418 4256 Domini.
3468 4200 3583 4256 Hoc
3643 4208 3730 4256 εει
3768 4199 3856 4254 ba-

2263 4293 2463 4364 ptisma
2507 4307 2686 4356 suum,
2714 4291 3005 4362 praebendo
3034 4291 3356 4348 humilitatis
3380 4290 3716 4361 exemplum,
3741 4288 3857 4360 quia

2266 4384 2382 4454 ipse
2420 4399 2527 4439 non
2553 4383 2762 4454 respuit
2787 4385 3055 4454 baptisma
3077 4383 3254 4450 servi;
3283 4392 3340 4438 et
3366 4383 3702 4454 baptismate
3723 4382 3858 4439 servi

2265 4477 2351 4530 via
2379 4477 2792 4547 prmparabatur
2819 4476 3047 4532 Domino
3077 4495 3089 4530 :
3117 4485 3174 4532 et
3213 4477 3522 4546 baptizatus
3564 4477 3854 4540 Dominus,

564 4577 880 4638 peccatores
903 4569 1130 4634 invenit,
1154 4578 1208 4626 et
1233 4586 1472 4627 omnesa
1495 4585 1719 4643 peccato
1748 4586 1932 4642 sanat;
1967 4587 2023 4632 ει
2048 4594 2164 4634 ser.
2188 4590 2244 4653 D
2269 4568 2410 4622 viam
2443 4582 2500 4622 se
2526 4567 2657 4624 fecit
2680 4567 2747 4622 ad
2777 4582 2834 4622 sc
2877 4565 3285 4627 lvenientihus.l
3319 4567 3501 4637 Ipsum
3529 4569 3818 4624 audiamus
3842 4584 3856 4619 :

567 4671 704 4729 pens
733 4657 822 4711 ille
843 4699 856 4722 ,
875 4659 928 4713 in
955 4675 1062 4729 quo
1083 4659 1311 4733 ﬁgurata
1342 4672 1426 4718 est
1453 4681 1601 4720 mors
1630 4667 1838 4722 Domini
1855 4710 1869 4734 ,
1892 4684 1987 4724 eos
2009 4679 2166 4725 sanat

569 4749 663 4820 qui
700 4751 867 4805 morsi
898 4750 1140 4822 fuerant;
1173 4764 1229 4811 et
1261 4765 1485 4829 propter
1509 4774 1724 4816 morsus
1749 4765 2016 4833 serpentis
2043 4780 2164 4821 ere-

569 4854 691 4902 ctus
717 4853 802 4902 est
830 4862 1074 4918 serpens,
1104 4850 1158 4906 id
1187 4860 1298 4919 est,
1328 4869 1476 4910 mors
1505 4855 1746 4921 Domini,
1769 4864 1989 4927 propter
2013 4872 2162 4912 mor-

568 4936 710 4993 tales
735 4938 1003 5005 homines,
1024 4955 1161 5010 quos
1187 4944 1394 5001 invenit
1421 4945 1684 5016 injustos;
1715 4949 1986 5018 quomodo
2015 4949 2167 5003 intel~

568 5027 774 5099 ligitur,
803 5030 903 5085 hoc
939 5040 1014 5086 est
1036 5031 1328 5102 judicium,
1355 5038 1605 5108 quoniam
1640 5038 1733 5093 lux
1758 5040 1900 5094 venit
1935 5039 1991 5092 in
2017 5056 2166 5094 mun-

569 5123 697 5178 dum
721 5163 737 5190 ,
775 5132 825 5178 et
863 5123 1159 5182 dilexerunt
1215 5127 1450 5185 homines
1501 5133 1667 5203 magis
1711 5131 1947 5188 tenebras
2005 5149 2165 5204 quam

569 5213 739 5270 lucem
764 5233 779 5270 :
803 5226 954 5272 erant
979 5219 1119 5274 enim
1139 5219 1282 5275 mala
1305 5239 1461 5292 opera
1499 5224 1717 5280 eorum?
1744 5223 1886 5291 Quid
1911 5225 2057 5279 enim
2082 5232 2168 5281 est

570 5304 711 5360 hoc?
739 5305 982 5374 Quorum
1011 5311 1159 5366 enim
1188 5321 1346 5368 erant
1366 5329 1531 5384 opera
1552 5316 1734 5371 bona?
1760 5315 1948 5371 Nonne
1967 5316 2166 5372 venisti

570 5393 915 5466 utjustiﬁces
938 5401 1166 5471 impios?
1203 5403 1311 5460 Sed
1342 5405 1658 5473 dilexerunt,
1688 5407 1885 5477 inquit,
1928 5409 2166 5464 tenebras

572 5490 739 5559 magis
775 5507 934 5562 quam
966 5491 1152 5548 lucem.
1182 5495 1260 5550 lbi
1282 5497 1462 5565 posuit
1486 5497 1631 5563 vim;
1673 5497 1830 5552 multi
1859 5498 2004 5553 enim
2033 5498 2167 5553 dile-

573 5588 772 5634 xerunt
796 5590 1014 5650 peccata
1039 5600 1156 5650 sua,
1174 5584 1351 5658 [multi
1374 5587 1604 5643 confessi
1627 5597 1752 5644 sunt
1765 5598 1984 5659 peccata
2003 5589 2123 5661 sua]
2150 5607 2162 5643 :

579 5669 729 5744 quia,
758 5673 853 5742 qui
892 5675 1182 5732 confitetur
1209 5687 1431 5748 peccata
1461 5695 1557 5735 sua
1582 5689 1638 5736 et
1683 5689 1903 5737 accusat
1944 5689 2167 5751 peccata

649 5815 679 5881 ξ
709 5805 1002 5881 {lucumque
1028 5826 1094 5867 ex
1117 5812 1275 5869 Beda:
1304 5814 1526 5871 homilia
1549 5817 1736 5872 citata.

637 5873 681 5917 -ιδ
706 5873 990 5940 Exsauéto
1004 5883 1322 5953 Augustino,
1344 5887 1521 5941 Tract.
1539 5905 1614 5944 xu
1635 5890 1689 5943 in
1703 5888 1886 5956 Joan.,
1905 5891 2166 5957 n.12,l5.

2266 4657 2380 4728 Ego
2411 4675 2529 4712 sum
2557 4660 2664 4724 via,
2687 4660 2878 4713 veritas
2905 4669 2952 4712 et
2978 4659 3084 4714 vita
3112 4657 3295 4730 (Joan.
3323 4675 3435 4725 xlv,
3459 4658 3536 4731 6).
3563 4658 3626 4715 Si
3670 4662 3860 4717 verita-

2266 4759 2374 4806 tem
2402 4751 2624 4821 quaaris,
2655 4751 2799 4805 viam
2827 4760 2947 4805 tene
2977 4768 2990 4804 :
3029 4765 3156 4806 nam
3207 4751 3320 4820 ipse
3371 4759 3456 4806 est
3495 4751 3610 4816 via,
3642 4753 3742 4823 qui
3783 4757 3862 4806 est

2267 4844 2490 4898 veritas.
2515 4842 2813 4897 Audiamus
2835 4839 3131 4906 Joannem;
3161 4841 3475 4912 Baptizabat
3507 4841 3697 4898 Iesus.
3720 4841 3860 4897 Dixi—

2267 4949 2388 4988 mus
2435 4932 2562 5001 quia
2609 4931 2848 5001 baptizat
2898 4931 3074 4987 Jesus.
3111 4931 3389 4998 Quomodo
3411 4985 3424 4998 ,
3453 4933 3656 5005 inquit,
3687 4933 3860 4995 Jesus.

2267 5023 2538 5094 quomodo
2588 5022 2869 5088 Dominus,
2901 5023 3170 5092 quomodo
3215 5023 3312 5078 Dei
3363 5024 3560 5092 Filius,
3587 5023 3860 5097 quomodo
3931 5014 3940 5019 ’

2267 5114 2540 5181 Verbum;
2589 5115 2684 5170 sed
2720 5113 2955 5170 Verbum
2975 5130 3104 5170 caro
3123 5113 3326 5170 factum
3344 5126 3448 5173 est.
3478 5136 3498 5171 ι

2886 5269 3113 5328 CAPUT
3150 5270 3238 5326 VI.

2268 5409 2552 5490 Joanni‘in
2582 5406 2781 5490 {lin-on,
2804 5408 3092 5490 baptizantt
3131 5423 3165 5461 a
3197 5408 3866 5490 sutsldiscipulisdicitur,

2341 5479 2502 5548 quod,
2527 5480 2610 5557 cui
2636 5478 2725 5532 ille
2765 5477 3118 5557 testimonium
3149 5477 3588 5557 perhibebat,
3611 5481 3866 5552 baptiset,

2340 5559 2387 5604 et
2419 5549 2558 5621 quod
2593 5566 2769 5605 omnes
2791 5549 2860 5602 ad
2892 5565 3010 5602 eum
3045 5548 3272 5602 veniant.
3300 5548 3465 5614 Quem
3495 5549 3586 5604 ille
3607 5548 3872 5621 sponsum

2341 5637 2468 5682 esse,
2496 5630 2542 5673 et
2582 5630 2815 5690 oportere
2845 5635 3094 5682 crescere,
3122 5635 3177 5672 se
3196 5621 3576 5691 autcm_minui.
3596 5620 3873 5691 Illumque

2342 5688 2648 5756 desursum,
2675 5700 2724 5745 et
2761 5707 2922 5761 supra
2962 5705 3142 5744 omnes
3177 5705 3307 5743 esse.
3351 5688 3872 5758 Credentemque‘ia

2349 5835 2370 5863 ο
2411 5823 2491 5881 Ex
2530 5833 2718 5882 sancto
2760 5823 3095 5898 Augustino,
3125 5821 3307 5880 Tract.
3361 5842 3456 5882 xm
3481 5865 3496 5896 ,
3547 5841 3684 5889 num
3729 5823 3787 5895 4,
3816 5821 3872 5882 ϐ.
