4072 6340
182 397 383 471 ,πε

1078 400 1491 460 exussum.
1531 433 1601 445 -
1636 387 1994 464 conatui“.
2033 404 2102 464 1N
2138 406 2333 466 JOAN.
2374 439 2444 451 —
2481 410 2613 468 ue.
2654 411 2717 469 ιι.

3438 430 3541 490 786

346 533 466 577 um
491 517 682 574 habere
705 519 1162 611 vitampteternam.
1185 521 1355 595 Super
1378 524 1706 582 incredutum
1732 543 1852 583 vero
1876 526 1930 590 Δ
1955 537 2214 578 enarrare
2242 525 2581 595 mysterium.
2614 526 2858 583 Audistis
2909 527 3277 591 testimonium
3327 553 3540 611 meum;

345 593 483 648 iram
511 609 723 649 manere
759 594 1052 664 conﬁrmat.

346 714 511 772 Vsus.
530 713 696 770 25.—
707 712 843 767 Erat
853 721 1029 768 autem
1042 713 1275 770 Joannes
1295 715 1565 779 baptizans
1582 716 1639 770 in
1649 713 1854 780 1Enon,

271 807 426 879 iuxta
451 804 623 862 Salin.
647 805 821 861 Locus
846 805 1065 876 quidem
1091 804 1287 878 [Forte
1303 847 1317 872 ,
1340 806 1489 862 lacus
1514 805 1764 878 quidam]
1789 821 1858 861 ex

272 899 492 955 nomine
515 897 852 969 intelligitur,
873 897 998 966 quia
1009 913 1163 967 aquae
1183 898 1366 953 multa:
1384 906 1540 953 erant
1567 897 1661 952 ibi.
1675 896 1857 953 Enon

266 992 422 1064 juxta
441 989 610 1046 Salim
625 991 775 1046 locus
788 999 893 1056 est,
907 990 1001 1046 ubi
1011 991 1326 1061 baptizabat
1336 991 1594 1057 Joannes,
1611 997 1666 1046 et
1675 998 1856 1045 osten-

270 1085 420 1140 ditur
441 1098 585 1138 nunc
605 1098 776 1154 usque
795 1083 965 1150 locus,
980 1083 1038 1139 in
1057 1092 1251 1139 octavo
1270 1082 1448 1154 lapide
1472 1081 1636 1155 595
1666 1081 1855 1153 Scyto-

269 1176 456 1247 poleos
518 1177 586 1231 ad
642 1175 960 1242 meridiem,
1006 1175 1164 1246 juxta
1214 1175 1380 1230 Salim
1437 1164 1494 1229 et
1541 1172 1850 1228 Jordanem.

269 1271 460 1340 (Vens.
491 1267 606 1341 24.)
645 1267 897 1323 Nondum
933 1269 1068 1323 enim
1103 1268 1292 1322 missus
1329 1265 1500 1337 fuerat
1539 1264 1770 1319 Joannes
1797 1264 1855 1318 in

268 1379 552 1417 carcerem.
583 1361 762 1430 Quare
785 1362 1095 1434 baptizabat
1115 1359 1382 1416 Joannes?
1413 1357 1548 1426 Quia
1571 1358 1855 1429 oportebat

268 1462 330 1509 ut
352 1453 723 1524 baptizaretur
745 1455 1022 1509 Dominus.
1056 1453 1235 1520 Quare
1263 1453 1546 1523 oportebat
1571 1459 1632 1504 ut
1669 1449 1853 1507 Domi-

267 1561 372 1601 nus
398 1545 804 1615 baptizaretur?
848 1545 927 1600 Ne
956 1545 1153 1615 aliquis
1182 1561 1374 1617 magna
1423 1544 1550 1599 licet
1595 1543 1852 1613 przeditus

266 1639 440 1712 gratia
460 1638 546 1693 vel
563 1646 849 1708 potestate,
875 1647 1248 1694 contemneret
1267 1638 1552 1708 baptizari.
1588 1638 1705 1707 Ipse
1740 1638 1848 1692 Do-

266 1731 448 1786 minus
470 1746 578 1785 non
601 1732 928 1802 contempsit
947 1732 1201 1802 baptismi
1224 1740 1642 1798 sacramentum,
1660 1747 1852 1802 quam-

269 1824 349 1879 vis
387 1825 442 1878 in
483 1825 572 1879 illo
601 1840 708 1880 non
740 1833 885 1880 esset
923 1826 1066 1895 quod
1091 1826 1442 1882 mandaretur
1471 1827 1525 1881 in
1555 1827 1845 1897 baptismo,

1959 615 2162 670 credite
2187 617 2495 672 testimonio
2514 634 2655 674 meo.
2673 618 2991 678 Concurrite
3021 626 3088 681 ad
3117 626 3289 697 illum,
3305 632 3362 686 in
3390 635 3546 706 cujus

1956 706 2225 776 baptismo
2280 716 2363 763 est
2415 710 2664 766 remissio
2715 723 3086 782 peccatorum.
3143 719 3252 776 iste
3303 720 3548 784 Joannes

1959 805 2122 853 tantm
2145 801 2487 855 auctoritatis
2515 803 2843 872 habebatur,
2876 816 2936 860 ut
2965 823 2995 862 a
3043 811 3242 881 p0pnlo
3290 812 3544 876 Christus

1953 900 2266 962 putaretur;
2299 895 2394 950 sed
2423 895 2512 950 ille
2540 895 2735 952 falsum
2759 901 2966 970 respuit
3003 902 3284 972 honorem,
3312 916 3371 962 ut
3410 909 3543 966 soli-

1955 981 2078 1037 dam
2105 985 2370 1054 potuisset
2401 988 2603 1043 habere
2630 991 2935 1047 veritatem.
2967 993 3152 1050 Noluit
3177 997 3245 1054 de
3265 1015 3325 1055 se
3333 1000 3551 1072 jactare

1955 1073 2099 1145 quod
2127 1091 2235 1132 non
2257 1076 2378 1144 fuit,
2411 1094 2480 1134 ne
2505 1080 2622 1136 sine
2647 1096 2713 1138 eo
2739 1091 2884 1140 esset
2908 1086 3002 1155 qui
3029 1102 3245 1159 semper
3267 1090 3388 1147 fuit.

2025 1165 2310 1231 Vens.29.
2333 1200 2404 1210 —
2430 1171 2534 1237 Qui
2570 1173 2720 1228 habet
2750 1193 3019 1246 sponsam,
3042 1196 3266 1250 sponsus
3299 1193 3398 1239 est.
3436 1186 3554 1260 Ego

1953 1271 2061 1310 non
2087 1271 2205 1311 sum
2231 1274 2479 1329 sponsus.
2532 1261 2636 1318 Sed
2678 1267 2810 1335 quid
2851 1269 3010 1323 sum?
3061 1271 3286 1328 Amicus
3342 1278 3548 1347 sponsi,

1953 1353 2191 1424 gaudens
2205 1355 2260 1409 in
2279 1372 2469 1413 vocem
2490 1358 2653 1413 illius.
2669 1359 2803 1427 Quis
2819 1372 2905 1417 est
2929 1368 3198 1435 sponsus?
3227 1369 3326 1424 llle
3347 1371 3415 1427 de
3437 1388 3551 1443 quo

1953 1447 2180 1503 dicitur:
2195 1449 2306 1504 Rea:
2319 1453 2487 1506 omnis
2499 1463 2653 1508 terra:
2665 1454 2809 1510 Deus
2823 1473 2842 1522 ;
2861 1467 2908 1510 et
2923 1457 3219 1516 adorabunt
3233 1479 3354 1517 eum
3367 1481 3550 1523 omnes

1954 1556 2095 1610 reges
2125 1551 2298 1609 terrae,
2331 1560 2506 1599 omnes
2536 1557 2711 1616 gentes
2741 1549 2963 1603 servient
2987 1551 3036 1604 ei
3071 1550 3244 1613 (Psal.
3262 1558 3547 1630 ιικι,11).

1950 1629 2042 1686 Ille
2070 1647 2299 1703 sponsus
2327 1651 2522 1701 verus;
2576 1654 2774 1709 sponsa
2814 1655 2944 1696 vero
2971 1652 3160 1699 sancta
3189 1645 3449 1715 Ecclesia,
3479 1665 3548 1708 ex

1951 1724 2202 1779 omnibus
2230 1737 2554 1798 congregata
2575 1731 2846 1800 gentibus,
2876 1734 2941 1788 de
2973 1750 3080 1805 qua
3104 1735 3394 1807 Apostolus
3425 1741 3546 1796 ait:

1951 1816 2273 1888 Desponsavi
2315 1838 2405 1875 vos
2451 1825 2545 1876 uni
2596 1826 2726 1888 viro,
2761 1827 3012 1897 virginem
3059 1840 3260 1884 castam
3305 1833 3547 1890 exhibere

265 1915 359 1985 qui
402 1914 610 1970 nullum
639 1916 1167 1988 habuitpeccatum,
1193 1917 1334 1987 quod
1378 1918 1738 1974 dimitteretur
1793 1919 1847 1974 in

1953 1907 2160 1966 Christo
2192 1912 2278 1985 (II
2315 1911 2437 1968 Cor.
2471 1931 2546 1981 x1,
2577 1916 2655 1988 Ξ).
2697 1919 2862 1990 Virgo
2885 1929 2968 1976 est
2989 1930 3044 1976 et
3072 1938 3329 1994 sponsum
3358 1927 3550 1995 habet,

265 2009 519 2080 baptismi
542 2009 774 2066 lavacro.
804 2009 1116 2081 Baptizatus
1137 2019 1222 2068 est
1250 2027 1280 2065 a
1307 2026 1462 2066 servo
1486 2011 1851 2078 Dominus,ne

264 2114 456 2155 servus
515 2101 730 2156 Domini
788 2101 1117 2172 baptismum
1165 2112 1553 2160 contemneret.
1597 2104 1850 2159 Nondum

262 2192 404 2245 enim
424 2192 612 2246 missus
640 2192 814 2262 fuerat
831 2193 1065 2258 Joannes
1087 2196 1143 2250 in
1159 2212 1439 2250 carcerem.
1458 2197 1580 2250 Ideo
1598 2197 1701 2251 hoc
1714 2196 1853 2250 dixit

260 2284 616 2354 evangelista,
645 2293 704 2339 ut
748 2285 1143 2358 intelligeretur
1179 2286 1336 2360 [haec
1362 2287 1690 2360 miracula],
1729 2302 1850 2356 quae

261 2383 391 2430 ante
417 2377 612 2445 posuit,
635 2377 813 2445 primo
841 2393 984 2434 anno
1010 2379 1270 2434 doctrinae
1293 2379 1504 2434 Domini
1532 2379 1702 2435 nostri
1723 2377 1850 2434 Jesu

259 2469 484 2536 Christi,
499 2487 618 2540 quae
632 2472 922 2543 incipiebat
934 2490 965 2529 a
979 2475 1244 2545 baptismo
1261 2491 1376 2542 suo,
1391 2484 1510 2532 acta
1524 2491 1644 2532 esse
1662 2492 1676 2542 ;
1695 2473 1849 2544 cujus

257 2562 391 2616 anni
407 2572 576 2634 gesta,
591 2567 823 2622 maxime
836 2567 968 2622 alios
985 2569 1248 2624 intellexit
1273 2571 1629 2642 evangelistas
1646 2581 1845 2627 tacere.

336 2655 500 2711 Vsus.
530 2657 620 2711 25.
651 2689 723 2699 ——
739 2658 911 2715 Facta
936 2671 1013 2716 est
1039 2672 1213 2717 autem
1237 2666 1458 2734 qumtio
1483 2681 1549 2719 ea:
1574 2657 1847 2736 discipulis

255 2747 486 2804 Joannis
516 2767 635 2805 cum
663 2752 868 2807 Judazis
905 2755 969 2808 de
993 2756 1382 2826 puriﬁcatione.
1429 2757 1680 2815 Zelautes
1717 2772 1848 2813 vero

258 2842 504 2914 discipuli
534 2844 756 2901 Joannis
785 2848 1123 2919 magistrum,
1152 2849 1278 2920 quia
1321 2850 1506 2920 plures
1551 2851 1847 2908 audiebant

257 2948 585 2991 concurrere
610 2935 675 2991 ad
701 2937 967 3008 baptisma
993 2938 1195 2996 Christi
1221 2981 1236 3006 ,
1262 2949 1316 2996 et
1345 2942 1600 3013 prteferre
1630 2942 1846 3002 Iudaeos

255 3024 527 3094 baptismo
542 3024 765 3084 Joannis
783 3030 1111 3100 baptismum
1133 3031 1353 3100 Christi,
1375 3035 1445 3088 ita
1471 3044 1532 3090 ut
1552 3037 1845 3094 novissime

255 3126 481 3173 ventum
506 3128 590 3174 est
613 3121 681 3175 ad
703 3121 877 3191 ipsum
902 3121 1165 3179 Joannem
1181 3165 1196 3191 ,
1220 3134 1280 3180 ut
1310 3127 1543 3182 solveret
1582 3131 1839 3198 quaestio-

255 3221 381 3261 nem
412 3223 574 3278 quam
598 3210 906 3268 habuerunt
931 3213 1180 3288 discipuli
1205 3215 1349 3272 illius
1370 3233 1494 3273 cum
1530 3218 1750 3288 Judaeis,
1775 3222 1840 3279 de

1953 2018 2072 2072 qua:
2104 2004 2344 2073 quotidie
2369 2016 2595 2075 generat
2634 2017 2690 2063 et
2733 2010 2885 2082 virgo
2926 2027 3187 2084 perpetua
3232 2025 3548 2087 permanet.

1954 2095 2243 2165 Virginitas
2267 2098 2383 2153 huic
2410 2099 2694 2170 integritas
2718 2112 2803 2157 est
2829 2105 3058 2171 mentis,
3086 2107 3374 2164 charitatis
3411 2123 3549 2179 per-

1951 2186 2131 2254 fectio,
2150 2190 2332 2244 unitas
2350 2192 2630 2248 catholicae
2651 2193 2798 2261 ﬁdei,
2813 2197 2964 2266 pacis
2984 2201 3295 2268 concordia,
3316 2203 3553 2262 castitas

1952 2277 2006 2333 in
2033 2281 2197 2334 corde
2227 2289 2283 2334 et
2301 2282 2517 2349 anima;
2549 2285 2675 2353 quia
2707 2286 2842 2339 nihil
2867 2288 3011 2342 valet
3043 2293 3291 2362 corporis
3318 2293 3553 2358 castitas

1951 2370 2066 2425 sine
2115 2371 2396 2426 catholicae
2447 2373 2573 2428 ﬁdei
2618 2375 2962 2447 integritate;
3012 2381 3167 2451 cujus
3217 2382 3464 2458 virginis,
3492 2387 3552 2446 id

1949 2469 2055 2529 est,
2080 2462 2404 2518 universalis
2453 2465 2734 2534 Ecclesiae,
2764 2469 2925 2524 amici
2974 2480 3102 2526 sunt
3155 2478 3549 2545 praedicatores

1949 2555 2274 2627 evangelica:
2315 2557 2580 2614 veritatis.
2635 2559 2702 2615 Et
2753 2560 2874 2618 ideo
2937 2563 3069 2618 dicit
3122 2566 3228 2623 iste
3277 2568 3545 2640 Joannes,

1948 2649 2148 2703 amicus
2170 2651 2346 2719 sponsi
2373 2664 2392 2702 :
2420 2650 2525 2718 Qui
2561 2662 2667 2706 stat
2703 2663 2752 2708 et
2773 2656 2945 2723 audit,
2977 2659 3174 2728 gaudio
3200 2663 3393 2731 gaudet
3420 2681 3544 2735 pro-

1946 2746 2062 2809 pter
2083 2755 2258 2794 vocem
2291 2743 2490 2812 sponsi.
2530 2742 2651 2798 Stat
2677 2746 2843 2813 enim,
2873 2748 2967 2818 qui
2997 2749 3051 2804 in
3089 2751 3195 2807 ﬁde
3223 2763 3375 2811 recta
3415 2771 3546 2825 per-

1948 2842 2148 2901 manet,
2176 2843 2230 2888 et
2279 2835 2422 2904 quod
2465 2837 2658 2904 credit,
2688 2840 2970 2909 praedicat.
3027 2861 3047 2894 ι
3096 2856 3122 2884 ι
3171 2845 3352 2913 Quare
3397 2852 3550 2907 stat?

1947 2921 2084 2989 Quia
2108 2939 2217 2979 non
2246 2925 2409 2980 cadit.
2435 2925 2616 2993 Quare
2637 2943 2746 2984 non
2786 2932 2967 2986 cadit?
3007 2934 3143 3001 Quia
3173 2937 3393 2996 humilis
3434 2951 3548 2998 est.

1944 3011 2050 3068 Iste
2078 3029 2382 3084 przecursor
2419 3017 2635 3074 Domini
2664 3021 2722 3075 in
2759 3023 2930 3077 solida
2976 3034 3132 3095 petra
3184 3031 3380 3099 stabat,
3412 3035 3548 3090 dum

1945 3105 2023 3160 ait
2051 3124 2063 3160 :
2090 3105 2208 3162 Non
2241 3123 2362 3163 sum
2386 3124 2487 3180 ego
2514 3111 2794 3181 Christus,
2828 3130 2935 3171 non
2975 3132 3096 3174 sum
3139 3136 3240 3191 ego
3281 3139 3543 3195 sponsus,

1944 3202 2040 3256 sed
2089 3203 2297 3258 amicus
2351 3206 2552 3274 sponsi.
2601 3206 2702 3274 Qui
2751 3210 2981 3282 gloriam
3026 3215 3171 3272 illius
3217 3223 3411 3290 quaerit
3440 3225 3543 3294 qui

1069 3271 1084 3285 .
1384 3271 1493 3273 νίκη
1533 3271 1750 3288 --ν---Ἵ
1779 3271 1840 3279 -ν
2377 3271 2396 3274 -
2626 3271 2645 3274 ⁷
2752 3271 2781 3282 ν
3158 3271 3162 3272 ⁷
3224 3271 3411 3290 "‘"‘"
3443 3271 3543 3294 1"

256 3300 584 3358 discretione
606 3305 753 3360 inter
793 3284 1122 3377 baptismum
1165 3309 1368 3366 Christi
1406 3321 1462 3368 et
1514 3271 1916 3384 baptismumc
1946 3293 2098 3348 mis“
2149 3309 2295 3364 eum!
2339 3299 2535 3354 mem”
2586 3316 2694 3356 ¹¹⁰¹¹
2742 3305 2908 3372 cad“,
2940 3309 3136 3364 meri“)
3177 3321 3306 3380 3"“:
3338 3315 3546 3371 meri“?

253 3389 502 3461 Joannis,
533 3403 586 3451 et
611 3396 866 3454 dixerunt
886 3399 935 3454 ei
967 3417 980 3452 :

331 3485 492 3542 Vens.
517 3485 606 3542 26.
622 3517 693 3529 -ο
709 3487 893 3557 Rabbi,
911 3493 1000 3562 qui
1023 3502 1134 3547 erat
1161 3503 1330 3550 tecum
1353 3506 1499 3552 trans
1530 3497 1838 3570 Iordanem,

251 3580 342 3632 cui
382 3589 438 3633 tu
489 3582 840 3637 testimonium
876 3584 1205 3654 perhibuisti,
1235 3605 1350 3643 ecce
1388 3589 1471 3644 hic
1519 3591 1768 3663 baptizat,
1791 3603 1840 3650 et

250 3687 434 3727 omnes
463 3675 673 3730 veniunt
700 3676 768 3729 ad
795 3693 931 3731 eum.
951 3677 1113 3745 Quasi
1137 3680 1476 3753 indignantes
1500 3686 1642 3754 quod
1656 3685 1841 3756 plures

248 3765 532 3820 venissent
572 3768 642 3822 ad
683 3768 1011 3839 baptismum
1054 3770 1278 3840 Christi,
1308 3776 1562 3832 dixerunt
1597 3797 1612 3832 :
1648 3777 1839 3836 Omnes

248 3854 468 3909 veniunt
504 3857 573 3910 ad
608 3873 744 3926 eum,
773 3868 821 3914 et
868 3870 917 3915 te
956 3863 1246 3931 dimittunt,
1273 3866 1398 3921 dum
1424 3876 1518 3923 tuo
1569 3871 1838 3942 baptismo

250 3943 560 4014 baptizatus
580 3956 665 4004 est
683 3948 795 4016 ille,
818 3951 888 4007 ad
915 3953 1068 4024 cujus
1096 3955 1425 4026 baptismum
1455 3975 1644 4018 omnes
1674 3964 1836 4021 modo

250 4045 608 4092 concurrunt.

325 4126 486 4219 Vsus.
512 4129 601 4184 27.
625 4161 696 4172 —
720 4131 1000 4206 Respondit
1028 4136 1263 4196 Joannes
1293 4151 1342 4198 et
1366 4143 1498 4199 dixit
1530 4159 1550 4199 :
1594 4145 1717 4202 Non
1737 4163 1836 4219 po-

248 4222 350 4269 test
385 4216 540 4274 homo
577 4223 812 4294 accipere
839 4226 1144 4298 quidquam,
1173 4232 1273 4286 nisi
1297 4233 1454 4304 fuerit
1477 4237 1525 4290 ei
1560 4216 1746 4294 datum
1771 4241 1836 4296 de

249 4304 398 4400 creto.
441 4308 550 4400 γοα
587 4313 720 4368 mihi
763 4317 1131 4375 testimonium
1166 4325 1484 4395 perhibetis,
1513 4333 1655 4400 quod
1684 4333 1835 4390 dixe-

246 4397 358 4452 rim
385 4415 400 4453 :
435 4398 559 4456 Non
583 4420 697 4459 sum
719 4422 812 4478 ego
834 4405 1092 4467 Christus.
1123 4413 1181 4468 Si
1210 4431 1331 4472 meo
1358 4397 1664 4479 testimonio
1711 4440 1833 4482 cre-

247 4491 399 4559 ditis,
431 4495 627 4553 scitote
653 4514 740 4554 me
778 4517 886 4557 non
931 4518 1051 4561 esse
1093 4506 1388 4576 Christum,
1414 4515 1507 4569 sed
1550 4515 1730 4585 illum;
1777 4528 1833 4576 et

1941 3386 2092 3440 audit
2111 3401 2296 3443 vocem
2326 3390 2528 3460 sponsi,
2553 3401 2608 3447 et
2631 3396 2830 3464 gaudio
2864 3400 3062 3468 gaudet
3087 3413 3312 3473 propter
3339 3421 3541 3464 vocem

1941 3479 2144 3548 sponsi.
2191 3500 2210 3532 ι
2254 3481 2370 3536 Vox
2408 3498 2538 3552 ergo
2571 3487 2754 3556 sponsi
2804 3499 2886 3543 est
2927 3505 2942 3543 :
2991 3490 3092 3559 Ite,
3134 3494 3311 3551 docete
3353 3515 3544 3556 omnes

1940 3580 2130 3640 gentes,
2161 3569 2482 3642 baptizantes
2527 3592 2613 3630 eos
2653 3577 2708 3632 in
2755 3580 2963 3634 nomine
3001 3580 3202 3653 Patris,
3229 3598 3277 3641 et
3306 3586 3460 3658 Filii,
3483 3599 3540 3646 et

1941 3658 2169 3730 Spiritus
2193 3667 2382 3719 sancti.
2400 3665 2567 3739 496
2591 3686 2610 3719 ι
2636 3670 2663 3709 b
2685 3670 2978 3729 Confessus
3005 3685 3089 3730 est
3116 3693 3245 3751 ergo
3269 3679 3538 3750 Joannes,

1940 3751 2081 3806 sicut
2108 3756 2356 3825 superius
2387 3758 2634 3826 audistis,
2662 3763 2788 3832 quia
2817 3779 2924 3818 non
2948 3781 3065 3820 sum
3106 3785 3198 3839 ego
3234 3767 3477 3828 Christus
3509 3785 3540 3839 ε,

1940 3848 2065 3918 quia
2091 3865 2213 3904 cum
2241 3851 2529 3920 discipulos
2556 3856 2756 3912 multos
2795 3858 2999 3916 faceret
3024 3861 3200 3929 Jesus,
3233 3875 3289 3920 et
3320 3868 3539 3939 perfer-

1940 3950 2090 3996 retur
2115 3943 2180 3996 ad
2201 3944 2535 4008 eum,veluti
2584 3945 2685 4020 [ut]
2737 3950 3107 4022 instigaretur,
3148 3958 3309 4026 quasi
3348 3960 3535 4018 invido

1938 4031 2081 4086 enim
2107 4045 2466 4089 narraverunt
2493 4050 2506 4087 :
2531 4036 2670 4092 Ecce
2698 4038 2788 4094 ille
2830 4041 2962 4111 facit
3012 4045 3189 4115 plures
3239 4049 3532 4122 discipulos

1935 4138 2093 4193 quam
2115 4131 2193 4189 tu,
2219 4123 2308 4179 ille
2333 4124 2612 4183 confessus
2646 4138 2730 4184 est
2755 4133 2886 4201 quid
2913 4146 3078 4202 esset,
3103 4145 3158 4192 et
3178 4139 3304 4195 inde
3332 4147 3538 4204 meruit

1935 4213 2206 4280 pertinere
2231 4214 2300 4269 ad
2346 4231 2490 4283 eum,
2519 4217 2645 4286 quia
2694 4234 2802 4275 non
2853 4231 2937 4277 est
2992 4240 3157 4283 ausus
3214 4245 3273 4286 se
3323 4234 3537 4304 dicere.

1934 4307 2078 4376 quod
2116 4315 2198 4362 est
2225 4307 2333 4362 ille.
2381 4307 2495 4366 Hoc
2535 4326 2667 4383 ergo
2714 4314 2845 4370 dicit
2883 4315 3138 4387 Joannes,
3180 4323 3304 4380 Non
3359 4338 3531 4400 potest

1934 4397 2088 4452 homo
2102 4401 2334 4470 accipere
2356 4402 2665 4474 quidquam,
2690 4406 2792 4460 nisi
2819 4407 2979 4476 fuerit
3007 4413 3054 4464 ei
3078 4413 3265 4471 datum
3282 4397 3534 4478 decreto.

1933 4489 2074 4561 Ergo
2097 4489 2345 4549 Christus
2375 4493 2532 4567 [dat],
2559 4496 2720 4552 homo
2741 4499 2937 4570 accipit

247 4583 395 4640 illius
420 4586 753 4659 baptismum
788 4611 908 4652 esse
933 4598 987 4653 in
1014 4615 1121 4670 quo
1163 4610 1247 4658 est
1297 4607 1545 4665 remissio
1587 4623 1859 4682 peccator

251 4688 367 4698 ’,α-.-
404 4684 452 4698 -Α
487 4677 576 4698 ομ.
602 4683 648 4698 νο,
886 4697 891 4698 γ
1013 4691 1027 4698 -
1858 4690 1859 4694 η

2006 4603 2168 4661 Vnus.
2198 4605 2289 4673 28,
2314 4607 2403 4663 29.
2432 4639 2500 4649 -
2524 4607 2638 4679 Ipsi
2664 4613 2753 4666 vos
2784 4612 2911 4667 mihi
2953 4617 3308 4676 testimonium
3348 4626 3534 4696 perhi-

248 4688 370 4729 rum
399 4684 454 4731 et
487 4677 720 4749 Spiritus
745 4697 964 4745 sanctus
995 4691 1181 4760 datur;
1233 4712 1340 4752 non
1396 4677 1678 4758 meum—in
1723 4721 1830 4775 quo

247 4771 625 4828 tantummodo
650 4777 964 4845 poenitentia
1003 4782 1251 4854 dabatur,
1281 4797 1335 4844 et
1371 4789 1503 4848 fides
1546 4793 1599 4848 in
1624 4771 1758 4851 eum
1776 4798 1829 4852 in

245 4871 356 4926 quo
385 4857 536 4932 [Ms.,
573 4865 637 4920 de
662 4869 790 4942 quo]
819 4873 1209 4941 querimoniam
1248 4894 1388 4938 nunc
1427 4883 1655 4946 habetis.
1706 4889 1830 4946 Non

243 4957 411 5042 potest
434 4951 588 5009 homo
614 4957 817 5030 aliquid
844 4966 1092 5036 accipere,
1123 4970 1224 5025 nisi
1256 4972 1415 5042 fuerit
1440 4975 1519 5030 illi
1547 4978 1729 5035 datum
1765 4983 1830 5038 de

245 5039 393 5096 ctelo.
438 5043 794 5106 Ministerium
839 5057 1019 5125 accepi
1071 5061 1212 5129 quod
1241 5039 1370 5117 mihi
1399 5065 1581 5122 datum
1628 5069 1730 5126 fuit
1765 5073 1830 5128 de

243 5133 404 5187 caelo.
435 5135 618 5195 Praeco
645 5157 784 5210 sum,
813 5145 901 5200 ille
922 5145 1118 5215 judex;
1169 5167 1267 5223 ego
1295 5168 1500 5223 servus,
1528 5159 1617 5216 ille
1644 5161 1828 5218 Domi-

243 5240 377 5294 nus;
413 5229 501 5288 ille
521 5249 770 5305 sponsus,
798 5256 898 5312 ego
921 5245 1129 5301 amicus
1159 5251 1362 5317 sponsi.
1418 5250 1582 5306 Illum
1630 5264 1826 5325 oportet

243 5331 494 5390 crescere,
511 5342 592 5380 me
613 5338 786 5384 autem
810 5333 995 5388 minui.
1023 5335 1314 5394 Veniebam
1341 5341 1417 5397 illi
1447 5344 1588 5400 viam
1608 5362 1822 5417 parare,

241 5423 354 5465 non
373 5428 459 5468 me
484 5418 741 5485 exaltare.
772 5422 888 5494 Ego
915 5442 1016 5480 vox
1039 5427 1335 5498 clamantis,
1359 5433 1446 5488 ille
1478 5436 1709 5494 Verbum
1735 5455 1827 5510 pa-

241 5502 366 5598 tris.
424 5505 528 5572 Qui
562 5521 678 5581 post
727 5531 808 5569 me
852 5518 1010 5585 venit,
1043 5529 1162 5575 ante
1208 5539 1287 5577 me
1322 5524 1493 5594 factus
1521 5538 1615 5597 est,
1645 5530 1698 5587 id
1718 5502 1820 5598 est,

240 5590 508 5664 dignitate
533 5602 785 5670 pmlatus
811 5613 894 5662 est
923 5608 1074 5663 mihi.
1114 5607 1278 5682 Cujus
1303 5590 1395 5686 ego
1437 5633 1541 5672 non
1579 5590 1695 5674 sum
1743 5590 1825 5677 di;

236 5697 380 5754 gnua
404 5693 682 5764 corrigiam
711 5695 1046 5754 calceamenti
1075 5699 1234 5776 [ejus]
1265 5704 1483 5773 solvere,
1500 5709 1555 5764 id
1592 5720 1696 5778 est,
1728 5730 1824 5770 na-

235 5774 474 5837 tivitatis
511 5783 654 5843 illius
672 5789 765 5859 qui
797 5805 863 5846 ex
891 5792 1098 5865 virgine
1122 5774 1282 5852 natus
1301 5799 1446 5854 venit
1478 5801 1534 5857 in
1563 5774 1822 5864 mundum

315 5901 350 5935 ι
387 5892 620 5960 Sanctus
644 5901 972 5977 Augustinus
1002 5906 1104 5963 loc.
1131 5908 1222 5965 cit.
1254 5925 1402 5967 num.
1433 5912 1520 5970 12.

1935 4692 2080 4756 betis,
2105 4697 2244 4766 quod
2269 4697 2494 4754 dixerim
2517 4714 2535 4752 :
2558 4701 2672 4772 Ego
2695 4720 2798 4758 non
2816 4721 2932 4759 sum
2962 4705 3240 4780 Christus;
3279 4692 3372 4770 sed
3395 4721 3527 4790 quia

1936 4787 2122 4841 missus
2165 4805 2281 4841 sum
2326 4801 2445 4845 ante
2492 4791 2660 4847 illum.
2697 4794 2800 4860 Qui
2829 4798 2978 4855 habet
3005 4818 3268 4874 sponsam,
3296 4787 3527 4882 sponsus

1932 4887 2039 4944 est,
2081 4881 2280 4934 amicus
2329 4892 2503 4937 autem
2539 4888 2734 4955 sponsi,
2757 4890 2848 4959 qui
2875 4901 2977 4946 stat
3025 4905 3074 4948 et
3113 4898 3262 4952 audit
3301 4881 3440 4968 eum,
3469 4913 3523 4958 et

1931 4971 2124 5040 gaudio
2145 4973 2337 5043 gaudet
2365 4987 2576 5045 propter
2592 4993 2764 5033 vocem
2785 4986 2982 5053 sponsi.
2999 4986 3117 5042 Non
3135 4991 3237 5045 sibi
3262 4993 3522 5062 gaudium

1929 5064 2062 5120 facit
2089 5065 2154 5120 de
2194 5081 2270 5122 se.
2298 5066 2400 5133 Qui
2424 5070 2539 5124 vult
2569 5072 2802 5141 gaudere
2829 5078 2894 5131 de
2921 5093 2999 5145 se,
3033 5081 3203 5136 tristis
3231 5083 3363 5150 erit;
3419 5087 3520 5156 qui

1931 5168 2112 5213 autem
2150 5159 2214 5214 de
2256 5159 2367 5214 Deo
2394 5161 2508 5215 vult
2549 5164 2800 5233 gaudere,
2835 5181 3050 5240 semper
3077 5171 3360 5242 gaudebit,
3385 5177 3516 5245 quia

1929 5247 2070 5304 Deus
2102 5252 2459 5321 sempiternus
2480 5263 2581 5309 est.
2631 5256 2724 5312 Vis
2781 5259 2953 5333 [ergo]
3008 5262 3208 5318 habere
3255 5268 3516 5337 gaudium

1929 5343 2352 5413 sempiternum?
2382 5345 2585 5401 inhzere
2606 5347 2680 5402 illi
2705 5351 2794 5419 qui
2825 5352 3185 5421 sempiternus
3205 5364 3304 5410 est.
3326 5356 3513 5417 Talem

1927 5451 1987 5494 se
2017 5439 2153 5493 dixit
2177 5437 2431 5497 Joannes.
2450 5439 2675 5514 Propter
2694 5461 2865 5500 vocem
2896 5452 3074 5517 sponsi
3092 5452 3285 5522 gaudet
3309 5452 3514 5506 amicus

1926 5531 2122 5600 sponsi,
2151 5531 2247 5598 ait,
2270 5547 2376 5586 non
2404 5542 2625 5605 pr0pter
2647 5550 2832 5610 vocem
2855 5554 3041 5606 suam;
3079 5551 3127 5595 et
3165 5551 3268 5595 stat
3290 5552 3336 5596 et
3357 5542 3510 5597 audit

1925 5637 2042 5675 eum
2079 5635 2097 5673 :
2145 5623 2192 5678 si
2239 5639 2367 5695 ergo
2395 5627 2572 5692 cadit,
2595 5642 2699 5681 non
2724 5629 2872 5683 audit
2901 5645 3044 5685 eum.
3083 5631 3158 5688 De
3191 5633 3283 5688 illo
3313 5631 3509 5712 [enim]

1924 5714 2191 5783 quondam
2245 5714 2426 5788 [Aug.,
2455 5716 2710 5790 quodam]
2740 5721 2830 5789 qui
2877 5722 3103 5788 cecidit,
3127 5724 3327 5780 dictum
3372 5735 3460 5782 est
3485 5743 3505 5784 :

1923 5807 1991 5862 Et
2018 5811 2071 5864 in
2105 5811 2318 5865 veritate
2347 5827 2448 5865 non
2475 5813 2612 5865 stetit
2654 5810 2835 5884 (Joan.
2861 5830 2979 5884 vm,
3010 5817 3122 5889 44).
3167 5819 3240 5873 De
3287 5821 3504 5879 diabolo

1993 5923 2022 5962 ι»
2061 5921 2117 5978 S.
2148 5923 2284 5996 Aug.
2318 5924 2498 5981 Tract.
2526 5941 2638 5997 xxv,
2668 5944 2816 5985 num.
2839 5931 2894 6002 2,
2921 5935 2974 6000 '5,
3001 5935 3051 5989 ες.
