  <div class='ocr_page' id='page_1' title='image "/cluster/home/n/w/nwhite01/storage/ocr_20150623/100/hvd.32044024239972/401.png"; bbox 0 0 4088 6340; ppageno 0'>
   <div class='ocr_carea' id='block_1_1' title="bbox 571 409 669 468">
    <p class='ocr_par' dir='ltr' id='par_1_1' title="bbox 571 409 669 468">
     <span class='ocr_line' id='line_1_1' title="bbox 571 409 669 468; baseline 0.01 -2"><span class='ocrx_word' id='word_1_1' title='bbox 571 409 669 468; x_wconf 81' lang='grc'><strong>791</strong></span> 
     </span>
    </p>
   </div>
   <div class='ocr_carea' id='block_1_2' title="bbox 1443 393 2994 463">
    <p class='ocr_par' dir='ltr' id='par_1_2' title="bbox 1443 393 2994 463">
     <span class='ocr_line' id='line_1_2' title="bbox 1443 393 2994 463; baseline -0.008 0"><span class='ocrx_word' id='word_1_2' title='bbox 1443 406 1503 463; x_wconf 88' lang='grc' dir='ltr'><strong>Β.</strong></span> <span class='ocrx_word' id='word_1_3' title='bbox 1543 404 1605 462; x_wconf 85' lang='lat' dir='ltr'><strong>F.</strong></span> <span class='ocrx_word' id='word_1_4' title='bbox 1644 398 1870 459; x_wconf 82' lang='lat' dir='ltr'><strong>ALBINI</strong></span> <span class='ocrx_word' id='word_1_5' title='bbox 1908 398 2040 458; x_wconf 87' lang='lat' dir='ltr'><strong>SEU</strong></span> <span class='ocrx_word' id='word_1_6' title='bbox 2078 393 2356 455; x_wconf 75' lang='lat' dir='ltr'><strong>ALCUlNl</strong></span> <span class='ocrx_word' id='word_1_7' title='bbox 2392 397 2677 456; x_wconf 80' lang='lat' dir='ltr'><strong>OPERUM</strong></span> <span class='ocrx_word' id='word_1_8' title='bbox 2713 395 2894 455; x_wconf 78' lang='lat' dir='ltr'><strong>PARS</strong></span> <span class='ocrx_word' id='word_1_9' title='bbox 2929 395 2994 453; x_wconf 92' lang='lat' dir='ltr'><strong>ll.</strong></span> 
     </span>
    </p>
   </div>
   <div class='ocr_carea' id='block_1_3' title="bbox 3725 387 3834 450">
    <p class='ocr_par' dir='ltr' id='par_1_3' title="bbox 3725 387 3834 450">
     <span class='ocr_line' id='line_1_3' title="bbox 3725 387 3834 450; baseline 0.037 -4"><span class='ocrx_word' id='word_1_10' title='bbox 3725 387 3834 450; x_wconf 68' lang='lat'><strong>792</strong></span> 
     </span>
    </p>
   </div>
   <div class='ocr_carea' id='block_1_4' title="bbox 573 503 3835 598">
    <p class='ocr_par' dir='ltr' id='par_1_4' title="bbox 573 503 3835 598">
     <span class='ocr_line' id='line_1_4' title="bbox 573 503 3835 598; baseline -0.006 -16"><span class='ocrx_word' id='word_1_11' title='bbox 573 527 822 598; x_wconf 86' lang='lat' dir='ltr'><strong>Baptizat</strong></span> <span class='ocrx_word' id='word_1_12' title='bbox 847 524 1061 598; x_wconf 85' lang='lat' dir='ltr'><strong>quidem</strong></span> <span class='ocrx_word' id='word_1_13' title='bbox 1089 520 1335 579; x_wconf 79' lang='lat' dir='ltr'><strong>Christus</strong></span> <span class='ocrx_word' id='word_1_14' title='bbox 1362 520 1417 576; x_wconf 90' lang='lat' dir='ltr'><strong>in</strong></span> <span class='ocrx_word' id='word_1_15' title='bbox 1446 521 1659 593; x_wconf 78' lang='lat' dir='ltr'><strong>spiritu,</strong></span> <span class='ocrx_word' id='word_1_16' title='bbox 1685 535 1791 575; x_wconf 92' lang='lat' dir='ltr'><strong>non</strong></span> <span class='ocrx_word' id='word_1_17' title='bbox 1812 519 1867 573; x_wconf 91' lang='lat' dir='ltr'><strong>in</strong></span> <span class='ocrx_word' id='word_1_18' title='bbox 1897 528 2143 586; x_wconf 87' lang='lat' dir='ltr'><strong>corpore.</strong></span> <span class='ocrx_word' id='word_1_19' title='bbox 2171 511 2228 574; x_wconf 68' lang='grc' dir='ltr'>Α</span> <span class='ocrx_word' id='word_1_20' title='bbox 2320 517 2616 598; x_wconf 50' lang='lat' dir='ltr'><strong>[frenorum</strong></span> <span class='ocrx_word' id='word_1_21' title='bbox 2651 513 2870 598; x_wconf 73' lang='lat' dir='ltr'><strong>credunt</strong></span> <span class='ocrx_word' id='word_1_22' title='bbox 2903 513 2960 567; x_wconf 88' lang='lat' dir='ltr'><strong>in</strong></span> <span class='ocrx_word' id='word_1_23' title='bbox 3008 525 3145 577; x_wconf 88' lang='lat' dir='ltr'><strong>eum,</strong></span> <span class='ocrx_word' id='word_1_24' title='bbox 3177 506 3405 564; x_wconf 76' lang='lat' dir='ltr'><strong>dicentes</strong></span> <span class='ocrx_word' id='word_1_25' title='bbox 3443 520 3462 562; x_wconf 90' lang='lat'><strong><em>:</em></strong></span> <span class='ocrx_word' id='word_1_26' title='bbox 3490 503 3625 562; x_wconf 81' lang='lat' dir='ltr'><strong>Vere</strong></span> <span class='ocrx_word' id='word_1_27' title='bbox 3647 505 3733 561; x_wconf 77' lang='lat' dir='ltr'><strong>hic</strong></span> <span class='ocrx_word' id='word_1_28' title='bbox 3758 516 3835 564; x_wconf 88' lang='lat' dir='ltr'><strong>est</strong></span> 
     </span>
    </p>
   </div>
   <div class='ocr_carea' id='block_1_5' title="bbox 577 605 2155 688">
    <p class='ocr_par' dir='ltr' id='par_1_5' title="bbox 577 605 2155 688">
     <span class='ocr_line' id='line_1_5' title="bbox 577 605 2155 688; baseline -0.012 -13"><span class='ocrx_word' id='word_1_29' title='bbox 577 619 741 688; x_wconf 85' lang='lat' dir='ltr'><strong>Quasi</strong></span> <span class='ocrx_word' id='word_1_30' title='bbox 760 635 889 674; x_wconf 92' lang='lat' dir='ltr'><strong>vero</strong></span> <span class='ocrx_word' id='word_1_31' title='bbox 909 617 1129 672; x_wconf 78' lang='lat' dir='ltr'><strong>alterius</strong></span> <span class='ocrx_word' id='word_1_32' title='bbox 1149 615 1287 670; x_wconf 92' lang='lat' dir='ltr'><strong>dono</strong></span> <span class='ocrx_word' id='word_1_33' title='bbox 1307 629 1468 683; x_wconf 90' lang='lat' dir='ltr'><strong>quam</strong></span> <span class='ocrx_word' id='word_1_34' title='bbox 1489 611 1652 676; x_wconf 90' lang='lat' dir='ltr'><strong>illius,</strong></span> <span class='ocrx_word' id='word_1_35' title='bbox 1683 610 1965 680; x_wconf 85' lang='lat' dir='ltr'><strong>quisquam</strong></span> <span class='ocrx_word' id='word_1_36' title='bbox 1989 605 2155 660; x_wconf 89' lang='lat' dir='ltr'><strong>etiam</strong></span> 
     </span>
    </p>
   </div>
   <div class='ocr_carea' id='block_1_6' title="bbox 577 695 2157 777">
    <p class='ocr_par' dir='ltr' id='par_1_6' title="bbox 577 695 2157 777">
     <span class='ocr_line' id='line_1_6' title="bbox 577 695 2157 777; baseline -0.013 -9"><span class='ocrx_word' id='word_1_37' title='bbox 577 719 917 768; x_wconf 84' lang='lat' dir='ltr'><strong>sacramento</strong></span> <span class='ocrx_word' id='word_1_38' title='bbox 942 706 1237 777; x_wconf 82' lang='lat' dir='ltr'><strong>corporalis</strong></span> <span class='ocrx_word' id='word_1_39' title='bbox 1261 713 1314 760; x_wconf 91' lang='lat' dir='ltr'><strong>et</strong></span> <span class='ocrx_word' id='word_1_40' title='bbox 1339 704 1567 760; x_wconf 83' lang='lat' dir='ltr'><strong>visibilis</strong></span> <span class='ocrx_word' id='word_1_41' title='bbox 1588 700 1926 772; x_wconf 72' lang='lat' dir='ltr'><strong>baptismatis</strong></span> <span class='ocrx_word' id='word_1_42' title='bbox 1954 695 2157 752; x_wconf 91' lang='lat' dir='ltr'><strong>imbua-</strong></span> 
     </span>
    </p>
   </div>
   <div class='ocr_carea' id='block_1_7' title="bbox 577 787 2152 867">
    <p class='ocr_par' dir='ltr' id='par_1_7' title="bbox 577 787 2152 867">
     <span class='ocr_line' id='line_1_7' title="bbox 577 787 2152 867; baseline -0.01 -12"><span class='ocrx_word' id='word_1_43' title='bbox 577 810 685 856; x_wconf 89' lang='lat' dir='ltr'><strong>tur.</strong></span> <span class='ocrx_word' id='word_1_44' title='bbox 717 801 810 856; x_wconf 73' lang='lat' dir='ltr'><strong>Vis</strong></span> <span class='ocrx_word' id='word_1_45' title='bbox 833 813 989 853; x_wconf 89' lang='lat' dir='ltr'><strong>nosse</strong></span> <span class='ocrx_word' id='word_1_46' title='bbox 1015 798 1140 866; x_wconf 88' lang='lat' dir='ltr'><strong>quia</strong></span> <span class='ocrx_word' id='word_1_47' title='bbox 1180 797 1294 867; x_wconf 88' lang='lat' dir='ltr'><strong>ipse</strong></span> <span class='ocrx_word' id='word_1_48' title='bbox 1315 795 1554 866; x_wconf 88' lang='lat' dir='ltr'><strong>baptizat</strong></span> <span class='ocrx_word' id='word_1_49' title='bbox 1578 809 1684 848; x_wconf 91' lang='lat' dir='ltr'><strong>non</strong></span> <span class='ocrx_word' id='word_1_50' title='bbox 1725 792 1899 848; x_wconf 88' lang='lat' dir='ltr'><strong>solum</strong></span> <span class='ocrx_word' id='word_1_51' title='bbox 1939 787 2152 859; x_wconf 85' lang='lat' dir='ltr'><strong>spiritu,</strong></span> 
     </span>
    </p>
   </div>
   <div class='ocr_carea' id='block_1_8' title="bbox 578 877 2157 958">
    <p class='ocr_par' dir='ltr' id='par_1_8' title="bbox 578 877 2157 958">
     <span class='ocr_line' id='line_1_8' title="bbox 578 877 2157 958; baseline -0.01 -12"><span class='ocrx_word' id='word_1_52' title='bbox 578 891 672 945; x_wconf 91' lang='lat' dir='ltr'><strong>sed</strong></span> <span class='ocrx_word' id='word_1_53' title='bbox 703 891 861 945; x_wconf 89' lang='lat' dir='ltr'><strong>etiam</strong></span> <span class='ocrx_word' id='word_1_54' title='bbox 889 888 1063 958; x_wconf 88' lang='lat' dir='ltr'><strong>aqua?</strong></span> <span class='ocrx_word' id='word_1_55' title='bbox 1098 887 1234 942; x_wconf 83' lang='lat' dir='ltr'><strong>Audi</strong></span> <span class='ocrx_word' id='word_1_56' title='bbox 1255 877 1599 956; x_wconf 85' lang='lat' dir='ltr'><strong>Apostolum:</strong></span> <span class='ocrx_word' id='word_1_57' title='bbox 1627 883 1775 939; x_wconf 87' lang='lat' dir='ltr'><strong>Sicut</strong></span> <span class='ocrx_word' id='word_1_58' title='bbox 1792 881 2049 942; x_wconf 84' lang='lat' dir='ltr'><strong>Christus,</strong></span> <span class='ocrx_word' id='word_1_59' title='bbox 2074 877 2157 931; x_wconf 91' lang='lat' dir='ltr'><strong>in-</strong></span> 
     </span>
    </p>
   </div>
   <div class='ocr_carea' id='block_1_9' title="bbox 577 967 2156 1052">
    <p class='ocr_par' dir='ltr' id='par_1_9' title="bbox 577 967 2156 1052">
     <span class='ocr_line' id='line_1_9' title="bbox 577 967 2156 1052; baseline -0.009 -17"><span class='ocrx_word' id='word_1_60' title='bbox 577 982 714 1051; x_wconf 87' lang='lat' dir='ltr'><strong>quit,</strong></span> <span class='ocrx_word' id='word_1_61' title='bbox 739 979 903 1052; x_wconf 63' lang='lat' dir='ltr'><em>m</em></span> <span class='ocrx_word' id='word_1_62' title='bbox 920 979 1103 1032; x_wconf 74' lang='lat' dir='ltr'><strong>dilexit</strong></span> <span class='ocrx_word' id='word_1_63' title='bbox 1124 976 1413 1031; x_wconf 82' lang='lat' dir='ltr'><strong>Ecclesium</strong></span> <span class='ocrx_word' id='word_1_64' title='bbox 1436 993 1608 1041; x_wconf 89' lang='lat' dir='ltr'><strong>suam,</strong></span> <span class='ocrx_word' id='word_1_65' title='bbox 1633 984 1680 1029; x_wconf 92' lang='lat' dir='ltr'><strong>et</strong></span> <span class='ocrx_word' id='word_1_66' title='bbox 1692 975 1917 1044; x_wconf 88' lang='lat' dir='ltr'><strong>seipsum</strong></span> <span class='ocrx_word' id='word_1_67' title='bbox 1938 967 2156 1024; x_wconf 79' lang='lat' dir='ltr'><strong>tradidit</strong></span> 
     </span>
    </p>
   </div>
   <div class='ocr_carea' id='block_1_10' title="bbox 574 1059 2158 1142">
    <p class='ocr_par' dir='ltr' id='par_1_10' title="bbox 574 1059 2158 1142">
     <span class='ocr_line' id='line_1_10' title="bbox 574 1059 2158 1142; baseline -0.008 -18"><span class='ocrx_word' id='word_1_68' title='bbox 574 1088 668 1142; x_wconf 86' lang='lat' dir='ltr'><strong>pro</strong></span> <span class='ocrx_word' id='word_1_69' title='bbox 693 1088 774 1135; x_wconf 90' lang='lat' dir='ltr'><strong>ea,</strong></span> <span class='ocrx_word' id='word_1_70' title='bbox 807 1069 1064 1124; x_wconf 80' lang='lat' dir='ltr'><strong>mandans</strong></span> <span class='ocrx_word' id='word_1_71' title='bbox 1090 1085 1205 1122; x_wconf 90' lang='lat' dir='ltr'><strong>eam</strong></span> <span class='ocrx_word' id='word_1_72' title='bbox 1227 1065 1434 1124; x_wconf 87' lang='lat' dir='ltr'><strong>lavacro</strong></span> <span class='ocrx_word' id='word_1_73' title='bbox 1465 1082 1615 1138; x_wconf 67' lang='lat' dir='ltr'><strong>aqua</strong></span> <span class='ocrx_word' id='word_1_74' title='bbox 1651 1068 1707 1120; x_wconf 87' lang='lat' dir='ltr'><strong>in</strong></span> <span class='ocrx_word' id='word_1_75' title='bbox 1735 1063 1904 1129; x_wconf 84' lang='lat' dir='ltr'><strong>verbo,</strong></span> <span class='ocrx_word' id='word_1_76' title='bbox 1935 1071 1991 1114; x_wconf 89' lang='lat' dir='ltr'><strong>ut</strong></span> <span class='ocrx_word' id='word_1_77' title='bbox 2012 1059 2158 1114; x_wconf 69' lang='lat' dir='ltr'><strong>exhi-</strong></span> 
     </span>
    </p>
   </div>
   <div class='ocr_carea' id='block_1_11' title="bbox 574 1153 2157 1234">
    <p class='ocr_par' dir='ltr' id='par_1_11' title="bbox 574 1153 2157 1234">
     <span class='ocr_line' id='line_1_11' title="bbox 574 1153 2157 1234; baseline -0.009 -16"><span class='ocrx_word' id='word_1_78' title='bbox 574 1163 710 1218; x_wconf 90' lang='lat' dir='ltr'><strong>beret</strong></span> <span class='ocrx_word' id='word_1_79' title='bbox 738 1164 836 1218; x_wconf 87' lang='lat' dir='ltr'><strong>sibi</strong></span> <span class='ocrx_word' id='word_1_80' title='bbox 872 1163 978 1234; x_wconf 88' lang='lat' dir='ltr'><strong>ipse</strong></span> <span class='ocrx_word' id='word_1_81' title='bbox 1017 1161 1300 1233; x_wconf 88' lang='lat' dir='ltr'><strong>gloriosam</strong></span> <span class='ocrx_word' id='word_1_82' title='bbox 1349 1159 1640 1215; x_wconf 83' lang='lat' dir='ltr'><strong>Ecclesium</strong></span> <span class='ocrx_word' id='word_1_83' title='bbox 1667 1200 1683 1225; x_wconf 92' lang='lat'><strong>,</strong></span> <span class='ocrx_word' id='word_1_84' title='bbox 1730 1173 1835 1211; x_wconf 86' lang='lat' dir='ltr'><strong>non</strong></span> <span class='ocrx_word' id='word_1_85' title='bbox 1885 1153 2157 1208; x_wconf 79' lang='lat' dir='ltr'><strong>habentem</strong></span> 
     </span>
    </p>
   </div>
   <div class='ocr_carea' id='block_1_12' title="bbox 572 1244 2154 1324">
    <p class='ocr_par' dir='ltr' id='par_1_12' title="bbox 572 1244 2154 1324">
     <span class='ocr_line' id='line_1_12' title="bbox 572 1244 2154 1324; baseline -0.009 -14"><span class='ocrx_word' id='word_1_86' title='bbox 572 1254 834 1310; x_wconf 85' lang='lat' dir='ltr'><strong>maculam</strong></span> <span class='ocrx_word' id='word_1_87' title='bbox 865 1265 956 1308; x_wconf 90' lang='lat' dir='ltr'><strong>aut</strong></span> <span class='ocrx_word' id='word_1_88' title='bbox 994 1270 1198 1324; x_wconf 84' lang='lat' dir='ltr'><strong>rugam,</strong></span> <span class='ocrx_word' id='word_1_89' title='bbox 1223 1260 1316 1306; x_wconf 90' lang='lat' dir='ltr'><strong>aut</strong></span> <span class='ocrx_word' id='word_1_90' title='bbox 1348 1251 1548 1322; x_wconf 89' lang='lat' dir='ltr'><strong>aliquid</strong></span> <span class='ocrx_word' id='word_1_91' title='bbox 1575 1248 1832 1320; x_wconf 76' lang='lat' dir='ltr'><strong>ejusmodi</strong></span> <span class='ocrx_word' id='word_1_92' title='bbox 1861 1244 2076 1318; x_wconf 85' lang='lat' dir='ltr'><strong>(Ephes.</strong></span> <span class='ocrx_word' id='word_1_93' title='bbox 2100 1259 2154 1308; x_wconf 94' lang='lat' dir='ltr'><strong>v,</strong></span> 
     </span>
    </p>
   </div>
   <div class='ocr_carea' id='block_1_13' title="bbox 572 1335 2152 1421">
    <p class='ocr_par' dir='ltr' id='par_1_13' title="bbox 572 1335 2152 1421">
     <span class='ocr_line' id='line_1_13' title="bbox 572 1335 2152 1421; baseline -0.008 -19"><span class='ocrx_word' id='word_1_94' title='bbox 572 1348 685 1421; x_wconf 74' lang='lat'><strong>25).</strong></span> <span class='ocrx_word' id='word_1_95' title='bbox 737 1348 999 1402; x_wconf 86' lang='lat' dir='ltr'><strong>Mundans</strong></span> <span class='ocrx_word' id='word_1_96' title='bbox 1023 1361 1164 1412; x_wconf 78' lang='lat' dir='ltr'><strong>eam,</strong></span> <span class='ocrx_word' id='word_1_97' title='bbox 1202 1345 1378 1400; x_wconf 89' lang='lat' dir='ltr'><strong>unde?</strong></span> <span class='ocrx_word' id='word_1_98' title='bbox 1423 1343 1663 1398; x_wconf 89' lang='lat' dir='ltr'><strong>Lavacro</strong></span> <span class='ocrx_word' id='word_1_99' title='bbox 1690 1355 1842 1410; x_wconf 74' lang='lat' dir='ltr'><strong>aquae</strong></span> <span class='ocrx_word' id='word_1_100' title='bbox 1884 1338 1938 1392; x_wconf 92' lang='lat' dir='ltr'><strong>in</strong></span> <span class='ocrx_word' id='word_1_101' title='bbox 1967 1335 2152 1392; x_wconf 88' lang='lat' dir='ltr'><strong>verbo.</strong></span> 
     </span>
    </p>
   </div>
   <div class='ocr_carea' id='block_1_14' title="bbox 574 1430 2156 1510">
    <p class='ocr_par' dir='ltr' id='par_1_14' title="bbox 574 1430 2156 1510">
     <span class='ocr_line' id='line_1_14' title="bbox 574 1430 2156 1510; baseline -0.007 -16"><span class='ocrx_word' id='word_1_102' title='bbox 574 1440 724 1496; x_wconf 87' lang='lat' dir='ltr'><strong>Tolle</strong></span> <span class='ocrx_word' id='word_1_103' title='bbox 751 1454 968 1510; x_wconf 89' lang='lat' dir='ltr'><strong>aquam,</strong></span> <span class='ocrx_word' id='word_1_104' title='bbox 1012 1455 1119 1494; x_wconf 90' lang='lat' dir='ltr'><strong>non</strong></span> <span class='ocrx_word' id='word_1_105' title='bbox 1146 1446 1230 1492; x_wconf 91' lang='lat' dir='ltr'><strong>est</strong></span> <span class='ocrx_word' id='word_1_106' title='bbox 1256 1437 1606 1507; x_wconf 88' lang='lat' dir='ltr'><strong>baptismum.</strong></span> <span class='ocrx_word' id='word_1_107' title='bbox 1638 1431 1901 1489; x_wconf 78' lang='lat' dir='ltr'><strong>Similiter</strong></span> <span class='ocrx_word' id='word_1_108' title='bbox 1932 1430 2156 1484; x_wconf 83' lang='lat' dir='ltr'><strong>verbum</strong></span> 
     </span>
    </p>
   </div>
   <div class='ocr_carea' id='block_1_15' title="bbox 571 1517 2158 1600">
    <p class='ocr_par' dir='ltr' id='par_1_15' title="bbox 571 1517 2158 1600">
     <span class='ocr_line' id='line_1_15' title="bbox 571 1517 2158 1600; baseline -0.009 -14"><span class='ocrx_word' id='word_1_109' title='bbox 571 1531 617 1587; x_wconf 89' lang='lat' dir='ltr'><strong>si</strong></span> <span class='ocrx_word' id='word_1_110' title='bbox 641 1530 848 1593; x_wconf 88' lang='lat' dir='ltr'><strong>tuleris,</strong></span> <span class='ocrx_word' id='word_1_111' title='bbox 890 1529 1218 1598; x_wconf 86' lang='lat' dir='ltr'><strong>baptismum</strong></span> <span class='ocrx_word' id='word_1_112' title='bbox 1249 1541 1355 1581; x_wconf 90' lang='lat' dir='ltr'><strong>non</strong></span> <span class='ocrx_word' id='word_1_113' title='bbox 1392 1524 1454 1600; x_wconf 97' lang='lat' dir='ltr'><strong>ﬁt</strong></span> <span class='ocrx_word' id='word_1_114' title='bbox 1491 1523 1642 1597; x_wconf 80' lang='lat' dir='ltr'><strong>[Ms.,</strong></span> <span class='ocrx_word' id='word_1_115' title='bbox 1690 1521 1979 1591; x_wconf 89' lang='lat' dir='ltr'><strong>baptisma,</strong></span> <span class='ocrx_word' id='word_1_116' title='bbox 2030 1517 2158 1572; x_wconf 87' lang='lat' dir='ltr'><strong>tolle</strong></span> 
     </span>
    </p>
   </div>
   <div class='ocr_carea' id='block_1_16' title="bbox 571 1608 2156 1689">
    <p class='ocr_par' dir='ltr' id='par_1_16' title="bbox 571 1608 2156 1689">
     <span class='ocr_line' id='line_1_16' title="bbox 571 1608 2156 1689; baseline -0.009 -13"><span class='ocrx_word' id='word_1_117' title='bbox 571 1608 795 1676; x_wconf 86' lang='lat' dir='ltr'><strong>verbum</strong></span> <span class='ocrx_word' id='word_1_118' title='bbox 816 1661 831 1686; x_wconf 96' lang='lat'><strong>,</strong></span> <span class='ocrx_word' id='word_1_119' title='bbox 861 1635 967 1675; x_wconf 90' lang='lat' dir='ltr'><strong>non</strong></span> <span class='ocrx_word' id='word_1_120' title='bbox 994 1629 1078 1674; x_wconf 92' lang='lat' dir='ltr'><strong>est</strong></span> <span class='ocrx_word' id='word_1_121' title='bbox 1102 1617 1413 1689; x_wconf 88' lang='lat' dir='ltr'><strong>baptisma].</strong></span> <span class='ocrx_word' id='word_1_122' title='bbox 1445 1629 1470 1656; x_wconf 72' lang='grc' dir='ltr'>α</span> <span class='ocrx_word' id='word_1_123' title='bbox 1518 1636 1537 1668; x_wconf 73' lang='grc' dir='ltr'>ι</span> <span class='ocrx_word' id='word_1_124' title='bbox 1570 1613 1748 1682; x_wconf 68' lang='lat' dir='ltr'><strong>Quaeri</strong></span> <span class='ocrx_word' id='word_1_125' title='bbox 1775 1612 1918 1667; x_wconf 90' lang='lat' dir='ltr'><strong>enim</strong></span> <span class='ocrx_word' id='word_1_126' title='bbox 1948 1610 2084 1666; x_wconf 84' lang='lat' dir='ltr'><strong>solet</strong></span> <span class='ocrx_word' id='word_1_127' title='bbox 2112 1609 2156 1662; x_wconf 91' lang='lat' dir='ltr'><strong>si</strong></span> 
     </span>
    </p>
   </div>
   <div class='ocr_carea' id='block_1_17' title="bbox 572 1701 2156 1778">
    <p class='ocr_par' dir='ltr' id='par_1_17' title="bbox 572 1701 2156 1778">
     <span class='ocr_line' id='line_1_17' title="bbox 572 1701 2156 1778; baseline -0.008 -15"><span class='ocrx_word' id='word_1_128' title='bbox 572 1710 626 1764; x_wconf 90' lang='lat' dir='ltr'><strong>in</strong></span> <span class='ocrx_word' id='word_1_129' title='bbox 652 1710 756 1764; x_wconf 90' lang='lat' dir='ltr'><strong>hoc</strong></span> <span class='ocrx_word' id='word_1_130' title='bbox 791 1709 1058 1778; x_wconf 89' lang='lat' dir='ltr'><strong>baptismo</strong></span> <span class='ocrx_word' id='word_1_131' title='bbox 1089 1706 1476 1776; x_wconf 89' lang='lat' dir='ltr'><strong>discipulorum</strong></span> <span class='ocrx_word' id='word_1_132' title='bbox 1503 1703 1729 1768; x_wconf 88' lang='lat' dir='ltr'><strong>Christi,</strong></span> <span class='ocrx_word' id='word_1_133' title='bbox 1761 1701 1994 1772; x_wconf 88' lang='lat' dir='ltr'><strong>Spiritus</strong></span> <span class='ocrx_word' id='word_1_134' title='bbox 2032 1713 2156 1753; x_wconf 88' lang='lat' dir='ltr'><strong>san-</strong></span> 
     </span>
    </p>
   </div>
   <div class='ocr_carea' id='block_1_18' title="bbox 572 1788 2160 1868">
    <p class='ocr_par' dir='ltr' id='par_1_18' title="bbox 572 1788 2160 1868">
     <span class='ocr_line' id='line_1_18' title="bbox 572 1788 2160 1868; baseline -0.007 -15"><span class='ocrx_word' id='word_1_135' title='bbox 572 1808 691 1853; x_wconf 91' lang='lat' dir='ltr'><strong>ctus</strong></span> <span class='ocrx_word' id='word_1_136' title='bbox 723 1799 946 1853; x_wconf 88' lang='lat' dir='ltr'><strong>daretur</strong></span> <span class='ocrx_word' id='word_1_137' title='bbox 971 1839 986 1864; x_wconf 96' lang='lat'><strong>,</strong></span> <span class='ocrx_word' id='word_1_138' title='bbox 1028 1803 1247 1868; x_wconf 86' lang='lat' dir='ltr'><strong>propter</strong></span> <span class='ocrx_word' id='word_1_139' title='bbox 1273 1798 1437 1851; x_wconf 90' lang='lat' dir='ltr'><strong>verba</strong></span> <span class='ocrx_word' id='word_1_140' title='bbox 1464 1810 1584 1866; x_wconf 72' lang='lat' dir='ltr'><strong>quae</strong></span> <span class='ocrx_word' id='word_1_141' title='bbox 1627 1793 1680 1847; x_wconf 89' lang='lat' dir='ltr'><strong>in</strong></span> <span class='ocrx_word' id='word_1_142' title='bbox 1727 1789 1971 1861; x_wconf 86' lang='lat' dir='ltr'><strong>sequenti</strong></span> <span class='ocrx_word' id='word_1_143' title='bbox 2001 1788 2160 1859; x_wconf 90' lang='lat' dir='ltr'><strong>hujus</strong></span> 
     </span>
    </p>
   </div>
   <div class='ocr_carea' id='block_1_19' title="bbox 570 1880 2159 1964">
    <p class='ocr_par' dir='ltr' id='par_1_19' title="bbox 570 1880 2159 1964">
     <span class='ocr_line' id='line_1_19' title="bbox 570 1880 2159 1964; baseline -0.007 -22"><span class='ocrx_word' id='word_1_144' title='bbox 570 1889 846 1959; x_wconf 79' lang='lat' dir='ltr'><strong>Evangelii</strong></span> <span class='ocrx_word' id='word_1_145' title='bbox 869 1889 986 1944; x_wconf 92' lang='lat' dir='ltr'><strong>loco</strong></span> <span class='ocrx_word' id='word_1_146' title='bbox 1005 1888 1278 1958; x_wconf 87' lang='lat' dir='ltr'><strong>leguntur,</strong></span> <span class='ocrx_word' id='word_1_147' title='bbox 1309 1886 1401 1964; x_wconf 82' lang='lat' dir='ltr'><strong>ubi</strong></span> <span class='ocrx_word' id='word_1_148' title='bbox 1429 1885 1627 1940; x_wconf 89' lang='lat' dir='ltr'><strong>dicitur</strong></span> <span class='ocrx_word' id='word_1_149' title='bbox 1653 1901 1665 1936; x_wconf 93' lang='lat'>:</span> <span class='ocrx_word' id='word_1_150' title='bbox 1698 1880 1927 1953; x_wconf 80' lang='lat' dir='ltr'><strong>Spiritus</strong></span> <span class='ocrx_word' id='word_1_151' title='bbox 1948 1887 2159 1934; x_wconf 84' lang='lat' dir='ltr'><strong>sanctus</strong></span> 
     </span>
    </p>
   </div>
   <div class='ocr_carea' id='block_1_20' title="bbox 577 1970 2158 2050">
    <p class='ocr_par' dir='ltr' id='par_1_20' title="bbox 577 1970 2158 2050">
     <span class='ocr_line' id='line_1_20' title="bbox 577 1970 2158 2050; baseline -0.006 -17"><span class='ocrx_word' id='word_1_152' title='bbox 577 1980 809 2034; x_wconf 88' lang='lat' dir='ltr'><strong>nondum</strong></span> <span class='ocrx_word' id='word_1_153' title='bbox 839 1981 1013 2050; x_wconf 79' lang='lat' dir='ltr'><strong>fuerat</strong></span> <span class='ocrx_word' id='word_1_154' title='bbox 1042 1980 1222 2044; x_wconf 89' lang='lat' dir='ltr'><strong>datus,</strong></span> <span class='ocrx_word' id='word_1_155' title='bbox 1256 1979 1382 2049; x_wconf 87' lang='lat' dir='ltr'><strong>quia</strong></span> <span class='ocrx_word' id='word_1_156' title='bbox 1413 1977 1570 2031; x_wconf 89' lang='lat' dir='ltr'><strong>Iesus</strong></span> <span class='ocrx_word' id='word_1_157' title='bbox 1599 1975 1830 2030; x_wconf 82' lang='lat' dir='ltr'><strong>nondum</strong></span> <span class='ocrx_word' id='word_1_158' title='bbox 1856 1973 2029 2044; x_wconf 81' lang='lat' dir='ltr'><strong>fuerat</strong></span> <span class='ocrx_word' id='word_1_159' title='bbox 2049 1970 2158 2042; x_wconf 83' lang='lat' dir='ltr'><strong>glo-</strong></span> 
     </span>
    </p>
   </div>
   <div class='ocr_carea' id='block_1_21' title="bbox 575 2065 2160 2143">
    <p class='ocr_par' dir='ltr' id='par_1_21' title="bbox 575 2065 2160 2143">
     <span class='ocr_line' id='line_1_21' title="bbox 575 2065 2160 2143; baseline -0.002 -20"><span class='ocrx_word' id='word_1_160' title='bbox 575 2071 816 2139; x_wconf 81' lang='lat' dir='ltr'><strong>riﬁcatus</strong></span> <span class='ocrx_word' id='word_1_161' title='bbox 862 2070 1044 2143; x_wconf 86' lang='lat' dir='ltr'><strong>(Ioan.</strong></span> <span class='ocrx_word' id='word_1_162' title='bbox 1087 2088 1185 2137; x_wconf 86' lang='lat' dir='ltr'><strong>vn,</strong></span> <span class='ocrx_word' id='word_1_163' title='bbox 1215 2070 1346 2143; x_wconf 80' lang='lat'><strong>59)?</strong></span> <span class='ocrx_word' id='word_1_164' title='bbox 1373 2069 1625 2125; x_wconf 82' lang='lat' dir='ltr'><strong>Profecto</strong></span> <span class='ocrx_word' id='word_1_165' title='bbox 1660 2069 1892 2123; x_wconf 83' lang='lat' dir='ltr'><strong>dabatur</strong></span> <span class='ocrx_word' id='word_1_166' title='bbox 1924 2065 2160 2136; x_wconf 76' lang='lat' dir='ltr'><strong>Spiritus</strong></span> 
     </span>
    </p>
   </div>
   <div class='ocr_carea' id='block_1_22' title="bbox 573 2155 2163 2232">
    <p class='ocr_par' dir='ltr' id='par_1_22' title="bbox 573 2155 2163 2232">
     <span class='ocr_line' id='line_1_22' title="bbox 573 2155 2163 2232; baseline -0.004 -17"><span class='ocrx_word' id='word_1_167' title='bbox 573 2170 791 2216; x_wconf 88' lang='lat' dir='ltr'><strong>sanctus</strong></span> <span class='ocrx_word' id='word_1_168' title='bbox 829 2162 882 2215; x_wconf 93' lang='lat' dir='ltr'><strong>in</strong></span> <span class='ocrx_word' id='word_1_169' title='bbox 918 2163 1021 2218; x_wconf 91' lang='lat' dir='ltr'><strong>hoc</strong></span> <span class='ocrx_word' id='word_1_170' title='bbox 1061 2161 1445 2232; x_wconf 89' lang='lat' dir='ltr'><strong>discipulorum</strong></span> <span class='ocrx_word' id='word_1_171' title='bbox 1479 2159 1678 2215; x_wconf 89' lang='lat' dir='ltr'><strong>Christi</strong></span> <span class='ocrx_word' id='word_1_172' title='bbox 1705 2159 1994 2228; x_wconf 88' lang='lat' dir='ltr'><strong>baptismo,</strong></span> <span class='ocrx_word' id='word_1_173' title='bbox 2037 2155 2163 2210; x_wconf 91' lang='lat' dir='ltr'><strong>licet</strong></span> 
     </span>
    </p>
   </div>
   <div class='ocr_carea' id='block_1_23' title="bbox 572 2249 2161 2324">
    <p class='ocr_par' dir='ltr' id='par_1_23' title="bbox 572 2249 2161 2324">
     <span class='ocr_line' id='line_1_23' title="bbox 572 2249 2161 2324; baseline -0.002 -18"><span class='ocrx_word' id='word_1_174' title='bbox 572 2267 679 2306; x_wconf 90' lang='lat' dir='ltr'><strong>non</strong></span> <span class='ocrx_word' id='word_1_175' title='bbox 708 2269 771 2308; x_wconf 91' lang='lat' dir='ltr'><strong>ea</strong></span> <span class='ocrx_word' id='word_1_176' title='bbox 793 2253 1244 2319; x_wconf 85' lang='lat' dir='ltr'><strong>manifestatione,</strong></span> <span class='ocrx_word' id='word_1_177' title='bbox 1273 2271 1378 2324; x_wconf 89' lang='lat' dir='ltr'><strong>qua</strong></span> <span class='ocrx_word' id='word_1_178' title='bbox 1403 2262 1525 2324; x_wconf 90' lang='lat' dir='ltr'><strong>post</strong></span> <span class='ocrx_word' id='word_1_179' title='bbox 1554 2253 1922 2308; x_wconf 88' lang='lat' dir='ltr'><strong>ascensionem</strong></span> <span class='ocrx_word' id='word_1_180' title='bbox 1957 2249 2161 2305; x_wconf 79' lang='lat' dir='ltr'><strong>Christi</strong></span> 
     </span>
    </p>
   </div>
   <div class='ocr_carea' id='block_1_24' title="bbox 575 2340 2159 2416">
    <p class='ocr_par' dir='ltr' id='par_1_24' title="bbox 575 2340 2159 2416">
     <span class='ocr_line' id='line_1_24' title="bbox 575 2340 2159 2416; baseline -0.002 -19"><span class='ocrx_word' id='word_1_181' title='bbox 575 2343 784 2398; x_wconf 89' lang='lat' dir='ltr'><strong>decima</strong></span> <span class='ocrx_word' id='word_1_182' title='bbox 807 2346 892 2400; x_wconf 90' lang='lat' dir='ltr'><strong>die</strong></span> <span class='ocrx_word' id='word_1_183' title='bbox 915 2346 967 2399; x_wconf 92' lang='lat' dir='ltr'><strong>in</strong></span> <span class='ocrx_word' id='word_1_184' title='bbox 991 2346 1160 2416; x_wconf 84' lang='lat' dir='ltr'><strong>igneis</strong></span> <span class='ocrx_word' id='word_1_185' title='bbox 1188 2345 1384 2415; x_wconf 80' lang='lat' dir='ltr'><strong>linguis</strong></span> <span class='ocrx_word' id='word_1_186' title='bbox 1415 2345 1572 2398; x_wconf 89' lang='lat' dir='ltr'><strong>datus</strong></span> <span class='ocrx_word' id='word_1_187' title='bbox 1597 2350 1699 2398; x_wconf 87' lang='lat' dir='ltr'><strong>est.</strong></span> <span class='ocrx_word' id='word_1_188' title='bbox 1731 2342 1884 2410; x_wconf 83' lang='lat' dir='ltr'><strong>Quod</strong></span> <span class='ocrx_word' id='word_1_189' title='bbox 1911 2340 2159 2411; x_wconf 73' lang='lat' dir='ltr'><strong>quzedam</strong></span> 
     </span>
    </p>
   </div>
   <div class='ocr_carea' id='block_1_25' title="bbox 570 2431 2160 2508">
    <p class='ocr_par' dir='ltr' id='par_1_25' title="bbox 570 2431 2160 2508">
     <span class='ocr_line' id='line_1_25' title="bbox 570 2431 2160 2508; baseline -0.002 -20"><span class='ocrx_word' id='word_1_190' title='bbox 570 2433 824 2502; x_wconf 84' lang='lat' dir='ltr'><strong>latenter,</strong></span> <span class='ocrx_word' id='word_1_191' title='bbox 852 2437 1097 2506; x_wconf 65' lang='lat' dir='ltr'><strong>quaadam</strong></span> <span class='ocrx_word' id='word_1_192' title='bbox 1131 2452 1260 2490; x_wconf 90' lang='lat' dir='ltr'><strong>vero</strong></span> <span class='ocrx_word' id='word_1_193' title='bbox 1284 2452 1381 2508; x_wconf 92' lang='lat' dir='ltr'><strong>per</strong></span> <span class='ocrx_word' id='word_1_194' title='bbox 1408 2435 1674 2490; x_wconf 88' lang='lat' dir='ltr'><strong>visibilem</strong></span> <span class='ocrx_word' id='word_1_195' title='bbox 1708 2441 2010 2490; x_wconf 85' lang='lat' dir='ltr'><strong>creaturam</strong></span> <span class='ocrx_word' id='word_1_196' title='bbox 2030 2473 2045 2498; x_wconf 94' lang='lat'><strong>,</strong></span> <span class='ocrx_word' id='word_1_197' title='bbox 2080 2431 2160 2486; x_wconf 89' lang='lat' dir='ltr'><strong>vi-</strong></span> 
     </span>
    </p>
   </div>
   <div class='ocr_carea' id='block_1_26' title="bbox 572 2521 2160 2595">
    <p class='ocr_par' dir='ltr' id='par_1_26' title="bbox 572 2521 2160 2595">
     <span class='ocr_line' id='line_1_26' title="bbox 572 2521 2160 2595; baseline 0.001 -20"><span class='ocrx_word' id='word_1_198' title='bbox 572 2521 802 2579; x_wconf 86' lang='lat' dir='ltr'><strong>sibiliter</strong></span> <span class='ocrx_word' id='word_1_199' title='bbox 841 2525 983 2580; x_wconf 89' lang='lat' dir='ltr'><strong>Deus</strong></span> <span class='ocrx_word' id='word_1_200' title='bbox 1031 2535 1308 2595; x_wconf 89' lang='lat' dir='ltr'><strong>operatur,</strong></span> <span class='ocrx_word' id='word_1_201' title='bbox 1356 2527 1589 2595; x_wconf 87' lang='lat' dir='ltr'><strong>pertinet</strong></span> <span class='ocrx_word' id='word_1_202' title='bbox 1617 2525 1684 2579; x_wconf 86' lang='lat' dir='ltr'><strong>ad</strong></span> <span class='ocrx_word' id='word_1_203' title='bbox 1715 2523 2160 2595; x_wconf 81' lang='lat' dir='ltr'><strong>gubernationem</strong></span> 
     </span>
    </p>
   </div>
   <div class='ocr_carea' id='block_1_27' title="bbox 570 2611 2158 2685">
    <p class='ocr_par' dir='ltr' id='par_1_27' title="bbox 570 2611 2158 2685">
     <span class='ocr_line' id='line_1_27' title="bbox 570 2611 2158 2685; baseline -0.001 -17"><span class='ocrx_word' id='word_1_204' title='bbox 570 2614 892 2685; x_wconf 80' lang='lat' dir='ltr'><strong>prudentue,</strong></span> <span class='ocrx_word' id='word_1_205' title='bbox 939 2614 1064 2684; x_wconf 90' lang='lat' dir='ltr'><strong>quia</strong></span> <span class='ocrx_word' id='word_1_206' title='bbox 1104 2629 1293 2668; x_wconf 90' lang='lat' dir='ltr'><strong>omnes</strong></span> <span class='ocrx_word' id='word_1_207' title='bbox 1337 2614 1529 2668; x_wconf 75' lang='lat' dir='ltr'><strong>divina:</strong></span> <span class='ocrx_word' id='word_1_208' title='bbox 1573 2613 1842 2678; x_wconf 86' lang='lat' dir='ltr'><strong>actiones,</strong></span> <span class='ocrx_word' id='word_1_209' title='bbox 1891 2611 2158 2678; x_wconf 90' lang='lat' dir='ltr'><strong>locorum,</strong></span> 
     </span>
    </p>
   </div>
   <div class='ocr_carea' id='block_1_28' title="bbox 575 2699 2161 2774">
    <p class='ocr_par' dir='ltr' id='par_1_28' title="bbox 575 2699 2161 2774">
     <span class='ocr_line' id='line_1_28' title="bbox 575 2699 2161 2774; baseline -0.004 -15"><span class='ocrx_word' id='word_1_210' title='bbox 575 2712 988 2773; x_wconf 82' lang='lat' dir='ltr'><strong>temporumque</strong></span> <span class='ocrx_word' id='word_1_211' title='bbox 1016 2703 1223 2758; x_wconf 89' lang='lat' dir='ltr'><strong>ordinis</strong></span> <span class='ocrx_word' id='word_1_212' title='bbox 1254 2701 1408 2774; x_wconf 82' lang='lat' dir='ltr'><strong>[Ms.,</strong></span> <span class='ocrx_word' id='word_1_213' title='bbox 1437 2701 1649 2773; x_wconf 88' lang='lat' dir='ltr'><strong>ordine]</strong></span> <span class='ocrx_word' id='word_1_214' title='bbox 1678 2701 2023 2755; x_wconf 85' lang='lat' dir='ltr'><strong>distinctione</strong></span> <span class='ocrx_word' id='word_1_215' title='bbox 2044 2699 2161 2770; x_wconf 92' lang='lat' dir='ltr'><strong>pul-</strong></span> 
     </span>
    </p>
   </div>
   <div class='ocr_carea' id='block_1_29' title="bbox 573 2792 2161 2868">
    <p class='ocr_par' dir='ltr' id='par_1_29' title="bbox 573 2792 2161 2868">
     <span class='ocr_line' id='line_1_29' title="bbox 573 2792 2161 2868; baseline -0.003 -15"><span class='ocrx_word' id='word_1_216' title='bbox 573 2798 842 2854; x_wconf 90' lang='lat' dir='ltr'><strong>cherrima</strong></span> <span class='ocrx_word' id='word_1_217' title='bbox 885 2805 1134 2868; x_wconf 89' lang='lat' dir='ltr'><strong>aguntur.</strong></span> <span class='ocrx_word' id='word_1_218' title='bbox 1190 2795 1469 2862; x_wconf 85' lang='lat' dir='ltr'><strong>Quomodo</strong></span> <span class='ocrx_word' id='word_1_219' title='bbox 1508 2803 1687 2849; x_wconf 88' lang='lat' dir='ltr'><strong>autem</strong></span> <span class='ocrx_word' id='word_1_220' title='bbox 1734 2795 1847 2863; x_wconf 86' lang='lat' dir='ltr'><strong>ipse</strong></span> <span class='ocrx_word' id='word_1_221' title='bbox 1901 2792 2161 2848; x_wconf 91' lang='lat' dir='ltr'><strong>Dominus</strong></span> 
     </span>
    </p>
   </div>
   <div class='ocr_carea' id='block_1_30' title="bbox 575 2884 2159 2955">
    <p class='ocr_par' dir='ltr' id='par_1_30' title="bbox 575 2884 2159 2955">
     <span class='ocr_line' id='line_1_30' title="bbox 575 2884 2159 2955; baseline -0.003 -13"><span class='ocrx_word' id='word_1_222' title='bbox 575 2901 760 2942; x_wconf 78' lang='lat' dir='ltr'><strong>secnm</strong></span> <span class='ocrx_word' id='word_1_223' title='bbox 790 2886 1024 2940; x_wconf 86' lang='lat' dir='ltr'><strong>habebat</strong></span> <span class='ocrx_word' id='word_1_224' title='bbox 1047 2886 1230 2955; x_wconf 88' lang='lat' dir='ltr'><strong>utique</strong></span> <span class='ocrx_word' id='word_1_225' title='bbox 1265 2885 1525 2954; x_wconf 90' lang='lat' dir='ltr'><strong>Spiritum</strong></span> <span class='ocrx_word' id='word_1_226' title='bbox 1569 2893 1813 2939; x_wconf 89' lang='lat' dir='ltr'><strong>sanctum</strong></span> <span class='ocrx_word' id='word_1_227' title='bbox 1844 2884 1896 2937; x_wconf 92' lang='lat' dir='ltr'><strong>in</strong></span> <span class='ocrx_word' id='word_1_228' title='bbox 1925 2885 2040 2952; x_wconf 91' lang='lat' dir='ltr'><strong>ipso</strong></span> <span class='ocrx_word' id='word_1_229' title='bbox 2059 2884 2159 2937; x_wconf 90' lang='lat' dir='ltr'><strong>ho-</strong></span> 
     </span>
    </p>
   </div>
   <div class='ocr_carea' id='block_1_31' title="bbox 575 2977 2162 3052">
    <p class='ocr_par' dir='ltr' id='par_1_31' title="bbox 575 2977 2162 3052">
     <span class='ocr_line' id='line_1_31' title="bbox 575 2977 2162 3052; baseline -0.002 -16"><span class='ocrx_word' id='word_1_230' title='bbox 575 2983 723 3036; x_wconf 88' lang='lat' dir='ltr'><strong>mine</strong></span> <span class='ocrx_word' id='word_1_231' title='bbox 759 2995 922 3051; x_wconf 89' lang='lat' dir='ltr'><strong>quem</strong></span> <span class='ocrx_word' id='word_1_232' title='bbox 949 2981 1191 3052; x_wconf 77' lang='lat' dir='ltr'><strong>gerebat,</strong></span> <span class='ocrx_word' id='word_1_233' title='bbox 1246 2981 1458 3048; x_wconf 88' lang='lat' dir='ltr'><strong>quando</strong></span> <span class='ocrx_word' id='word_1_234' title='bbox 1497 2987 1558 3032; x_wconf 88' lang='lat' dir='ltr'><strong>ut</strong></span> <span class='ocrx_word' id='word_1_235' title='bbox 1603 2980 1970 3049; x_wconf 88' lang='lat' dir='ltr'><strong>baptizaretur</strong></span> <span class='ocrx_word' id='word_1_236' title='bbox 2015 2977 2162 3033; x_wconf 87' lang='lat' dir='ltr'><strong>venit</strong></span> 
     </span>
    </p>
   </div>
   <div class='ocr_carea' id='block_1_32' title="bbox 576 3073 2158 3147">
    <p class='ocr_par' dir='ltr' id='par_1_32' title="bbox 576 3073 2158 3147">
     <span class='ocr_line' id='line_1_32' title="bbox 576 3073 2158 3147; baseline -0.004 -17"><span class='ocrx_word' id='word_1_237' title='bbox 576 3078 644 3132; x_wconf 90' lang='lat' dir='ltr'><strong>ad</strong></span> <span class='ocrx_word' id='word_1_238' title='bbox 673 3076 966 3132; x_wconf 81' lang='lat' dir='ltr'><strong>Iordanem</strong></span> <span class='ocrx_word' id='word_1_239' title='bbox 998 3075 1153 3147; x_wconf 78' lang='lat' dir='ltr'><strong>[Ms.,</strong></span> <span class='ocrx_word' id='word_1_240' title='bbox 1200 3073 1465 3146; x_wconf 88' lang='lat' dir='ltr'><strong>amnem];</strong></span> <span class='ocrx_word' id='word_1_241' title='bbox 1503 3081 1560 3128; x_wconf 90' lang='lat' dir='ltr'><strong>et</strong></span> <span class='ocrx_word' id='word_1_242' title='bbox 1604 3081 1782 3127; x_wconf 86' lang='lat' dir='ltr'><strong>tamen</strong></span> <span class='ocrx_word' id='word_1_243' title='bbox 1807 3081 2158 3143; x_wconf 89' lang='lat' dir='ltr'><strong>posteaquam</strong></span> 
     </span>
    </p>
   </div>
   <div class='ocr_carea' id='block_1_33' title="bbox 574 3163 2159 3240">
    <p class='ocr_par' dir='ltr' id='par_1_33' title="bbox 574 3163 2159 3240">
     <span class='ocr_line' id='line_1_33' title="bbox 574 3163 2159 3240; baseline -0.004 -17"><span class='ocrx_word' id='word_1_244' title='bbox 574 3170 888 3240; x_wconf 85' lang='lat' dir='ltr'><strong>baptizatus</strong></span> <span class='ocrx_word' id='word_1_245' title='bbox 910 3176 1014 3231; x_wconf 90' lang='lat' dir='ltr'><strong>est,</strong></span> <span class='ocrx_word' id='word_1_246' title='bbox 1039 3166 1367 3222; x_wconf 88' lang='lat' dir='ltr'><strong>descendere</strong></span> <span class='ocrx_word' id='word_1_247' title='bbox 1389 3166 1442 3220; x_wconf 91' lang='lat' dir='ltr'><strong>in</strong></span> <span class='ocrx_word' id='word_1_248' title='bbox 1461 3181 1584 3221; x_wconf 91' lang='lat' dir='ltr'><strong>eum</strong></span> <span class='ocrx_word' id='word_1_249' title='bbox 1615 3165 1668 3220; x_wconf 92' lang='lat' dir='ltr'><strong>in</strong></span> <span class='ocrx_word' id='word_1_250' title='bbox 1696 3165 1956 3220; x_wconf 71' lang='lat' dir='ltr'><strong>columba:</strong></span> <span class='ocrx_word' id='word_1_251' title='bbox 1979 3163 2159 3233; x_wconf 84' lang='lat' dir='ltr'><strong>specie</strong></span> 
     </span>
    </p>
   </div>
   <div class='ocr_carea' id='block_1_34' title="bbox 577 3253 2159 3330">
    <p class='ocr_par' dir='ltr' id='par_1_34' title="bbox 577 3253 2159 3330">
     <span class='ocr_line' id='line_1_34' title="bbox 577 3253 2159 3330; baseline -0.004 -16"><span class='ocrx_word' id='word_1_252' title='bbox 577 3261 717 3314; x_wconf 90' lang='lat' dir='ltr'><strong>idem</strong></span> <span class='ocrx_word' id='word_1_253' title='bbox 744 3258 980 3328; x_wconf 88' lang='lat' dir='ltr'><strong>Spiritus</strong></span> <span class='ocrx_word' id='word_1_254' title='bbox 1009 3255 1273 3330; x_wconf 88' lang='lat' dir='ltr'><strong>[sanctus]</strong></span> <span class='ocrx_word' id='word_1_255' title='bbox 1309 3257 1454 3312; x_wconf 92' lang='lat' dir='ltr'><strong>visus</strong></span> <span class='ocrx_word' id='word_1_256' title='bbox 1485 3264 1605 3312; x_wconf 89' lang='lat' dir='ltr'><strong>est:</strong></span> <span class='ocrx_word' id='word_1_257' title='bbox 1631 3255 1710 3310; x_wconf 92' lang='lat' dir='ltr'><strong>sic</strong></span> <span class='ocrx_word' id='word_1_258' title='bbox 1754 3253 2159 3323; x_wconf 84' lang='lat' dir='ltr'><strong>intelligendum</strong></span> 
     </span>
    </p>
   </div>
   <div class='ocr_carea' id='block_1_35' title="bbox 575 3345 2159 3417">
    <p class='ocr_par' dir='ltr' id='par_1_35' title="bbox 575 3345 2159 3417">
     <span class='ocr_line' id='line_1_35' title="bbox 575 3345 2159 3417; baseline -0.003 -10"><span class='ocrx_word' id='word_1_259' title='bbox 575 3360 678 3416; x_wconf 87' lang='lat' dir='ltr'><strong>est,</strong></span> <span class='ocrx_word' id='word_1_260' title='bbox 710 3360 834 3406; x_wconf 87' lang='lat' dir='ltr'><strong>ante</strong></span> <span class='ocrx_word' id='word_1_261' title='bbox 864 3350 1213 3406; x_wconf 87' lang='lat' dir='ltr'><strong>manifestum</strong></span> <span class='ocrx_word' id='word_1_262' title='bbox 1234 3356 1290 3404; x_wconf 93' lang='lat' dir='ltr'><strong>et</strong></span> <span class='ocrx_word' id='word_1_263' title='bbox 1320 3349 1586 3404; x_wconf 91' lang='lat' dir='ltr'><strong>visibilem</strong></span> <span class='ocrx_word' id='word_1_264' title='bbox 1609 3349 1897 3402; x_wconf 90' lang='lat' dir='ltr'><strong>adventum</strong></span> <span class='ocrx_word' id='word_1_265' title='bbox 1924 3345 2159 3417; x_wconf 88' lang='lat' dir='ltr'><strong>Spiritus</strong></span> 
     </span>
    </p>
   </div>
   <div class='ocr_carea' id='block_1_36' title="bbox 578 3438 2158 3510">
    <p class='ocr_par' dir='ltr' id='par_1_36' title="bbox 578 3438 2158 3510">
     <span class='ocr_line' id='line_1_36' title="bbox 578 3438 2158 3510; baseline -0.003 -14"><span class='ocrx_word' id='word_1_266' title='bbox 578 3441 751 3496; x_wconf 89' lang='lat' dir='ltr'><strong>sancti</strong></span> <span class='ocrx_word' id='word_1_267' title='bbox 780 3454 1131 3510; x_wconf 89' lang='lat' dir='ltr'><strong>quoscunque</strong></span> <span class='ocrx_word' id='word_1_268' title='bbox 1169 3446 1385 3494; x_wconf 88' lang='lat' dir='ltr'><strong>sanctos</strong></span> <span class='ocrx_word' id='word_1_269' title='bbox 1423 3453 1547 3492; x_wconf 90' lang='lat' dir='ltr'><strong>eum</strong></span> <span class='ocrx_word' id='word_1_270' title='bbox 1573 3438 1802 3491; x_wconf 88' lang='lat' dir='ltr'><strong>latenter</strong></span> <span class='ocrx_word' id='word_1_271' title='bbox 1826 3438 2029 3492; x_wconf 88' lang='lat' dir='ltr'><strong>habere</strong></span> <span class='ocrx_word' id='word_1_272' title='bbox 2057 3452 2158 3507; x_wconf 89' lang='lat' dir='ltr'><strong>po-</strong></span> 
     </span>
    </p>
   </div>
   <div class='ocr_carea' id='block_1_37' title="bbox 577 3528 2160 3599">
    <p class='ocr_par' dir='ltr' id='par_1_37' title="bbox 577 3528 2160 3599">
     <span class='ocr_line' id='line_1_37' title="bbox 577 3528 2160 3599; baseline -0.003 -13"><span class='ocrx_word' id='word_1_273' title='bbox 577 3533 766 3587; x_wconf 89' lang='lat' dir='ltr'><strong>tuisse.</strong></span> <span class='ocrx_word' id='word_1_274' title='bbox 813 3530 893 3586; x_wconf 85' lang='lat' dir='ltr'><strong>lta</strong></span> <span class='ocrx_word' id='word_1_275' title='bbox 919 3545 1049 3585; x_wconf 89' lang='lat' dir='ltr'><strong>sane</strong></span> <span class='ocrx_word' id='word_1_276' title='bbox 1077 3531 1180 3585; x_wconf 92' lang='lat' dir='ltr'><strong>hoc</strong></span> <span class='ocrx_word' id='word_1_277' title='bbox 1221 3531 1455 3585; x_wconf 77' lang='lat' dir='ltr'><strong>diximus</strong></span> <span class='ocrx_word' id='word_1_278' title='bbox 1495 3540 1556 3582; x_wconf 91' lang='lat' dir='ltr'><strong>ut</strong></span> <span class='ocrx_word' id='word_1_279' title='bbox 1593 3528 1957 3599; x_wconf 65' lang='lat' dir='ltr'><strong>intelligamus</strong></span> <span class='ocrx_word' id='word_1_280' title='bbox 1992 3529 2160 3583; x_wconf 79' lang='lat' dir='ltr'><strong>etiam</strong></span> 
     </span>
    </p>
   </div>
   <div class='ocr_carea' id='block_1_38' title="bbox 578 3621 2161 3692">
    <p class='ocr_par' dir='ltr' id='par_1_38' title="bbox 578 3621 2161 3692">
     <span class='ocr_line' id='line_1_38' title="bbox 578 3621 2161 3692; baseline -0.001 -13"><span class='ocrx_word' id='word_1_281' title='bbox 578 3623 775 3679; x_wconf 89' lang='lat' dir='ltr'><strong>visibili</strong></span> <span class='ocrx_word' id='word_1_282' title='bbox 805 3623 1264 3678; x_wconf 87' lang='lat' dir='ltr'><strong>demonstratione</strong></span> <span class='ocrx_word' id='word_1_283' title='bbox 1287 3622 1525 3692; x_wconf 89' lang='lat' dir='ltr'><strong>Spiritus</strong></span> <span class='ocrx_word' id='word_1_284' title='bbox 1552 3621 1744 3686; x_wconf 89' lang='lat' dir='ltr'><strong>sancti,</strong></span> <span class='ocrx_word' id='word_1_285' title='bbox 1775 3622 1867 3692; x_wconf 90' lang='lat' dir='ltr'><strong>qui</strong></span> <span class='ocrx_word' id='word_1_286' title='bbox 1897 3621 2161 3677; x_wconf 89' lang='lat' dir='ltr'><strong>adventus</strong></span> 
     </span>
    </p>
   </div>
   <div class='ocr_carea' id='block_1_39' title="bbox 576 3712 2160 3785">
    <p class='ocr_par' dir='ltr' id='par_1_39' title="bbox 576 3712 2160 3785">
     <span class='ocr_line' id='line_1_39' title="bbox 576 3712 2160 3785; baseline -0.001 -15"><span class='ocrx_word' id='word_1_287' title='bbox 576 3715 693 3785; x_wconf 86' lang='lat' dir='ltr'><strong>ejus</strong></span> <span class='ocrx_word' id='word_1_288' title='bbox 717 3715 952 3781; x_wconf 89' lang='lat' dir='ltr'><strong>dicitur,</strong></span> <span class='ocrx_word' id='word_1_289' title='bbox 1002 3712 1260 3769; x_wconf 73' lang='lat' dir='ltr'><strong>ineffabili</strong></span> <span class='ocrx_word' id='word_1_290' title='bbox 1298 3713 1382 3768; x_wconf 89' lang='lat' dir='ltr'><strong>vel</strong></span> <span class='ocrx_word' id='word_1_291' title='bbox 1416 3713 1582 3769; x_wconf 90' lang='lat' dir='ltr'><strong>etiam</strong></span> <span class='ocrx_word' id='word_1_292' title='bbox 1632 3713 1961 3784; x_wconf 87' lang='lat' dir='ltr'><strong>incogitabili</strong></span> <span class='ocrx_word' id='word_1_293' title='bbox 2000 3713 2160 3768; x_wconf 93' lang='lat' dir='ltr'><strong>modo</strong></span> 
     </span>
    </p>
   </div>
   <div class='ocr_carea' id='block_1_40' title="bbox 577 3805 2156 3879">
    <p class='ocr_par' dir='ltr' id='par_1_40' title="bbox 577 3805 2156 3879">
     <span class='ocr_line' id='line_1_40' title="bbox 577 3805 2156 3879; baseline -0.001 -17"><span class='ocrx_word' id='word_1_294' title='bbox 577 3807 777 3879; x_wconf 63' lang='lat' dir='ltr'><strong>largius</strong></span> <span class='ocrx_word' id='word_1_295' title='bbox 798 3807 852 3861; x_wconf 90' lang='lat' dir='ltr'><strong>in</strong></span> <span class='ocrx_word' id='word_1_296' title='bbox 873 3807 1152 3862; x_wconf 83' lang='lat' dir='ltr'><strong>hominum</strong></span> <span class='ocrx_word' id='word_1_297' title='bbox 1179 3805 1342 3863; x_wconf 89' lang='lat' dir='ltr'><strong>corda</strong></span> <span class='ocrx_word' id='word_1_298' title='bbox 1360 3806 1751 3876; x_wconf 89' lang='lat' dir='ltr'><strong>plenitudinem</strong></span> <span class='ocrx_word' id='word_1_299' title='bbox 1770 3806 1886 3876; x_wconf 87' lang='lat' dir='ltr'><strong>ejus</strong></span> <span class='ocrx_word' id='word_1_300' title='bbox 1905 3805 2156 3862; x_wconf 88' lang='lat' dir='ltr'><strong>infusam.</strong></span> 
     </span>
    </p>
   </div>
   <div class='ocr_carea' id='block_1_41' title="bbox 577 3894 2160 3970">
    <p class='ocr_par' dir='ltr' id='par_1_41' title="bbox 577 3894 2160 3970">
     <span class='ocr_line' id='line_1_41' title="bbox 577 3894 2160 3970; baseline -0.001 -17"><span class='ocrx_word' id='word_1_301' title='bbox 577 3898 834 3968; x_wconf 88' lang='lat' dir='ltr'><strong>Sequitur</strong></span> <span class='ocrx_word' id='word_1_302' title='bbox 859 3917 872 3951; x_wconf 89' lang='lat'><strong>:</strong></span> <span class='ocrx_word' id='word_1_303' title='bbox 906 3897 1134 3970; x_wconf 83' lang='lat' dir='ltr'><strong>Reliquit</strong></span> <span class='ocrx_word' id='word_1_304' title='bbox 1160 3896 1438 3963; x_wconf 66' lang='lat' dir='ltr'><strong>Iudicum,</strong></span> <span class='ocrx_word' id='word_1_305' title='bbox 1469 3906 1517 3952; x_wconf 89' lang='lat' dir='ltr'><strong>et</strong></span> <span class='ocrx_word' id='word_1_306' title='bbox 1555 3897 1682 3951; x_wconf 87' lang='lat' dir='ltr'><strong>abiit</strong></span> <span class='ocrx_word' id='word_1_307' title='bbox 1713 3899 1902 3952; x_wconf 83' lang='lat' dir='ltr'><strong>iterum</strong></span> <span class='ocrx_word' id='word_1_308' title='bbox 1931 3899 1987 3951; x_wconf 91' lang='lat' dir='ltr'><strong>in</strong></span> <span class='ocrx_word' id='word_1_309' title='bbox 2008 3894 2160 3951; x_wconf 85' lang='lat' dir='ltr'><strong>Gali-</strong></span> 
     </span>
    </p>
   </div>
   <div class='ocr_carea' id='block_1_42' title="bbox 577 3987 2159 4059">
    <p class='ocr_par' dir='ltr' id='par_1_42' title="bbox 577 3987 2159 4059">
     <span class='ocr_line' id='line_1_42' title="bbox 577 3987 2159 4059; baseline 0.002 -19"><span class='ocrx_word' id='word_1_310' title='bbox 577 3988 753 4044; x_wconf 62' lang='lat' dir='ltr'><strong>laeam.</strong></span> <span class='ocrx_word' id='word_1_311' title='bbox 785 3987 925 4055; x_wconf 92' lang='lat' dir='ltr'><strong>Quid</strong></span> <span class='ocrx_word' id='word_1_312' title='bbox 955 3997 1058 4054; x_wconf 89' lang='lat' dir='ltr'><strong>est,</strong></span> <span class='ocrx_word' id='word_1_313' title='bbox 1093 3987 1300 4059; x_wconf 85' lang='lat' dir='ltr'><strong>reliquit</strong></span> <span class='ocrx_word' id='word_1_314' title='bbox 1345 3987 1616 4055; x_wconf 64' lang='lat' dir='ltr'><strong>Iudaeam,</strong></span> <span class='ocrx_word' id='word_1_315' title='bbox 1644 3988 1748 4043; x_wconf 89' lang='lat' dir='ltr'><strong>nisi</strong></span> <span class='ocrx_word' id='word_1_316' title='bbox 1789 3988 2008 4058; x_wconf 89' lang='lat' dir='ltr'><strong>reliquit</strong></span> <span class='ocrx_word' id='word_1_317' title='bbox 2035 3987 2159 4043; x_wconf 86' lang='lat' dir='ltr'><strong>inﬁ-</strong></span> 
     </span>
    </p>
   </div>
   <div class='ocr_carea' id='block_1_43' title="bbox 579 4079 2162 4150">
    <p class='ocr_par' dir='ltr' id='par_1_43' title="bbox 579 4079 2162 4150">
     <span class='ocr_line' id='line_1_43' title="bbox 579 4079 2162 4150; baseline 0.001 -17"><span class='ocrx_word' id='word_1_318' title='bbox 579 4079 854 4135; x_wconf 87' lang='lat' dir='ltr'><strong>delitatem</strong></span> <span class='ocrx_word' id='word_1_319' title='bbox 883 4079 1098 4134; x_wconf 89' lang='lat' dir='ltr'><strong>illorum</strong></span> <span class='ocrx_word' id='word_1_320' title='bbox 1145 4080 1238 4149; x_wconf 91' lang='lat' dir='ltr'><strong>qui</strong></span> <span class='ocrx_word' id='word_1_321' title='bbox 1287 4094 1412 4136; x_wconf 91' lang='lat' dir='ltr'><strong>eum</strong></span> <span class='ocrx_word' id='word_1_322' title='bbox 1448 4081 1691 4150; x_wconf 87' lang='lat' dir='ltr'><strong>recipere</strong></span> <span class='ocrx_word' id='word_1_323' title='bbox 1732 4079 2053 4145; x_wconf 89' lang='lat' dir='ltr'><strong>noluerunt;</strong></span> <span class='ocrx_word' id='word_1_324' title='bbox 2105 4088 2162 4134; x_wconf 88' lang='lat' dir='ltr'><strong>et</strong></span> 
     </span>
    </p>
   </div>
   <div class='ocr_carea' id='block_1_44' title="bbox 578 4171 2161 4243">
    <p class='ocr_par' dir='ltr' id='par_1_44' title="bbox 578 4171 2161 4243">
     <span class='ocr_line' id='line_1_44' title="bbox 578 4171 2161 4243; baseline 0.002 -19"><span class='ocrx_word' id='word_1_325' title='bbox 578 4171 810 4242; x_wconf 86' lang='lat' dir='ltr'><strong>lapidem</strong></span> <span class='ocrx_word' id='word_1_326' title='bbox 838 4187 1001 4242; x_wconf 87' lang='lat' dir='ltr'><strong>quem</strong></span> <span class='ocrx_word' id='word_1_327' title='bbox 1029 4172 1299 4228; x_wconf 66' lang='lat' dir='ltr'><strong>aediﬁcare</strong></span> <span class='ocrx_word' id='word_1_328' title='bbox 1326 4172 1644 4238; x_wconf 88' lang='lat' dir='ltr'><strong>debuerunt,</strong></span> <span class='ocrx_word' id='word_1_329' title='bbox 1696 4174 2161 4243; x_wconf 78' lang='lat' dir='ltr'><strong>reprobaverunt?</strong></span> 
     </span>
    </p>
   </div>
   <div class='ocr_carea' id='block_1_45' title="bbox 577 4264 2160 4336">
    <p class='ocr_par' dir='ltr' id='par_1_45' title="bbox 577 4264 2160 4336">
     <span class='ocr_line' id='line_1_45' title="bbox 577 4264 2160 4336; baseline 0.002 -18"><span class='ocrx_word' id='word_1_330' title='bbox 577 4265 644 4318; x_wconf 87' lang='lat' dir='ltr'><strong>Et</strong></span> <span class='ocrx_word' id='word_1_331' title='bbox 673 4264 806 4319; x_wconf 87' lang='lat' dir='ltr'><strong>abiit</strong></span> <span class='ocrx_word' id='word_1_332' title='bbox 850 4279 950 4336; x_wconf 87' lang='lat' dir='ltr'><strong>per</strong></span> <span class='ocrx_word' id='word_1_333' title='bbox 971 4266 1240 4335; x_wconf 87' lang='lat' dir='ltr'><strong>apostolos</strong></span> <span class='ocrx_word' id='word_1_334' title='bbox 1271 4266 1326 4320; x_wconf 90' lang='lat' dir='ltr'><strong>in</strong></span> <span class='ocrx_word' id='word_1_335' title='bbox 1346 4266 1638 4331; x_wconf 58' lang='lat' dir='ltr'><strong>Galilaeam,</strong></span> <span class='ocrx_word' id='word_1_336' title='bbox 1674 4267 1729 4321; x_wconf 91' lang='lat' dir='ltr'><strong>id</strong></span> <span class='ocrx_word' id='word_1_337' title='bbox 1771 4275 1883 4329; x_wconf 88' lang='lat' dir='ltr'><strong>est,</strong></span> <span class='ocrx_word' id='word_1_338' title='bbox 1926 4267 1981 4321; x_wconf 92' lang='lat' dir='ltr'><strong>iu</strong></span> <span class='ocrx_word' id='word_1_339' title='bbox 2009 4265 2160 4322; x_wconf 85' lang='lat' dir='ltr'><strong>volu-</strong></span> 
     </span>
    </p>
   </div>
   <div class='ocr_carea' id='block_1_46' title="bbox 576 4357 2156 4428">
    <p class='ocr_par' dir='ltr' id='par_1_46' title="bbox 576 4357 2156 4428">
     <span class='ocr_line' id='line_1_46' title="bbox 576 4357 2156 4428; baseline 0.001 -16"><span class='ocrx_word' id='word_1_340' title='bbox 576 4357 840 4412; x_wconf 88' lang='lat' dir='ltr'><strong>bilitatem</strong></span> <span class='ocrx_word' id='word_1_341' title='bbox 878 4357 1037 4412; x_wconf 87' lang='lat' dir='ltr'><strong>istius</strong></span> <span class='ocrx_word' id='word_1_342' title='bbox 1080 4358 1298 4423; x_wconf 89' lang='lat' dir='ltr'><strong>mundi,</strong></span> <span class='ocrx_word' id='word_1_343' title='bbox 1351 4359 1668 4428; x_wconf 66' lang='lat' dir='ltr'><strong>praecipiens</strong></span> <span class='ocrx_word' id='word_1_344' title='bbox 1711 4359 1968 4428; x_wconf 89' lang='lat' dir='ltr'><strong>apostolis</strong></span> <span class='ocrx_word' id='word_1_345' title='bbox 2002 4375 2015 4412; x_wconf 91' lang='lat'>:</span> <span class='ocrx_word' id='word_1_346' title='bbox 2053 4359 2156 4426; x_wconf 92' lang='lat' dir='ltr'><strong>Ite,</strong></span> 
     </span>
    </p>
   </div>
   <div class='ocr_carea' id='block_1_47' title="bbox 579 4446 2156 4518">
    <p class='ocr_par' dir='ltr' id='par_1_47' title="bbox 579 4446 2156 4518">
     <span class='ocr_line' id='line_1_47' title="bbox 579 4446 2156 4518; baseline 0.004 -18"><span class='ocrx_word' id='word_1_347' title='bbox 579 4446 756 4500; x_wconf 89' lang='lat' dir='ltr'><strong>docete</strong></span> <span class='ocrx_word' id='word_1_348' title='bbox 772 4463 946 4502; x_wconf 89' lang='lat' dir='ltr'><strong>omnes</strong></span> <span class='ocrx_word' id='word_1_349' title='bbox 974 4457 1169 4517; x_wconf 85' lang='lat' dir='ltr'><strong>gentes,</strong></span> <span class='ocrx_word' id='word_1_350' title='bbox 1196 4448 1518 4518; x_wconf 79' lang='lat' dir='ltr'><strong>baptizantes</strong></span> <span class='ocrx_word' id='word_1_351' title='bbox 1544 4466 1630 4504; x_wconf 89' lang='lat' dir='ltr'><strong>eos</strong></span> <span class='ocrx_word' id='word_1_352' title='bbox 1654 4452 1709 4503; x_wconf 87' lang='lat' dir='ltr'><strong>in</strong></span> <span class='ocrx_word' id='word_1_353' title='bbox 1730 4453 1936 4505; x_wconf 82' lang='lat' dir='ltr'><strong>nomine</strong></span> <span class='ocrx_word' id='word_1_354' title='bbox 1952 4449 2156 4518; x_wconf 88' lang='lat' dir='ltr'><strong>Patris,</strong></span> 
     </span>
    </p>
   </div>
   <div class='ocr_carea' id='block_1_48' title="bbox 575 4537 1942 4616">
    <p class='ocr_par' dir='ltr' id='par_1_48' title="bbox 575 4537 1942 4616">
     <span class='ocr_line' id='line_1_48' title="bbox 575 4537 1942 4616; baseline 0.005 -25"><span class='ocrx_word' id='word_1_355' title='bbox 575 4548 622 4591; x_wconf 91' lang='lat' dir='ltr'><strong>et</strong></span> <span class='ocrx_word' id='word_1_356' title='bbox 649 4537 798 4605; x_wconf 87' lang='lat' dir='ltr'><strong>Filii,</strong></span> <span class='ocrx_word' id='word_1_357' title='bbox 832 4548 879 4594; x_wconf 91' lang='lat' dir='ltr'><strong>et</strong></span> <span class='ocrx_word' id='word_1_358' title='bbox 915 4537 1140 4609; x_wconf 85' lang='lat' dir='ltr'><strong>Spiritus</strong></span> <span class='ocrx_word' id='word_1_359' title='bbox 1172 4541 1341 4594; x_wconf 87' lang='lat' dir='ltr'><strong>sancti</strong></span> <span class='ocrx_word' id='word_1_360' title='bbox 1357 4539 1568 4612; x_wconf 85' lang='lat' dir='ltr'><strong>(Matth.</strong></span> <span class='ocrx_word' id='word_1_361' title='bbox 1605 4558 1799 4607; x_wconf 76' lang='lat' dir='ltr'><strong>xxviii,</strong></span> <span class='ocrx_word' id='word_1_362' title='bbox 1833 4543 1942 4616; x_wconf 83' lang='lat' dir='ltr'><strong>i9).</strong></span> 
     </span>
    </p>
   </div>
   <div class='ocr_carea' id='block_1_49' title="bbox 648 4630 2162 4707">
    <p class='ocr_par' dir='ltr' id='par_1_49' title="bbox 648 4630 2162 4707">
     <span class='ocr_line' id='line_1_49' title="bbox 648 4630 2162 4707; baseline 0.007 -24"><span class='ocrx_word' id='word_1_363' title='bbox 648 4630 811 4685; x_wconf 72' lang='lat' dir='ltr'><strong>Vens.</strong></span> <span class='ocrx_word' id='word_1_364' title='bbox 837 4630 891 4684; x_wconf 74' lang='grc'><strong>4.</strong></span> <span class='ocrx_word' id='word_1_365' title='bbox 924 4661 996 4670; x_wconf 93' lang='grc'><strong><em>-</em></strong></span> <span class='ocrx_word' id='word_1_366' title='bbox 1017 4630 1297 4702; x_wconf 85' lang='lat' dir='ltr'><strong>Oportebat</strong></span> <span class='ocrx_word' id='word_1_367' title='bbox 1322 4633 1460 4687; x_wconf 89' lang='lat' dir='ltr'><strong>enim</strong></span> <span class='ocrx_word' id='word_1_368' title='bbox 1481 4651 1598 4688; x_wconf 88' lang='lat' dir='ltr'><strong>eum</strong></span> <span class='ocrx_word' id='word_1_369' title='bbox 1613 4637 1837 4691; x_wconf 86' lang='lat' dir='ltr'><strong>transire</strong></span> <span class='ocrx_word' id='word_1_370' title='bbox 1857 4653 1948 4707; x_wconf 86' lang='lat' dir='ltr'><strong>per</strong></span> <span class='ocrx_word' id='word_1_371' title='bbox 1973 4636 2162 4693; x_wconf 88' lang='lat' dir='ltr'><strong>Sama-</strong></span> 
     </span>
    </p>
   </div>
   <div class='ocr_carea' id='block_1_50' title="bbox 579 4721 2159 4796">
    <p class='ocr_par' dir='ltr' id='par_1_50' title="bbox 579 4721 2159 4796">
     <span class='ocr_line' id='line_1_50' title="bbox 579 4721 2159 4796; baseline 0.008 -24"><span class='ocrx_word' id='word_1_372' title='bbox 579 4721 737 4774; x_wconf 82' lang='lat' dir='ltr'><strong>riam.</strong></span> <span class='ocrx_word' id='word_1_373' title='bbox 775 4721 831 4776; x_wconf 89' lang='lat' dir='ltr'><strong>ln</strong></span> <span class='ocrx_word' id='word_1_374' title='bbox 867 4721 1098 4778; x_wconf 88' lang='lat' dir='ltr'><strong>lectione</strong></span> <span class='ocrx_word' id='word_1_375' title='bbox 1137 4738 1267 4779; x_wconf 89' lang='lat' dir='ltr'><strong>vero</strong></span> <span class='ocrx_word' id='word_1_376' title='bbox 1297 4724 1595 4796; x_wconf 86' lang='lat' dir='ltr'><strong>Evangelii,</strong></span> <span class='ocrx_word' id='word_1_377' title='bbox 1645 4726 2013 4783; x_wconf 87' lang='lat' dir='ltr'><strong>inﬁrmitatem</strong></span> <span class='ocrx_word' id='word_1_378' title='bbox 2053 4730 2159 4784; x_wconf 88' lang='lat' dir='ltr'><strong>hu-</strong></span> 
     </span>
    </p>
   </div>
   <div class='ocr_carea' id='block_1_51' title="bbox 578 4808 2159 4884">
    <p class='ocr_par' dir='ltr' id='par_1_51' title="bbox 578 4808 2159 4884">
     <span class='ocr_line' id='line_1_51' title="bbox 578 4808 2159 4884; baseline 0.011 -24"><span class='ocrx_word' id='word_1_379' title='bbox 578 4808 723 4862; x_wconf 89' lang='lat' dir='ltr'><strong>mani</strong></span> <span class='ocrx_word' id='word_1_380' title='bbox 771 4811 986 4880; x_wconf 82' lang='lat' dir='ltr'><strong>generis</strong></span> <span class='ocrx_word' id='word_1_381' title='bbox 1015 4815 1317 4884; x_wconf 86' lang='lat' dir='ltr'><strong>suscepisse</strong></span> <span class='ocrx_word' id='word_1_382' title='bbox 1351 4814 1638 4872; x_wconf 90' lang='lat' dir='ltr'><strong>Dominum</strong></span> <span class='ocrx_word' id='word_1_383' title='bbox 1670 4815 1854 4875; x_wconf 90' lang='lat' dir='ltr'><strong>Iesum</strong></span> <span class='ocrx_word' id='word_1_384' title='bbox 1881 4819 2159 4877; x_wconf 87' lang='lat' dir='ltr'><strong>Christum</strong></span> 
     </span>
    </p>
   </div>
   <div class='ocr_carea' id='block_1_52' title="bbox 575 4895 2156 4979">
    <p class='ocr_par' dir='ltr' id='par_1_52' title="bbox 575 4895 2156 4979">
     <span class='ocr_line' id='line_1_52' title="bbox 575 4895 2156 4979; baseline 0.011 -29"><span class='ocrx_word' id='word_1_385' title='bbox 575 4895 886 4965; x_wconf 90' lang='lat' dir='ltr'><strong>plenissime</strong></span> <span class='ocrx_word' id='word_1_386' title='bbox 920 4901 1076 4956; x_wconf 88' lang='lat' dir='ltr'><strong>nobis</strong></span> <span class='ocrx_word' id='word_1_387' title='bbox 1105 4912 1322 4960; x_wconf 90' lang='lat' dir='ltr'><strong>sanctus</strong></span> <span class='ocrx_word' id='word_1_388' title='bbox 1347 4908 1678 4979; x_wconf 79' lang='lat' dir='ltr'><strong>evangelista</strong></span> <span class='ocrx_word' id='word_1_389' title='bbox 1701 4912 2025 4966; x_wconf 86' lang='lat' dir='ltr'><strong>monstravit</strong></span> <span class='ocrx_word' id='word_1_390' title='bbox 2046 4929 2060 4978; x_wconf 91' lang='lat'><strong>;</strong></span> <span class='ocrx_word' id='word_1_391' title='bbox 2081 4913 2156 4967; x_wconf 90' lang='lat' dir='ltr'><strong>si-</strong></span> 
     </span>
    </p>
   </div>
   <div class='ocr_carea' id='block_1_53' title="bbox 576 4989 2156 5058">
    <p class='ocr_par' dir='ltr' id='par_1_53' title="bbox 576 4989 2156 5058">
     <span class='ocr_line' id='line_1_53' title="bbox 576 4989 2156 5058; baseline 0.01 -16"><span class='ocrx_word' id='word_1_392' title='bbox 576 4989 795 5058; x_wconf 91' lang='lat' dir='ltr'><strong>quidem</strong></span> <span class='ocrx_word' id='word_1_393' title='bbox 835 5007 957 5047; x_wconf 91' lang='lat' dir='ltr'><strong>cum</strong></span> <span class='ocrx_word' id='word_1_394' title='bbox 986 4994 1211 5052; x_wconf 76' lang='lat' dir='ltr'><strong>dixisset</strong></span> <span class='ocrx_word' id='word_1_395' title='bbox 1230 4999 1442 5054; x_wconf 90' lang='lat' dir='ltr'><strong>venisse</strong></span> <span class='ocrx_word' id='word_1_396' title='bbox 1483 5000 1769 5056; x_wconf 91' lang='lat' dir='ltr'><strong>Dominum</strong></span> <span class='ocrx_word' id='word_1_397' title='bbox 1799 5002 1854 5056; x_wconf 92' lang='lat' dir='ltr'><strong>in</strong></span> <span class='ocrx_word' id='word_1_398' title='bbox 1879 5002 2156 5058; x_wconf 91' lang='lat' dir='ltr'><strong>civitatem</strong></span> 
     </span>
    </p>
   </div>
   <div class='ocr_carea' id='block_1_54' title="bbox 573 5079 2152 5164">
    <p class='ocr_par' dir='ltr' id='par_1_54' title="bbox 573 5079 2152 5164">
     <span class='ocr_line' id='line_1_54' title="bbox 573 5079 2152 5164; baseline 0.009 -30"><span class='ocrx_word' id='word_1_399' title='bbox 573 5079 852 5150; x_wconf 59' lang='lat' dir='ltr'><strong>Samaria,</strong></span> <span class='ocrx_word' id='word_1_400' title='bbox 899 5100 1019 5156; x_wconf 82' lang='lat' dir='ltr'><strong>quae</strong></span> <span class='ocrx_word' id='word_1_401' title='bbox 1049 5086 1246 5143; x_wconf 87' lang='lat' dir='ltr'><strong>dicitur</strong></span> <span class='ocrx_word' id='word_1_402' title='bbox 1285 5088 1495 5156; x_wconf 90' lang='lat' dir='ltr'><strong>Sichar,</strong></span> <span class='ocrx_word' id='word_1_403' title='bbox 1535 5090 1692 5161; x_wconf 79' lang='lat' dir='ltr'><strong>juxta</strong></span> <span class='ocrx_word' id='word_1_404' title='bbox 1721 5094 1983 5163; x_wconf 62' lang='lat' dir='ltr'><strong>praedium</strong></span> <span class='ocrx_word' id='word_1_405' title='bbox 2009 5094 2152 5164; x_wconf 91' lang='lat' dir='ltr'><strong>quod</strong></span> 
     </span>
    </p>
   </div>
   <div class='ocr_carea' id='block_1_55' title="bbox 569 5167 2152 5253">
    <p class='ocr_par' dir='ltr' id='par_1_55' title="bbox 569 5167 2152 5253">
     <span class='ocr_line' id='line_1_55' title="bbox 569 5167 2152 5253; baseline 0.011 -30"><span class='ocrx_word' id='word_1_406' title='bbox 569 5167 720 5226; x_wconf 90' lang='lat' dir='ltr'><strong>dedit</strong></span> <span class='ocrx_word' id='word_1_407' title='bbox 741 5169 908 5229; x_wconf 88' lang='lat' dir='ltr'><strong>Iacob</strong></span> <span class='ocrx_word' id='word_1_408' title='bbox 938 5173 1047 5232; x_wconf 90' lang='lat' dir='ltr'><strong>ﬁlio</strong></span> <span class='ocrx_word' id='word_1_409' title='bbox 1071 5192 1168 5234; x_wconf 91' lang='lat' dir='ltr'><strong>suo</strong></span> <span class='ocrx_word' id='word_1_410' title='bbox 1196 5177 1414 5250; x_wconf 88' lang='lat' dir='ltr'><strong>Ioseph,</strong></span> <span class='ocrx_word' id='word_1_411' title='bbox 1447 5181 1502 5235; x_wconf 92' lang='lat' dir='ltr'><strong>in</strong></span> <span class='ocrx_word' id='word_1_412' title='bbox 1529 5197 1636 5251; x_wconf 91' lang='lat' dir='ltr'><strong>quo</strong></span> <span class='ocrx_word' id='word_1_413' title='bbox 1659 5185 1861 5253; x_wconf 84' lang='lat' dir='ltr'><strong>praedio</strong></span> <span class='ocrx_word' id='word_1_414' title='bbox 1888 5193 2008 5240; x_wconf 88' lang='lat' dir='ltr'><strong>erat</strong></span> <span class='ocrx_word' id='word_1_415' title='bbox 2032 5184 2152 5240; x_wconf 92' lang='lat' dir='ltr'><strong>fons</strong></span> 
     </span>
    </p>
   </div>
   <div class='ocr_carea' id='block_1_56' title="bbox 568 5258 2149 5345">
    <p class='ocr_par' dir='ltr' id='par_1_56' title="bbox 568 5258 2149 5345">
     <span class='ocr_line' id='line_1_56' title="bbox 568 5258 2149 5345; baseline 0.01 -29"><span class='ocrx_word' id='word_1_416' title='bbox 568 5258 772 5330; x_wconf 62' lang='lat' dir='ltr'><strong>Iacob,</strong></span> <span class='ocrx_word' id='word_1_417' title='bbox 805 5265 1012 5322; x_wconf 87' lang='lat' dir='ltr'><strong>addidit</strong></span> <span class='ocrx_word' id='word_1_418' title='bbox 1047 5287 1061 5322; x_wconf 88' lang='lat'><strong>:</strong></span> <span class='ocrx_word' id='word_1_419' title='bbox 1097 5268 1273 5335; x_wconf 85' lang='lat' dir='ltr'><strong>Iesus,</strong></span> <span class='ocrx_word' id='word_1_420' title='bbox 1326 5271 1520 5342; x_wconf 90' lang='lat' dir='ltr'><strong>inquit,</strong></span> <span class='ocrx_word' id='word_1_421' title='bbox 1551 5275 1806 5345; x_wconf 79' lang='lat' dir='ltr'><strong>fatigatus</strong></span> <span class='ocrx_word' id='word_1_422' title='bbox 1837 5292 1903 5330; x_wconf 76' lang='lat' dir='ltr'><strong>ea:</strong></span> <span class='ocrx_word' id='word_1_423' title='bbox 1942 5276 2149 5344; x_wconf 86' lang='lat' dir='ltr'><strong>itinere,</strong></span> 
     </span>
    </p>
   </div>
   <div class='ocr_carea' id='block_1_57' title="bbox 564 5351 1922 5440">
    <p class='ocr_par' dir='ltr' id='par_1_57' title="bbox 564 5351 1922 5440">
     <span class='ocr_line' id='line_1_57' title="bbox 564 5351 1922 5440; baseline 0.011 -34"><span class='ocrx_word' id='word_1_424' title='bbox 564 5351 778 5410; x_wconf 77' lang='lat' dir='ltr'><strong>sedebat</strong></span> <span class='ocrx_word' id='word_1_425' title='bbox 797 5355 875 5412; x_wconf 77' lang='lat' dir='ltr'><strong>sic</strong></span> <span class='ocrx_word' id='word_1_426' title='bbox 893 5372 1055 5428; x_wconf 84' lang='lat' dir='ltr'><strong>supra</strong></span> <span class='ocrx_word' id='word_1_427' title='bbox 1077 5359 1270 5429; x_wconf 79' lang='lat' dir='ltr'><strong>fontem</strong></span> <span class='ocrx_word' id='word_1_428' title='bbox 1297 5361 1441 5432; x_wconf 84' lang='lat' dir='ltr'><strong>[Ms.,</strong></span> <span class='ocrx_word' id='word_1_429' title='bbox 1471 5381 1630 5434; x_wconf 86' lang='lat' dir='ltr'><strong>supra</strong></span> <span class='ocrx_word' id='word_1_430' title='bbox 1666 5366 1922 5440; x_wconf 86' lang='lat' dir='ltr'><strong>puteum].</strong></span> 
     </span>
    </p>
   </div>
   <div class='ocr_carea' id='block_1_58' title="bbox 1164 5471 1532 5530">
    <p class='ocr_par' dir='ltr' id='par_1_58' title="bbox 1164 5471 1532 5530">
     <span class='ocr_line' id='line_1_58' title="bbox 1164 5471 1532 5530; baseline 0.014 -5"><span class='ocrx_word' id='word_1_431' title='bbox 1164 5471 1391 5528; x_wconf 87' lang='lat' dir='ltr'><strong>CAPUT</strong></span> <span class='ocrx_word' id='word_1_432' title='bbox 1442 5474 1532 5530; x_wconf 78' lang='lat' dir='ltr'><strong>VII</strong></span> 
     </span>
    </p>
   </div>
   <div class='ocr_carea' id='block_1_59' title="bbox 565 5573 2153 5651">
    <p class='ocr_par' dir='ltr' id='par_1_59' title="bbox 565 5573 2153 5651">
     <span class='ocr_line' id='line_1_59' title="bbox 565 5573 2153 5651; baseline 0.01 -19"><span class='ocrx_word' id='word_1_433' title='bbox 565 5573 649 5633; x_wconf 80' lang='lat' dir='ltr'><strong>Ad</strong></span> <span class='ocrx_word' id='word_1_434' title='bbox 667 5589 881 5651; x_wconf 88' lang='lat' dir='ltr'><strong>puteum</strong></span> <span class='ocrx_word' id='word_1_435' title='bbox 900 5581 1066 5638; x_wconf 83' lang='lat' dir='ltr'><strong>Iacob</strong></span> <span class='ocrx_word' id='word_1_436' title='bbox 1087 5584 1298 5641; x_wconf 86' lang='lat' dir='ltr'><strong>mulieri</strong></span> <span class='ocrx_word' id='word_1_437' title='bbox 1322 5585 1674 5644; x_wconf 76' lang='lat' dir='ltr'><strong>Samaritana:</strong></span> <span class='ocrx_word' id='word_1_438' title='bbox 1696 5587 1938 5647; x_wconf 83' lang='lat' dir='ltr'><strong>Christus</strong></span> <span class='ocrx_word' id='word_1_439' title='bbox 1965 5610 2018 5648; x_wconf 90' lang='lat' dir='ltr'><strong>se</strong></span> <span class='ocrx_word' id='word_1_440' title='bbox 2038 5611 2153 5649; x_wconf 86' lang='lat' dir='ltr'><strong>ma-</strong></span> 
     </span>
    </p>
   </div>
   <div class='ocr_carea' id='block_1_60' title="bbox 636 5652 2154 5732">
    <p class='ocr_par' dir='ltr' id='par_1_60' title="bbox 636 5652 2154 5732">
     <span class='ocr_line' id='line_1_60' title="bbox 636 5652 2154 5732; baseline 0.012 -28"><span class='ocrx_word' id='word_1_441' title='bbox 636 5652 889 5721; x_wconf 77' lang='lat' dir='ltr'><strong>nifestam</strong></span> <span class='ocrx_word' id='word_1_442' title='bbox 922 5653 1152 5726; x_wconf 86' lang='lat' dir='ltr'><strong>plurima</strong></span> <span class='ocrx_word' id='word_1_443' title='bbox 1174 5660 1388 5728; x_wconf 81' lang='lat' dir='ltr'><strong>mystice</strong></span> <span class='ocrx_word' id='word_1_444' title='bbox 1411 5659 1674 5732; x_wconf 84' lang='lat' dir='ltr'><strong>loquitur,</strong></span> <span class='ocrx_word' id='word_1_445' title='bbox 1705 5670 1752 5716; x_wconf 89' lang='lat' dir='ltr'><strong>et</strong></span> <span class='ocrx_word' id='word_1_446' title='bbox 1778 5663 1931 5718; x_wconf 87' lang='lat' dir='ltr'><strong>multi</strong></span> <span class='ocrx_word' id='word_1_447' title='bbox 1961 5661 2154 5722; x_wconf 86' lang='lat' dir='ltr'><strong>Sama-</strong></span> 
     </span>
    </p>
   </div>
   <div class='ocr_carea' id='block_1_61' title="bbox 639 5823 1365 5906">
    <p class='ocr_par' dir='ltr' id='par_1_61' title="bbox 639 5823 1365 5906">
     <span class='ocr_line' id='line_1_61' title="bbox 639 5823 1365 5906; baseline 0.012 -22"><span class='ocrx_word' id='word_1_448' title='bbox 639 5835 668 5875; x_wconf 73' lang='grc' dir='ltr'>ι</span> <span class='ocrx_word' id='word_1_449' title='bbox 698 5823 989 5906; x_wconf 73' lang='lat' dir='ltr'><strong>fluensque</strong></span> <span class='ocrx_word' id='word_1_450' title='bbox 1008 5831 1365 5906; x_wconf 76' lang='lat' dir='ltr'><strong>Augustinus.</strong></span> 
     </span>
    </p>
   </div>
   <div class='ocr_carea' id='block_1_62' title="bbox 2326 583 2806 640">
    <p class='ocr_par' dir='ltr' id='par_1_62' title="bbox 2326 583 2806 640">
     <span class='ocr_line' id='line_1_62' title="bbox 2326 583 2806 640; baseline -0.004 0"><span class='ocrx_word' id='word_1_451' title='bbox 2326 583 2570 640; x_wconf 85' lang='lat' dir='ltr'><strong>Salvator</strong></span> <span class='ocrx_word' id='word_1_452' title='bbox 2602 585 2806 640; x_wconf 88' lang='lat' dir='ltr'><strong>mundi.</strong></span> 
     </span>
    </p>
   </div>
   <div class='ocr_carea' id='block_1_63' title="bbox 2327 691 3834 765">
    <p class='ocr_par' dir='ltr' id='par_1_63' title="bbox 2327 691 3834 765">
     <span class='ocr_line' id='line_1_63' title="bbox 2327 691 3834 765; baseline 0 -13"><span class='ocrx_word' id='word_1_453' title='bbox 2327 697 2489 752; x_wconf 76' lang='lat' dir='ltr'><strong>Vsus.</strong></span> <span class='ocrx_word' id='word_1_454' title='bbox 2521 697 2574 763; x_wconf 85' lang='lat'><strong>5,</strong></span> <span class='ocrx_word' id='word_1_455' title='bbox 2606 697 2658 754; x_wconf 89' lang='lat'><strong>6.</strong></span> <span class='ocrx_word' id='word_1_456' title='bbox 2687 729 2758 739; x_wconf 95' lang='lat'><strong>—</strong></span> <span class='ocrx_word' id='word_1_457' title='bbox 2793 696 2944 752; x_wconf 86' lang='lat' dir='ltr'><strong>Venit</strong></span> <span class='ocrx_word' id='word_1_458' title='bbox 2973 695 3130 752; x_wconf 84' lang='lat' dir='ltr'><strong>Iesus</strong></span> <span class='ocrx_word' id='word_1_459' title='bbox 3156 697 3211 751; x_wconf 91' lang='lat' dir='ltr'><strong>in</strong></span> <span class='ocrx_word' id='word_1_460' title='bbox 3245 696 3502 751; x_wconf 83' lang='lat' dir='ltr'><strong>civitatem</strong></span> <span class='ocrx_word' id='word_1_461' title='bbox 3534 691 3796 752; x_wconf 68' lang='lat' dir='ltr'><strong>Samaria:</strong></span> <span class='ocrx_word' id='word_1_462' title='bbox 3818 739 3834 765; x_wconf 93' lang='lat'><strong>,</strong></span> 
     </span>
    </p>
   </div>
   <div class='ocr_carea' id='block_1_64' title="bbox 2254 787 3836 862">
    <p class='ocr_par' dir='ltr' id='par_1_64' title="bbox 2254 787 3836 862">
     <span class='ocr_line' id='line_1_64' title="bbox 2254 787 3836 862; baseline 0.001 -20"><span class='ocrx_word' id='word_1_463' title='bbox 2254 805 2370 860; x_wconf 74' lang='lat' dir='ltr'><strong>qua:</strong></span> <span class='ocrx_word' id='word_1_464' title='bbox 2393 789 2588 843; x_wconf 88' lang='lat' dir='ltr'><strong>dicitur</strong></span> <span class='ocrx_word' id='word_1_465' title='bbox 2615 787 2832 855; x_wconf 85' lang='lat' dir='ltr'><strong>Sichar,</strong></span> <span class='ocrx_word' id='word_1_466' title='bbox 2859 790 3019 860; x_wconf 75' lang='lat' dir='ltr'><strong>juxta</strong></span> <span class='ocrx_word' id='word_1_467' title='bbox 3053 789 3309 862; x_wconf 72' lang='lat' dir='ltr'><strong>prtedium</strong></span> <span class='ocrx_word' id='word_1_468' title='bbox 3341 788 3481 859; x_wconf 87' lang='lat' dir='ltr'><strong>quod</strong></span> <span class='ocrx_word' id='word_1_469' title='bbox 3508 787 3652 844; x_wconf 88' lang='lat' dir='ltr'><strong>dedit</strong></span> <span class='ocrx_word' id='word_1_470' title='bbox 3675 787 3836 843; x_wconf 85' lang='lat' dir='ltr'><strong>Iacob</strong></span> 
     </span>
    </p>
   </div>
   <div class='ocr_carea' id='block_1_65' title="bbox 2254 878 3837 952">
    <p class='ocr_par' dir='ltr' id='par_1_65' title="bbox 2254 878 3837 952">
     <span class='ocr_line' id='line_1_65' title="bbox 2254 878 3837 952; baseline 0.001 -18"><span class='ocrx_word' id='word_1_471' title='bbox 2254 879 2449 952; x_wconf 84' lang='lat' dir='ltr'><strong>Ioseph</strong></span> <span class='ocrx_word' id='word_1_472' title='bbox 2484 883 2596 952; x_wconf 80' lang='lat' dir='ltr'><strong>ﬁlio</strong></span> <span class='ocrx_word' id='word_1_473' title='bbox 2633 899 2750 937; x_wconf 88' lang='lat' dir='ltr'><strong>suo.</strong></span> <span class='ocrx_word' id='word_1_474' title='bbox 2803 882 2935 936; x_wconf 87' lang='lat' dir='ltr'><strong>Erat</strong></span> <span class='ocrx_word' id='word_1_475' title='bbox 2956 882 3093 936; x_wconf 87' lang='lat' dir='ltr'><strong>enim</strong></span> <span class='ocrx_word' id='word_1_476' title='bbox 3131 881 3203 934; x_wconf 86' lang='lat' dir='ltr'><strong>ibi</strong></span> <span class='ocrx_word' id='word_1_477' title='bbox 3250 881 3368 951; x_wconf 82' lang='lat' dir='ltr'><strong>fons</strong></span> <span class='ocrx_word' id='word_1_478' title='bbox 3411 878 3602 934; x_wconf 87' lang='lat' dir='ltr'><strong>Iacob.</strong></span> <span class='ocrx_word' id='word_1_479' title='bbox 3649 878 3837 948; x_wconf 84' lang='lat' dir='ltr'><strong>Iesus,</strong></span> 
     </span>
    </p>
   </div>
   <div class='ocr_carea' id='block_1_66' title="bbox 2257 973 3836 1046">
    <p class='ocr_par' dir='ltr' id='par_1_66' title="bbox 2257 973 3836 1046">
     <span class='ocr_line' id='line_1_66' title="bbox 2257 973 3836 1046; baseline 0 -18"><span class='ocrx_word' id='word_1_480' title='bbox 2257 973 2466 1044; x_wconf 89' lang='lat' dir='ltr'><strong>inquit,</strong></span> <span class='ocrx_word' id='word_1_481' title='bbox 2514 975 2763 1046; x_wconf 82' lang='lat' dir='ltr'><strong>fatigatus</strong></span> <span class='ocrx_word' id='word_1_482' title='bbox 2805 976 3010 1041; x_wconf 75' lang='lat' dir='ltr'><strong>itinere,</strong></span> <span class='ocrx_word' id='word_1_483' title='bbox 3057 973 3265 1029; x_wconf 89' lang='lat' dir='ltr'><strong>sedebat</strong></span> <span class='ocrx_word' id='word_1_484' title='bbox 3302 973 3378 1027; x_wconf 88' lang='lat' dir='ltr'><strong>sic</strong></span> <span class='ocrx_word' id='word_1_485' title='bbox 3418 989 3576 1043; x_wconf 84' lang='lat' dir='ltr'><strong>super</strong></span> <span class='ocrx_word' id='word_1_486' title='bbox 3623 973 3836 1043; x_wconf 79' lang='lat' dir='ltr'><strong>fontem.</strong></span> 
     </span>
    </p>
   </div>
   <div class='ocr_carea' id='block_1_67' title="bbox 2259 1065 3838 1139">
    <p class='ocr_par' dir='ltr' id='par_1_67' title="bbox 2259 1065 3838 1139">
     <span class='ocr_line' id='line_1_67' title="bbox 2259 1065 3838 1139; baseline 0.001 -18"><span class='ocrx_word' id='word_1_487' title='bbox 2259 1065 2432 1136; x_wconf 88' lang='lat' dir='ltr'><strong>Super</strong></span> <span class='ocrx_word' id='word_1_488' title='bbox 2467 1067 2669 1124; x_wconf 86' lang='lat' dir='ltr'><strong>fontem</strong></span> <span class='ocrx_word' id='word_1_489' title='bbox 2696 1069 2948 1124; x_wconf 88' lang='lat' dir='ltr'><strong>videlicet</strong></span> <span class='ocrx_word' id='word_1_490' title='bbox 2993 1067 3172 1138; x_wconf 84' lang='lat' dir='ltr'><strong>putei,</strong></span> <span class='ocrx_word' id='word_1_491' title='bbox 3225 1065 3340 1139; x_wconf 93' lang='lat' dir='ltr'><strong>[qui</strong></span> <span class='ocrx_word' id='word_1_492' title='bbox 3380 1067 3585 1121; x_wconf 75' lang='lat' dir='ltr'><strong>eratin</strong></span> <span class='ocrx_word' id='word_1_493' title='bbox 3613 1066 3838 1137; x_wconf 60' lang='lat' dir='ltr'><strong>praedio,</strong></span> 
     </span>
    </p>
   </div>
   <div class='ocr_carea' id='block_1_68' title="bbox 2257 1155 3837 1230">
    <p class='ocr_par' dir='ltr' id='par_1_68' title="bbox 2257 1155 3837 1230">
     <span class='ocr_line' id='line_1_68' title="bbox 2257 1155 3837 1230; baseline 0.001 -19"><span class='ocrx_word' id='word_1_494' title='bbox 2257 1157 2419 1230; x_wconf 87' lang='lat' dir='ltr'><strong>quod]</strong></span> <span class='ocrx_word' id='word_1_495' title='bbox 2465 1167 2684 1214; x_wconf 90' lang='lat' dir='ltr'><strong>sanctus</strong></span> <span class='ocrx_word' id='word_1_496' title='bbox 2708 1158 2873 1214; x_wconf 91' lang='lat' dir='ltr'><strong>Iacob</strong></span> <span class='ocrx_word' id='word_1_497' title='bbox 2922 1157 3123 1228; x_wconf 89' lang='lat' dir='ltr'><strong>Ioseph</strong></span> <span class='ocrx_word' id='word_1_498' title='bbox 3163 1157 3273 1212; x_wconf 89' lang='lat' dir='ltr'><strong>ﬁlio</strong></span> <span class='ocrx_word' id='word_1_499' title='bbox 3297 1172 3396 1212; x_wconf 88' lang='lat' dir='ltr'><strong>suo</strong></span> <span class='ocrx_word' id='word_1_500' title='bbox 3427 1155 3837 1226; x_wconf 88' lang='lat' dir='ltr'><strong>dereliquerat:</strong></span> 
     </span>
    </p>
   </div>
   <div class='ocr_carea' id='block_1_69' title="bbox 2257 1250 3842 1323">
    <p class='ocr_par' dir='ltr' id='par_1_69' title="bbox 2257 1250 3842 1323">
     <span class='ocr_line' id='line_1_69' title="bbox 2257 1250 3842 1323; baseline 0.001 -17"><span class='ocrx_word' id='word_1_501' title='bbox 2257 1253 2399 1321; x_wconf 86' lang='lat' dir='ltr'><strong>quod</strong></span> <span class='ocrx_word' id='word_1_502' title='bbox 2421 1254 2680 1322; x_wconf 83' lang='lat' dir='ltr'><strong>praedium</strong></span> <span class='ocrx_word' id='word_1_503' title='bbox 2710 1269 2815 1308; x_wconf 93' lang='lat' dir='ltr'><strong>non</strong></span> <span class='ocrx_word' id='word_1_504' title='bbox 2839 1263 2945 1308; x_wconf 89' lang='lat' dir='ltr'><strong>tam</strong></span> <span class='ocrx_word' id='word_1_505' title='bbox 2959 1251 3158 1323; x_wconf 90' lang='lat' dir='ltr'><strong>Ioseph</strong></span> <span class='ocrx_word' id='word_1_506' title='bbox 3187 1267 3347 1322; x_wconf 87' lang='lat' dir='ltr'><strong>quam</strong></span> <span class='ocrx_word' id='word_1_507' title='bbox 3372 1250 3592 1307; x_wconf 87' lang='lat' dir='ltr'><strong>Chnsto</strong></span> <span class='ocrx_word' id='word_1_508' title='bbox 3610 1251 3842 1307; x_wconf 82' lang='lat' dir='ltr'><strong>arbitror</strong></span> 
     </span>
    </p>
   </div>
   <div class='ocr_carea' id='block_1_70' title="bbox 2257 1341 3840 1415">
    <p class='ocr_par' dir='ltr' id='par_1_70' title="bbox 2257 1341 3840 1415">
     <span class='ocr_line' id='line_1_70' title="bbox 2257 1341 3840 1415; baseline -0.001 -16"><span class='ocrx_word' id='word_1_509' title='bbox 2257 1345 2594 1411; x_wconf 90' lang='lat' dir='ltr'><strong>derelictum,</strong></span> <span class='ocrx_word' id='word_1_510' title='bbox 2618 1343 2772 1414; x_wconf 79' lang='lat' dir='ltr'><strong>cuius</strong></span> <span class='ocrx_word' id='word_1_511' title='bbox 2795 1344 3020 1415; x_wconf 89' lang='lat' dir='ltr'><strong>ﬁguram</strong></span> <span class='ocrx_word' id='word_1_512' title='bbox 3052 1352 3272 1398; x_wconf 88' lang='lat' dir='ltr'><strong>sanctus</strong></span> <span class='ocrx_word' id='word_1_513' title='bbox 3305 1341 3506 1414; x_wconf 87' lang='lat' dir='ltr'><strong>Ioseph</strong></span> <span class='ocrx_word' id='word_1_514' title='bbox 3531 1343 3840 1413; x_wconf 82' lang='lat' dir='ltr'><strong>patriarcha</strong></span> 
     </span>
    </p>
   </div>
   <div class='ocr_carea' id='block_1_71' title="bbox 2257 1425 3841 1509">
    <p class='ocr_par' dir='ltr' id='par_1_71' title="bbox 2257 1425 3841 1509">
     <span class='ocr_line' id='line_1_71' title="bbox 2257 1425 3841 1509; baseline 0 -17"><span class='ocrx_word' id='word_1_515' title='bbox 2257 1440 2510 1509; x_wconf 86' lang='lat' dir='ltr'><strong>portavit,</strong></span> <span class='ocrx_word' id='word_1_516' title='bbox 2561 1455 2722 1509; x_wconf 89' lang='lat' dir='ltr'><strong>quem</strong></span> <span class='ocrx_word' id='word_1_517' title='bbox 2750 1455 2880 1494; x_wconf 84' lang='lat' dir='ltr'><strong>vere</strong></span> <span class='ocrx_word' id='word_1_518' title='bbox 2917 1440 2997 1494; x_wconf 91' lang='lat' dir='ltr'><strong>sol</strong></span> <span class='ocrx_word' id='word_1_519' title='bbox 3038 1440 3227 1492; x_wconf 89' lang='lat' dir='ltr'><strong>adorat</strong></span> <span class='ocrx_word' id='word_1_520' title='bbox 3266 1444 3320 1492; x_wconf 90' lang='lat' dir='ltr'><strong>et</strong></span> <span class='ocrx_word' id='word_1_521' title='bbox 3356 1436 3507 1502; x_wconf 92' lang='lat' dir='ltr'><strong>luna,</strong></span> <span class='ocrx_word' id='word_1_522' title='bbox 3556 1445 3613 1490; x_wconf 92' lang='lat' dir='ltr'><strong>et</strong></span> <span class='ocrx_word' id='word_1_523' title='bbox 3655 1425 3841 1492; x_wconf 84' lang='lat' dir='ltr'><strong>omnes</strong></span> 
     </span>
    </p>
   </div>
   <div class='ocr_carea' id='block_1_72' title="bbox 2259 1526 3840 1600">
    <p class='ocr_par' dir='ltr' id='par_1_72' title="bbox 2259 1526 3840 1600">
     <span class='ocr_line' id='line_1_72' title="bbox 2259 1526 3840 1600; baseline -0.002 -14"><span class='ocrx_word' id='word_1_524' title='bbox 2259 1529 2428 1586; x_wconf 86' lang='lat' dir='ltr'><strong>stellae</strong></span> <span class='ocrx_word' id='word_1_525' title='bbox 2476 1529 2820 1585; x_wconf 88' lang='lat' dir='ltr'><strong>benedicunt.</strong></span> <span class='ocrx_word' id='word_1_526' title='bbox 2863 1529 2948 1582; x_wconf 80' lang='lat' dir='ltr'><strong>Ad</strong></span> <span class='ocrx_word' id='word_1_527' title='bbox 2975 1529 3079 1584; x_wconf 90' lang='lat' dir='ltr'><strong>hoc</strong></span> <span class='ocrx_word' id='word_1_528' title='bbox 3110 1527 3372 1597; x_wconf 63' lang='lat' dir='ltr'><strong>praedium</strong></span> <span class='ocrx_word' id='word_1_529' title='bbox 3414 1526 3534 1600; x_wconf 88' lang='lat' dir='ltr'><strong>ideo</strong></span> <span class='ocrx_word' id='word_1_530' title='bbox 3563 1528 3708 1582; x_wconf 86' lang='lat' dir='ltr'><strong>venit</strong></span> <span class='ocrx_word' id='word_1_531' title='bbox 3732 1529 3840 1583; x_wconf 90' lang='lat' dir='ltr'><strong>Do-</strong></span> 
     </span>
    </p>
   </div>
   <div class='ocr_carea' id='block_1_73' title="bbox 2260 1623 3838 1695">
    <p class='ocr_par' dir='ltr' id='par_1_73' title="bbox 2260 1623 3838 1695">
     <span class='ocr_line' id='line_1_73' title="bbox 2260 1623 3838 1695; baseline 0 -16"><span class='ocrx_word' id='word_1_532' title='bbox 2260 1625 2459 1688; x_wconf 89' lang='lat' dir='ltr'><strong>minus,</strong></span> <span class='ocrx_word' id='word_1_533' title='bbox 2487 1633 2545 1679; x_wconf 94' lang='lat' dir='ltr'><strong>ut</strong></span> <span class='ocrx_word' id='word_1_534' title='bbox 2575 1625 2933 1690; x_wconf 90' lang='lat' dir='ltr'><strong>Samaritani,</strong></span> <span class='ocrx_word' id='word_1_535' title='bbox 2967 1625 3060 1695; x_wconf 91' lang='lat' dir='ltr'><strong>qui</strong></span> <span class='ocrx_word' id='word_1_536' title='bbox 3086 1624 3460 1679; x_wconf 75' lang='lat' dir='ltr'><strong>hmreditatem</strong></span> <span class='ocrx_word' id='word_1_537' title='bbox 3485 1623 3580 1677; x_wconf 90' lang='lat' dir='ltr'><strong>sibi</strong></span> <span class='ocrx_word' id='word_1_538' title='bbox 3602 1623 3838 1694; x_wconf 74' lang='lat' dir='ltr'><strong>patriar.</strong></span> 
     </span>
    </p>
   </div>
   <div class='ocr_carea' id='block_1_74' title="bbox 2259 1716 3834 1785">
    <p class='ocr_par' dir='ltr' id='par_1_74' title="bbox 2259 1716 3834 1785">
     <span class='ocr_line' id='line_1_74' title="bbox 2259 1716 3834 1785; baseline 0 -14"><span class='ocrx_word' id='word_1_539' title='bbox 2259 1717 2376 1772; x_wconf 74' lang='lat' dir='ltr'><strong>clue</strong></span> <span class='ocrx_word' id='word_1_540' title='bbox 2408 1716 2570 1771; x_wconf 90' lang='lat' dir='ltr'><strong>lsrael</strong></span> <span class='ocrx_word' id='word_1_541' title='bbox 2597 1716 2873 1771; x_wconf 89' lang='lat' dir='ltr'><strong>vindicare</strong></span> <span class='ocrx_word' id='word_1_542' title='bbox 2905 1716 3212 1785; x_wconf 87' lang='lat' dir='ltr'><strong>cupiebant,</strong></span> <span class='ocrx_word' id='word_1_543' title='bbox 3253 1723 3600 1785; x_wconf 86' lang='lat' dir='ltr'><strong>agnoscerent</strong></span> <span class='ocrx_word' id='word_1_544' title='bbox 3622 1730 3834 1784; x_wconf 87' lang='lat' dir='ltr'><strong>posses-</strong></span> 
     </span>
    </p>
   </div>
   <div class='ocr_carea' id='block_1_75' title="bbox 2262 1804 3838 1876">
    <p class='ocr_par' dir='ltr' id='par_1_75' title="bbox 2262 1804 3838 1876">
     <span class='ocr_line' id='line_1_75' title="bbox 2262 1804 3838 1876; baseline -0.001 -13"><span class='ocrx_word' id='word_1_545' title='bbox 2262 1822 2436 1863; x_wconf 89' lang='lat' dir='ltr'><strong>sorem</strong></span> <span class='ocrx_word' id='word_1_546' title='bbox 2462 1823 2635 1871; x_wconf 90' lang='lat' dir='ltr'><strong>suum,</strong></span> <span class='ocrx_word' id='word_1_547' title='bbox 2653 1817 2707 1862; x_wconf 88' lang='lat' dir='ltr'><strong>et</strong></span> <span class='ocrx_word' id='word_1_548' title='bbox 2731 1815 3178 1861; x_wconf 85' lang='lat' dir='ltr'><strong>converterentur</strong></span> <span class='ocrx_word' id='word_1_549' title='bbox 3197 1806 3265 1860; x_wconf 90' lang='lat' dir='ltr'><strong>ad</strong></span> <span class='ocrx_word' id='word_1_550' title='bbox 3294 1804 3570 1860; x_wconf 90' lang='lat' dir='ltr'><strong>Christum</strong></span> <span class='ocrx_word' id='word_1_551' title='bbox 3594 1808 3682 1876; x_wconf 90' lang='lat' dir='ltr'><strong>qui</strong></span> <span class='ocrx_word' id='word_1_552' title='bbox 3704 1806 3838 1876; x_wconf 69' lang='lat' dir='ltr'><strong>legio</strong></span> 
     </span>
    </p>
   </div>
   <div class='ocr_carea' id='block_1_76' title="bbox 2263 1896 3838 1968">
    <p class='ocr_par' dir='ltr' id='par_1_76' title="bbox 2263 1896 3838 1968">
     <span class='ocr_line' id='line_1_76' title="bbox 2263 1896 3838 1968; baseline 0 -16"><span class='ocrx_word' id='word_1_553' title='bbox 2263 1899 2427 1952; x_wconf 91' lang='lat' dir='ltr'><strong>timus</strong></span> <span class='ocrx_word' id='word_1_554' title='bbox 2441 1899 2766 1968; x_wconf 76' lang='lat' dir='ltr'><strong>patriarchae</strong></span> <span class='ocrx_word' id='word_1_555' title='bbox 2788 1899 2963 1952; x_wconf 68' lang='lat' dir='ltr'><strong>hzcres</strong></span> <span class='ocrx_word' id='word_1_556' title='bbox 2992 1905 3077 1951; x_wconf 89' lang='lat' dir='ltr'><strong>est</strong></span> <span class='ocrx_word' id='word_1_557' title='bbox 3105 1897 3296 1951; x_wconf 90' lang='lat' dir='ltr'><strong>factus.</strong></span> <span class='ocrx_word' id='word_1_558' title='bbox 3332 1896 3838 1967; x_wconf 84' lang='lat' dir='ltr'><strong>Dicitevangelista:</strong></span> 
     </span>
    </p>
   </div>
   <div class='ocr_carea' id='block_1_77' title="bbox 2260 1987 3844 2059">
    <p class='ocr_par' dir='ltr' id='par_1_77' title="bbox 2260 1987 3844 2059">
     <span class='ocr_line' id='line_1_77' title="bbox 2260 1987 3844 2059; baseline -0.001 -16"><span class='ocrx_word' id='word_1_559' title='bbox 2260 1988 2415 2044; x_wconf 87' lang='lat' dir='ltr'><strong>Iesus</strong></span> <span class='ocrx_word' id='word_1_560' title='bbox 2444 1999 2616 2043; x_wconf 88' lang='lat' dir='ltr'><strong>autem</strong></span> <span class='ocrx_word' id='word_1_561' title='bbox 2641 1989 2891 2059; x_wconf 80' lang='lat' dir='ltr'><strong>fatigatus</strong></span> <span class='ocrx_word' id='word_1_562' title='bbox 2912 2005 2977 2042; x_wconf 76' lang='lat' dir='ltr'><strong>ea:</strong></span> <span class='ocrx_word' id='word_1_563' title='bbox 3000 1989 3205 2052; x_wconf 87' lang='lat' dir='ltr'><strong>itinere,</strong></span> <span class='ocrx_word' id='word_1_564' title='bbox 3230 1987 3438 2041; x_wconf 89' lang='lat' dir='ltr'><strong>sedebat</strong></span> <span class='ocrx_word' id='word_1_565' title='bbox 3459 1988 3537 2041; x_wconf 92' lang='lat' dir='ltr'><strong>sic</strong></span> <span class='ocrx_word' id='word_1_566' title='bbox 3553 2005 3711 2057; x_wconf 85' lang='lat' dir='ltr'><strong>super</strong></span> <span class='ocrx_word' id='word_1_567' title='bbox 3733 1988 3844 2057; x_wconf 81' lang='lat' dir='ltr'><strong>fon-</strong></span> 
     </span>
    </p>
   </div>
   <div class='ocr_carea' id='block_1_78' title="bbox 2261 2078 3840 2153">
    <p class='ocr_par' dir='ltr' id='par_1_78' title="bbox 2261 2078 3840 2153">
     <span class='ocr_line' id='line_1_78' title="bbox 2261 2078 3840 2153; baseline 0.004 -22"><span class='ocrx_word' id='word_1_568' title='bbox 2261 2090 2362 2136; x_wconf 84' lang='lat' dir='ltr'><strong>tem</strong></span> <span class='ocrx_word' id='word_1_569' title='bbox 2424 2081 2569 2153; x_wconf 85' lang='lat' dir='ltr'><strong>[Ms.,</strong></span> <span class='ocrx_word' id='word_1_570' title='bbox 2613 2098 2772 2152; x_wconf 87' lang='lat' dir='ltr'><strong>supra</strong></span> <span class='ocrx_word' id='word_1_571' title='bbox 2827 2078 3084 2152; x_wconf 88' lang='lat' dir='ltr'><strong>puteum].</strong></span> <span class='ocrx_word' id='word_1_572' title='bbox 3136 2079 3460 2151; x_wconf 84' lang='lat' dir='ltr'><strong>Evangelica</strong></span> <span class='ocrx_word' id='word_1_573' title='bbox 3507 2090 3840 2137; x_wconf 75' lang='lat' dir='ltr'><strong>sacramenta</strong></span> 
     </span>
    </p>
   </div>
   <div class='ocr_carea' id='block_1_79' title="bbox 2263 2173 3838 2245">
    <p class='ocr_par' dir='ltr' id='par_1_79' title="bbox 2263 2173 3838 2245">
     <span class='ocr_line' id='line_1_79' title="bbox 2263 2173 3838 2245; baseline 0 -15"><span class='ocrx_word' id='word_1_574' title='bbox 2263 2175 2316 2230; x_wconf 92' lang='lat' dir='ltr'><strong>in</strong></span> <span class='ocrx_word' id='word_1_575' title='bbox 2351 2175 2563 2229; x_wconf 90' lang='lat' dir='ltr'><strong>Domini</strong></span> <span class='ocrx_word' id='word_1_576' title='bbox 2597 2174 2769 2229; x_wconf 88' lang='lat' dir='ltr'><strong>nostri</strong></span> <span class='ocrx_word' id='word_1_577' title='bbox 2797 2173 2925 2228; x_wconf 88' lang='lat' dir='ltr'><strong>Iesu</strong></span> <span class='ocrx_word' id='word_1_578' title='bbox 2950 2173 3152 2228; x_wconf 91' lang='lat' dir='ltr'><strong>Christi</strong></span> <span class='ocrx_word' id='word_1_579' title='bbox 3185 2173 3343 2228; x_wconf 91' lang='lat' dir='ltr'><strong>dictis</strong></span> <span class='ocrx_word' id='word_1_580' title='bbox 3367 2173 3638 2242; x_wconf 89' lang='lat' dir='ltr'><strong>factisque</strong></span> <span class='ocrx_word' id='word_1_581' title='bbox 3663 2176 3838 2245; x_wconf 85' lang='lat' dir='ltr'><strong>signa-</strong></span> 
     </span>
    </p>
   </div>
   <div class='ocr_carea' id='block_1_80' title="bbox 2262 2266 3840 2335">
    <p class='ocr_par' dir='ltr' id='par_1_80' title="bbox 2262 2266 3840 2335">
     <span class='ocr_line' id='line_1_80' title="bbox 2262 2266 3840 2335; baseline 0.002 -15"><span class='ocrx_word' id='word_1_582' title='bbox 2262 2275 2332 2329; x_wconf 91' lang='lat' dir='ltr'><strong>ta,</strong></span> <span class='ocrx_word' id='word_1_583' title='bbox 2381 2282 2486 2321; x_wconf 89' lang='lat' dir='ltr'><strong>non</strong></span> <span class='ocrx_word' id='word_1_584' title='bbox 2513 2266 2764 2321; x_wconf 89' lang='lat' dir='ltr'><strong>omnibus</strong></span> <span class='ocrx_word' id='word_1_585' title='bbox 2787 2275 3002 2335; x_wconf 85' lang='lat' dir='ltr'><strong>patent;</strong></span> <span class='ocrx_word' id='word_1_586' title='bbox 3046 2274 3101 2321; x_wconf 87' lang='lat' dir='ltr'><strong>et</strong></span> <span class='ocrx_word' id='word_1_587' title='bbox 3141 2281 3204 2321; x_wconf 91' lang='lat' dir='ltr'><strong>ea</strong></span> <span class='ocrx_word' id='word_1_588' title='bbox 3244 2266 3485 2321; x_wconf 89' lang='lat' dir='ltr'><strong>nonnulli</strong></span> <span class='ocrx_word' id='word_1_589' title='bbox 3516 2268 3700 2322; x_wconf 90' lang='lat' dir='ltr'><strong>minus</strong></span> <span class='ocrx_word' id='word_1_590' title='bbox 3728 2268 3840 2323; x_wconf 92' lang='lat' dir='ltr'><strong>dili-</strong></span> 
     </span>
    </p>
   </div>
   <div class='ocr_carea' id='block_1_81' title="bbox 2261 2356 3840 2430">
    <p class='ocr_par' dir='ltr' id='par_1_81' title="bbox 2261 2356 3840 2430">
     <span class='ocr_line' id='line_1_81' title="bbox 2261 2356 3840 2430; baseline 0.003 -20"><span class='ocrx_word' id='word_1_591' title='bbox 2261 2366 2449 2428; x_wconf 90' lang='lat' dir='ltr'><strong>genter</strong></span> <span class='ocrx_word' id='word_1_592' title='bbox 2493 2357 2777 2427; x_wconf 89' lang='lat' dir='ltr'><strong>minusque</strong></span> <span class='ocrx_word' id='word_1_593' title='bbox 2809 2357 2989 2412; x_wconf 90' lang='lat' dir='ltr'><strong>sobrie</strong></span> <span class='ocrx_word' id='word_1_594' title='bbox 3019 2357 3425 2428; x_wconf 88' lang='lat' dir='ltr'><strong>interpretando</strong></span> <span class='ocrx_word' id='word_1_595' title='bbox 3468 2356 3702 2413; x_wconf 68' lang='lat' dir='ltr'><strong>aderunt</strong></span> <span class='ocrx_word' id='word_1_596' title='bbox 3739 2359 3840 2430; x_wconf 83' lang='lat' dir='ltr'><strong>ple-</strong></span> 
     </span>
    </p>
   </div>
   <div class='ocr_carea' id='block_1_82' title="bbox 2260 2450 3839 2522">
    <p class='ocr_par' dir='ltr' id='par_1_82' title="bbox 2260 2450 3839 2522">
     <span class='ocr_line' id='line_1_82' title="bbox 2260 2450 3839 2522; baseline 0.002 -17"><span class='ocrx_word' id='word_1_597' title='bbox 2260 2467 2488 2522; x_wconf 90' lang='lat' dir='ltr'><strong>rumque</strong></span> <span class='ocrx_word' id='word_1_598' title='bbox 2517 2468 2618 2521; x_wconf 89' lang='lat' dir='ltr'><strong>pro</strong></span> <span class='ocrx_word' id='word_1_599' title='bbox 2648 2451 2818 2507; x_wconf 88' lang='lat' dir='ltr'><strong>salute</strong></span> <span class='ocrx_word' id='word_1_600' title='bbox 2841 2450 3137 2521; x_wconf 90' lang='lat' dir='ltr'><strong>perniciem</strong></span> <span class='ocrx_word' id='word_1_601' title='bbox 3163 2459 3216 2506; x_wconf 92' lang='lat' dir='ltr'><strong>et</strong></span> <span class='ocrx_word' id='word_1_602' title='bbox 3248 2465 3348 2522; x_wconf 91' lang='lat' dir='ltr'><strong>pro</strong></span> <span class='ocrx_word' id='word_1_603' title='bbox 3376 2451 3682 2522; x_wconf 88' lang='lat' dir='ltr'><strong>cognitione</strong></span> <span class='ocrx_word' id='word_1_604' title='bbox 3707 2453 3839 2509; x_wconf 82' lang='lat' dir='ltr'><strong>veri-</strong></span> 
     </span>
    </p>
   </div>
   <div class='ocr_carea' id='block_1_83' title="bbox 2262 2544 3839 2616">
    <p class='ocr_par' dir='ltr' id='par_1_83' title="bbox 2262 2544 3839 2616">
     <span class='ocr_line' id='line_1_83' title="bbox 2262 2544 3839 2616; baseline 0.001 -18"><span class='ocrx_word' id='word_1_605' title='bbox 2262 2545 2388 2599; x_wconf 89' lang='lat' dir='ltr'><strong>tatis</strong></span> <span class='ocrx_word' id='word_1_606' title='bbox 2413 2561 2674 2601; x_wconf 85' lang='lat' dir='ltr'><strong>errorem.</strong></span> <span class='ocrx_word' id='word_1_607' title='bbox 2700 2545 2844 2600; x_wconf 88' lang='lat' dir='ltr'><strong>Inter</strong></span> <span class='ocrx_word' id='word_1_608' title='bbox 2863 2561 2985 2616; x_wconf 73' lang='lat' dir='ltr'><strong>qua:</strong></span> <span class='ocrx_word' id='word_1_609' title='bbox 3008 2544 3138 2599; x_wconf 87' lang='lat' dir='ltr'><strong>illud</strong></span> <span class='ocrx_word' id='word_1_610' title='bbox 3165 2553 3249 2599; x_wconf 90' lang='lat' dir='ltr'><strong>est</strong></span> <span class='ocrx_word' id='word_1_611' title='bbox 3275 2555 3678 2600; x_wconf 85' lang='lat' dir='ltr'><strong>sacramentum</strong></span> <span class='ocrx_word' id='word_1_612' title='bbox 3705 2545 3839 2615; x_wconf 89' lang='lat' dir='ltr'><strong>quod</strong></span> 
     </span>
    </p>
   </div>
   <div class='ocr_carea' id='block_1_84' title="bbox 2262 2635 3839 2706">
    <p class='ocr_par' dir='ltr' id='par_1_84' title="bbox 2262 2635 3839 2706">
     <span class='ocr_line' id='line_1_84' title="bbox 2262 2635 3839 2706; baseline 0.001 -16"><span class='ocrx_word' id='word_1_613' title='bbox 2262 2635 2521 2706; x_wconf 88' lang='lat' dir='ltr'><strong>scriptum</strong></span> <span class='ocrx_word' id='word_1_614' title='bbox 2560 2644 2644 2690; x_wconf 90' lang='lat' dir='ltr'><strong>est</strong></span> <span class='ocrx_word' id='word_1_615' title='bbox 2671 2635 2958 2690; x_wconf 91' lang='lat' dir='ltr'><strong>Dominum</strong></span> <span class='ocrx_word' id='word_1_616' title='bbox 3002 2637 3136 2690; x_wconf 89' lang='lat' dir='ltr'><strong>hora</strong></span> <span class='ocrx_word' id='word_1_617' title='bbox 3173 2635 3281 2690; x_wconf 90' lang='lat' dir='ltr'><strong>diei</strong></span> <span class='ocrx_word' id='word_1_618' title='bbox 3332 2646 3486 2690; x_wconf 80' lang='lat' dir='ltr'><strong>sexta</strong></span> <span class='ocrx_word' id='word_1_619' title='bbox 3528 2636 3747 2691; x_wconf 88' lang='lat' dir='ltr'><strong>venisse</strong></span> <span class='ocrx_word' id='word_1_620' title='bbox 3782 2635 3839 2691; x_wconf 87' lang='lat' dir='ltr'><strong>ad</strong></span> 
     </span>
    </p>
   </div>
   <div class='ocr_carea' id='block_1_85' title="bbox 2258 2725 3840 2798">
    <p class='ocr_par' dir='ltr' id='par_1_85' title="bbox 2258 2725 3840 2798">
     <span class='ocr_line' id='line_1_85' title="bbox 2258 2725 3840 2798; baseline 0.003 -19"><span class='ocrx_word' id='word_1_621' title='bbox 2258 2734 2481 2796; x_wconf 91' lang='lat' dir='ltr'><strong>puteum</strong></span> <span class='ocrx_word' id='word_1_622' title='bbox 2517 2725 2715 2793; x_wconf 90' lang='lat' dir='ltr'><strong>Iacob,</strong></span> <span class='ocrx_word' id='word_1_623' title='bbox 2771 2726 3080 2798; x_wconf 90' lang='lat' dir='ltr'><strong>fessumque</strong></span> <span class='ocrx_word' id='word_1_624' title='bbox 3121 2727 3189 2782; x_wconf 89' lang='lat' dir='ltr'><strong>ab</strong></span> <span class='ocrx_word' id='word_1_625' title='bbox 3239 2727 3437 2784; x_wconf 88' lang='lat' dir='ltr'><strong>itinere</strong></span> <span class='ocrx_word' id='word_1_626' title='bbox 3481 2729 3787 2795; x_wconf 87' lang='lat' dir='ltr'><strong>resedisse,</strong></span> <span class='ocrx_word' id='word_1_627' title='bbox 3812 2743 3840 2784; x_wconf 84' lang='lat' dir='ltr'><strong>a</strong></span> 
     </span>
    </p>
   </div>
   <div class='ocr_carea' id='block_1_86' title="bbox 2264 2816 3842 2891">
    <p class='ocr_par' dir='ltr' id='par_1_86' title="bbox 2264 2816 3842 2891">
     <span class='ocr_line' id='line_1_86' title="bbox 2264 2816 3842 2891; baseline 0.004 -23"><span class='ocrx_word' id='word_1_628' title='bbox 2264 2817 2491 2871; x_wconf 89' lang='lat' dir='ltr'><strong>muliere</strong></span> <span class='ocrx_word' id='word_1_629' title='bbox 2519 2816 2860 2872; x_wconf 87' lang='lat' dir='ltr'><strong>Samaritana</strong></span> <span class='ocrx_word' id='word_1_630' title='bbox 2888 2826 3073 2887; x_wconf 92' lang='lat' dir='ltr'><strong>potum</strong></span> <span class='ocrx_word' id='word_1_631' title='bbox 3118 2818 3345 2888; x_wconf 89' lang='lat' dir='ltr'><strong>petisse,</strong></span> <span class='ocrx_word' id='word_1_632' title='bbox 3380 2828 3436 2874; x_wconf 91' lang='lat' dir='ltr'><strong>et</strong></span> <span class='ocrx_word' id='word_1_633' title='bbox 3486 2829 3685 2876; x_wconf 79' lang='lat' dir='ltr'><strong>caetera</strong></span> <span class='ocrx_word' id='word_1_634' title='bbox 3733 2834 3842 2891; x_wconf 71' lang='lat' dir='ltr'><strong>qua:</strong></span> 
     </span>
    </p>
   </div>
   <div class='ocr_carea' id='block_1_87' title="bbox 2261 2905 3842 2980">
    <p class='ocr_par' dir='ltr' id='par_1_87' title="bbox 2261 2905 3842 2980">
     <span class='ocr_line' id='line_1_87' title="bbox 2261 2905 3842 2980; baseline 0.003 -21"><span class='ocrx_word' id='word_1_635' title='bbox 2261 2906 2315 2960; x_wconf 93' lang='lat' dir='ltr'><strong>in</strong></span> <span class='ocrx_word' id='word_1_636' title='bbox 2344 2908 2534 2962; x_wconf 87' lang='lat' dir='ltr'><strong>eodem</strong></span> <span class='ocrx_word' id='word_1_637' title='bbox 2570 2907 2687 2962; x_wconf 93' lang='lat' dir='ltr'><strong>loco</strong></span> <span class='ocrx_word' id='word_1_638' title='bbox 2735 2905 3138 2978; x_wconf 89' lang='lat' dir='ltr'><strong>Scripturarum</strong></span> <span class='ocrx_word' id='word_1_639' title='bbox 3169 2908 3506 2965; x_wconf 88' lang='lat' dir='ltr'><strong>discutienda</strong></span> <span class='ocrx_word' id='word_1_640' title='bbox 3551 2919 3610 2965; x_wconf 90' lang='lat' dir='ltr'><strong>et</strong></span> <span class='ocrx_word' id='word_1_641' title='bbox 3634 2919 3842 2980; x_wconf 84' lang='lat' dir='ltr'><strong>pertra-</strong></span> 
     </span>
    </p>
   </div>
   <div class='ocr_carea' id='block_1_88' title="bbox 2260 3000 3846 3074">
    <p class='ocr_par' dir='ltr' id='par_1_88' title="bbox 2260 3000 3846 3074">
     <span class='ocr_line' id='line_1_88' title="bbox 2260 3000 3846 3074; baseline 0.003 -19"><span class='ocrx_word' id='word_1_642' title='bbox 2260 3001 2455 3055; x_wconf 87' lang='lat' dir='ltr'><strong>ctanda</strong></span> <span class='ocrx_word' id='word_1_643' title='bbox 2485 3000 2756 3055; x_wconf 89' lang='lat' dir='ltr'><strong>dicuntur.</strong></span> <span class='ocrx_word' id='word_1_644' title='bbox 2801 3001 2876 3056; x_wconf 92' lang='lat' dir='ltr'><strong>De</strong></span> <span class='ocrx_word' id='word_1_645' title='bbox 2903 3017 3010 3072; x_wconf 91' lang='lat' dir='ltr'><strong>qua</strong></span> <span class='ocrx_word' id='word_1_646' title='bbox 3035 3001 3169 3056; x_wconf 90' lang='lat' dir='ltr'><strong>reid</strong></span> <span class='ocrx_word' id='word_1_647' title='bbox 3197 3003 3434 3072; x_wconf 86' lang='lat' dir='ltr'><strong>primum</strong></span> <span class='ocrx_word' id='word_1_648' title='bbox 3463 3003 3628 3074; x_wconf 81' lang='lat'><strong>500</strong></span> <span class='ocrx_word' id='word_1_649' title='bbox 3668 3013 3846 3059; x_wconf 80' lang='lat' dir='ltr'><strong>tenen-</strong></span> 
     </span>
    </p>
   </div>
   <div class='ocr_carea' id='block_1_89' title="bbox 2263 3093 3844 3168">
    <p class='ocr_par' dir='ltr' id='par_1_89' title="bbox 2263 3093 3844 3168">
     <span class='ocr_line' id='line_1_89' title="bbox 2263 3093 3844 3168; baseline 0.001 -20"><span class='ocrx_word' id='word_1_650' title='bbox 2263 3093 2391 3148; x_wconf 91' lang='lat' dir='ltr'><strong>dum</strong></span> <span class='ocrx_word' id='word_1_651' title='bbox 2420 3102 2522 3159; x_wconf 88' lang='lat' dir='ltr'><strong>est,</strong></span> <span class='ocrx_word' id='word_1_652' title='bbox 2574 3095 2718 3163; x_wconf 92' lang='lat' dir='ltr'><strong>quod</strong></span> <span class='ocrx_word' id='word_1_653' title='bbox 2748 3095 2803 3148; x_wconf 90' lang='lat' dir='ltr'><strong>in</strong></span> <span class='ocrx_word' id='word_1_654' title='bbox 2842 3096 3096 3151; x_wconf 89' lang='lat' dir='ltr'><strong>omnibus</strong></span> <span class='ocrx_word' id='word_1_655' title='bbox 3136 3095 3434 3166; x_wconf 89' lang='lat' dir='ltr'><strong>Scripturis</strong></span> <span class='ocrx_word' id='word_1_656' title='bbox 3478 3113 3694 3152; x_wconf 85' lang='lat' dir='ltr'><strong>summa</strong></span> <span class='ocrx_word' id='word_1_657' title='bbox 3719 3097 3844 3168; x_wconf 83' lang='lat' dir='ltr'><strong>vigi-</strong></span> 
     </span>
    </p>
   </div>
   <div class='ocr_carea' id='block_1_90' title="bbox 2261 3183 3846 3256">
    <p class='ocr_par' dir='ltr' id='par_1_90' title="bbox 2261 3183 3846 3256">
     <span class='ocr_line' id='line_1_90' title="bbox 2261 3183 3846 3256; baseline 0.004 -19"><span class='ocrx_word' id='word_1_658' title='bbox 2261 3183 2426 3239; x_wconf 88' lang='lat' dir='ltr'><strong>lantia</strong></span> <span class='ocrx_word' id='word_1_659' title='bbox 2454 3185 2728 3241; x_wconf 89' lang='lat' dir='ltr'><strong>custodire</strong></span> <span class='ocrx_word' id='word_1_660' title='bbox 2757 3194 2971 3256; x_wconf 89' lang='lat' dir='ltr'><strong>oportet</strong></span> <span class='ocrx_word' id='word_1_661' title='bbox 2995 3195 3056 3242; x_wconf 92' lang='lat' dir='ltr'><strong>ut</strong></span> <span class='ocrx_word' id='word_1_662' title='bbox 3080 3188 3376 3243; x_wconf 90' lang='lat' dir='ltr'><strong>secundum</strong></span> <span class='ocrx_word' id='word_1_663' title='bbox 3398 3188 3560 3244; x_wconf 89' lang='lat' dir='ltr'><strong>ﬁdem</strong></span> <span class='ocrx_word' id='word_1_664' title='bbox 3584 3191 3656 3245; x_wconf 88' lang='lat' dir='ltr'><strong>sit</strong></span> <span class='ocrx_word' id='word_1_665' title='bbox 3676 3206 3846 3246; x_wconf 78' lang='lat' dir='ltr'><strong>sacra-</strong></span> 
     </span>
    </p>
   </div>
   <div class='ocr_carea' id='block_1_91' title="bbox 2261 3279 3845 3353">
    <p class='ocr_par' dir='ltr' id='par_1_91' title="bbox 2261 3279 3845 3353">
     <span class='ocr_line' id='line_1_91' title="bbox 2261 3279 3845 3353; baseline 0.002 -19"><span class='ocrx_word' id='word_1_666' title='bbox 2261 3279 2429 3334; x_wconf 90' lang='lat' dir='ltr'><strong>menti</strong></span> <span class='ocrx_word' id='word_1_667' title='bbox 2456 3279 2623 3334; x_wconf 90' lang='lat' dir='ltr'><strong>divini</strong></span> <span class='ocrx_word' id='word_1_668' title='bbox 2665 3280 2953 3350; x_wconf 83' lang='lat' dir='ltr'><strong>expositio.</strong></span> <span class='ocrx_word' id='word_1_669' title='bbox 3004 3279 3147 3335; x_wconf 84' lang='lat' dir='ltr'><strong>Hora</strong></span> <span class='ocrx_word' id='word_1_670' title='bbox 3183 3281 3346 3353; x_wconf 88' lang='lat' dir='ltr'><strong>igitur</strong></span> <span class='ocrx_word' id='word_1_671' title='bbox 3383 3281 3492 3336; x_wconf 89' lang='lat' dir='ltr'><strong>diei</strong></span> <span class='ocrx_word' id='word_1_672' title='bbox 3522 3291 3673 3337; x_wconf 77' lang='lat' dir='ltr'><strong>sexta</strong></span> <span class='ocrx_word' id='word_1_673' title='bbox 3700 3281 3845 3338; x_wconf 84' lang='lat' dir='ltr'><strong>venit</strong></span> 
     </span>
    </p>
   </div>
   <div class='ocr_carea' id='block_1_92' title="bbox 2260 3368 3845 3443">
    <p class='ocr_par' dir='ltr' id='par_1_92' title="bbox 2260 3368 3845 3443">
     <span class='ocr_line' id='line_1_92' title="bbox 2260 3368 3845 3443; baseline 0.003 -18"><span class='ocrx_word' id='word_1_674' title='bbox 2260 3370 2329 3425; x_wconf 90' lang='lat' dir='ltr'><strong>ad</strong></span> <span class='ocrx_word' id='word_1_675' title='bbox 2356 3377 2578 3439; x_wconf 91' lang='lat' dir='ltr'><strong>puteum</strong></span> <span class='ocrx_word' id='word_1_676' title='bbox 2607 3370 2869 3424; x_wconf 91' lang='lat' dir='ltr'><strong>Dominus</strong></span> <span class='ocrx_word' id='word_1_677' title='bbox 2892 3379 3096 3426; x_wconf 90' lang='lat' dir='ltr'><strong>noster.</strong></span> <span class='ocrx_word' id='word_1_678' title='bbox 3133 3368 3293 3428; x_wconf 83' lang='lat' dir='ltr'><strong>Vider</strong></span> <span class='ocrx_word' id='word_1_679' title='bbox 3336 3373 3392 3428; x_wconf 90' lang='lat' dir='ltr'><strong>in</strong></span> <span class='ocrx_word' id='word_1_680' title='bbox 3421 3381 3587 3443; x_wconf 87' lang='lat' dir='ltr'><strong>puteo</strong></span> <span class='ocrx_word' id='word_1_681' title='bbox 3609 3374 3845 3429; x_wconf 86' lang='lat' dir='ltr'><strong>tenebro-</strong></span> 
     </span>
    </p>
   </div>
   <div class='ocr_carea' id='block_1_93' title="bbox 2261 3460 3848 3537">
    <p class='ocr_par' dir='ltr' id='par_1_93' title="bbox 2261 3460 3848 3537">
     <span class='ocr_line' id='line_1_93' title="bbox 2261 3460 3848 3537; baseline 0.003 -21"><span class='ocrx_word' id='word_1_682' title='bbox 2261 3475 2374 3516; x_wconf 89' lang='lat' dir='ltr'><strong>sam</strong></span> <span class='ocrx_word' id='word_1_683' title='bbox 2397 3460 2840 3531; x_wconf 82' lang='lat' dir='ltr'><strong>prol‘unditatem.</strong></span> <span class='ocrx_word' id='word_1_684' title='bbox 2873 3462 3152 3518; x_wconf 80' lang='lat' dir='ltr'><strong>Admoneo</strong></span> <span class='ocrx_word' id='word_1_685' title='bbox 3171 3477 3300 3535; x_wconf 87' lang='lat' dir='ltr'><strong>ergo</strong></span> <span class='ocrx_word' id='word_1_686' title='bbox 3329 3463 3558 3536; x_wconf 84' lang='lat' dir='ltr'><strong>intelligi</strong></span> <span class='ocrx_word' id='word_1_687' title='bbox 3593 3465 3745 3537; x_wconf 51' lang='lat' dir='ltr'><strong>(Ma,</strong></span> <span class='ocrx_word' id='word_1_688' title='bbox 3773 3465 3848 3521; x_wconf 85' lang='lat' dir='ltr'><strong>in-</strong></span> 
     </span>
    </p>
   </div>
   <div class='ocr_carea' id='block_1_94' title="bbox 2261 3550 3847 3624">
    <p class='ocr_par' dir='ltr' id='par_1_94' title="bbox 2261 3550 3847 3624">
     <span class='ocr_line' id='line_1_94' title="bbox 2261 3550 3847 3624; baseline 0.004 -19"><span class='ocrx_word' id='word_1_689' title='bbox 2261 3550 2524 3624; x_wconf 87' lang='lat' dir='ltr'><strong>telligere]</strong></span> <span class='ocrx_word' id='word_1_690' title='bbox 2561 3553 2747 3608; x_wconf 91' lang='lat' dir='ltr'><strong>mundi</strong></span> <span class='ocrx_word' id='word_1_691' title='bbox 2773 3551 2932 3621; x_wconf 91' lang='lat' dir='ltr'><strong>hujus</strong></span> <span class='ocrx_word' id='word_1_692' title='bbox 2956 3553 3198 3609; x_wconf 80' lang='lat' dir='ltr'><strong>infirmas</strong></span> <span class='ocrx_word' id='word_1_693' title='bbox 3233 3563 3436 3624; x_wconf 86' lang='lat' dir='ltr'><strong>partes,</strong></span> <span class='ocrx_word' id='word_1_694' title='bbox 3463 3556 3518 3610; x_wconf 92' lang='lat' dir='ltr'><strong>id</strong></span> <span class='ocrx_word' id='word_1_695' title='bbox 3555 3565 3656 3620; x_wconf 89' lang='lat' dir='ltr'><strong>est,</strong></span> <span class='ocrx_word' id='word_1_696' title='bbox 3681 3565 3847 3612; x_wconf 79' lang='lat' dir='ltr'><strong>terre-</strong></span> 
     </span>
    </p>
   </div>
   <div class='ocr_carea' id='block_1_95' title="bbox 2262 3645 3844 3716">
    <p class='ocr_par' dir='ltr' id='par_1_95' title="bbox 2262 3645 3844 3716">
     <span class='ocr_line' id='line_1_95' title="bbox 2262 3645 3844 3716; baseline 0.003 -16"><span class='ocrx_word' id='word_1_697' title='bbox 2262 3661 2378 3709; x_wconf 91' lang='lat' dir='ltr'><strong>nas,</strong></span> <span class='ocrx_word' id='word_1_698' title='bbox 2411 3661 2517 3716; x_wconf 86' lang='lat' dir='ltr'><strong>quo</strong></span> <span class='ocrx_word' id='word_1_699' title='bbox 2549 3647 2698 3700; x_wconf 87' lang='lat' dir='ltr'><strong>venit</strong></span> <span class='ocrx_word' id='word_1_700' title='bbox 2726 3647 2985 3702; x_wconf 91' lang='lat' dir='ltr'><strong>Dominus</strong></span> <span class='ocrx_word' id='word_1_701' title='bbox 3029 3645 3185 3703; x_wconf 86' lang='lat' dir='ltr'><strong>Iesus</strong></span> <span class='ocrx_word' id='word_1_702' title='bbox 3214 3647 3349 3703; x_wconf 90' lang='lat' dir='ltr'><strong>hora</strong></span> <span class='ocrx_word' id='word_1_703' title='bbox 3399 3657 3553 3703; x_wconf 79' lang='lat' dir='ltr'><strong>sexta</strong></span> <span class='ocrx_word' id='word_1_704' title='bbox 3573 3690 3588 3714; x_wconf 92' lang='lat'><strong>,</strong></span> <span class='ocrx_word' id='word_1_705' title='bbox 3640 3649 3696 3704; x_wconf 88' lang='lat' dir='ltr'><strong>id</strong></span> <span class='ocrx_word' id='word_1_706' title='bbox 3739 3657 3844 3716; x_wconf 87' lang='lat' dir='ltr'><strong>est,</strong></span> 
     </span>
    </p>
   </div>
   <div class='ocr_carea' id='block_1_96' title="bbox 2263 3738 3846 3811">
    <p class='ocr_par' dir='ltr' id='par_1_96' title="bbox 2263 3738 3846 3811">
     <span class='ocr_line' id='line_1_96' title="bbox 2263 3738 3846 3811; baseline 0.001 -18"><span class='ocrx_word' id='word_1_707' title='bbox 2263 3745 2415 3793; x_wconf 84' lang='lat' dir='ltr'><strong>sexta</strong></span> <span class='ocrx_word' id='word_1_708' title='bbox 2444 3744 2604 3793; x_wconf 87' lang='lat' dir='ltr'><strong>aetate</strong></span> <span class='ocrx_word' id='word_1_709' title='bbox 2629 3739 2844 3808; x_wconf 89' lang='lat' dir='ltr'><strong>generis</strong></span> <span class='ocrx_word' id='word_1_710' title='bbox 2865 3738 3084 3793; x_wconf 90' lang='lat' dir='ltr'><strong>humani</strong></span> <span class='ocrx_word' id='word_1_711' title='bbox 3108 3779 3124 3804; x_wconf 95' lang='lat'><strong>,</strong></span> <span class='ocrx_word' id='word_1_712' title='bbox 3156 3747 3413 3811; x_wconf 89' lang='lat' dir='ltr'><strong>tanquam</strong></span> <span class='ocrx_word' id='word_1_713' title='bbox 3451 3749 3736 3797; x_wconf 89' lang='lat' dir='ltr'><strong>senectute</strong></span> <span class='ocrx_word' id='word_1_714' title='bbox 3761 3755 3846 3796; x_wconf 82' lang='lat' dir='ltr'><strong>vc-</strong></span> 
     </span>
    </p>
   </div>
   <div class='ocr_carea' id='block_1_97' title="bbox 2262 3828 3848 3900">
    <p class='ocr_par' dir='ltr' id='par_1_97' title="bbox 2262 3828 3848 3900">
     <span class='ocr_line' id='line_1_97' title="bbox 2262 3828 3848 3900; baseline 0.003 -17"><span class='ocrx_word' id='word_1_715' title='bbox 2262 3829 2394 3885; x_wconf 88' lang='lat' dir='ltr'><strong>teris</strong></span> <span class='ocrx_word' id='word_1_716' title='bbox 2416 3829 2673 3894; x_wconf 91' lang='lat' dir='ltr'><strong>hominis,</strong></span> <span class='ocrx_word' id='word_1_717' title='bbox 2702 3846 2808 3900; x_wconf 86' lang='lat' dir='ltr'><strong>quo</strong></span> <span class='ocrx_word' id='word_1_718' title='bbox 2846 3828 3100 3899; x_wconf 91' lang='lat' dir='ltr'><strong>jubemur</strong></span> <span class='ocrx_word' id='word_1_719' title='bbox 3123 3832 3267 3896; x_wconf 83' lang='lat' dir='ltr'><strong>exui,</strong></span> <span class='ocrx_word' id='word_1_720' title='bbox 3309 3839 3368 3886; x_wconf 90' lang='lat' dir='ltr'><strong>ut</strong></span> <span class='ocrx_word' id='word_1_721' title='bbox 3388 3831 3690 3888; x_wconf 64' lang='lat' dir='ltr'><strong>,induamur</strong></span> <span class='ocrx_word' id='word_1_722' title='bbox 3714 3847 3848 3889; x_wconf 80' lang='lat' dir='ltr'><strong>novo</strong></span> 
     </span>
    </p>
   </div>
   <div class='ocr_carea' id='block_1_98' title="bbox 2263 3921 3848 3997">
    <p class='ocr_par' dir='ltr' id='par_1_98' title="bbox 2263 3921 3848 3997">
     <span class='ocr_line' id='line_1_98' title="bbox 2263 3921 3848 3997; baseline 0.004 -22"><span class='ocrx_word' id='word_1_723' title='bbox 2263 3924 2355 3992; x_wconf 86' lang='lat' dir='ltr'><strong>qui</strong></span> <span class='ocrx_word' id='word_1_724' title='bbox 2383 3923 2682 3978; x_wconf 90' lang='lat' dir='ltr'><strong>secundum</strong></span> <span class='ocrx_word' id='word_1_725' title='bbox 2696 3921 2864 3978; x_wconf 91' lang='lat' dir='ltr'><strong>Deum</strong></span> <span class='ocrx_word' id='word_1_726' title='bbox 2889 3931 3104 3979; x_wconf 89' lang='lat' dir='ltr'><strong>creatus</strong></span> <span class='ocrx_word' id='word_1_727' title='bbox 3130 3932 3213 3980; x_wconf 89' lang='lat' dir='ltr'><strong>est</strong></span> <span class='ocrx_word' id='word_1_728' title='bbox 3237 3923 3453 3997; x_wconf 84' lang='lat' dir='ltr'><strong>(Ephes.</strong></span> <span class='ocrx_word' id='word_1_729' title='bbox 3479 3940 3555 3991; x_wconf 83' lang='lat' dir='ltr'><strong>tv,</strong></span> <span class='ocrx_word' id='word_1_730' title='bbox 3578 3925 3693 3997; x_wconf 74' lang='lat'><strong>24).</strong></span> <span class='ocrx_word' id='word_1_731' title='bbox 3719 3925 3848 3981; x_wconf 78' lang='lat' dir='ltr'><strong>Nam</strong></span> 
     </span>
    </p>
   </div>
   <div class='ocr_carea' id='block_1_99' title="bbox 2261 4015 3845 4084">
    <p class='ocr_par' dir='ltr' id='par_1_99' title="bbox 2261 4015 3845 4084">
     <span class='ocr_line' id='line_1_99' title="bbox 2261 4015 3845 4084; baseline 0.002 -15"><span class='ocrx_word' id='word_1_732' title='bbox 2261 4023 2415 4070; x_wconf 85' lang='lat' dir='ltr'><strong>sexta</strong></span> <span class='ocrx_word' id='word_1_733' title='bbox 2438 4022 2570 4069; x_wconf 71' lang='lat' dir='ltr'><strong>tetas</strong></span> <span class='ocrx_word' id='word_1_734' title='bbox 2589 4022 2838 4069; x_wconf 86' lang='lat' dir='ltr'><strong>senectus</strong></span> <span class='ocrx_word' id='word_1_735' title='bbox 2858 4021 2972 4080; x_wconf 89' lang='lat' dir='ltr'><strong>est,</strong></span> <span class='ocrx_word' id='word_1_736' title='bbox 3003 4015 3256 4084; x_wconf 91' lang='lat' dir='ltr'><strong>quoniam</strong></span> <span class='ocrx_word' id='word_1_737' title='bbox 3283 4015 3460 4084; x_wconf 89' lang='lat' dir='ltr'><strong>prima</strong></span> <span class='ocrx_word' id='word_1_738' title='bbox 3486 4024 3574 4072; x_wconf 89' lang='lat' dir='ltr'><strong>est</strong></span> <span class='ocrx_word' id='word_1_739' title='bbox 3603 4017 3845 4083; x_wconf 90' lang='lat' dir='ltr'><strong>infantia,</strong></span> 
     </span>
    </p>
   </div>
   <div class='ocr_carea' id='block_1_100' title="bbox 2263 4107 3846 4178">
    <p class='ocr_par' dir='ltr' id='par_1_100' title="bbox 2263 4107 3846 4178">
     <span class='ocr_line' id='line_1_100' title="bbox 2263 4107 3846 4178; baseline 0.001 -15"><span class='ocrx_word' id='word_1_740' title='bbox 2263 4109 2499 4163; x_wconf 88' lang='lat' dir='ltr'><strong>secunda</strong></span> <span class='ocrx_word' id='word_1_741' title='bbox 2541 4108 2794 4178; x_wconf 90' lang='lat' dir='ltr'><strong>pueritia,</strong></span> <span class='ocrx_word' id='word_1_742' title='bbox 2832 4109 2991 4162; x_wconf 88' lang='lat' dir='ltr'><strong>tertia</strong></span> <span class='ocrx_word' id='word_1_743' title='bbox 3020 4107 3406 4174; x_wconf 88' lang='lat' dir='ltr'><strong>adolescentia,</strong></span> <span class='ocrx_word' id='word_1_744' title='bbox 3438 4119 3634 4178; x_wconf 88' lang='lat' dir='ltr'><strong>quarta</strong></span> <span class='ocrx_word' id='word_1_745' title='bbox 3654 4109 3846 4178; x_wconf 83' lang='lat' dir='ltr'><strong>juven-</strong></span> 
     </span>
    </p>
   </div>
   <div class='ocr_carea' id='block_1_101' title="bbox 2263 4198 3851 4269">
    <p class='ocr_par' dir='ltr' id='par_1_101' title="bbox 2263 4198 3851 4269">
     <span class='ocr_line' id='line_1_101' title="bbox 2263 4198 3851 4269; baseline 0.001 -16"><span class='ocrx_word' id='word_1_746' title='bbox 2263 4206 2374 4264; x_wconf 91' lang='lat' dir='ltr'><strong>tus,</strong></span> <span class='ocrx_word' id='word_1_747' title='bbox 2436 4199 2624 4268; x_wconf 90' lang='lat' dir='ltr'><strong>quinta</strong></span> <span class='ocrx_word' id='word_1_748' title='bbox 2662 4199 2919 4269; x_wconf 83' lang='lat' dir='ltr'><strong>gravitas.</strong></span> <span class='ocrx_word' id='word_1_749' title='bbox 2967 4199 3178 4254; x_wconf 73' lang='lat' dir='ltr'><strong>Veteris</strong></span> <span class='ocrx_word' id='word_1_750' title='bbox 3211 4199 3393 4269; x_wconf 88' lang='lat' dir='ltr'><strong>itaque</strong></span> <span class='ocrx_word' id='word_1_751' title='bbox 3421 4198 3660 4255; x_wconf 89' lang='lat' dir='ltr'><strong>hominis</strong></span> <span class='ocrx_word' id='word_1_752' title='bbox 3701 4201 3851 4266; x_wconf 80' lang='lat' dir='ltr'><strong>vita,</strong></span> 
     </span>
    </p>
   </div>
   <div class='ocr_carea' id='block_1_102' title="bbox 2263 4288 3853 4361">
    <p class='ocr_par' dir='ltr' id='par_1_102' title="bbox 2263 4288 3853 4361">
     <span class='ocr_line' id='line_1_102' title="bbox 2263 4288 3853 4361; baseline 0.002 -19"><span class='ocrx_word' id='word_1_753' title='bbox 2263 4304 2383 4358; x_wconf 88' lang='lat' dir='ltr'><strong>quae</strong></span> <span class='ocrx_word' id='word_1_754' title='bbox 2430 4289 2726 4344; x_wconf 90' lang='lat' dir='ltr'><strong>secundum</strong></span> <span class='ocrx_word' id='word_1_755' title='bbox 2775 4304 2997 4344; x_wconf 87' lang='lat' dir='ltr'><strong>carnem</strong></span> <span class='ocrx_word' id='word_1_756' title='bbox 3048 4288 3330 4360; x_wconf 89' lang='lat' dir='ltr'><strong>temporali</strong></span> <span class='ocrx_word' id='word_1_757' title='bbox 3378 4289 3691 4346; x_wconf 90' lang='lat' dir='ltr'><strong>conditione</strong></span> <span class='ocrx_word' id='word_1_758' title='bbox 3733 4306 3853 4361; x_wconf 78' lang='lat' dir='ltr'><strong>per-</strong></span> 
     </span>
    </p>
   </div>
   <div class='ocr_carea' id='block_1_103' title="bbox 2263 4382 3849 4453">
    <p class='ocr_par' dir='ltr' id='par_1_103' title="bbox 2263 4382 3849 4453">
     <span class='ocr_line' id='line_1_103' title="bbox 2263 4382 3849 4453; baseline 0.001 -17"><span class='ocrx_word' id='word_1_759' title='bbox 2263 4383 2460 4453; x_wconf 88' lang='lat' dir='ltr'><strong>agitur,</strong></span> <span class='ocrx_word' id='word_1_760' title='bbox 2518 4391 2668 4436; x_wconf 82' lang='lat' dir='ltr'><strong>sexta</strong></span> <span class='ocrx_word' id='word_1_761' title='bbox 2713 4391 2893 4448; x_wconf 79' lang='lat' dir='ltr'><strong>aetate,</strong></span> <span class='ocrx_word' id='word_1_762' title='bbox 2924 4382 2977 4437; x_wconf 91' lang='lat' dir='ltr'><strong>id</strong></span> <span class='ocrx_word' id='word_1_763' title='bbox 3023 4391 3126 4449; x_wconf 92' lang='lat' dir='ltr'><strong>est,</strong></span> <span class='ocrx_word' id='word_1_764' title='bbox 3167 4391 3444 4438; x_wconf 88' lang='lat' dir='ltr'><strong>senectute</strong></span> <span class='ocrx_word' id='word_1_765' title='bbox 3491 4383 3849 4449; x_wconf 87' lang='lat' dir='ltr'><strong>concluditur,</strong></span> 
     </span>
    </p>
   </div>
   <div class='ocr_carea' id='block_1_104' title="bbox 2263 4475 3854 4547">
    <p class='ocr_par' dir='ltr' id='par_1_104' title="bbox 2263 4475 3854 4547">
     <span class='ocr_line' id='line_1_104' title="bbox 2263 4475 3854 4547; baseline 0.004 -20"><span class='ocrx_word' id='word_1_766' title='bbox 2263 4475 2388 4544; x_wconf 90' lang='lat' dir='ltr'><strong>quia</strong></span> <span class='ocrx_word' id='word_1_767' title='bbox 2437 4483 2735 4540; x_wconf 89' lang='lat' dir='ltr'><strong>senectute,</strong></span> <span class='ocrx_word' id='word_1_768' title='bbox 2786 4483 2847 4528; x_wconf 90' lang='lat' dir='ltr'><strong>ut</strong></span> <span class='ocrx_word' id='word_1_769' title='bbox 2895 4475 3037 4540; x_wconf 79' lang='lat' dir='ltr'><strong>dixi,</strong></span> <span class='ocrx_word' id='word_1_770' title='bbox 3083 4475 3304 4530; x_wconf 88' lang='lat' dir='ltr'><strong>humani</strong></span> <span class='ocrx_word' id='word_1_771' title='bbox 3352 4476 3568 4547; x_wconf 89' lang='lat' dir='ltr'><strong>generis</strong></span> <span class='ocrx_word' id='word_1_772' title='bbox 3595 4476 3854 4533; x_wconf 82' lang='lat' dir='ltr'><strong>Dominus</strong></span> 
     </span>
    </p>
   </div>
   <div class='ocr_carea' id='block_1_105' title="bbox 2266 4567 3856 4638">
    <p class='ocr_par' dir='ltr' id='par_1_105' title="bbox 2266 4567 3856 4638">
     <span class='ocr_line' id='line_1_105' title="bbox 2266 4567 3856 4638; baseline 0.004 -20"><span class='ocrx_word' id='word_1_773' title='bbox 2266 4572 2450 4620; x_wconf 89' lang='lat' dir='ltr'><strong>noster</strong></span> <span class='ocrx_word' id='word_1_774' title='bbox 2467 4574 2678 4621; x_wconf 75' lang='lat' dir='ltr'><strong>creator</strong></span> <span class='ocrx_word' id='word_1_775' title='bbox 2712 4567 2870 4621; x_wconf 90' lang='lat' dir='ltr'><strong>nobis</strong></span> <span class='ocrx_word' id='word_1_776' title='bbox 2893 4573 2948 4621; x_wconf 92' lang='lat' dir='ltr'><strong>et</strong></span> <span class='ocrx_word' id='word_1_777' title='bbox 2959 4575 3238 4638; x_wconf 89' lang='lat' dir='ltr'><strong>reparator</strong></span> <span class='ocrx_word' id='word_1_778' title='bbox 3249 4567 3488 4633; x_wconf 89' lang='lat' dir='ltr'><strong>advenit,</strong></span> <span class='ocrx_word' id='word_1_779' title='bbox 3503 4577 3567 4622; x_wconf 94' lang='lat' dir='ltr'><strong>ut</strong></span> <span class='ocrx_word' id='word_1_780' title='bbox 3587 4569 3856 4624; x_wconf 84' lang='lat' dir='ltr'><strong>moriente</strong></span> 
     </span>
    </p>
   </div>
   <div class='ocr_carea' id='block_1_106' title="bbox 2266 4659 3854 4730">
    <p class='ocr_par' dir='ltr' id='par_1_106' title="bbox 2266 4659 3854 4730">
     <span class='ocr_line' id='line_1_106' title="bbox 2266 4659 3854 4730; baseline 0.003 -16"><span class='ocrx_word' id='word_1_781' title='bbox 2266 4659 2472 4714; x_wconf 89' lang='lat' dir='ltr'><strong>scilicet</strong></span> <span class='ocrx_word' id='word_1_782' title='bbox 2509 4668 2693 4715; x_wconf 88' lang='lat' dir='ltr'><strong>vetere</strong></span> <span class='ocrx_word' id='word_1_783' title='bbox 2738 4661 2986 4727; x_wconf 90' lang='lat' dir='ltr'><strong>homine,</strong></span> <span class='ocrx_word' id='word_1_784' title='bbox 3033 4677 3233 4718; x_wconf 92' lang='lat' dir='ltr'><strong>novum</strong></span> <span class='ocrx_word' id='word_1_785' title='bbox 3277 4661 3331 4718; x_wconf 93' lang='lat' dir='ltr'><strong>in</strong></span> <span class='ocrx_word' id='word_1_786' title='bbox 3357 4677 3416 4718; x_wconf 90' lang='lat' dir='ltr'><strong>se</strong></span> <span class='ocrx_word' id='word_1_787' title='bbox 3463 4663 3854 4730; x_wconf 89' lang='lat' dir='ltr'><strong>constitueret,</strong></span> 
     </span>
    </p>
   </div>
   <div class='ocr_carea' id='block_1_107' title="bbox 2265 4751 3856 4826">
    <p class='ocr_par' dir='ltr' id='par_1_107' title="bbox 2265 4751 3856 4826">
     <span class='ocr_line' id='line_1_107' title="bbox 2265 4751 3856 4826; baseline 0.004 -22"><span class='ocrx_word' id='word_1_788' title='bbox 2265 4764 2424 4819; x_wconf 90' lang='lat' dir='ltr'><strong>quem</strong></span> <span class='ocrx_word' id='word_1_789' title='bbox 2465 4760 2688 4806; x_wconf 79' lang='lat' dir='ltr'><strong>exutum</strong></span> <span class='ocrx_word' id='word_1_790' title='bbox 2726 4751 2838 4806; x_wconf 91' lang='lat' dir='ltr'><strong>luto</strong></span> <span class='ocrx_word' id='word_1_791' title='bbox 2861 4760 3077 4807; x_wconf 90' lang='lat' dir='ltr'><strong>terreno</strong></span> <span class='ocrx_word' id='word_1_792' title='bbox 3115 4756 3168 4808; x_wconf 92' lang='lat' dir='ltr'><strong>in</strong></span> <span class='ocrx_word' id='word_1_793' title='bbox 3213 4753 3458 4809; x_wconf 72' lang='lat' dir='ltr'><strong>cmlestia</strong></span> <span class='ocrx_word' id='word_1_794' title='bbox 3481 4770 3651 4826; x_wconf 86' lang='lat' dir='ltr'><strong>regna</strong></span> <span class='ocrx_word' id='word_1_795' title='bbox 3677 4763 3856 4810; x_wconf 86' lang='lat' dir='ltr'><strong>trans-</strong></span> 
     </span>
    </p>
   </div>
   <div class='ocr_carea' id='block_1_108' title="bbox 2263 4840 3856 4915">
    <p class='ocr_par' dir='ltr' id='par_1_108' title="bbox 2263 4840 3856 4915">
     <span class='ocr_line' id='line_1_108' title="bbox 2263 4840 3856 4915; baseline 0.005 -21"><span class='ocrx_word' id='word_1_796' title='bbox 2263 4840 2450 4896; x_wconf 86' lang='lat' dir='ltr'><strong>ferret.</strong></span> <span class='ocrx_word' id='word_1_797' title='bbox 2481 4841 2622 4912; x_wconf 87' lang='lat' dir='ltr'><strong>Ergo</strong></span> <span class='ocrx_word' id='word_1_798' title='bbox 2643 4859 2787 4898; x_wconf 91' lang='lat' dir='ltr'><strong>nunc</strong></span> <span class='ocrx_word' id='word_1_799' title='bbox 2803 4852 3013 4913; x_wconf 87' lang='lat' dir='ltr'><strong>puteus,</strong></span> <span class='ocrx_word' id='word_1_800' title='bbox 3045 4853 3103 4898; x_wconf 93' lang='lat' dir='ltr'><strong>ut</strong></span> <span class='ocrx_word' id='word_1_801' title='bbox 3129 4844 3333 4900; x_wconf 88' lang='lat' dir='ltr'><strong>dictum</strong></span> <span class='ocrx_word' id='word_1_802' title='bbox 3353 4854 3456 4912; x_wconf 91' lang='lat' dir='ltr'><strong>est,</strong></span> <span class='ocrx_word' id='word_1_803' title='bbox 3484 4847 3672 4901; x_wconf 90' lang='lat' dir='ltr'><strong>mundi</strong></span> <span class='ocrx_word' id='word_1_804' title='bbox 3695 4843 3856 4915; x_wconf 80' lang='lat' dir='ltr'><strong>hujus</strong></span> 
     </span>
    </p>
   </div>
   <div class='ocr_carea' id='block_1_109' title="bbox 2263 4933 3854 5007">
    <p class='ocr_par' dir='ltr' id='par_1_109' title="bbox 2263 4933 3854 5007">
     <span class='ocr_line' id='line_1_109' title="bbox 2263 4933 3854 5007; baseline 0.004 -22"><span class='ocrx_word' id='word_1_805' title='bbox 2263 4940 2538 4988; x_wconf 90' lang='lat' dir='ltr'><strong>terrenum</strong></span> <span class='ocrx_word' id='word_1_806' title='bbox 2568 4933 2808 4988; x_wconf 86' lang='lat' dir='ltr'><strong>laborem</strong></span> <span class='ocrx_word' id='word_1_807' title='bbox 2832 4942 2886 4989; x_wconf 90' lang='lat' dir='ltr'><strong>et</strong></span> <span class='ocrx_word' id='word_1_808' title='bbox 2913 4950 3154 4991; x_wconf 89' lang='lat' dir='ltr'><strong>errorem</strong></span> <span class='ocrx_word' id='word_1_809' title='bbox 3181 4936 3463 4993; x_wconf 86' lang='lat' dir='ltr'><strong>tenebrosa</strong></span> <span class='ocrx_word' id='word_1_810' title='bbox 3485 4937 3854 5007; x_wconf 78' lang='lat' dir='ltr'><strong>profunditate</strong></span> 
     </span>
    </p>
   </div>
   <div class='ocr_carea' id='block_1_110' title="bbox 2261 5024 3856 5098">
    <p class='ocr_par' dir='ltr' id='par_1_110' title="bbox 2261 5024 3856 5098">
     <span class='ocr_line' id='line_1_110' title="bbox 2261 5024 3856 5098; baseline 0.003 -18"><span class='ocrx_word' id='word_1_811' title='bbox 2261 5024 2549 5095; x_wconf 83' lang='lat' dir='ltr'><strong>signiﬁcat.</strong></span> <span class='ocrx_word' id='word_1_812' title='bbox 2581 5026 2649 5080; x_wconf 90' lang='lat' dir='ltr'><strong>Et</strong></span> <span class='ocrx_word' id='word_1_813' title='bbox 2677 5028 2934 5097; x_wconf 87' lang='lat' dir='ltr'><strong>quoniam</strong></span> <span class='ocrx_word' id='word_1_814' title='bbox 2979 5030 3220 5084; x_wconf 79' lang='lat' dir='ltr'><strong>exterior</strong></span> <span class='ocrx_word' id='word_1_815' title='bbox 3243 5037 3327 5085; x_wconf 91' lang='lat' dir='ltr'><strong>est</strong></span> <span class='ocrx_word' id='word_1_816' title='bbox 3355 5031 3518 5087; x_wconf 89' lang='lat' dir='ltr'><strong>homo</strong></span> <span class='ocrx_word' id='word_1_817' title='bbox 3567 5040 3761 5098; x_wconf 90' lang='lat' dir='ltr'><strong>vetus,</strong></span> <span class='ocrx_word' id='word_1_818' title='bbox 3803 5036 3856 5086; x_wconf 89' lang='lat' dir='ltr'><strong>et</strong></span> 
     </span>
    </p>
   </div>
   <div class='ocr_carea' id='block_1_111' title="bbox 2259 5117 3852 5193">
    <p class='ocr_par' dir='ltr' id='par_1_111' title="bbox 2259 5117 3852 5193">
     <span class='ocr_line' id='line_1_111' title="bbox 2259 5117 3852 5193; baseline 0.004 -22"><span class='ocrx_word' id='word_1_819' title='bbox 2259 5133 2432 5173; x_wconf 89' lang='lat' dir='ltr'><strong>novus</strong></span> <span class='ocrx_word' id='word_1_820' title='bbox 2471 5117 2718 5184; x_wconf 87' lang='lat' dir='ltr'><strong>interior,</strong></span> <span class='ocrx_word' id='word_1_821' title='bbox 2751 5119 2958 5175; x_wconf 89' lang='lat' dir='ltr'><strong>dictum</strong></span> <span class='ocrx_word' id='word_1_822' title='bbox 2988 5129 3071 5177; x_wconf 90' lang='lat' dir='ltr'><strong>est</strong></span> <span class='ocrx_word' id='word_1_823' title='bbox 3099 5122 3166 5177; x_wconf 88' lang='lat' dir='ltr'><strong>ab</strong></span> <span class='ocrx_word' id='word_1_824' title='bbox 3196 5121 3454 5193; x_wconf 85' lang='lat' dir='ltr'><strong>Apostolo</strong></span> <span class='ocrx_word' id='word_1_825' title='bbox 3479 5139 3492 5176; x_wconf 92' lang='lat'><strong>:</strong></span> <span class='ocrx_word' id='word_1_826' title='bbox 3521 5122 3591 5178; x_wconf 88' lang='lat' dir='ltr'><strong>Et</strong></span> <span class='ocrx_word' id='word_1_827' title='bbox 3620 5124 3670 5178; x_wconf 85' lang='lat' dir='ltr'><strong>si</strong></span> <span class='ocrx_word' id='word_1_828' title='bbox 3702 5132 3852 5179; x_wconf 80' lang='lat' dir='ltr'><strong>exte-</strong></span> 
     </span>
    </p>
   </div>
   <div class='ocr_carea' id='block_1_112' title="bbox 2258 5209 3856 5283">
    <p class='ocr_par' dir='ltr' id='par_1_112' title="bbox 2258 5209 3856 5283">
     <span class='ocr_line' id='line_1_112' title="bbox 2258 5209 3856 5283; baseline 0.003 -20"><span class='ocrx_word' id='word_1_829' title='bbox 2258 5209 2372 5264; x_wconf 91' lang='lat' dir='ltr'><strong>rior</strong></span> <span class='ocrx_word' id='word_1_830' title='bbox 2408 5209 2570 5264; x_wconf 92' lang='lat' dir='ltr'><strong>homo</strong></span> <span class='ocrx_word' id='word_1_831' title='bbox 2605 5217 2790 5265; x_wconf 88' lang='lat' dir='ltr'><strong>noster</strong></span> <span class='ocrx_word' id='word_1_832' title='bbox 2819 5213 3187 5283; x_wconf 87' lang='lat' dir='ltr'><strong>corrumpitur</strong></span> <span class='ocrx_word' id='word_1_833' title='bbox 3211 5253 3225 5278; x_wconf 98' lang='lat'><strong>,</strong></span> <span class='ocrx_word' id='word_1_834' title='bbox 3261 5213 3486 5268; x_wconf 90' lang='lat' dir='ltr'><strong>interior</strong></span> <span class='ocrx_word' id='word_1_835' title='bbox 3534 5222 3722 5269; x_wconf 88' lang='lat' dir='ltr'><strong>autem</strong></span> <span class='ocrx_word' id='word_1_836' title='bbox 3773 5228 3856 5268; x_wconf 87' lang='lat' dir='ltr'><strong>re-</strong></span> 
     </span>
    </p>
   </div>
   <div class='ocr_carea' id='block_1_113' title="bbox 2256 5303 3856 5376">
    <p class='ocr_par' dir='ltr' id='par_1_113' title="bbox 2256 5303 3856 5376">
     <span class='ocr_line' id='line_1_113' title="bbox 2256 5303 3856 5376; baseline 0.001 -18"><span class='ocrx_word' id='word_1_837' title='bbox 2256 5309 2488 5358; x_wconf 89' lang='lat' dir='ltr'><strong>novatur</strong></span> <span class='ocrx_word' id='word_1_838' title='bbox 2516 5303 2582 5358; x_wconf 90' lang='lat' dir='ltr'><strong>de</strong></span> <span class='ocrx_word' id='word_1_839' title='bbox 2632 5303 2719 5358; x_wconf 90' lang='lat' dir='ltr'><strong>die</strong></span> <span class='ocrx_word' id='word_1_840' title='bbox 2760 5305 2814 5358; x_wconf 93' lang='lat' dir='ltr'><strong>in</strong></span> <span class='ocrx_word' id='word_1_841' title='bbox 2867 5304 3030 5360; x_wconf 91' lang='lat' dir='ltr'><strong>diem.</strong></span> <span class='ocrx_word' id='word_1_842' title='bbox 3089 5305 3413 5361; x_wconf 78' lang='lat' dir='ltr'><strong>Rectissime</strong></span> <span class='ocrx_word' id='word_1_843' title='bbox 3442 5307 3688 5374; x_wconf 90' lang='lat' dir='ltr'><strong>omnino,</strong></span> <span class='ocrx_word' id='word_1_844' title='bbox 3722 5320 3856 5376; x_wconf 90' lang='lat' dir='ltr'><strong>quo-</strong></span> 
     </span>
    </p>
   </div>
   <div class='ocr_carea' id='block_1_114' title="bbox 2254 5394 3857 5471">
    <p class='ocr_par' dir='ltr' id='par_1_114' title="bbox 2254 5394 3857 5471">
     <span class='ocr_line' id='line_1_114' title="bbox 2254 5394 3857 5471; baseline 0.003 -23"><span class='ocrx_word' id='word_1_845' title='bbox 2254 5394 2403 5448; x_wconf 86' lang='lat' dir='ltr'><strong>niam</strong></span> <span class='ocrx_word' id='word_1_846' title='bbox 2432 5395 2615 5450; x_wconf 90' lang='lat' dir='ltr'><strong>omnia</strong></span> <span class='ocrx_word' id='word_1_847' title='bbox 2640 5395 2872 5452; x_wconf 88' lang='lat' dir='ltr'><strong>visibilia</strong></span> <span class='ocrx_word' id='word_1_848' title='bbox 2918 5397 2984 5452; x_wconf 90' lang='lat' dir='ltr'><strong>ad</strong></span> <span class='ocrx_word' id='word_1_849' title='bbox 3010 5398 3333 5454; x_wconf 83' lang='lat' dir='ltr'><strong>exteriorem</strong></span> <span class='ocrx_word' id='word_1_850' title='bbox 3362 5400 3639 5456; x_wconf 90' lang='lat' dir='ltr'><strong>hominem</strong></span> <span class='ocrx_word' id='word_1_851' title='bbox 3687 5399 3857 5471; x_wconf 86' lang='lat' dir='ltr'><strong>perti-</strong></span> 
     </span>
    </p>
   </div>
   <div class='ocr_carea' id='block_1_115' title="bbox 2259 5488 3849 5562">
    <p class='ocr_par' dir='ltr' id='par_1_115' title="bbox 2259 5488 3849 5562">
     <span class='ocr_line' id='line_1_115' title="bbox 2259 5488 3849 5562; baseline 0.005 -21"><span class='ocrx_word' id='word_1_852' title='bbox 2259 5498 2406 5550; x_wconf 88' lang='lat' dir='ltr'><strong>nent,</strong></span> <span class='ocrx_word' id='word_1_853' title='bbox 2439 5489 2633 5558; x_wconf 88' lang='lat' dir='ltr'><strong>quibus</strong></span> <span class='ocrx_word' id='word_1_854' title='bbox 2679 5488 2989 5545; x_wconf 88' lang='lat' dir='ltr'><strong>Christiana</strong></span> <span class='ocrx_word' id='word_1_855' title='bbox 3019 5492 3296 5562; x_wconf 87' lang='lat' dir='ltr'><strong>disciplina</strong></span> <span class='ocrx_word' id='word_1_856' title='bbox 3343 5495 3643 5549; x_wconf 87' lang='lat' dir='ltr'><strong>renuntiat.</strong></span> <span class='ocrx_word' id='word_1_857' title='bbox 3696 5493 3849 5549; x_wconf 81' lang='lat' dir='ltr'><strong>Hora</strong></span> 
     </span>
    </p>
   </div>
   <div class='ocr_carea' id='block_1_116' title="bbox 2256 5581 3853 5655">
    <p class='ocr_par' dir='ltr' id='par_1_116' title="bbox 2256 5581 3853 5655">
     <span class='ocr_line' id='line_1_116' title="bbox 2256 5581 3853 5655; baseline 0.003 -20"><span class='ocrx_word' id='word_1_858' title='bbox 2256 5589 2408 5636; x_wconf 84' lang='lat' dir='ltr'><strong>sexta</strong></span> <span class='ocrx_word' id='word_1_859' title='bbox 2437 5583 2584 5638; x_wconf 90' lang='lat' dir='ltr'><strong>venit</strong></span> <span class='ocrx_word' id='word_1_860' title='bbox 2612 5581 2871 5639; x_wconf 90' lang='lat' dir='ltr'><strong>Dominus</strong></span> <span class='ocrx_word' id='word_1_861' title='bbox 2897 5584 2965 5638; x_wconf 88' lang='lat' dir='ltr'><strong>ad</strong></span> <span class='ocrx_word' id='word_1_862' title='bbox 2993 5594 3236 5655; x_wconf 89' lang='lat' dir='ltr'><strong>puteum,</strong></span> <span class='ocrx_word' id='word_1_863' title='bbox 3281 5587 3333 5640; x_wconf 92' lang='lat' dir='ltr'><strong>id</strong></span> <span class='ocrx_word' id='word_1_864' title='bbox 3360 5595 3462 5652; x_wconf 89' lang='lat' dir='ltr'><strong>est,</strong></span> <span class='ocrx_word' id='word_1_865' title='bbox 3517 5587 3702 5642; x_wconf 87' lang='lat' dir='ltr'><strong>medio</strong></span> <span class='ocrx_word' id='word_1_866' title='bbox 3739 5585 3853 5651; x_wconf 84' lang='lat' dir='ltr'><strong>die,</strong></span> 
     </span>
    </p>
   </div>
   <div class='ocr_carea' id='block_1_117' title="bbox 2255 5672 3856 5747">
    <p class='ocr_par' dir='ltr' id='par_1_117' title="bbox 2255 5672 3856 5747">
     <span class='ocr_line' id='line_1_117' title="bbox 2255 5672 3856 5747; baseline 0.005 -18"><span class='ocrx_word' id='word_1_867' title='bbox 2255 5673 2400 5729; x_wconf 89' lang='lat' dir='ltr'><strong>unde</strong></span> <span class='ocrx_word' id='word_1_868' title='bbox 2415 5672 2528 5744; x_wconf 87' lang='lat' dir='ltr'><strong>jam</strong></span> <span class='ocrx_word' id='word_1_869' title='bbox 2557 5673 2747 5747; x_wconf 87' lang='lat' dir='ltr'><strong>incipit</strong></span> <span class='ocrx_word' id='word_1_870' title='bbox 2787 5676 2869 5734; x_wconf 85' lang='lat' dir='ltr'><strong>sol</strong></span> <span class='ocrx_word' id='word_1_871' title='bbox 2904 5677 3008 5733; x_wconf 90' lang='lat' dir='ltr'><strong>iste</strong></span> <span class='ocrx_word' id='word_1_872' title='bbox 3036 5677 3264 5736; x_wconf 91' lang='lat' dir='ltr'><strong>visibilis</strong></span> <span class='ocrx_word' id='word_1_873' title='bbox 3291 5677 3566 5738; x_wconf 75' lang='lat' dir='ltr'><strong>declinare</strong></span> <span class='ocrx_word' id='word_1_874' title='bbox 3600 5678 3660 5735; x_wconf 87' lang='lat' dir='ltr'><strong>in</strong></span> <span class='ocrx_word' id='word_1_875' title='bbox 3688 5691 3856 5737; x_wconf 77' lang='lat' dir='ltr'><strong>occs-</strong></span> 
     </span>
    </p>
   </div>
  </div>
