4088 6340
249 366 360 426 795
1074 358 1486 422 EXEGETICA.
1526 395 1597 407 -
1633 361 1992 426 COMMENT.
2030 368 2100 427 IN
2138 365 2330 430 IOAN.
2359 405 2434 417 —
2468 372 2600 434 LIB.
2641 371 2704 435 II.
3034 430 3049 439 ,
3417 383 3524 448 794

243 495 409 542 sum:
434 480 692 553 quoniam
716 486 773 537 et
810 478 966 536 anis
986 481 1197 537 vocatis
1230 496 1258 535 a
1299 480 1518 536 Christo
1559 481 1627 537 ad
1652 482 1835 560 invisi-
1862 489 1911 548 Α
1939 485 2203 557 Spiritum
2243 499 2492 547 sanctum
2521 494 2650 549 dare
2690 492 2959 566 cupiebat.
3008 494 3163 555 Hanc
3204 499 3348 557 enim
3375 514 3524 567 recte

243 576 438 634 bilium
460 590 719 639 amorem,
754 576 916 630 homo
941 573 1170 630 interior
1193 584 1490 642 recreatus,
1518 574 1585 630 ad
1616 575 1835 632 interio-
1936 581 2284 654 intelligimus
2312 599 2506 656 aquam
2537 587 2735 654 vivam,
2767 589 2910 659 quod
2932 598 3015 646 est
3043 591 3244 649 donum
3274 595 3394 664 Dei,
3423 599 3525 657 sio-

244 683 365 725 rem
402 667 578 724 lucem
605 682 725 738 qua:
769 680 1046 737 nunquam
1090 665 1320 732 occidit,
1371 673 1703 732 revertatur;
1751 681 1835 722 se-

243 761 486 818 cundum
516 759 864 830 apostolicam
893 759 1255 830 disciplinam,
1282 774 1391 814 non
1427 774 1677 830 quaerens
1714 774 1833 829 quae

240 853 519 918 videntur,
542 852 640 909 sed
671 868 792 923 qua:
822 867 929 909 non
955 853 1225 908 videntur.
1255 853 1385 921 Qua:
1413 855 1559 909 enim
1582 854 1836 908 videntur

243 946 567 1017 temporalia
616 954 759 1012 sunt,
796 961 916 1017 quae
962 954 1142 1001 autem
1180 961 1287 1001 non
1333 946 1587 1001 videntur
1629 954 1832 1001 aeterna

242 1047 392 1096 sunt.
433 1038 586 1107 Quod
610 1046 789 1094 autem
818 1037 1078 1110 fatigatus
1105 1039 1256 1094 venit
1282 1038 1349 1093 ad
1389 1047 1609 1109 puteum
1628 1079 1644 1104 ,
1678 1036 1832 1093 inﬁr-

242 1133 492 1188 mitatem
518 1132 697 1188 carnis
722 1133 1024 1204 signiﬁcat;
1056 1132 1200 1203 quod
1233 1133 1402 1198 sedit,
1432 1132 1789 1188 humilitatem
1813 1174 1829 1201 ,

242 1224 373 1295 quia
390 1230 446 1279 et
475 1222 899 1280 imbecillitatem
930 1225 1112 1281 carnis
1146 1240 1244 1294 pro
1284 1223 1439 1280 nobis
1479 1225 1736 1294 suscepit,
1779 1230 1836 1279 et

242 1314 413 1371 homo
459 1315 770 1372 hominibus
796 1325 904 1371 tam
945 1316 1222 1371 humiliter
1269 1331 1531 1387 apparere
1582 1316 1834 1387 dignatus

241 1419 348 1469 est.
379 1411 456 1467 De
481 1411 584 1466 hac
610 1410 927 1466 infirmitate
957 1410 1137 1466 carnis
1157 1410 1426 1480 Propheta
1455 1409 1587 1465 dicit
1612 1424 1628 1463 :
1661 1407 1835 1463 Homo

242 1504 300 1560 in
330 1502 488 1575 plaga
509 1502 740 1573 positus,
787 1512 841 1558 et
871 1502 1048 1559 sciens
1079 1502 1222 1558 ferre
1255 1501 1713 1565 imbecillitatem;
1768 1499 1835 1553 de

240 1596 547 1652 humilitate
569 1611 697 1651 vero
725 1594 1016 1667 Apostolus
1036 1595 1278 1665 loquitur
1303 1593 1491 1649 dicens
1521 1612 1532 1646 :
1561 1593 1835 1649 Humilia-

239 1689 310 1745 vit
331 1707 406 1754 se,
435 1689 607 1761 factus
631 1689 871 1745 subditus
896 1704 1061 1759 usque
1086 1685 1155 1741 ad
1176 1695 1393 1740 mortem
1419 1682 1640 1758 (Philip.
1670 1703 1730 1752 ιι,
1754 1685 1831 1758 8).

1933 681 1995 728 ut
2040 674 2153 745 ipse
2183 677 2259 731 ait
2306 676 2414 733 :Si
2459 681 2619 735 scires
2667 680 2863 736 donum
2906 681 3046 751 Dei;
3097 693 3153 740 et
3191 686 3333 743 sicut
3376 689 3522 747 idem

1932 762 2170 822 Joannes
2215 775 2447 824 testatur
2485 770 2591 826 alio
2630 771 2750 828 loco
2780 773 2964 830 dicens
2995 790 3010 829 :
3041 774 3305 843 Quoniam
3349 781 3521 839 stabat

1932 854 2113 923 Iesus,
2155 866 2203 911 et
2233 856 2539 915 clamabat:
2571 860 2632 916 Si
2656 864 2771 935 quis
2801 865 2931 931 sitit,
2975 867 3148 921 veniat
3194 866 3287 941 [ad
3323 869 3426 944 me]
3472 880 3523 928 et

1934 948 2097 1003 bibat.
2126 949 2230 1016 Qui
2255 952 2417 1007 credit
2452 954 2507 1008 in
2535 972 2639 1022 me,
2668 957 2801 1011 sicut
2822 957 2950 1012 dicit
2979 956 3271 1031 Scriptura,
3299 964 3523 1041 ﬂumjna

1933 1041 1998 1096 de
2026 1052 2198 1099 ventre
2221 1044 2337 1116 ejus
2364 1047 2528 1116 ﬂuent
2550 1066 2701 1120 aqua:
2738 1050 2864 1104 viva:
2896 1050 3076 1124 (Ioan.
3104 1070 3235 1120 vm,
3264 1055 3332 1110 57
3361 1096 3377 1123 ,
3405 1055 3519 1129 '58).

1933 1133 2341 1208 Consequenter
2364 1140 2599 1205 omnino,
2643 1142 2734 1213 qui
2757 1143 2920 1197 credit
2947 1145 3003 1199 in
3026 1162 3127 1211 me,
3174 1146 3368 1216 inquit,
3417 1149 3524 1219 ﬂu-

1933 1229 2078 1281 mina
2103 1227 2167 1282 de
2191 1239 2363 1284 ventre
2384 1230 2498 1300 ejus
2523 1232 2685 1301 ﬂuent
2716 1251 2866 1305 aquae
2892 1235 3038 1303 vicre,
3071 1238 3197 1306 quia
3214 1238 3389 1307 primo
3411 1253 3525 1294 cre-

1935 1319 2134 1387 dimus,
2163 1329 2223 1376 ut
2269 1322 2385 1378 haec
2409 1324 2548 1379 dona
2589 1341 2919 1382 mereamur.
2974 1328 3104 1386 Haec
3128 1346 3257 1402 ergo
3296 1332 3520 1390 ﬂumina

1935 1424 2089 1479 aqua:
2115 1412 2272 1477 vivae,
2302 1428 2423 1483 quae
2448 1412 2523 1468 illi
2552 1414 2764 1471 mulieri
2793 1418 3007 1473 volebat
3027 1420 3174 1489 dare,
3201 1438 3410 1479 merces
3439 1431 3523 1480 est

1935 1501 2060 1557 ﬁdei
2087 1518 2252 1573 quam
2296 1505 2450 1575 prius
2498 1507 2736 1563 sitiebat.
2783 1507 2948 1578 Cujus
2993 1526 3146 1581 aqua:
3189 1515 3329 1570 vivae
3356 1515 3526 1572 inter-

1932 1595 2293 1664 pretationem
2324 1597 2398 1653 ita
2424 1596 2644 1668 suljicit
2669 1618 2682 1654 :
2722 1600 2833 1656 Hoc
2863 1611 3037 1657 autem
3057 1604 3284 1669 dicebat,
3320 1607 3521 1679 inquit,

1935 1684 1999 1739 de
2027 1683 2249 1755 Spiritu,
2279 1705 2431 1760 quem
2460 1694 2723 1763 accepturi
2751 1705 2900 1749 erant
2929 1698 2983 1750 hi
3007 1714 3099 1768 qui
3125 1715 3183 1754 tn
3207 1717 3326 1754 eum
3356 1700 3523 1757 credi-

240 1780 562 1853 Quanquam
593 1781 724 1837 illud
757 1781 903 1851 quod
941 1780 1103 1845 sedit,
1146 1779 1403 1850 quoniam
1433 1778 1607 1832 solent
1645 1778 1834 1833 sedere
1864 1852 1905 1867 ﬁ
1936 1777 2043 1867 turi
2066 1788 2235 1834 erant.
2267 1779 2514 1837 Nondum
2545 1792 2724 1841 autem
2770 1795 2888 1842 erat
2925 1788 3160 1859 Spiritus
3188 1793 3363 1859 datus,
3394 1795 3523 1867 quia

240 1852 509 1942 doctores,
534 1875 706 1946 possit
734 1874 841 1930 alio
874 1874 1147 1930 intellectu
1179 1888 1286 1927 non
1308 1872 1627 1928 humilitatis
1647 1871 1829 1926 mode-
1863 1852 1907 1912 Β
1933 1864 2089 1923 Iesus
2118 1870 2354 1926 nondum
2380 1871 2557 1929 fuerat
2584 1875 2931 1934 clarificatus.
2964 1852 3085 1936 hoc
3114 1882 3294 1953 itaque
3322 1852 3524 1942 donum

238 1969 434 2036 stiam,
479 1969 573 2025 sed
633 1969 881 2040 magistri
939 1970 1311 2024 demonstrare
1357 1982 1663 2037 personam.
1721 1964 1829 2020 Sed

238 2065 407 2132 quaeri
434 2069 614 2133 potest
642 2076 811 2131 quare
840 2076 869 2116 a
894 2059 1119 2116 muliere
1149 2058 1510 2125 Samaritana,
1533 2075 1653 2129 quae
1675 2074 1829 2129 aquae

238 2152 525 2224 implendas
552 2155 725 2226 gratia
760 2161 1014 2220 venerat,
1064 2154 1253 2209 bibere
1280 2152 1672 2223 postulaverit,
1701 2167 1826 2207 cum

236 2246 353 2316 ipse
379 2256 566 2319 postea
598 2247 860 2319 spiritalis
888 2247 1051 2302 fontis
1071 2245 1399 2301 allluentiam
1425 2261 1483 2301 se
1521 2245 1829 2316 petentibus

236 2337 372 2393 dare
416 2353 579 2409 posse
622 2338 1037 2408 praedicaverit?
1059 2337 1167 2392 Sed
1195 2337 1403 2392 scilicet
1442 2337 1660 2392 sitiebat
1685 2334 1829 2391 Deus

231 2435 484 2491 mulieris
514 2435 660 2490 illius
702 2434 883 2500 ﬁdem,
922 2435 1178 2505 quoniam
1223 2433 1562 2488 Samaritana
1592 2439 1743 2498 erat,
1774 2438 1830 2487 et

231 2527 377 2581 solet
410 2526 656 2582 Samaria
687 2526 1004 2582 idololatriae
1052 2525 1339 2598 imaginem
1387 2525 1692 2591 sustinere;
1726 2523 1829 2594 ipsi

232 2618 384 2675 enim
413 2620 648 2690 separati
672 2635 703 2674 a
727 2618 922 2690 populo
947 2617 1286 2683 Iudaeorum,
1320 2616 1623 2673 simulacris
1651 2623 1830 2671 muto-

232 2727 359 2767 rum
391 2711 725 2777 animalium,
751 2711 807 2767 id
834 2718 936 2775 est,
968 2712 1151 2767 vaccis
1172 2710 1351 2765 aureis
1379 2710 1682 2765 animarum
1704 2724 1829 2765 sua-

234 2818 360 2857 rum
410 2803 646 2859 dedecus
671 2803 1010 2859 adduxerant
1051 2802 1206 2876 [Ms.,
1241 2803 1404 2858 decus
1458 2800 1823 2874 addixeram].

234 2894 475 2952 Venerat
520 2904 700 2951 autem
748 2893 905 2952 Jesus
939 2896 1200 2951 Dominus
1244 2903 1433 2949 noster
1461 2902 1522 2949 ut
1586 2894 1826 2965 gentium

231 2987 634 3046 multitudinem
660 3030 675 3053 ,
715 3004 835 3059 quae
882 2986 1185 3043 simulacris
1228 2985 1512 3051 servierat,
1556 2985 1625 3040 ad
1651 2984 1829 3039 muni-

233 3090 479 3139 mentum
522 3081 647 3138 lidei
699 3081 1022 3136 Christianm
1074 3088 1131 3135 et
1180 3078 1505 3148 incorruptae
1551 3076 1828 3148 religionis

233 3174 549 3230 adduceret.
582 3172 706 3227 Non
729 3173 866 3227 enim
891 3180 983 3236 est,
1011 3171 1204 3241 inquit,
1230 3169 1373 3224 sanis
1414 3186 1542 3240 opus
1568 3168 1820 3233 medicus,

232 3266 327 3322 sed
368 3264 504 3322 male
543 3263 870 3319 habentibus.
919 3262 1062 3335 Ergo
1109 3277 1299 3317 eorum
1325 3260 1485 3317 [idem
1530 3260 1677 3327 sitit,
1726 3275 1826 3332 pro

232 3361 436 3433 quibus
463 3360 781 3430 sanguinem
810 3358 970 3413 fudit.

308 3453 473 3510 Vsus.
508 3452 560 3507 7.
590 3484 664 3494 —
691 3452 841 3506 Dixit
869 3467 990 3522 ergo
1016 3449 1087 3504 ad
1112 3465 1227 3504 eam
1248 3446 1405 3503 Iesus
1436 3462 1454 3500 :
1487 3445 1706 3515 Mulier,
1756 3446 1828 3500 da

234 3547 366 3603 mihi
388 3547 577 3601 bibere.
606 3546 673 3601 Et
698 3553 760 3601 ut
786 3542 1004 3599 noveris
1033 3542 1162 3613 quid
1196 3541 1418 3596 sitiebat
1445 3540 1703 3596 Dominus
1726 3553 1827 3595 no—

234 3650 351 3698 ster
398 3648 520 3713 post
543 3638 820 3710 paululum
864 3637 1090 3692 veniunt
1120 3633 1369 3705 discipuli
1408 3632 1552 3703 ejus,
1597 3634 1690 3705 qui
1710 3648 1831 3704 per-

234 3738 496 3788 reserant
522 3746 577 3785 m
597 3729 895 3792 civitatem,
920 3736 977 3782 ut
998 3727 1151 3782 cibos
1170 3734 1437 3790 emerent,
1461 3734 1517 3781 et
1538 3725 1725 3780 dicunt
1741 3724 1824 3780 ei:

240 3824 428 3891 Babbi,
468 3802 751 3880 manduca.
781 3821 884 3876 Ille
907 3830 1081 3876 autem
1100 3820 1236 3875 dixit
1263 3819 1338 3873 eis
1363 3831 1381 3870 :
1409 3817 1523 3888 Ego
1553 3812 1716 3872 aliam
1739 3816 1830 3872 ha-

235 3918 332 3974 beo
358 3935 529 3974 escam
552 3916 890 3978 manducare,
919 3929 1078 3984 quam
1098 3928 1184 3967 vos
1224 3911 1452 3967 nescitis.
1487 3908 1680 3963 Dicunt
1706 3924 1828 3980 ergo

235 4008 484 4081 discipuli
508 4009 620 4080 ejus
652 4007 720 4062 ad
742 4005 1053 4061 alterutrum
1080 4017 1098 4055 :
1141 4001 1399 4073 Nunquid
1439 4000 1630 4071 aliquis
1651 3999 1827 4054 attulit

233 4106 287 4161 ei
315 4102 670 4159 manducare?
689 4099 831 4154 Dicit
861 4098 935 4152 eis
960 4112 1117 4150 aesus
1145 4107 1163 4145 :
1193 4094 1345 4148 Meus
1376 4093 1522 4147 cibus
1545 4100 1639 4156 est,
1666 4100 1723 4144 ut
1745 4090 1829 4160 {a-

236 4198 378 4253 ciam
404 4193 722 4251 voluntatem
761 4189 876 4261 ejus
918 4188 1008 4260 qui
1038 4204 1118 4241 me
1164 4186 1327 4249 misit,
1375 4193 1423 4238 et
1459 4192 1515 4236 ut
1558 4181 1827 4252 perﬁciam

237 4303 372 4358 opus
395 4285 528 4356 ejus.
560 4281 812 4352 Nunquid
848 4280 937 4335 hic
965 4276 1284 4347 intelligitur
1318 4275 1422 4329 alia
1453 4273 1701 4330 voluntas
1725 4271 1829 4326 Pa-

239 4376 343 4433 tris
384 4375 477 4446 qui
515 4390 639 4430 eum
668 4372 833 4438 misit,
863 4378 917 4426 et
938 4385 1074 4440 opus
1094 4368 1212 4439 ejus
1240 4367 1383 4437 quod
1407 4364 1667 4436 perlicere
1691 4363 1827 4420 velle

239 4466 521 4540 respondit
555 4507 570 4532 ,
613 4465 719 4521 nisi
760 4472 816 4518 ut
844 4478 944 4518 nos
991 4462 1060 4517 ad
1085 4460 1245 4516 ﬁdem
1270 4475 1424 4515 suam
1448 4474 1480 4513 a
1520 4457 1826 4529 pernicioso

1853 3215 1898 3279 C

1935 1956 2171 2028 Spiritus
2199 1972 2420 2019 sanctus
2443 1972 2549 2032 est,
2581 1968 2723 2037 quod
2749 1978 2871 2038 post
2901 1985 3053 2025 suam
3077 1972 3524 2033 clariﬁcationem

1930 2050 2079 2105 dedit
2102 2052 2376 2120 Ecclesiae,
2409 2055 2549 2111 sicut
2574 2057 2678 2111 alia
2709 2057 2989 2130 Scriptura
3015 2062 3144 2118 dicit
3178 2082 3190 2117 :
3227 2064 3524 2122 Ascendens

1929 2144 1985 2198 in
2017 2143 2182 2199 altum
2211 2149 2471 2217 captivam
2497 2149 2650 2204 duxit
2678 2152 3053 2222 captivitatem,
3084 2156 3225 2211 dedit
3253 2158 3394 2213 dona
3423 2159 3521 2213 ho-

1929 2240 2157 2295 minibus
2186 2239 2401 2313 (Ephes.
2434 2259 2507 2310 iv,
2533 2244 2609 2316 8).
2644 2244 2750 2302 Sed
2780 2248 2957 2304 adhuc
2990 2249 3079 2303 illa
3109 2251 3303 2304 mulier
3336 2266 3526 2306 carna-

1929 2329 2055 2384 liter
2082 2333 2237 2403 sapit.
2274 2332 2365 2389 Sic
2399 2336 2544 2389 enim
2591 2339 2867 2407 respondit
2898 2354 2913 2393 :
2946 2340 3132 2412 (Vsus.
3168 2341 3253 2406 1|,
3284 2342 3373 2413 12)
3404 2342 3519 2397 Do-

1930 2421 2089 2486 mine,
2120 2438 2284 2494 neque
2324 2423 2679 2480 Itauritorium
2731 2427 2910 2496 habes,
2956 2440 3006 2484 et
3045 2441 3230 2502 puteus
3257 2431 3396 2488 altus
3423 2441 3523 2488 est.

1934 2509 2085 2567 Unde
2129 2514 2259 2568 mihi
2301 2515 2458 2571 [tabes
2506 2518 2635 2573 dare
2689 2537 2882 2591 aquam
2920 2523 3133 2577 vivam?
3184 2523 3439 2595 Nunquid
3465 2534 3524 2580 tu

1929 2603 2106 2674 major
2151 2621 2206 2659 es
2254 2603 2418 2661 Patre
2466 2618 2641 2664 nostro
2687 2609 2876 2678 Iacob,
2919 2614 3009 2684 qui
3036 2612 3179 2668 dedit
3208 2615 3355 2671 nobis
3384 2616 3524 2671 hunc

1928 2706 2164 2767 puteum,
2191 2708 2238 2752 et
2261 2700 2370 2769 ipse
2392 2718 2456 2755 ea:
2477 2719 2536 2755 eo
2564 2702 2710 2769 bibit,
2737 2713 2786 2758 et
2808 2704 2910 2774 lilii
2934 2705 3069 2776 ejus,
3093 2716 3143 2762 et
3164 2724 3351 2778 pecora
3372 2708 3528 2779 ejus?

1930 2787 2083 2842 Nunc
2137 2804 2265 2844 vero
2310 2789 2427 2860 jam
2486 2793 2745 2849 Dominus
2800 2796 3021 2865 exponit
3069 2797 3198 2867 quid
3260 2798 3459 2854 dixerit
3506 2812 3523 2853 :

1931 2880 2115 2952 (Vens.
2151 2883 2239 2949 15,
2266 2884 2353 2955 14)
2384 2884 2589 2952 Omnis,
2621 2888 2811 2959 inquit,
2833 2891 2924 2960 qui
2951 2890 3134 2945 biberit
3158 2891 3224 2945 de
3240 2908 3378 2963 aqua
3398 2893 3526 2961 ista,

1928 2973 2067 3026 sitiet
2091 2975 2305 3033 iterant.
2340 2975 2445 3042 Qui
2468 2989 2643 3032 autem
2672 2979 2737 3034 de
2765 2998 2924 3052 aqua,
2949 2999 3109 3052 quam
3140 2981 3279 3054 [ego]
3305 2982 3520 3050 dedero,

1929 3064 2133 3132 biberit,
2166 3083 2268 3121 non
2288 3068 2425 3121 sitiet
2453 3069 2507 3123 in
2528 3072 2916 3141 sempiternum.
2950 3070 3053 3127 Sed
3079 3090 3216 3145 aqua
3246 3072 3340 3127 illa
3362 3091 3524 3146 quam

1929 3154 2139 3222 dedero,
2171 3158 2260 3227 ﬁet
2290 3158 2345 3211 in
2386 3177 2446 3214 eo
2482 3159 2599 3230 fons
2647 3179 2799 3233 aqua:
2826 3162 3062 3219 salientis
3099 3165 3156 3219 in
3184 3166 3341 3221 vitam
3367 3176 3524 3223 mter-

1933 3264 2074 3302 nam.
2127 3247 2236 3304 Sed
2283 3249 2460 3305 adhuc
2498 3251 2691 3307 mulier
2725 3254 3067 3323 prudentiam
3107 3256 3286 3311 carnis
3323 3257 3528 3328 amplc-

1930 3339 2113 3394 ctitur.
2146 3339 2285 3407 Quid
2311 3342 2457 3396 enim
2480 3343 2789 3412 respondit?
2816 3344 3110 3416 (Vens.15,
3145 3344 3254 3419 16.)
3278 3345 3525 3418 Domine,

1929 3432 1999 3485 da
2047 3432 2176 3485 mihi
2204 3432 2339 3487 hanc
2368 3450 2581 3505 aquam,
2610 3444 2666 3488 ut
2707 3452 2870 3507 neque
2896 3436 3096 3501 sitiam,
3129 3452 3292 3508 neque
3317 3438 3524 3493 veniam

1929 3521 2030 3575 huc
2055 3521 2289 3576 haurire.
2319 3520 2460 3576 Dicit
2489 3524 2537 3577 ei
2564 3521 2721 3578 Iesus
2750 3538 2770 3576 :
2810 3523 2972 3590 Vade,
3006 3540 3134 3579 uoca
3156 3525 3324 3579 virum
3350 3535 3523 3593 tuum,

1928 3620 1976 3666 et
2003 3611 2119 3666 veni
2145 3612 2267 3666 huc.
2318 3610 2452 3667 Cum
2485 3614 2652 3668 sciret
2684 3630 2804 3670 eam
2832 3615 3009 3669 virum
3035 3630 3142 3671 non
3172 3616 3391 3682 habere,
3422 3631 3523 3672 cur

1928 3703 2032 3757 hoc
2062 3702 2281 3768 dixerit,
2312 3704 2603 3773 quaeritur;
2639 3720 2873 3775 namque
2903 3721 3028 3761 cum
3053 3704 3249 3761 mulier
3281 3706 3519 3763 dixerit:

1932 3792 2057 3848 Non
2086 3792 2251 3848 habeo
2278 3795 2470 3861 virum,

1998 3907 2161 3963 Vens.
2196 3908 2282 3964 18.
2305 3940 2377 3949 —
2391 3909 2535 3965 Dicit
2563 3910 2609 3963 ei
2624 3909 2817 3965 Iesus:
2845 3910 2986 3965 Bene
3006 3910 3191 3965 diaisti
3210 3927 3315 3966 non
3333 3909 3525 3969 habere

1928 4011 1978 4057 te
2014 4003 2204 4057 virum.
2238 4001 2478 4073 Quinque
2498 4003 2635 4056 enim
2658 4003 2796 4057 viros
2817 4002 3068 4067 habuisti,
3098 4011 3144 4056 et
3173 4019 3311 4057 nunc
3329 4044 3344 4069 ,
3368 4020 3524 4075 quem

1928 4092 2108 4161 habes,
2124 4111 2229 4148 non
2255 4104 2333 4148 est
2359 4104 2480 4148 tuus
2509 4096 2609 4148 vir.
2638 4093 2753 4147 Hoc
2770 4111 2887 4148 vere
2913 4093 3060 4167 [Ms.,
3088 4094 3289 4166 verum]
3317 4095 3521 4152 dixisti.

1930 4183 2039 4241 Sed
2062 4202 2171 4241 non
2198 4186 2462 4241 sunthaec
2489 4185 2781 4241 carnaliter
2807 4186 3138 4256 accipienda,
3171 4203 3239 4243 ne
3269 4188 3396 4244 huic
3420 4187 3525 4258 ipsi

1929 4276 2107 4333 adhuc
2121 4276 2334 4331 mulieri
2353 4274 2621 4331 Samarita
2629 4293 2711 4332 nae
2738 4277 2943 4333 similes
2956 4292 3076 4333 esse
3090 4279 3372 4335 videamur
3389 4296 3402 4333 :
3429 4277 3527 4347 sed

1892 4427 1899 4434 ,
1929 4371 1995 4427 de
2022 4369 2114 4426 illo
2141 4371 2282 4426 dono
2304 4369 2399 4425 Dei
2429 4371 2472 4425 si
2501 4371 2706 4441 aliquid
2723 4371 2836 4440 jam
2869 4371 3227 4441 gustavimus,
3264 4370 3525 4442 spiritali-

1930 4474 2014 4521 ter
2038 4465 2142 4520 ista
2188 4472 2504 4520 tractemus.
2542 4477 2569 4505 ι
2604 4462 2856 4535 Quinque
2882 4464 3056 4531 viros,
3090 4464 3330 4535 quinque
3356 4463 3526 4520 libros

239 4561 428 4619 mundi
458 4574 646 4616 errore
691 4550 1077 4614 converteret?
1125 4553 1312 4620 Qualis
1355 4561 1440 4608 est
1487 4566 1617 4622 ergo
1673 4550 1825 4606 cibus
1847 4578 1904 4640 Β
1929 4558 2020 4629 qui
2050 4574 2150 4627 per
2178 4555 2395 4629 Moysen
2433 4557 2724 4613 ministrari
2756 4564 2901 4623 sunt,
2932 4556 3174 4613 nonnulli
3226 4557 3522 4627 accipiunt,

239 4652 379 4723 ejus,
426 4653 552 4709 talis
577 4660 632 4707 et
654 4660 834 4722 potus.
881 4649 1220 4719 Quapropter
1241 4648 1344 4703 hoc
1369 4647 1425 4701 in
1464 4645 1555 4701 illa
1601 4644 1827 4701 muliere

239 4748 480 4813 sitiebat,
513 4757 575 4802 ut
604 4746 809 4801 faceret
828 4744 882 4799 in
910 4759 973 4798 ea
1003 4741 1337 4798 voluntatem
1364 4739 1560 4804 Patris,
1592 4745 1646 4793 et
1665 4737 1826 4809 perli-

239 4848 391 4896 ceret
433 4855 570 4911 opus
598 4836 732 4906 ejus.
766 4836 874 4893 Sed
921 4835 1011 4890 illa
1051 4832 1342 4889 carnaliter
1393 4831 1697 4903 intelligens
1742 4845 1828 4886 re-

239 4931 459 5004 spondit
491 4948 505 4985 :
538 4929 723 5004 (Vsus.
755 4928 833 5002 9.)
868 4927 945 4983 Tu
962 4944 1080 4982 cum
1105 4926 1177 4981 sis
1214 4924 1458 4992 Iudwus,
1506 4923 1766 4996 quomodo
1794 4942 1829 4979 a

240 5042 325 5080 me
348 5023 520 5079 bibere
558 5023 729 5093 poscis
747 5062 763 5088 ,
794 5038 913 5091 cum
942 5022 1043 5075 sim
1070 5017 1262 5074 mulier
1288 5016 1674 5074 Samaritana?
1704 5015 1829 5071 Non
1862 5008 1866 5012 “

240 5114 381 5170 enim
403 5123 686 5170 coutuntur
714 5111 892 5169 Iudazi
923 5109 1297 5168 Samaritanis.
1328 5111 1429 5167 Cui
1449 5110 1711 5166 Dominus
1735 5106 1835 5166 no-

242 5218 359 5265 ster
396 5208 532 5264 dixit
567 5226 582 5265 -.
1520 5192 1525 5195 ⁷

319 5300 484 5359 Vsus.
519 5300 606 5355 10.
635 5330 705 5341 —
731 5296 795 5354 Si
829 5298 989 5354 scires
1017 5295 1213 5352 donum
1237 5290 1336 5350 Dei
1365 5336 1381 5361 ,
1427 5302 1474 5348 et
1502 5293 1617 5366 quis
1642 5300 1716 5348 est
1742 5290 1833 5364 qui

247 5392 379 5448 dicit
411 5393 526 5460 tibi,
547 5392 633 5448 Da
662 5393 790 5448 mihi
821 5390 1008 5453 bibere,
1041 5400 1098 5444 tu
1130 5389 1298 5460 magis
1323 5389 1538 5460 petisses
1568 5386 1631 5441 ab
1662 5404 1743 5454 eo,
1774 5396 1832 5441 ut

245 5484 475 5539 dedisset
498 5483 589 5537 tibi
614 5499 806 5555 aquam
836 5482 1021 5537 vivam.
1060 5480 1131 5536 Ut
1168 5480 1295 5535 hinc
1314 5478 1364 5533 ei
1391 5478 1698 5533 ostenderet
1722 5492 1831 5532 non

243 5590 307 5634 se
337 5575 499 5631 talem
529 5574 686 5647 501
710 5591 905 5645 aquam
927 5570 1144 5644 petisse,
1173 5558 1388 5643 qualem
1416 5571 1530 5641 ipse
1556 5568 1833 5624 intellexe-

242 5674 373 5735 rat;
404 5667 500 5724 sed
526 5667 652 5738 quia
685 5667 798 5738 ipse
818 5666 1037 5722 sitiebat
1070 5664 1231 5721 ﬁdem
1258 5661 1394 5732 ejus,
1426 5662 1601 5718 eidem
1628 5662 1833 5718 sitienti

1927 4650 2083 4717 Quod
2125 4657 2306 4704 autem
2341 4650 2545 4705 dictum
2575 4657 2660 4705 est
2688 4667 2701 4703 :
2730 4647 2803 4702 Et
2830 4664 2969 4703 nunc
2992 4665 3144 4719 quem
3170 4644 3372 4715 'habes,
3419 4665 3525 4705 non

1927 4751 2002 4797 est
2032 4752 2153 4796 tuus
2167 4742 2265 4805 vir,
2281 4743 2416 4797 dese
2445 4742 2562 4812 ipso
2582 4741 2869 4796 Dominum
2892 4739 3094 4796 dixisse
3117 4740 3447 4813 intelligunt,
3462 4749 3527 4798 ut

1928 4835 2034 4892 iste
2061 4834 2133 4890 sit
2160 4848 2352 4889 sensus
2385 4854 2397 4889 :
2431 4834 2616 4890 Primo
2644 4833 2885 4904 quinque
2937 4832 3093 4890 libris
3140 4834 3333 4907 Moysi,
3361 4834 3521 4904 quasi

1930 4926 2168 4997 quinque
2193 4924 2327 4981 viris
2362 4926 2609 4992 servisti;
2639 4941 2784 4983 nunc
2809 4932 2990 4981 autem
3022 4926 3112 4983 hic
3139 4941 3301 4997 quem
3328 4926 3520 4993 habes,

1932 5019 1988 5075 id
2015 5026 2117 5086 est,
2150 5034 2312 5088 quem
2350 5017 2523 5084 audis,
2552 5031 2661 5071 non
2703 5024 2789 5072 est
2816 5026 2942 5073 tuus
2972 5017 3079 5085 vir,
3111 5017 3237 5087 quia
3281 5016 3523 5074 nondum

1934 5111 1991 5166 in
2039 5126 2162 5166 eum
2210 5109 2514 5166 credidisti.
2550 5106 2658 5163 Sed
2704 5108 2963 5178 quoniam
3007 5108 3246 5163 nondum
3293 5107 3525 5166 credens

1933 5204 2179 5267 Christo,
2233 5202 2408 5259 adhuc
2464 5202 2648 5272 utique
2702 5200 2917 5257 illorum
2964 5200 3201 5270 quinque
3250 5200 3514 5267 virorum,

1934 5296 1990 5353 id
2016 5305 2119 5362 est,
2150 5295 2389 5364 quinque
2413 5293 2674 5349 librorum
2698 5292 3037 5363 copulatione
3077 5292 3391 5357 tenebatur;
3419 5306 3517 5362 po-

1933 5397 2040 5444 test
2074 5400 2293 5443 movere
2343 5385 2611 5455 quomodo
2640 5384 2746 5439 dici
2788 5382 3044 5453 potuerit,
3097 5383 3324 5453 quinque
3372 5381 3512 5439 viros

1933 5477 2181 5542 habuisti,
2235 5474 2391 5547 quasi
2430 5490 2574 5529 nunc
2621 5489 2716 5528 eos
2762 5472 2875 5544 jam
2928 5486 3037 5525 non
3085 5471 3341 5537 haberet,
3395 5487 3519 5527 cum

1934 5570 2110 5626 adhuc
2162 5570 2348 5639 utique
2396 5568 2528 5638 ipsis
2579 5564 2793 5620 subdita
2842 5562 3085 5618 viveret?
3134 5562 3338 5618 Deinde
3392 5578 3519 5618 cum

1934 5663 2173 5735 quinque
2196 5661 2321 5720 libri
2361 5658 2533 5732 Moysi
2561 5656 2695 5715 nihil
2714 5656 2861 5714 aliud
2885 5671 3048 5728 quam
3076 5654 3351 5714 Christum
3375 5671 3519 5728 prte-

325 5857 354 5888 ι
399 5844 537 5905 Vide
588 5854 836 5906 sanctum
886 5844 1232 5906 Ambrosium
1283 5844 1341 5901 in
1391 5841 1525 5901 Luc.
1581 5857 1700 5914 cap.
1764 5840 1832 5897 l4
1869 5851 1924 5900 et
1960 5841 2045 5931 20.
