4074 6444
533 344 638 406 795

1401 345 1464 403 Β.
1503 342 1569 401 F.
1594 341 1826 402 ALBINI
1862 342 1995 402 SEU
2030 343 2308 403 ALCUINI
2340 342 2627 404 OPERUM
2662 343 2843 401 PARS
2876 344 2943 402 ii.

3705 345 3817 404 τοι

532 459 733 525 dicent,
765 460 906 516 sicut
922 458 1039 532 ipse
1071 457 1151 514 ait
1184 475 1198 513 :
1224 455 1288 513 Si
1314 455 1589 512 crederetis
1616 454 1808 527 Moysi,
1837 456 2113 513 crederetis
2139 462 2191 523 Α
2217 458 2398 526 minis,
2427 458 2494 513 de
2538 474 2646 529 quo
2672 456 2966 529 Apostolus
3005 454 3139 512 dicit
3174 473 3189 511 :
3239 454 3413 512 Nemo
3438 457 3536 513 ,ἀι
3564 458 3699 530 quid
3730 472 3813 516 est

536 551 761 623 forsitan
788 556 839 607 et
866 550 1028 617 mihi;
1058 549 1148 604 ille
1192 548 1330 603 enim
1356 547 1422 602 de
1465 564 1548 602 me
1591 548 1798 619 scripsit
1844 547 2036 619 (Joan.
2059 564 2115 614 v,

533 642 661 718 46),
702 640 972 715 quomodo
1007 648 1184 712 potest
1231 637 1456 710 intelligi
1499 655 1531 694 a
1566 638 1803 710 quinque
1828 637 1935 694 illis
1964 637 2120 694 libris

537 738 795 794 recedere
841 734 1136 801 hominem,
1167 742 1228 789 ut
1266 730 1336 790 ad
1361 728 1636 790 Christum
1678 740 1952 799 transeat;
1995 747 2121 788 cum

535 827 626 885 ille
656 828 749 899 qui
778 825 952 884 credit
979 825 1035 880 in
1078 822 1377 891 Christum,
1411 839 1517 879 non
1556 823 1937 893 relinquendos
1964 822 2124 893 quin-

534 935 641 993 que
664 916 783 974 illos
810 916 1000 984 libros,
1044 916 1140 972 sed
1173 913 1487 987 spiritaliter
1529 914 1903 987 intelligendos
1952 915 2122 972 multo

534 1010 746 1068 beatius
773 1006 1163 1080 amplectatur?
1191 1021 1217 1049 ιι
1246 1006 1342 1064 Est
1362 1023 1491 1079 ergo
1521 1007 1662 1064 alius
1704 1008 2029 1075 intellectus,
2062 1018 2123 1063 ut

535 1103 771 1173 quinque
800 1100 901 1157 viri
935 1098 1307 1172 intelligantur
1350 1099 1590 1171 quinque
1616 1098 1862 1170 corporis
1899 1114 2119 1167 sensus;

535 1182 695 1263 unus,
717 1194 810 1267 qui
838 1192 906 1251 ad
944 1190 1129 1251 oculos
1150 1194 1402 1266 pertinet,
1434 1208 1541 1263 quo
1588 1191 1765 1249 lucem
1802 1193 1962 1248 istam
1992 1192 2124 1248 visi—

532 1288 714 1352 bilem,
734 1294 790 1343 et
804 1285 1073 1359 quoslibet
1096 1285 1325 1351 colores,
1356 1282 1663 1355 formasque
1689 1299 1977 1355 corporum
2005 1297 2123 1340 cer-

534 1378 742 1446 nimus;
769 1379 910 1435 alter
932 1381 1014 1434 est
1052 1379 1287 1443 aurium,
1330 1392 1438 1448 quo
1464 1392 1657 1432 vocum
1686 1385 1740 1430 et
1768 1374 2010 1431 omnium
2040 1391 2124 1430 so-

534 1482 729 1527 norum
796 1476 1066 1525 momenta
1117 1467 1417 1534 sentimus;
1475 1464 1672 1522 tertius
1716 1466 1967 1532 narium,
2016 1481 2124 1536 quo

535 1556 686 1614 varia
715 1556 943 1615 odorum
973 1559 1239 1615 suavitate
1281 1556 1649 1624 delectamur;
1678 1565 1905 1629 quartus
1944 1556 1999 1611 in
2029 1571 2124 1611 ore

537 1654 748 1721 gustus,
771 1647 947 1704 dulcia
986 1653 1042 1703 et
1066 1663 1250 1702 amara
1277 1646 1458 1713 sentit,
1502 1655 1557 1701 et
1592 1646 1832 1701 omnium
1870 1662 2124 1716 saporum

536 1738 700 1794 habet
730 1752 991 1805 examen;
1018 1739 1238 1809 quintus
1262 1753 1360 1809 per
1408 1744 1580 1793 totum
1614 1751 1812 1807 corpus
1858 1737 2124 1808 tangendo

2215 550 2273 606 in
2314 550 2543 615 homine,
2580 550 2681 604 nisi
2725 550 2941 621 spiritus
2987 548 3237 604 hominis.
3271 547 3410 605 Nam
3453 549 3542 607 ille
3566 548 3817 622 Spiritus

2218 650 2454 706 sanctus,
2485 639 2720 711 Spiritus
2748 640 2846 696 Dei
2873 649 2978 708 est,
3009 641 3075 697 de
3102 657 3213 712 quo
3259 642 3461 697 iterum
3511 643 3644 699 dicit
3676 660 3690 697 :
3722 642 3815 698 Sic

2218 743 2266 790 et
2291 752 2408 806 qua'
2443 734 2541 789 Dei
2589 744 2733 801 sunt,
2765 751 2916 790 nemo
2961 734 3060 789 scit
3081 772 3099 801 ,
3142 735 3245 789 nisi
3279 732 3511 805 Spiritus
3545 734 3664 790 Dei.
3712 734 3817 793 llic

2219 842 2349 898 ergo
2374 826 2595 898 spiritus
2612 827 2847 884 hominis
2867 843 2990 883 cum
3011 841 3251 898 praesens
3271 836 3376 894 est,
3407 828 3462 883 id
3488 836 3594 894 est,
3628 830 3817 885 inten-

2221 927 2309 975 tus
2354 927 2440 975 est
2490 927 2545 974 et
2585 934 2645 975 se
2690 920 2893 991 pietate
2930 919 3148 991 subjicit
3195 919 3326 984 Deo,
3355 919 3612 991 intelligit
3646 921 3820 978 homo

2220 1023 2341 1081 quas
2376 1010 2692 1081 spiritaliter
2725 1011 3011 1078 dicuntur;
3049 1025 3174 1067 cum
3198 1019 3378 1066 autem
3404 1012 3609 1068 diaboli
3635 1029 3816 1080 onor,

2220 1106 2480 1170 tanquam
2538 1102 2764 1157 absente
2817 1100 3094 1157 intellectu
3144 1101 3201 1157 in
3245 1102 3427 1158 anima
3480 1102 3813 1170 dominatur,

2222 1190 2431 1246 adulter
2459 1200 2561 1247 est.
2599 1190 2740 1247 Voca
2784 1210 2928 1265 ergo,
2953 1192 3144 1263 inquit,
3198 1193 3368 1247 virum
3390 1203 3574 1259 suum,
3604 1195 3662 1251 id
3710 1204 3816 1261 est,

2223 1281 2497 1353 spiritum,
2530 1282 2622 1352 qui
2652 1289 2735 1336 est
2766 1282 2821 1337 in
2858 1291 2929 1348 te,
2960 1298 3069 1352 quo
3094 1290 3275 1353 potest
3305 1283 3467 1340 homo
3512 1285 3818 1356 intelligere

2224 1370 2512 1445 spiritalia,
2540 1373 2586 1428 si
2618 1388 2742 1428 eum
2776 1372 2868 1427 lux
2911 1374 3158 1429 veritatis
3193 1372 3446 1430 illustret.
3500 1374 3624 1446 Ipse
3674 1376 3818 1431 adsit

2224 1481 2348 1521 cum
2370 1465 2558 1536 loquor
2574 1465 2691 1531 tibi,
2712 1472 2772 1519 ut
2792 1465 3094 1535 spiritalem
3116 1480 3313 1535 aquam
3342 1467 3522 1536 possis
3544 1466 3814 1536 accipere.

2224 1559 2291 1614 Et
2315 1575 2438 1616 cum
2459 1559 2550 1614 illa
2572 1560 2776 1615 diceret
2808 1580 2822 1613 ;
2855 1558 2979 1613 Non
3007 1560 3171 1615 habeo
3202 1561 3402 1625 virum;
3430 1559 3590 1626 Bene,
3616 1561 3814 1631 inquit,

2224 1651 2424 1707 dixisti.
2459 1651 2699 1724 Quinque
2725 1652 2860 1708 enim
2885 1654 3021 1707 viros
3061 1653 3309 1719 habuisti,
3353 1653 3411 1708 id
3439 1662 3535 1719 est,
3569 1656 3814 1725 quinque

2228 1757 2420 1799 sensus
2467 1743 2646 1798 carnis
2688 1751 2742 1798 te
2772 1743 2825 1797 in
2866 1744 3042 1815 prima
3070 1751 3229 1799 mtate
3259 1754 3537 1807 rexerunt,
3562 1754 3616 1800 et
3640 1761 3810 1813 nunc,

538 1828 798 1901 dijudicat
823 1830 998 1887 calida
1023 1836 1076 1886 et
1110 1829 1325 1903 frigida,
1358 1829 1541 1885 mollia
1580 1840 1637 1885 et
1675 1830 1842 1896 dura,
1874 1828 2016 1885 lenia
2066 1839 2120 1886 et
2148 1814 2199 1877 Β
2223 1851 2383 1906 quem
2435 1835 2632 1900 habes,
2678 1852 2785 1891 non
2838 1843 2921 1891 est
2969 1843 3096 1890 tuus
3147 1835 3231 1890 vir
3254 1876 3269 1903 ,
3318 1836 3445 1906 quia
3485 1851 3592 1891 non
3652 1836 3711 1891 in
3762 1846 3819 1893 te

539 1936 755 1991 aspera,
802 1931 857 1978 et
881 1924 1143 1994 quidquid
1170 1922 1315 1978 aliud
1341 1928 1423 1978 est
1448 1922 1592 1994 quod
1637 1923 1905 1994 tangendo
1953 1922 2122 1978 senti-

540 2028 681 2071 mus.
711 2014 834 2071 istis
861 2012 1042 2087 itaque
1062 2015 1372 2072 carnalibus
1401 2014 1648 2073 sensibus
1681 2018 1916 2089 quinque
1944 2018 2121 2089 prima

539 2106 774 2165 hominis
800 2117 932 2165 retas
958 2106 1232 2173 imbuitur,
1261 2107 1584 2166 necessitate
1611 2118 1817 2166 natura:
1854 2110 2120 2175 mortalis,

540 2212 647 2268 qua
670 2199 740 2253 ita
764 2206 886 2269 post
903 2206 1183 2269 peccatum
1215 2198 1375 2270 primi
1418 2198 1654 2278 hominis
1677 2201 1788 2256 nati
1830 2217 2036 2268 sumus,
2066 2210 2124 2256 ut

540 2290 778 2349 nondum
818 2291 1024 2347 reddita
1071 2288 1191 2349 luce
1241 2293 1474 2361 mentis,
1521 2295 1828 2352 carnalibus
1878 2298 2125 2353 sensibus

543 2384 761 2453 subditi,
792 2385 1064 2442 carnalem
1090 2386 1257 2442 vitam
1278 2386 1395 2442 sine
1422 2385 1531 2442 ulla
1559 2388 1805 2444 veritatis
1831 2388 2126 2461 intelligen-

540 2478 616 2532 tia
671 2485 1026 2533 transeamus.
1070 2474 1229 2534 Tales
1282 2494 1504 2535 necesse
1550 2488 1633 2536 est
1658 2496 1776 2536 esse
1808 2481 2042 2538 infantes
2071 2493 2127 2538 et

541 2568 793 2641 parvulos
818 2582 1033 2640 pueros,
1082 2571 1176 2641 qui
1205 2571 1444 2626 nondum
1480 2581 1707 2642 possunt
1749 2573 1995 2643 accipere
2036 2590 2123 2629 ra-

544 2659 763 2714 tionem.
791 2657 859 2714 Et
878 2660 1004 2732 quia
1036 2660 1305 2717 naturales
1333 2670 1459 2716 sunt
1478 2662 1587 2733 ~isti
1619 2677 1830 2730 sensus,
1876 2666 1970 2735 qui
2016 2667 2128 2736 pri-

542 2764 688 2804 mam
728 2758 942 2805 :etatem
990 2759 1216 2822 regunt,
1253 2760 1307 2807 et
1340 2749 1452 2807 Deo
1501 2753 1709 2809 artifice
1742 2754 1899 2809 nobis
1940 2756 2129 2811 tributi

543 2847 685 2905 sunt,
716 2849 861 2897 recte
885 2840 1137 2897 dicuntur
1164 2842 1297 2909 viri,
1326 2843 1379 2898 id
1425 2851 1508 2900 est
1554 2844 1773 2912 mariti,
1815 2845 1989 2917 502'
2015 2854 2131 2903 tan-

543 2946 708 3003 quam
728 2931 975 3003 legitimi,
1008 2932 1264 3003 quoniam
1290 2950 1399 2988 non
1418 2950 1513 2990 eos
1547 2951 1702 2991 error
1728 2935 1861 2993 vitio
1884 2940 2124 3010 proprio,

542 3021 637 3078 sed
666 3018 763 3078 Dei
800 3022 1030 3080 artificio
1050 3033 1242 3081 natura
1274 3025 1587 3083 contribuit.
1618 3026 1751 3084 Cum
1780 3039 1961 3085 autem
1983 3033 2131 3102 quis-

543 3128 649 3183 que
669 3114 878 3170 venerit
904 3114 971 3172 ad
993 3129 1114 3172 eam
1137 3124 1348 3173 aetatem
1378 3116 1465 3174 cui
1492 3119 1603 3173 vita
1624 3121 1796 3190 possit
1819 3137 1987 3192 capax
2008 3138 2127 3179 esse

543 3205 787 3272 rationis,
810 3208 855 3264 si
885 3206 1171 3265 veritatem
1199 3210 1380 3265 statim
1402 3212 1853 3287 comprehendere
1868 3215 2121 3284 potuerit,

544 3312 651 3353 non
673 3297 787 3368 jam
810 3298 915 3357 illis
941 3303 1188 3358 sensibus
1214 3303 1518 3360 rectoribus
1539 3306 1747 3373 utitur;
1780 3306 1875 3362 sed
1905 3308 2128 3365 habebit

542 3389 721 3444 virum
767 3391 1015 3462 spiritum
1044 3394 1387 3463 rationalem,
1436 3396 1523 3452 cui
1570 3411 1761 3453 sensus
1814 3397 1935 3454 illos
1967 3400 2023 3454 in
2052 3399 2130 3455 fa-

543 3480 808 3537 mulatum
834 3483 1060 3555 redigat,
1087 3487 1334 3542 servituti
1376 3485 1669 3557 subjiciens
1714 3505 1911 3560 corpus
1937 3507 2124 3559 suum;

545 3584 671 3628 cum
706 3570 886 3629 anima
913 3590 1018 3630 non
1048 3574 1163 3647 jam
1184 3576 1317 3634 viris
1357 3578 1615 3649 quinque,
1655 3581 1710 3636 id
1746 3589 1848 3647 est,
1891 3584 2130 3654 quinque

545 3665 788 3735 corporis
815 3664 1065 3724 sensibus
1107 3666 1320 3725 subdita
1348 3679 1450 3737 est,
1488 3672 1584 3728 sed
1625 3673 1863 3731 Verbum
1888 3676 2130 3733 divinum

545 3756 710 3814 habet
728 3756 1028 3830 legitimum
1060 3760 1259 3831 virum,
1289 3764 1377 3819 cui
1405 3765 1650 3835 copulata
1678 3767 1979 3835 inhaerens,
2003 3785 2130 3825 cum

546 3857 603 3904 et
629 3848 744 3920 ipse
772 3850 995 3921 spiritus
1022 3853 1258 3909 hominis
1286 3856 1507 3912 haeserit
1534 3855 1750 3914 Christo
1767 3900 1782 3926 ,
1814 3860 1940 3931 quia
1969 3868 2131 3932 caput

546 3940 652 3998 viri
676 3940 927 3999 Christus
953 3950 1038 4000 est
1066 3943 1117 4016 (I
1148 3940 1271 4000 Cor.
1316 3958 1394 4014 xi,
1413 3944 1492 4020 3),
1521 3948 1802 4020 amplexus
1840 3948 2127 4022 spiritalia,

547 4034 665 4092 sine
687 4034 799 4091 ullo
824 4036 1182 4107 separationis
1206 4036 1400 4095 timore
1434 4048 1636 4098 aeterna
1671 4042 1968 4114 perfruitur
1993 4045 2125 4102 vita.

547 4126 681 4195 Quis
706 4139 806 4186 nos
828 4130 972 4186 enim
1026 4144 1279 4202 separare
1296 4135 1533 4204 potuerit
1570 4150 1601 4190 a
1634 4136 1898 4194 charitate
1925 4134 2128 4197 Christi

548 4218 728 4293 (Rom.
758 4238 888 4289 nu,
931 4222 1061 4297 δεμ
1106 4222 1214 4281 Sed
1260 4226 1512 4296 quoniam
1568 4220 1661 4283 illa
1710 4228 1907 4287 mulier
1942 4247 2130 4290 errore

548 4314 853 4380 tenebatur,
878 4330 998 4385 qua:
1023 4315 1362 4388 significabat
1400 4318 1800 4378 multitudinem
1829 4323 2010 4380 saeculi
2036 4342 2131 4383 va-

549 4403 633 4458 nis
654 4406 1124 4474 superstitionibus
1149 4406 1415 4479 subjugati
1456 4409 1611 4485 [Hs.,
1641 4414 1939 4490 subjugari]
1958 4456 1977 4485 ,
2006 4427 2131 4489 post

548 4501 792 4563 tempora
840 4492 932 4551 illa
986 4499 1227 4571 quinque
1268 4501 1565 4558 carnalium
1617 4518 1893 4575 sensuum,
1935 4508 2133 4579 quibus

546 4584 723 4659 prima
765 4592 916 4654 aetas,
946 4597 1007 4643 nt
1036 4586 1289 4662 diximus,
1337 4595 1560 4667 regitur,
1591 4608 1701 4653 non
1744 4610 1865 4654 eam
1904 4603 2129 4657 verbum

552 4678 648 4734 Dei
676 4689 956 4750 acceperat
984 4680 1038 4738 in
1063 4683 1498 4759 coniugium,sed
1525 4692 1806 4764 complexu
1828 4692 2131 4754 adulterino

552 4770 799 4829 diabolus
821 4774 1117 4834 obtinebat.
1142 4774 1330 4852 itaque
1359 4776 1433 4839 illi
1460 4780 1722 4843 Dominus
1754 4786 1915 4856 dicit,
1945 4789 2133 4849 videns

549 4872 672 4920 eam
707 4876 827 4921 esse
856 4862 1148 4937 carnalem,
1197 4870 1252 4927 id
1286 4881 1387 4940 est,
1425 4875 1715 4933 carnaliter
1751 4893 1940 4949 sapere
1973 4899 1986 4934 :
2031 4879 2132 4938 Va-

550 4957 644 5024 de,
675 4972 800 5013 voca
818 4954 988 5014 virum
1009 4968 1175 5029 tuum,
1194 4972 1242 5019 et
1272 4968 1384 5021 veni
1415 4966 1533 5024 huc.
1559 4966 1615 5024 id
1632 4978 1733 5037 est,
1748 4985 1967 5028 remove
1994 4973 2133 5031 teab

551 5043 835 5135 adiectione
872 5048 1109 5119 carnali,
1139 5052 1194 5107 in
1219 5064 1324 5123 qua
1354 5071 1499 5113 nunc
1545 5061 1835 5117 constituta
1864 5076 1955 5129 es,
1996 5056 2138 5120 unde

552 5134 661 5196 non
710 5146 865 5212 potes
898 5138 1201 5218 intelligere
1248 5160 1367 5217 quae
1418 5150 1611 5221 loquor
1641 5172 1655 5207 :
1693 5148 1764 5208 Et
1805 5171 1932 5209 voca
1969 5155 2138 5212 virum

552 5240 722 5300 tuum,
760 5230 813 5290 id
849 5236 953 5303 est,
978 5237 1171 5308 spiritu
1212 5236 1578 5311 intelligentia
1600 5258 1838 5314 praesens
1877 5252 2012 5303 esto.
2040 5246 2138 5304 Est

553 5322 699 5379 enim
747 5325 940 5382 animae
974 5330 1129 5400 quasi
1185 5331 1414 5387 maritus
1464 5334 1861 5403 quodammodo
1912 5339 2136 5410 spiritus

553 5415 810 5487 hominis,
836 5421 931 5491 qui
965 5418 1251 5482 animalem
1303 5423 1642 5484 affectionem
1691 5438 1948 5501 tanquam
2001 5448 2134 5488 con-

548 5506 733 5583 iugem
763 5514 903 5587 regit
939 5533 952 5571 :
989 5532 1098 5574 non
1128 5517 1216 5575 ille
1242 5516 1475 5591 Spiritus
1504 5531 1744 5589 sanctus,
1769 5525 1861 5596 qui
1890 5542 2013 5582 cum
2034 5524 2138 5582 Pa-

553 5608 639 5661 tre
666 5611 723 5662 et
749 5600 888 5665 Filio
913 5608 1424 5673 inoommutabiiiter
1453 5615 1643 5687 datur,“
1664 5617 1759 5675 sed
1786 5618 2008 5691 spiritus
2035 5618 2137 5676 ho~

630 5791 659 5824 ι
685 5781 821 5845 Vide
849 5796 1097 5849 sanctum
1127 5790 1510 5866 Augustinum,
1548 5792 1730 5852 Tract.
1760 5807 1852 5865 xv,
1876 5810 2025 5853 num.
2045 5795 2137 5855 21.

2162 4562 2209 4619 D

2224 1933 2307 1980 est
2330 1924 2569 1994 Spiritus,
2601 1924 2693 1993 qui
2722 1924 2983 1994 intelligat
3008 1924 3198 1989 Deum,
3219 1940 3344 1980 cum
3376 1939 3482 1994 quo
3512 1924 3817 1995 legitimum

2220 2024 2375 2087 potes
2404 2017 2604 2072 habere
2651 2016 2990 2087 conjugium;
3044 2016 3137 2072 sed
3189 2032 3345 2071 error
3383 2017 3584 2073 diaboli
3640 2019 3817 2089 potius

2223 2108 2553 2177 dominatur,
2587 2109 2679 2179 qui
2730 2116 2780 2164 te
2838 2109 3653 2165 adulterina-contaminatione
3705 2126 3817 2166 cor-

2224 2202 2445 2272 rumpit.
2474 2200 2541 2255 Et
2568 2199 2799 2256 fortasse
2826 2208 2885 2254 ut
2914 2200 3337 2272 iutelligentibus
3366 2200 3642 2256 indicaret
3669 2202 3819 2271 quin~

2225 2306 2330 2362 que
2377 2300 2706 2347 memoratos
2753 2292 2996 2371 corporis
3057 2306 3246 2348 sensus
3290 2292 3531 2362 quinque
3577 2294 3818 2348 virorum

2226 2384 2443 2440 nomine
2470 2382 2782 2455 signiﬁcari,
2823 2391 2946 2455 post
2967 2383 3206 2454 quinque
3240 2383 3490 2439 carnales
3512 2385 3819 2455 responsio-

2227 2491 2323 2531 nes
2345 2475 2445 2529 ista
2470 2474 2664 2530 mulier
2680 2482 2831 2529 sexta
2849 2474 3194 2547 responsione
3223 2476 3471 2531 nominat
3496 2475 3819 2546 Christum;

2226 2580 2351 2621 nam
2390 2565 2561 2637 prima
2588 2564 2704 2636 ejus
2730 2566 3010 2637 responsio
3035 2574 3118 2622 est
3152 2585 3166 2621 :
3200 2564 3277 2622 Tu
3305 2586 3425 2623 cum
3460 2570 3535 2625 sis
3568 2569 3819 2636 ludam,

2225 2658 2484 2730 quomodo
2507 2676 2537 2713 a
2558 2676 2638 2712 me
2664 2658 2834 2713 bibere
2853 2658 3024 2730 petis?
3044 2656 3296 2715 Secunda
3326 2674 3341 2715 :
3383 2658 3633 2728 Domine,
3664 2678 3822 2733 neque

2227 2754 2283 2807 in
2323 2768 2424 2823 quo
2461 2752 2701 2817 haurias,
2748 2752 2924 2819 habes,
2957 2761 3005 2806 et
3048 2762 3233 2824 puteus
3278 2751 3416 2808 altus
3444 2763 3540 2809 est.
3595 2752 3819 2809 Tertia:

2227 2844 2473 2910 Domine,
2498 2841 2566 2897 da
2596 2844 2724 2896 mihi
2756 2843 2891 2897 hanc
2914 2861 3125 2914 aquam,
3155 2854 3211 2898 ut
3242 2861 3403 2915 neque
3430 2844 3633 2909 sitiant,
3668 2862 3823 2916 neque

2228 2933 2430 2988 veniam
2446 2934 2547 2987 huc
2563 2933 2796 2988 haurire.
2812 2931 3013 3001 Quarta
3032 2950 3046 2989 :
3065 2934 3188 2990 Non
3201 2935 3364 2989 habeo
3378 2935 3571 2990 virum.
3590 2935 3820 3005 Quinta:

2242 3021 2403 3077 Video
2432 3024 2558 3095 quia
2578 3023 2833 3095 propheta
2864 3041 2917 3080 es
2944 3035 3018 3090 tu,
3052 3036 3225 3097 patres
3257 3026 3422 3083 nostri
3442 3027 3501 3082 in
3524 3039 3706 3083 monte
3732 3029 3825 3083 hoc

2231 3116 2601 3170 adoraverunt.
2632 3113 2769 3170 Nam
2800 3114 2905 3171 ista
2931 3121 3211 3187 responsio
3234 3120 3467 3175 carnalis
3486 3128 3607 3186 est;
3637 3136 3826 3176 carna-

2231 3204 2371 3260 libus
2392 3205 2537 3260 enim
2563 3205 2721 3261 datus
2750 3203 2929 3261 fuerat
2953 3206 3103 3263 locus
3131 3214 3402 3275 terrenus,
3431 3208 3524 3264 ubi
3553 3218 3819 3266 orarent:

2229 3296 2501 3367 Spit-italos
2526 3306 2707 3352 autem
2731 3297 2924 3367 spiritu
2945 3305 3000 3354 et
3024 3297 3254 3355 veritate
3282 3308 3532 3356 oraturos
3561 3301 3825 3359 Dominus

2229 3384 2473 3452 dixerat;
2498 3388 2626 3456 quia
2653 3397 3008 3459 posteaquam
3032 3389 3243 3445 locutus
3270 3396 3371 3456 est,
3400 3398 3553 3446 sexta
3585 3391 3826 3449 mulieris

2227 3477 2510 3548 responsio
2547 3475 2826 3534 Christum
2879 3478 3080 3535 fatetur
3124 3481 3372 3537 omnium
3422 3482 3656 3538 istorum
3701 3497 3825 3541 esse

2229 3566 2527 3622 doctorem.
2561 3565 2703 3623 Dicit
2725 3568 2870 3624 enim
2905 3588 2918 3623 :
2965 3564 3109 3637 Scio,
3138 3573 3265 3643 quia
3295 3570 3520 3627 Messias
3550 3574 3706 3639 venit,
3735 3575 3827 3645 qui

2228 3654 2425 3709 dicitur
2453 3653 2716 3712 Christus.
2748 3655 2880 3713 Cum
2905 3674 3027 3731 ergo
3055 3661 3271 3728 venerit,
3303 3662 3413 3734 ipse
3444 3662 3593 3718 nobis
3625 3678 3827 3720 annun-

2228 3744 2377 3800 tiabit
2403 3746 2602 3801 omnia.
2628 3746 2737 3804 Sed
2767 3748 2944 3805 adhuc
2974 3760 3143 3819 errat,
3176 3750 3305 3822 quia
3332 3766 3454 3809 eum
3504 3766 3668 3823 quem
3692 3768 3825 3810 ven-

2229 3843 2413 3891 turum
2456 3849 2659 3908 sperat,
2688 3838 2903 3897 venisse
2928 3856 3040 3898 non
3085 3841 3274 3910 videt;
3312 3852 3694 3902 verumtamen
3722 3847 3827 3902 mi-

2228 3926 2527 3984 sericordia
2558 3930 2773 3986 Domini
2801 3942 2948 3987 nunc
2993 3944 3150 3987 error
3175 3933 3280 3990 iste
3315 3940 3577 4005 tanquam
3606 3932 3823 3992 adulter

2230 4019 2539 4091 expellitur.
2563 4018 2708 4079 Dicit
2745 4021 2891 4078 enim
2922 4021 3021 4097 [ei]
3043 4020 3241 4080 iesus:

2300 4131 2416 4205 Ego
2443 4151 2593 4201 sum,
2634 4135 2726 4207 qui
2758 4143 2927 4190 tecum
2955 4134 3159 4207 loquor.
3190 4133 3308 4203 Quo
3345 4137 3552 4205 audito,
3599 4136 3689 4195 illa
3714 4156 3823 4197 non

2229 4223 2539 4296 respondit;
2568 4226 2662 4281 sed
2685 4226 2866 4281 statim
2894 4215 3081 4281 relicta
3117 4225 3310 4299 hydria
3337 4243 3454 4294 sua,
3486 4228 3623 4284 abiit
3646 4228 3698 4284 in
3742 4230 3823 4286 ci-

2228 4316 2454 4372 vitatem
2489 4314 2773 4383 festinans,
2828 4322 2889 4371 ut
2921 4316 3261 4388 evangelium
3290 4324 3345 4374 et
3374 4312 3590 4375 Domini
3621 4320 3825 4376 adven-

2229 4415 2345 4461 tum
2376 4423 2483 4462 non
2505 4414 2714 4462 tantum
2735 4406 3000 4473 crederet,
3032 4407 3126 4462 sed
3156 4407 3321 4462 etiam
3346 4407 3687 4479 praedicaret.
3714 4408 3825 4465 Nec

2232 4499 2354 4566 hoc,
2378 4499 2523 4571 quod
2564 4499 2754 4555 relicta
2779 4498 2972 4571 hydria
3003 4498 3272 4567 discessit,
3306 4496 3650 4571 negligenter
3688 4514 3828 4572 prte—

2232 4592 2553 4645 tereundum
2576 4601 2691 4658 est;
2727 4590 2921 4663 hydria
2950 4591 3094 4648 enim
3116 4590 3348 4649 fortasse
3370 4608 3613 4649 amorem
3645 4593 3826 4650 saeculi

2233 4680 2394 4754 hujus
2421 4683 2715 4755 significat,
2748 4680 2804 4739 id
2853 4692 2937 4740 est
2992 4683 3366 4755 cupiditatem,
3398 4698 3505 4756 qua
3524 4684 3631 4741 sibi
3652 4685 3828 4742 homi-

2234 4795 2330 4835 nes
2354 4778 2421 4834 de
2453 4779 2742 4835 tenebrosa
2780 4772 3169 4850 profunditate,
3204 4776 3355 4848 cujus
3386 4777 3683 4848 imaginem
3720 4792 3824 4850 pu-

2235 4879 2355 4925 teus
2378 4870 2533 4942 gerit,
2586 4869 2690 4926 hoc
2724 4877 2829 4937 est,
2878 4869 2947 4927 de
2986 4878 3206 4927 terrena
3246 4870 3662 4927 conversatione
3694 4871 3830 4927 hau-

2236 4963 2384 5017 riunt
2405 4961 2767 5032 voluptatem;
2793 4977 2899 5034 qua
2927 4969 3184 5035 percepta
3206 4962 3403 5018 iterum
3438 4958 3496 5017 in
3523 4961 3645 5033 eius
3672 4976 3831 5033 appe-

2238 5053 2342 5109 titu
2383 5052 2749 5121 inardescunt,
2779 5054 2922 5110 sicut
2972 5053 3040 5111 de
3069 5069 3209 5127 aqua
3240 5050 3331 5111 illa
3375 5053 3468 5125 qui
3495 5054 3721 5122 biberit,
3755 5055 3830 5111 si-

2236 5145 2336 5201 tiet
2384 5144 2599 5200 iterum.
2653 5144 2950 5217 Oportebat
2997 5152 3179 5202 autem
3227 5152 3289 5202 ut
3334 5140 3553 5202 Christo
3597 5144 3828 5203 credens

2238 5239 2434 5297 saeculo
2489 5240 2867 5307 renuntiaret,
2918 5248 2974 5297 et
3021 5240 3211 5297 relicta
3268 5240 3459 5312 hydria
3480 5280 3495 5307 ,
3554 5240 3798 5311 cupidita

2236 5342 2347 5391 tem
2373 5332 2687 5391 saecularem
2722 5348 2781 5391 se
2815 5332 3100 5404 reliquisse
3127 5328 3285 5404 503
3331 5339 3684 5399 monstraret,
3718 5346 3828 5388 non

2237 5428 2410 5485 solum
2455 5427 2618 5485 corde
2660 5426 2889 5483 credens
2939 5426 3007 5483 ad
3053 5418 3326 5495 justitiam
3351 5467 3365 5493 ,
3408 5424 3505 5483 sed
3545 5427 3715 5484 etiam
3756 5422 3828 5480 ad

2239 5520 2467 5578 salutem
2515 5535 2612 5578 ore
2658 5518 2973 5579 confessum
3009 5527 3065 5578 et
3108 5518 3469 5580 (medicatum
3515 5519 3660 5577 auod
3705 5530 3826 5578 cre-

2239 5612 2395 5671 didit.
