4088 6340
570 383 677 445 799

1437 375 1496 431 B.
1537 373 1601 430 F.
1631 369 1867 429 -ALBINI
1905 369 2040 428 SEU
2078 365 2356 426 ALCUlNl
2395 362 2680 424 OPERUM
2717 361 2900 424 PARS
2935 361 3000 420 Π.

568 493 773 570 Hydria
795 504 894 550 vas
917 497 1058 559 erat,
1091 487 1235 546 unde
1268 501 1407 558 aqua
1434 486 1812 552 hauriebatur;
1842 484 2032 541 Graeco
2061 499 2158 539 no-
2185 483 2236 546 Δ
2259 481 2491 548 Christi;
2533 491 2588 537 et
2613 482 2734 537 ideo
2782 480 3160 537 seminatores.
3193 477 3406 554 Moyses
3431 488 3486 538 et
3522 481 3712 540 caeteri
3754 500 3860 557 pa-

569 594 716 650 mine
741 589 1044 662 appellatur
1062 584 1273 658 hydria,
1304 583 1560 654 quoniam
1587 579 1794 648 Graece,
1823 595 1984 651 aqua,
2017 579 2156 656 ὕδωρ

571 685 790 749 dicitur,
839 690 1096 750 tanquam
1155 677 1199 730 si
1243 675 1527 744 aquarium
1559 674 1874 728 diceretur.
1927 670 2162 741 Projecit

570 789 698 843 ergo
744 771 1008 843 hydriam,
1043 783 1163 837 quae
1212 782 1318 820 non
1361 765 1475 836 jam
1518 764 1660 828 usui,
1694 766 1789 818 sed
1837 762 1989 818 oneri
2038 761 2158 827 fuit,

571 866 727 920 avida
761 863 957 933 quippe
986 855 1331 914 desiderabat
1371 871 1508 926 aqua
1551 855 1639 910 illa
1685 855 1894 909 satiari.
1927 853 1997 909 Ut
2026 870 2162 908 nun—

571 959 732 1012 tiarct
760 954 1057 1013 Christum,
1089 964 1256 1004 onere
1306 946 1519 1016 abjecto
1565 947 1809 1002 cucurrit
1863 945 1926 998 ad
1973 945 2165 999 civita-

573 1059 703 1113 tem,
747 1055 802 1101 et
830 1044 964 1099 dicit
993 1043 1098 1098 illis
1127 1041 1436 1096 hominibus
1466 1058 1480 1094 :
1514 1039 1699 1111 (Vens.
1744 1039 1835 1107 29)
1878 1037 2078 1102 Venite,
2115 1049 2164 1092 et

569 1141 734 1195 videte
790 1139 1072 1200 hominem,
1125 1136 1214 1207 qui
1255 1134 1390 1187 dixit
1435 1132 1563 1186 mihi
1619 1132 1792 1186 omnia
1843 1148 2166 1202 qutrcunque

570 1231 688 1301 feci.
717 1227 955 1296 Projecit
996 1226 1274 1297 hydriam,
1304 1232 1358 1278 et
1386 1223 1542 1288 abiit,
1585 1231 1640 1277 et
1665 1221 1934 1276 nuntiavit
1959 1221 2164 1274 civitati

568 1322 923 1393 pedetentim,
950 1335 1019 1373 ne
1051 1317 1125 1372 illi
1172 1318 1324 1387 quasi
1351 1314 1464 1384 jam
1498 1316 1883 1377 irascerentur,
1930 1321 1985 1368 et
2031 1313 2167 1367 indi-

567 1425 885 1488 gnarentur,
932 1424 987 1470 et
1013 1421 1490 1485 persequerentur.
1524 1410 1615 1464 Ait
1653 1411 1798 1464 enim
1841 1425 1859 1462 :
1899 1407 2074 1461 Venite
2118 1415 2168 1461 et

566 1509 731 1564 videte
777 1509 1058 1572 hominem,
1121 1506 1210 1577 qui
1262 1506 1395 1559 dixit
1448 1504 1576 1558 mihi
1627 1502 1803 1556 omnia
1849 1516 2167 1572 quaecunque

569 1599 672 1672 feci
699 1618 717 1655 :
743 1599 980 1670 nunquid
1010 1600 1118 1670 ipse
1153 1608 1227 1651 est
1260 1596 1546 1652 Christus?

640 1694 802 1749 Vens.
830 1691 920 1756 50,
963 1694 1052 1747 55.
1081 1724 1151 1733 —-
1180 1693 1439 1746 Exierunt
1466 1691 1531 1746 de
1557 1692 1783 1756 civitate,
1823 1699 1870 1744 et
1901 1689 2169 1745 veniebant

567 1783 636 1837 ad
663 1800 804 1848 eum,
836 1793 884 1836 et
922 1783 1174 1853 rogabant
1221 1800 1338 1837 eum
1366 1781 1612 1852 discipuli
1657 1781 1927 1836 dicentes:
1975 1780 2166 1847 Rabbi,

2265 577 2539 641 triarchae,
2562 585 2619 631 et
2636 590 2827 631 omnes
2863 574 3163 646 prophetas,
3190 581 3395 644 quanta
3419 575 3766 647 pertulerunt
3805 577 3864 635 in

2263 667 2354 722 illo
2395 667 2593 739 frigore
2622 665 2838 738 quando
2867 655 3240 721 seminabant?
3264 665 3410 737 Ergo
3435 666 3549 738 jam
3577 667 3634 722 in
3675 665 3864 725 ludas

2264 759 2454 814 messis
2483 766 2668 830 parata
2702 765 2837 812 erat.
2885 755 3078 811 Merito
3109 756 3180 810 ibi
3220 766 3480 827 tanquam
3529 767 3749 814 matura
3780 775 3864 816 se-

2265 864 2357 920 ges
2387 847 2506 912 fuit,
2544 849 2760 918 quando
2807 855 2886 902 tot
2927 845 3096 900 millia
3139 846 3418 902 hominum
3468 849 3646 918 pretia
3677 864 3864 904 rerum

2265 955 2484 994 suarum
2511 939 2833 1004 atl'erehant;
2875 948 2930 994 et
2959 939 3025 992 ad
3061 939 3224 1009 pedes
3262 941 3634 1010 apostolorum
3657 958 3865 1012 poneno

2268 1037 2366 1093 tes,
2397 1030 2662 1100 expeditis
2692 1029 2935 1083 humeris
2965 1044 2996 1082 a
3033 1028 3261 1084 sarcinis
3293 1030 3668 1095 saecularibus,
3705 1031 3866 1088 Chri-

2267 1129 2409 1174 stum
2463 1119 2746 1173 Dominum
2801 1119 3170 1188 sequebantur
3221 1118 3361 1191 (Act.
3417 1136 3492 1186 Iv,
3549 1121 3668 1192 55).
3727 1123 3864 1178 Vere

2267 1218 2479 1264 matura
2501 1209 2720 1264 messis!
2747 1207 2884 1274 Quid
2904 1209 3028 1263 inde
3050 1207 3250 1264 factum
3281 1210 3401 1264 est?
3432 1211 3509 1265 De
3537 1212 3656 1281 ipsa
3685 1227 3865 1267 messe

2267 1301 2437 1372 ejecta
2479 1310 2606 1356 sunt
2656 1316 2829 1371 pauca
2878 1316 3066 1371 grana,
3117 1308 3172 1354 et
3217 1301 3626 1357 seminaverunt
3675 1304 3864 1360 orbem

2270 1403 2562 1460 terrarum,
2593 1403 2647 1448 et
2685 1395 2857 1464 surgit
2887 1394 2991 1448 alia
3025 1394 3218 1448 messis
3263 1410 3385 1464 qua:
3417 1395 3474 1448 in
3526 1394 3633 1450 line
3680 1393 3864 1455 saeculi

2269 1489 2516 1543 metenda
2547 1495 2651 1542 est.
2701 1487 2777 1540 De
2814 1485 2929 1556 ipsa
2979 1485 3168 1557 [Ang.,
3219 1484 3346 1558 ista]
3401 1501 3579 1541 messe
3620 1487 3865 1542 dicitura

2271 1583 2375 1648 Qui
2401 1583 2658 1636 seminant
2708 1583 2764 1635 in
2809 1579 3078 1650 lacrymis,
3127 1580 3183 1633 in
3231 1578 3428 1650 gaudio
3468 1589 3651 1634 metent
3675 1576 3861 1650 (Psal.

2269 1689 2432 1736 cxxv,
2462 1673 2541 1744 5).
2570 1673 2651 1726 Ad
2682 1672 2843 1727 istam
2885 1685 3015 1741 ergo
3053 1683 3286 1724 messem
3330 1685 3440 1724 non
3488 1668 3717 1739 apostoli,
3755 1668 3861 1725 sed

2270 1765 2444 1837 angeli
2476 1765 2768 1820 mittuntur
2804 1761 2960 1835 [Ms.,
2990 1759 3318 1833 mittentur].
3350 1759 3625 1825 Messores,
3655 1761 3860 1830 inquit,

568 1875 849 1928 manduca.
897 1873 1080 1928 lerant
1136 1875 1280 1928 enim
1323 1890 1506 1929 emere
1566 1873 1738 1938 cibos,
1785 1882 1841 1928 et
1885 1881 2165 1927 venerant.

2273 1859 2444 1929 angeli
2478 1868 2598 1912 sunt
2643 1855 2858 1930 (Matth.
2892 1871 3024 1921 χιιι,
3055 1854 3170 1928 59).
3208 1854 3314 1909 Ista
3361 1869 3495 1925 ergo
3519 1855 3709 1909 messis
3742 1869 3864 1909 cre-

569 1965 671 2019 Ille
701 1976 875 2019 autem
894 1966 1068 2020 dixit:
1099 1967 1214 2036 Ego
1246 1966 1418 2020 cibum
1446 1965 1610 2020 habeo
1648 1965 1991 2031 manducare,
2015 1983 2167 2036 quem

566 2072 656 2110 vos
681 2057 909 2110 nescitis.
938 2057 1190 2111 Dicebant
1220 2076 1340 2129 ergo
1370 2056 1616 2128 discipuli
1638 2057 1706 2110 ad
1728 2059 1981 2112 invicem:
2013 2056 2067 2111 Ν
2073 2076 2170 2112 un-

567 2149 694 2222 quid
721 2150 912 2221 aliquis
953 2150 1129 2204 attulit
1159 2151 1207 2204 ei
1258 2149 1621 2205 manducare?
1674 2149 1814 2217 Quid
1868 2152 2068 2205 mirum
2123 2151 2168 2205 si

568 2241 764 2296 mulier
789 2242 878 2296 illa
910 2257 1017 2296 non
1046 2242 1308 2311 intelligat
1333 2241 1568 2312 aquam?
1589 2241 1730 2296 Ecce
1759 2241 2008 2312 discipuli
2037 2257 2170 2296 non-

567 2334 696 2388 dum
722 2334 1025 2405 intelligunt
1065 2350 1267 2389 escam.
1319 2335 1541 2388 Audivit
1581 2345 1763 2389 autem
1813 2336 2170 2406 cogitationes

569 2426 805 2495 illorum,
835 2438 890 2484 et
908 2428 1022 2498 jam
1051 2429 1288 2495 instruit,
1314 2437 1372 2483 ut
1401 2429 1684 2499 magister,
1712 2444 1817 2483 non
1847 2444 1946 2499 per
1973 2429 2171 2484 circui-

573 2529 709 2588 tum,
758 2524 898 2578 sicut
942 2522 1030 2576 illa
1059 2521 1212 2591 cujus
1258 2523 1437 2576 adhuc
1462 2522 1641 2576 virum
1691 2521 2028 2590 requirebat,
2075 2519 2170 2576 sed

565 2613 678 2687 jam
729 2625 916 2686 aperte
960 2615 1092 2669 dicit
1129 2616 1208 2670 eis
1244 2613 1400 2670 Jesus
1434 2634 1446 2669 :
1481 2615 1668 2687 (Vnns.
1705 2614 1821 2687 54.)
1868 2614 2038 2679 Meus,
2082 2616 2168 2670 in-

568 2707 706 2776 quit,
751 2707 895 2761 cibus
925 2716 1020 2771 est,
1053 2716 1109 2759 ut
1152 2707 1346 2776 faciam
1401 2705 1721 2761 voluntatem
1766 2706 1906 2776 ejus,
1953 2707 2041 2775 qui
2089 2721 2170 2759 me

568 2799 729 2852 misit.
760 2800 902 2870 Ergo
931 2809 986 2854 et
1011 2808 1171 2870 potus
1199 2799 1286 2854 ille
1314 2799 1464 2871 [.lls.,
1515 2798 1652 2871 ipse]
1698 2806 1818 2853 erat
1849 2799 1901 2852 in
1941 2797 2029 2851 illa
2057 2812 2172 2851 mu-

569 2887 726 2954 liere,
777 2897 840 2943 ut
892 2887 1102 2944 faceret
1149 2889 1483 2944 voluntatem
1534 2888 1650 2958 ejus
1684 2891 1776 2960 qui
1828 2905 1953 2945 eum
2001 2890 2166 2944 misit.

568 2977 694 3032 ldeo
715 2978 932 3033 dicebat
964 2997 977 3032 :
1003 2976 1160 3045 Sitio,
1183 2979 1253 3033 da
1280 2979 1406 3032 mihi
1432 2979 1602 3034 bibere
1629 2996 1648 3034 :
1678 2979 1907 3046 scilicet,
1928 2989 1986 3033 ut
2007 2978 2168 3034 ﬁdem

569 3071 624 3125 in
649 3085 714 3124 ea
741 3080 1085 3140 Operaretur,
1128 3078 1184 3125 et
1232 3069 1393 3124 ﬁdem
1437 3069 1556 3140 ejus
1591 3071 1826 3136 biberet,
1862 3079 1917 3125 et
1956 3086 2078 3126 eam
2114 3069 2166 3124 in

568 3177 767 3234 corpus
792 3180 948 3219 suum
979 3163 1258 3234 trajiceret
1289 3181 1303 3218 :
1331 3179 1531 3235 corpus
1550 3165 1696 3220 enim
1723 3165 1842 3236 ejus
1869 3174 1952 3220 est
1980 3164 2167 3220 Eccle-

569 3253 672 3308 sia.
711 3252 897 3324 (Vsns.
923 3255 1038 3323 55.)
1070 3255 1235 3327 Ergo,
1274 3256 1468 3326 inquit,
1497 3257 1605 3330 ipse
1625 3266 1700 3311 est
1739 3257 1885 3312 cibus
1917 3274 2085 3324 meus,
2110 3266 2166 3311 ut

573 3341 768 3412 faciam
798 3344 1112 3400 voluntatem
1140 3347 1254 3416 ejus
1299 3348 1389 3418 qui
1429 3365 1508 3402 me
1536 3349 1696 3403 misit.
1744 3348 1934 3404 Nonne
1955 3367 2042 3404 vos
2087 3351 2170 3404 di-

569 3433 708 3498 citis,
750 3435 889 3505 quod
921 3437 1093 3490 adhuc
1119 3449 1348 3508 quatuor
1385 3457 1584 3495 menses
1613 3450 1756 3507 sunt,
1785 3452 1832 3496 et
1859 3445 2038 3498 messis
2063 3443 2169 3515 [ve-

571 3523 720 3596 nit]?
762 3525 819 3579 ln
846 3539 981 3596 opus
1027 3526 1292 3594 fervebat,
1337 3539 1392 3584 et
1421 3532 1702 3600 operarios
1737 3533 1953 3588 mittere
1987 3535 2170 3606 dispo-

571 3616 754 3670 nebat.
791 3617 901 3672 Vos
929 3627 1162 3688 quatuor
1201 3635 1417 3676 menses
1455 3624 1781 3692 computatis
1819 3625 1886 3679 ad
1912 3641 2166 3694 messem,

569 3722 671 3778 ego
695 3708 850 3763 vobis
873 3709 1037 3764 aliam
1070 3726 1304 3767 messem
1333 3713 1516 3768 albam
1552 3723 1609 3768 et
1635 3723 1885 3785 paratam
1911 3719 2162 3774 ostendo.

572 3799 710 3854 Ecce
729 3801 849 3856 dico
889 3802 1052 3869 vobis,
1084 3803 1246 3859 levate
1279 3804 1457 3861 oculos
1503 3817 1720 3874 vestros,
1751 3817 1799 3862 et
1833 3809 1996 3864 videte
2044 3811 2170 3882 quia

563 3891 682 3964 jam
724 3892 858 3948 albae
903 3905 1023 3950 sunt
1054 3897 1289 3968 regiones
1317 3898 1388 3952 ad
1431 3917 1668 3954 messem.
1723 3901 1865 3973 Ergo
1899 3919 2170 3960 messores

570 3985 834 4044 missurus
872 3997 958 4044 est
989 3986 1140 4060 [Μὴ
1178 3989 1358 4064 sum]?
1406 3990 1475 4046 In
1515 3993 1613 4047 hoc
1656 3995 1792 4048 enim
1828 4003 1902 4048 est
1958 3997 2169 4052 verbum

569 4095 769 4146 verum,
795 4083 919 4152 quia
945 4081 1086 4137 alius
1111 4091 1188 4138 est
1228 4085 1317 4156 qui
1355 4087 1522 4150 metit,
1544 4096 1593 4140 et
1637 4086 1774 4141 alius
1804 4089 1893 4159 qui
1921 4091 2165 4158 seminat,

570 4181 628 4227 ut
651 4181 700 4228 et
726 4175 816 4244 qui
837 4176 1079 4238 seminat,
1111 4176 1270 4230 simul
1292 4176 1517 4248 gaudeat
1547 4188 1594 4232 et
1621 4180 1711 4250 qui
1749 4181 1916 4234 metit.

642 4265 806 4321 Vens.
824 4268 913 4322 58.
926 4267 1122 4338 -—Ego
1144 4269 1265 4323 misi
1278 4286 1363 4323 vos
1381 4280 1572 4325 metere
1589 4270 1727 4341 quod
1742 4288 1828 4326 vos
1845 4271 2170 4345 nonllaoora-

571 4358 688 4412 stis.
727 4357 832 4412 Alii
857 4359 1246 4424 laboraverunt,
1274 4370 1322 4414 et
1343 4378 1429 4415 vos
1444 4363 1500 4415 in
1527 4379 1707 4416 eorum
1728 4363 1959 4418 laborem
1980 4367 2170 4420 introi-

569 4451 684 4504 stis.
713 4448 853 4515 Quid
880 4450 1498 4520 ergo?Messoresmisit,
1522 4468 1626 4507 non
1641 4454 2015 4510 seminatores.
2049 4457 2167 4524 Quo

571 4540 880 4594 messores?
904 4541 994 4594 ubi
1016 4539 1130 4608 jam
1154 4541 1243 4595 alii
1260 4541 1661 4598 laboraverunt.
1695 4544 1831 4598 Nam
1849 4548 1936 4600 ubi
1963 4545 2074 4615 jam
2089 4548 2165 4602 la-

2273 1951 2372 2007 scit
2411 1951 2550 2005 inter
2580 1950 2810 2014 zizania,
2852 1956 2908 2002 et
2949 1954 3231 2018 exspectat
3256 1947 3309 2001 in
3359 1945 3466 2002 ﬁde
3491 1947 3730 2019 purgari.
3775 1946 3862 2004 Illa

2271 2058 2399 2113 ergo
2421 2042 2614 2096 messis
2647 2040 2758 2110 jam
2792 2048 3006 2095 matura
3036 2047 3176 2103 erat,
3221 2053 3326 2108 quo
3371 2037 3524 2108 prius
3561 2038 3711 2092 missi
3740 2044 3862 2091 sunt

2271 2131 2535 2203 discipuli,
2591 2131 2684 2185 ubi
2717 2129 2993 2200 prophetae
3055 2128 3460 2182 laboraverunt.
3502 2125 3611 2182 Sed
3665 2135 3860 2193 tamen,

2271 2223 2486 2284 fratres,
2517 2222 2698 2278 videte
2746 2220 2876 2291 quid
2911 2219 3115 2274 dictum
3160 2219 3266 2274 sit:
3318 2216 3492 2272 Simul
3545 2217 3772 2288 gaudeat
3816 2224 3860 2270 et

2270 2315 2360 2386 qui
2385 2314 2629 2379 seminat,
2669 2322 2716 2366 et
2747 2313 2836 2384 qui
2873 2311 3060 2365 metit?
3090 2310 3332 2380 Disparis
3360 2310 3624 2379 temporis
3661 2309 3861 2364 labores

2273 2407 2599 2471 habuerunt,
2642 2404 2736 2460 sed
2762 2403 2960 2474 gaudio
3001 2403 3209 2474 pariter
3255 2401 3632 2472 perfruentur,
3664 2417 3860 2458 meroe-

2272 2497 2392 2552 dem
2421 2495 2581 2550 simul
2613 2494 2890 2566 accepturi
2928 2504 3054 2548 sunt
3094 2494 3261 2548 vitam
3293 2502 3580 2548 :eternam.

2344 2587 2505 2642 Vens.
2540 2585 2731 2641 59-42.
2779 2616 2848 2625 —
2888 2584 2974 2638 Ex
3003 2585 3209 2638 civitate
3233 2594 3408 2638 autem
3441 2583 3537 2638 illa
3565 2584 3722 2638 mults
3761 2601 3859 2640 crs-

2271 2680 2518 2734 diderunt
2548 2681 2602 2733 in
2630 2695 2770 2744 eum,
2806 2686 3014 2750 propter
3040 2693 3328 2731 sermonem
3353 2676 3468 2747 ejus
3487 2717 3502 2742 ,
3530 2694 3636 2732 non
3663 2687 3861 2749 propter

2273 2773 2483 2828 verbum
2514 2771 2752 2826 mulieris
2779 2770 3136 2824 testimonium
3173 2768 3490 2838 perhibentis
3519 2785 3538 2820 :
3565 2767 3710 2834 Quia
3739 2770 3859 2822 dixit

2272 2866 2400 2920 mihi
2431 2865 2607 2920 omnia
2633 2879 2956 2936 quascunque
2977 2862 3096 2931 feci.
3137 2858 3271 2916 Cum
3308 2861 3565 2916 venissent
3601 2871 3776 2916 autem
3799 2861 3860 2915 ad

2271 2960 2421 3013 illum
2469 2958 2818 3021 Samaritani,
2852 2965 3164 3028 rogaverunt
3210 2965 3268 3010 ut
3308 2955 3450 3026 apud
3477 2972 3564 3012 eos
3596 2966 3863 3022 maneret;

2270 3064 2318 3108 et
2360 3054 2554 3107 mansit
2595 3052 2665 3106 ibi
2695 3053 2828 3106 duos
2863 3051 2994 3116 dies,
3025 3060 3072 3106 et
3114 3049 3278 3104 multo
3313 3049 3489 3121 plures
3527 3045 3863 3105 crediderunt

2270 3157 2481 3220 propter
2508 3163 2771 3202 sermones
2797 3146 2950 3217 ejus;
2973 3155 3021 3201 et
3049 3145 3260 3201 mulieri
3288 3146 3562 3200 dicebant:
3590 3145 3729 3212 Quia
3749 3147 3865 3216 jam

2195 3247 2242 3311 ρ
2274 3256 2378 3294 non
2413 3248 2624 3310 propter
2652 3247 2799 3292 tuam
2827 3237 3089 3310 loquelam
3117 3237 3399 3304 credimus,
3425 3239 3527 3309 ipsi
3551 3239 3684 3292 enim
3712 3237 3864 3292 audi-

2270 3334 2436 3388 vimus
2475 3340 2524 3386 et
2558 3333 2750 3386 scimus
2776 3331 2902 3402 quia
2929 3331 3014 3384 hic
3039 3339 3114 3384 est
3145 3346 3260 3385 vere
3285 3328 3535 3385 Salvator
3565 3329 3761 3384 mundi.
3790 3327 3864 3383 Et

2269 3424 2374 3479 hoc
2399 3423 2674 3494 paululum
2705 3422 3241 3478 animadvertendum
3269 3430 3374 3487 est,
3413 3422 3542 3494 quia
3567 3421 3723 3477 lectio
3748 3429 3864 3477 tero

2269 3514 2475 3569 minata
2505 3522 2608 3569 est.
2641 3513 2832 3569 Mulier
2882 3513 3057 3584 prima
3095 3514 3383 3579 nuntiavit,
3431 3522 3488 3570 et
3517 3513 3585 3570 ad
3625 3515 3866 3572 mulieris

2271 3605 2644 3661 testimonium
2671 3605 3020 3662 crediderunt
3064 3604 3412 3672 Samaritani,
3460 3615 3516 3662 et
3544 3614 3866 3678 rogaverunt

2271 3711 2396 3751 eum
2423 3706 2483 3751 ut
2511 3697 2654 3766 apud
2683 3713 2778 3752 eos
2805 3704 3089 3764 maneret;
3130 3705 3186 3754 et
3230 3697 3430 3752 mansit
3479 3698 3554 3753 ibi
3583 3699 3751 3755 biduo
3769 3741 3784 3765 ,
3811 3706 3865 3754 et

2271 3789 2455 3860 plures
2498 3788 2862 3845 crediderunt.
2908 3789 2976 3843 Et
3016 3805 3138 3845 cum
3185 3789 3561 3854 credidissent,
3615 3791 3866 3847 dicebant

2272 3882 2519 3936 mulieri:
2549 3881 2674 3936 Non
2691 3883 2806 3953 jam
2827 3890 3040 3953 propter
3061 3881 3272 3937 verbum
3292 3891 3443 3938 tuum
3469 3885 3759 3950 credimus,
3777 3886 3866 3941 sed

2270 3973 2370 4043 ipsi
2405 3973 2736 4043 cognovimus
2767 3982 2814 4026 et
2841 3974 3035 4026 scimus
3079 3973 3205 4043 quia
3234 3973 3319 4028 hic
3347 3982 3422 4028 est
3463 3991 3580 4030 vere
3624 3974 3865 4032 Salvator

2271 4064 2472 4118 mundi.
2514 4063 2695 4118 Primo
2734 4079 2830 4133 per
2864 4062 3096 4130 famam,
3143 4072 3329 4134 postea
3372 4080 3472 4136 per
3495 4067 3862 4138 praesentiam.

2273 4154 2365 4211 Sic
2395 4156 2572 4227 agitur
2604 4156 2764 4210 hodie
2791 4171 2915 4211 cum
2951 4156 3030 4211 cis
3062 4157 3154 4226 qui
3182 4156 3316 4212 foris
3343 4169 3492 4226 sunt,
3535 4168 3592 4215 et
3628 4160 3864 4218 nondum

2272 4258 2397 4304 sunt
2437 4249 2751 4304 Christiani.
2798 4249 3047 4306 Christus
3082 4252 3364 4308 nuntiatur
3396 4269 3496 4324 per
3527 4255 3867 4315 Christianos

2271 4342 2476 4396 amicos
2501 4359 2515 4407 ;
2551 4350 2807 4412 tanquam
2837 4341 2926 4396 illa
2958 4343 3203 4409 muliere,
3233 4345 3336 4401 hoc
3363 4355 3466 4412 est,
3495 4348 3741 4406 Ecclesia
3770 4367 3865 4407 an-

2271 4436 2587 4502 nuntiante,
2621 4434 2689 4489 ad
2719 4435 2993 4491 Christum
3023 4438 3266 4492 veniunt.
3305 4439 3545 4496 Credunt
3575 4458 3676 4512 per
3701 4444 3862 4500 istam

2273 4529 2470 4583 famam
2494 4546 2508 4595 ;
2541 4537 2724 4583 manet
2748 4530 2888 4600 apud
2915 4543 3008 4584 eos
3036 4530 3218 4598 biduo,
3247 4531 3351 4588 hoc
3376 4541 3481 4601 est,
3509 4535 3603 4590 dat
3628 4536 3736 4593 illis
3757 4538 3864 4593 duo

571 4629 821 4683 boratum
835 4638 972 4694 erat,
989 4605 1176 4701 utique
1199 4633 1522 4687 seminatum
1539 4643 1690 4699 erat;
1711 4643 1767 4690 et
1777 4636 1918 4705 quod
1931 4605 2165 4694 semina-

2268 4629 2535 4690 praacepta
2564 4621 2878 4695 charitatis;
2903 4630 2956 4675 et
2984 4621 3154 4677 multo
3177 4623 3363 4693 plures
3392 4624 3448 4680 in
3476 4641 3604 4682 eum
3632 4629 3864 4686 credunt

573 4727 687 4774 tum
703 4730 844 4785 erat,
859 4718 972 4790 jam
990 4732 1260 4780 maturum
1279 4724 1502 4791 factum,
1527 4725 1718 4782 falcem
1735 4735 1786 4781 et
1806 4728 2054 4784 trituram
2071 4733 2164 4787 de-

576 4810 874 4868 siderabat.
895 4813 1012 4881 Quo
1029 4831 1158 4888 ergo
1183 4826 1339 4872 erant
1354 4833 1626 4874 messores
1636 4819 1918 4875 mittendi?
1940 4821 2028 4876 ubi
2047 4821 2164 4892 jam

571 4903 848 4974 propheta:
863 4907 1296 4976 praedicaverunt
1313 4927 1327 4963 :
1355 4910 1456 4980 ipsi
1471 4911 1616 4964 enim
1632 4912 2004 4967 seminatores.
2022 4912 2158 4969 Nam

573 4991 619 5047 si
641 4991 746 5062 ipsi
767 5009 874 5048 non
903 4995 1281 5063 seminatores,
1315 5000 1406 5054 sed
1446 5011 1904 5066 messoreserant,
1923 5003 2064 5057 unde
2091 5003 2159 5058 ad

573 5083 719 5140 illam
748 5088 1031 5144 mulierem
1056 5099 1394 5159 pervenerat,
1432 5108 1550 5162 qua:
1576 5093 1651 5148 ait
1675 5113 1687 5147 :
1727 5092 1848 5149 Scio
1871 5095 1994 5166 quia
2018 5093 2158 5149 Mes-

572 5181 680 5233 sias
720 5182 896 5235 venit?
921 5181 1041 5237 Jam
1084 5184 1188 5237 ista
1217 5183 1407 5238 mulier
1435 5184 1642 5240 lructus
1669 5195 1915 5241 maturus
1937 5196 2074 5254 erat,
2103 5197 2160 5243 et

571 5278 729 5326 erant
758 5271 890 5328 alba:
919 5289 1146 5338 messes,
1175 5283 1228 5328 et
1256 5272 1446 5328 falcem
1491 5277 1820 5344 quaerebant.
1868 5275 1993 5331 Misi
2030 5293 2154 5334 vos:

573 5364 712 5433 quo?
741 5363 934 5421 Metere
976 5368 1116 5439 quod
1139 5384 1244 5422 non
1266 5368 1561 5423 seminastis
1588 5382 1605 5420 :
1635 5369 1727 5424 alii
1751 5373 2165 5440 seminaverunt;

573 5467 620 5510 et
641 5475 726 5512 vos
751 5459 805 5512 in
837 5477 1017 5515 eorum
1046 5461 1248 5517 labores
1288 5463 1562 5516 introistis.
1601 5462 1703 5530 Qui
1744 5464 2160 5523 laboraverunt?

573 5547 690 5619 lpse
724 5550 1022 5618 Abraham,
1047 5555 1206 5626 505
1238 5557 1408 5620 lsaac,
1431 5564 1486 5611 et
1511 5555 1696 5612 Jacob.
1722 5557 1908 5631 Legite
1948 5561 2160 5619 labores

576 5640 788 5699 illorum
818 5663 831 5700 :
863 5647 919 5701 in
957 5649 1209 5704 omnibus
1231 5665 1421 5706 eorum
1447 5650 1725 5709 laboribus
1751 5661 1836 5709 est
1872 5656 2155 5727 prophetia

647 5830 676 5862 ι
701 5817 988 5895 ﬂuensque
1021 5840 1090 5892 ex
1114 5835 1305 5888 sancto
1337 5828 1660 5917 Augustino.

2267 4711 2496 4778 firmius,
2525 4711 2781 4781 quoniam
2816 4727 2941 4767 vere
2964 4713 3080 4784 ipse
3108 4723 3193 4770 est
3219 4714 3379 4786 [ιιι.
3409 4717 3577 4792 esset]
3611 4719 3862 4777 Salvator

2265 4801 2452 4856 mundi
2483 4813 2530 4855 ³.
2561 4822 2576 4854 ι

2339 4905 2498 4959 Vnns.
2529 4904 2716 4960 45-44.
2743 4937 2816 4946 —
2843 4907 2972 4962 Post
2993 4908 3128 4964 duos
3151 4919 3324 4967 autem
3347 4915 3459 4970 dies
3478 4915 3608 4969 exiit
3636 4916 3782 4986 inde,
3809 4925 3861 4972 et

2262 4997 2388 5050 abiit
2411 4998 2465 5050 in
2486 4995 2782 5054 Galilwam.
2819 4999 2939 5072 Ipse
2959 5004 3098 5057 enim
3126 5004 3283 5061 Iesus
3309 5007 3664 5064 testimonium
3687 5013 3863 5081 perhi-

2261 5089 2406 5144 buit:
2431 5090 2555 5160 quia
2582 5100 2832 5163 propheta
2867 5095 2922 5148 in
2952 5112 3051 5150 sua
3078 5099 3252 5167 patria
3275 5098 3525 5155 honorem
3545 5119 3652 5157 non
3677 5093 3857 5159 habet:

2261 5184 2606 5240 Conlirmatis
2633 5202 2762 5242 vero
2792 5188 2846 5242 in
2875 5188 2980 5245 ﬁde
3005 5199 3060 5245 et
3089 5191 3353 5248 charitate
3381 5193 3764 5262 Samaritanis,
3803 5195 3861 5251 id

2261 5286 2344 5333 est
2405 5278 2706 5344 Gentibus,
2767 5282 3059 5336 revertitur
3103 5285 3411 5341 novissimis
3455 5288 3649 5344 diebus
3691 5289 3860 5361 hujus

2262 5368 2442 5423 muli
2485 5368 2539 5422 in
2581 5370 2833 5439 patriam,
2862 5371 2915 5424 in
2938 5387 3044 5441 qua
3075 5375 3302 5429 necdum
3342 5376 3604 5432 honorem
3636 5378 3856 5434 habuit.

2261 5458 2338 5514 De
2365 5476 2470 5530 qua
2497 5461 2609 5529 ipse
2641 5461 2693 5514 in
2737 5461 2838 5516 hoc
2885 5461 3004 5520 loco
3028 5471 3276 5532 testatur,
3311 5468 3437 5537 quia
3479 5470 3745 5542 propheta
3795 5486 3857 5528 in

2261 5565 2356 5605 sua
2386 5551 2559 5619 patria
2589 5551 2846 5608 honorem
2879 5570 2986 5609 non
3013 5555 3193 5611 habet.
3233 5557 3291 5612 ln
3320 5559 3496 5630 patria
3527 5576 3656 5616 vero
3679 5563 3858 5620 mira-

2259 5645 2377 5701 cula
2422 5644 2571 5715 fecit,
2604 5656 2658 5704 et
2683 5660 2792 5704 non
2832 5648 3180 5708 crediderunt
3213 5651 3271 5708 in
3297 5668 3462 5721 eum;
3500 5655 3557 5711 in
3596 5654 3854 5717 Samaria
