4088 6340
197 367 299 433 801

1012 357 1430 419 EXEGETICA.
1463 384 1534 400 -~
1563 354 1923 416 COMMENT.
1963 354 2034 411 1N
2071 353 2264 412 IOAN.
2306 382 2380 394 —
2410 353 2540 411 LIB.
2571 355 2638 412 ll.

3358 363 3471 421 803

197 498 302 545 non
327 476 476 544 fecit,
503 483 685 534 tamen
711 473 1079 544 crediderunt,
1111 475 1273 530 unius
1295 472 1509 529 femina:
1538 471 1780 527 testimo-
1803 474 1854 532 Α
1875 468 2032 540 jussu
2061 465 2289 522 salutem
2321 465 2576 533 reddidit,
2607 465 2700 537 qui
2728 464 3004 522 voluntate
3030 465 3212 522 omnia
3238 470 3466 526 creavit.

197 578 284 635 nio
330 570 561 628 incitati.
621 568 848 624 Mundus
895 567 1125 623 credidit
1170 564 1476 637 apostolica:
1520 563 1776 618 Ecclesia:

195 665 589 741 prtedicatione,
617 676 738 733 quae
759 669 844 716 est
861 676 966 715 una
989 659 1257 724 columba,
1283 659 1564 722 incitatus;
1587 655 1778 727 patriae

196 775 317 818 vero
341 767 590 822 terrenae,
616 769 715 810 nec
746 753 865 824 ipso
888 751 1106 808 Christo
1125 752 1471 823 praedicante,
1495 749 1598 804 nisi
1620 747 1777 819 pauci

197 851 555 911 crediderunt.
599 847 668 902 Et
710 847 815 901 hoc
860 853 943 901 est
984 845 1129 914 quod
1167 845 1222 899 in
1251 843 1359 898 alio
1388 843 1506 898 loco
1535 839 1778 910 ejusdem

197 946 342 1022 [ΗΜ
374 941 557 1016 hujus]
587 940 865 1011 Evangelii
908 939 1022 994 ait:
1066 938 1173 1005 Qui
1213 937 1376 993 credit
1412 938 1468 990 in
1493 952 1593 1002 me,
1620 950 1778 1005 opera

193 1055 303 1112 quae
325 1053 417 1108 ego
440 1035 600 1106 facio,
642 1042 689 1088 et
733 1033 842 1104 ipse
873 1031 1048 1096 faciet,
1087 1039 1133 1085 et
1162 1029 1369 1100 majora
1406 1028 1595 1082 horum
1621 1026 1776 1096 faciet

192 1137 370 1210 (Ioan.
404 1149 516 1199 inv,
550 1130 661 1202 l2).
703 1129 904 1200 Maiora
940 1142 1106 1198 opera
1149 1124 1368 1181 fuerunt
1398 1123 1563 1179 totius
1591 1121 1776 1177 mundi

191 1232 320 1288 ﬁdes
346 1243 448 1299 per
474 1223 824 1296 apostolicam
850 1219 1311 1293 praedicationem,
1343 1232 1504 1286 quam
1533 1213 1772 1279 Christi;

191 1323 277 1395 qui
319 1321 378 1376 in
404 1317 588 1375 Iudaea
617 1330 822 1387 paucos
863 1313 1152 1370 admodum
1189 1309 1450 1373 salvavit,
1483 1308 1538 1362 in
1567 1314 1776 1361 tantum

187 1427 416 1486 paucos,
455 1416 518 1465 ut
540 1407 790 1477 discipuli
818 1405 902 1462 sui
936 1420 1075 1474 pene
1097 1417 1307 1467 omnes,
1344 1408 1542 1471 praeter
1577 1399 1779 1454 duode-

189 1508 309 1571 cim,
339 1503 648 1560 dimiserint
681 1515 827 1565 eum,
857 1498 1000 1554 sicut
1023 1497 1227 1579 dictum
1256 1503 1373 1550 est:
1401 1493 1486 1548 Ex
1507 1493 1602 1546 hoc
1625 1490 1778 1546 inulti

188 1595 562 1668 discipulorum
584 1595 699 1664 ejus
727 1592 969 1646 abierunt
1002 1599 1165 1655 retro,
1193 1597 1240 1643 et
1263 1587 1379 1658 jam
1405 1602 1522 1640 cum
1557 1582 1649 1637 illo
1673 1600 1778 1639 non

186 1688 520 1745 ambulabant
547 1685 729 1758 (Ioan.
768 1701 844 1750 vt,
877 1682 989 1757 67).
1021 1683 1208 1754 (Vens.
1236 1678 1352 1751 45.)
1380 1676 1511 1734 Cum
1543 1694 1663 1748 ergo
1690 1692 1774 1731 ve-

185 1783 336 1837 nisset
363 1781 421 1834 in
450 1777 756 1843 Galilazant,
797 1785 1110 1847 exceperunt
1156 1773 1320 1847 [eum]
1369 1771 1610 1836 Galiltei,
1656 1787 1775 1823 cum

1880 559 1996 628 Qua
2017 558 2072 614 in
2093 573 2152 614 re
2177 557 2281 612 hoc
2300 566 2384 612 est
2404 557 2562 613 nobis
2581 557 2808 614 solerter
2831 559 3169 626 intuendum,
3192 561 3465 630 quoniam,

1878 651 2036 717 sicut,
2066 649 2174 704 alio
2194 649 2524 720 evangelista
2551 657 2859 718 attestante,
2887 650 3195 719 didicimus,
3221 654 3470 712 centurio

1878 743 1948 798 ad
1975 742 2260 798 Dominum
2288 742 2438 797 venit
2464 741 2648 798 (licens
2673 760 2687 796 :
2731 742 2973 811 Domine,
2999 760 3130 815 puer
3154 761 3300 801 meus
3317 745 3464 817 jacet

1876 835 2198 908 paralyticus
2241 835 2298 889 in
2336 835 2525 902 domo,
2553 844 2600 890 et
2630 834 2766 890 male
2808 844 3096 906 torquetur.
3141 835 3240 892 Cui
3275 853 3309 893 a
3335 835 3466 898 Iesu

1877 930 2124 998 protinus
2162 929 2556 1000 respondetur:
2598 928 2711 1000 Ego
2763 930 2994 995 veniam,
3039 939 3087 985 et
3128 931 3321 987 curabo
3346 949 3467 990 eum

1879 1018 2096 1092 (Matth.
2124 1035 2245 1087 vm,
2275 1021 2330 1088 6,
2378 1020 2452 1092 7).
2501 1019 2642 1087 Quid
2681 1028 2765 1076 est
2792 1021 2936 1092 quod
2966 1022 3185 1094 regulus
3213 1033 3368 1094 rogat
3404 1031 3471 1082 ut

1877 1112 1947 1167 ad
1967 1112 2085 1184 ejus
2113 1111 2282 1167 filium
2311 1112 2517 1178 veniat,
2542 1122 2597 1167 et
2623 1121 2805 1168 tamen
2832 1113 3186 1185 corporaliter
3209 1114 3289 1169 ire
3313 1129 3471 1171 recu-

1878 1213 2000 1272 sat;
2030 1206 2099 1260 ad
2119 1219 2337 1260 servum
2362 1220 2492 1262 vero
2521 1207 2850 1263 centurionis
2871 1223 2979 1262 non
3003 1207 3283 1275 invitatur,
3312 1216 3368 1263 et
3389 1215 3471 1264 ta-

1877 1314 2001 1354 men
2031 1313 2090 1354 se
2117 1300 2475 1371 corporaliter
2518 1301 2598 1357 ire
2641 1301 2965 1372 pollicetur?
3002 1303 3193 1374 Reguli
3223 1303 3336 1359 lilio
3370 1318 3471 1374 per

1876 1390 2212 1462 corporalem
2242 1391 2589 1460 praesentiam
2619 1407 2726 1447 non
2757 1393 3009 1464 dignatur
3032 1395 3242 1462 adesse,
3283 1403 3471 1452 centu—

1877 1480 2048 1536 rionis
2076 1495 2234 1536 servo
2259 1496 2367 1535 non
2393 1481 2716 1553 dedignatur
2735 1497 3044 1538 occurrere.
3073 1483 3214 1550 Quid
3234 1491 3319 1540 est
3343 1486 3466 1551 hoc,

1875 1572 1981 1628 nisi
2005 1573 2149 1642 quod
2183 1572 2434 1642 superbia
2471 1582 2659 1628 nostra
2700 1573 3033 1640 retunditur,
3061 1575 3154 1645 qui
3189 1575 3244 1630 in
3288 1577 3467 1633 homi-

1876 1665 2037 1721 nibus
2068 1680 2176 1720 non
2204 1672 2478 1730 naturam,
2508 1680 2615 1736 qua
2637 1665 2706 1720 ad
2732 1665 3024 1738 imaginem
3050 1667 3145 1721 Dei
3167 1667 3296 1724 facti
3319 1675 3467 1734 sunt,

1876 1757 1972 1813 sed
2006 1757 2238 1814 honores
2263 1765 2320 1813 et
2348 1758 2566 1815 divitias
2593 1760 2960 1815 veneramur?
2993 1758 3237 1832 Cumque
3272 1777 3470 1834 pensa-

184 1873 355 1928 amnia
387 1872 633 1926 vidissent
652 1839 770 1942 quia
797 1839 992 1939 fecerat
1022 1839 1404 1936 Hierosolymis
1422 1869 1478 1918 in
1506 1864 1591 1918 die
1617 1863 1771 1933 festo,
1806 1839 1854 1900 Β
1878 1863 2000 1904 mus
2023 1865 2144 1920 quae
2170 1849 2315 1906 Circa
2349 1865 2445 1906 eos
2470 1860 2617 1918 sunt,
2665 1851 2908 1922 profecto
2939 1853 3201 1909 interiora
3245 1854 3472 1912 minime

180 1974 226 2019 et
253 1965 354 2035 ipsi
384 1963 728 2019 ascenderunt
758 1961 827 2015 ad
858 1962 998 2015 diem
1035 1960 1270 2031 festum;
1310 1957 1449 2013 forte
1478 1955 1772 2011 miraculo-

181 2072 296 2111 rum
327 2056 644 2112 curiositate
673 2053 907 2118 incitati,
937 2068 1044 2107 non
1075 2051 1352 2107 voluntate
1372 2047 1774 2121 praedicationis

178 2148 476 2203 audiendze.
527 2147 714 2220 (Vens.
751 2144 867 2216 46.)
912 2143 1057 2199 Venit
1101 2144 1461 2215 ergo'iterum
1512 2141 1668 2196 Iesus
1717 2141 1773 2196 in

176 2237 321 2294 Cana
353 2238 608 2303 Galilteaa,
636 2239 723 2293 ubi
749 2255 943 2310 aquam
967 2238 1146 2292 vinum
1169 2236 1312 2306 fecit.
1340 2235 1503 2302 Quasi
1532 2235 1768 2290 diceret:

173 2331 436 2399 Quamvis
459 2332 619 2402 plena
641 2332 833 2386 domus
858 2338 1004 2386 esset
1032 2330 1506 2394 discumbentium,
1543 2328 1636 2382 ubi
1673 2327 1774 2382 mi-

167 2425 421 2480 raculum
450 2425 504 2478 in
532 2432 823 2493 conspectu
862 2422 1078 2478 illorum
1127 2422 1254 2477 fecit
1285 2421 1559 2486 Christus,
1591 2430 1772 2477 tamen

163 2517 330 2586 pauci
366 2516 713 2571 crediderunt
743 2515 796 2569 in
833 2529 987 2579 eum,
1044 2515 1257 2569 dicente
1285 2513 1615 2584 evangelista
1647 2531 1660 2566 :
1701 2512 1773 2566 Et

168 2608 508 2663 crediderunt
535 2608 591 2662 in
617 2625 737 2662 eum
777 2606 1021 2679 discipuli
1055 2608 1189 2678 ejus.
1221 2607 1291 2661 Et
1314 2605 1542 2662 forsitan
1583 2607 1652 2661 ad
1677 2621 1774 2661 ve-

169 2700 488 2756 recundiam
518 2700 723 2755 dictum
747 2709 828 2756 est
855 2701 1052 2755 civium
1093 2716 1317 2756 suorum
1338 2742 1353 2767 ,
1381 2709 1436 2756 et
1459 2702 1528 2757 ad
1556 2703 1770 2759 laudem

173 2793 635 2862 alienigenarum;
668 2809 795 2847 nam
825 2793 1031 2849 Galilazi
1058 2794 1204 2849 cives
1224 2793 1445 2848 fuerunt
1465 2793 1692 2863 Christi,
1715 2804 1772 2852 et

175 2883 504 2939 Samaritani
539 2884 856 2956 alienigena:
886 2885 1126 2951 fuerunt,
1173 2893 1234 2939 ut
1270 2885 1326 2939 in
1371 2900 1528 2942 sacra
1575 2886 1773 2960 legitur

176 2975 422 3031 historia.

668 3067 832 3140 sos
867 3067 1097 3126 CAPUT
1135 3067 1269 3124 vin.

178 3163 355 3237 Reguli
383 3163 665 3238 cujusdam
684 3164 830 3234 ﬁlius
859 3175 1121 3287 wgrqtans
1150 3163 1378 3219 absentis
1401 3163 1616 3220 Domini
1647 3180 1768 3220 voce
1793 3205 1843 3273 α

846 3253 978 3287 sana
1004 3252 1087 3287 ατ.
1772 3249 1793 3287 ι

846 3246 1087 3290 sanatur.

248 3353 405 3412 Vsus.
433 3353 526 3410 46.
552 3384 625 3394 —
651 3353 786 3410 Erat
814 3363 988 3408 autem
1011 3354 1230 3426 quidam
1256 3354 1489 3426 regulus,
1524 3355 1676 3426 cujus
1703 3355 1770 3426 ﬁ-

178 3445 273 3502 lius
295 3447 674 3516 inﬁrmabatur
695 3445 1089 3517 Capharnaum.
1119 3447 1359 3519 Regulus
1381 3463 1511 3503 vero
1538 3449 1774 3503 diminu-

179 3540 340 3595 tivum
365 3547 569 3595 nGmen
596 3548 681 3594 est
702 3555 733 3593 a
756 3555 916 3611 rege;
947 3548 1001 3595 et
1033 3541 1152 3595 ideo
1181 3540 1406 3596 forsitan
1439 3541 1656 3614 regulus
1691 3543 1773 3598 di-

178 3634 312 3690 citur
332 3636 459 3700 iste,
483 3634 575 3705 qui
603 3634 832 3690 salutem
856 3635 1104 3705 poposcit
1129 3634 1240 3690 lilio
1267 3651 1385 3702 suo,
1408 3638 1533 3708 quia
1555 3637 1772 3707 plenam

179 3742 280 3782 non
307 3727 500 3783 tabuit
524 3724 706 3780 ﬁdem.
746 3725 967 3792 Habuit,
993 3734 1050 3782 et
1076 3743 1184 3783 non
1215 3728 1424 3795 habuit,
1466 3729 1586 3785 ideo
1621 3732 1774 3786 audi-

179 3815 248 3869 vit
274 3830 289 3869 :
333 3815 530 3890 (Vens.
556 3813 672 3888 48.)
703 3815 824 3871 Nisi
849 3817 1003 3889 signa
1029 3827 1075 3873 et
1103 3818 1344 3890 prodigia
1373 3820 1638 3889 videritis,
1668 3840 1772 3878 non

180 3905 401 3961 creditis.
435 3927 456 3960 ι
499 3920 525 3948 ε
557 3906 660 3975 Qui
702 3907 846 3962 enim
897 3909 1126 3965 salutem
1171 3911 1452 3980 quaerebat
1494 3927 1594 3982 pro
1622 3913 1768 3980 ftlio,

179 3999 356 4065 procul
398 3999 569 4055 dubio
596 3999 853 4055 credebat
882 4017 895 4053 :
924 4015 1102 4072 neque
1135 4001 1279 4054 enim
1315 4002 1383 4056 ab
1408 4017 1474 4058 eo
1504 4017 1774 4073 quaereret

181 4091 416 4159 salutem,
447 4108 614 4164 quem
638 4109 745 4150 non
772 4095 1018 4150 crederet
1052 4094 1410 4151 Salvatorem.
1441 4095 1621 4162 Quare
1645 4112 1772 4166 ergo

181 4182 383 4251 dicitur,
413 4186 524 4241 nisi
552 4188 704 4258 signa
729 4195 783 4242 et
812 4187 1058 4258 prodigia
1085 4189 1350 4253 videritis,
1391 4206 1498 4245 non
1529 4191 1769 4258 creditis,

180 4275 263 4342 qui
292 4287 417 4333 ante
442 4276 703 4333 credebat
725 4294 888 4350 quam
916 4294 1128 4350 Signum
1145 4280 1384 4335 videret?
1407 4279 1514 4337 Sed
1534 4298 1771 4338 memen-

180 4373 282 4424 tote
319 4371 466 4440 quod
510 4369 686 4440 petiit,
719 4378 774 4424 et
802 4379 988 4441 aperte
1032 4373 1368 4442 cognoscetis
1397 4373 1523 4443 quia
1570 4375 1624 4428 in
1665 4373 1772 4431 ﬁde

180 4458 457 4517 dubitavit.
508 4461 761 4531 Poposcit
789 4479 1025 4532 namque
1055 4471 1114 4516 ut
1143 4463 1496 4520 descenderet
1535 4473 1588 4520 ct
1613 4481 1771 4520 sana-

1874 1944 2238 2014 pervidemus.
2264 1942 2402 1998 Dum
2421 1959 2486 1999 ea
2508 1945 2916 2001 consideramus
2933 1961 3053 2016 quae
3074 1947 3130 2000 in
3151 1949 3471 2018 corporibus

1875 2035 2129 2106 despecta
2153 2043 2298 2103 sunt,
2317 2037 2639 2109 negligimus
2659 2053 2890 2109 pensare
2911 2039 3055 2109 quod
3075 2048 3218 2096 sunt.
3238 2040 3470 2096 Redem-

1873 2136 1997 2197 ptor
2019 2143 2148 2183 vero
2192 2136 2400 2195 noster,
2438 2137 2500 2184 ut
2539 2130 2853 2186 ostenderet
2879 2131 3005 2201 quia
3052 2147 3172 2203 quae
3202 2131 3311 2187 alta
3344 2141 3471 2189 sunt

1874 2220 2174 2286 hominum,
2206 2222 2410 2276 sanctis
2435 2221 2783 2293 deSpicienda
2811 2232 2965 2290 sunt;
2990 2233 3046 2279 et
3070 2240 3190 2295 quae
3221 2227 3471 2296 despecta

1874 2321 2002 2367 sunt
2029 2313 2333 2381 hominum,
2365 2315 2708 2384 despicienda
2750 2330 2860 2371 non
2887 2325 3014 2373 sunt
3043 2319 3266 2385 sanctis,
3307 2321 3376 2374 ad
3402 2320 3471 2374 ll-

1873 2403 2005 2460 lium
2038 2407 2210 2477 reguli
2243 2408 2324 2462 ire
2361 2407 2552 2474 noluit,
2587 2418 2643 2465 et
2680 2411 2748 2465 ad
2776 2425 2992 2466 servum
3022 2414 3356 2471 centurionis
3390 2415 3471 2472 ire

1873 2509 2096 2570 paratus
2123 2500 2241 2556 fuit.
2274 2502 2552 2574 lncrepata
2575 2511 2660 2560 est
2681 2519 2811 2575 ergo
2837 2507 3086 2576 superbia
3106 2517 3314 2574 nostra,
3346 2525 3469 2581 quas

1873 2590 2049 2646 nescit
2076 2606 2306 2661 pensare
2330 2593 2576 2649 homines
2597 2602 2822 2667 propter
2844 2597 3108 2654 homines.
3135 2597 3284 2665 Sola,
3308 2607 3370 2653 ut
3392 2599 3474 2655 di—

1873 2683 2076 2750 ximus,
2101 2700 2220 2754 quae
2245 2685 2602 2742 circumstant
2626 2688 2956 2757 hominibus,
2979 2699 3193 2761 pensat,
3216 2702 3470 2748 naturam

1872 2795 1981 2835 non
2009 2781 2220 2851 aspicit,
2251 2783 2511 2839 honorem
2539 2783 2638 2839 Dei
2661 2785 2715 2839 iu
2740 2785 3051 2842 hominibus
3072 2801 3179 2842 non
3199 2787 3469 2859 agnoscit.

1870 2872 2011 2930 Ecce
2044 2874 2124 2930 ire
2151 2888 2260 2929 non
2287 2873 2399 2929 vult
2425 2874 2597 2930 Filius
2631 2875 2727 2931 Dei
2755 2877 2822 2931 ad
2858 2876 3028 2932 ﬁlium
3057 2877 3249 2950 reguli,
3282 2886 3338 2934 et
3383 2886 3467 2934 ta-

1871 2982 1997 3022 men
2026 2967 2212 3023 venire
2239 2976 2463 3037 paratus
2484 2976 2567 3024 est
2593 2970 2662 3025 ad
2690 2970 2918 3025 salutem
2942 2971 3086 3026 servi
3112 2971 3163 3024 δ.
3196 2989 3214 3024 ι
3251 2970 3366 3027 Hoc
3387 2979 3474 3027 est

1871 3059 2016 3130 quod
2055 3059 2348 3130 Apostolus
2389 3061 2500 3115 ait:
2548 3061 2774 3132 Infirma
2802 3063 2985 3117 mundi
3022 3060 3172 3135 elegit
3209 3063 3374 3131 Deus,
3408 3069 3469 3119 ut

1871 3157 2161 3228 confundat
2190 3157 2352 3228 fortia
2382 3157 2436 3230 (Ι
2465 3155 2590 3213 Cor.
2620 3175 2661 3225 ι,
2691 3158 2806 3232 27).

1943 3259 2106 3315 Vens.
2137 3259 2229 3326 50,
2257 3259 2350 3326 51,
2379 3258 2468 3315 52.
2498 3291 2570 3300 —
2590 3260 2825 3315 Credidit
2851 3261 3002 3316 homo
3030 3262 3281 3328 sermoni,
3315 3278 3471 3334 quem

1870 3351 2006 3406 dixit
2043 3351 2090 3406 ei
2123 3350 2300 3418 Iesus,
2329 3360 2378 3406 et
2405 3351 2532 3406 ibat.
2561 3351 2757 3421 Incipit
2781 3351 2926 3406 enim
2942 3350 3056 3420 jam
3086 3351 3247 3407 ﬁdem
3268 3351 3472 3407 habere

1871 3443 1928 3498 in
1957 3459 2206 3499 sermone
2233 3442 2395 3510 Iesu,
2435 3453 2489 3499 et
2512 3442 2634 3499 ideo
2666 3444 2954 3500 sanitatem
2997 3443 3195 3499 meruit
3235 3443 3374 3510 lilii;
3416 3455 3472 3500 et

1872 3535 1963 3604 qui
1988 3549 2053 3588 ex
2078 3543 2234 3606 parte
2263 3535 2459 3591 dubius
2487 3535 2657 3602 venit,
2687 3535 2862 3592 fidelis
2888 3536 3132 3602 recessit,
3161 3544 3215 3592 et
3235 3535 3358 3592 ideo
3383 3551 3472 3593 sa-

1872 3627 2097 3681 nitatem
2125 3627 2325 3682 meruit
2355 3626 2470 3681 filii.
2497 3627 2621 3682 Iam
2645 3636 2819 3682 autem
2850 3644 2910 3682 eo
2948 3627 3310 3695 descendente,
3336 3629 3470 3685 servi

1874 3728 2212 3774 occurrerunt
2265 3719 2335 3784 ei,
2383 3722 2682 3774 nuntiantes
2729 3719 2871 3791 quod
2915 3718 3060 3788 ﬁlius
3105 3720 3219 3790 ejus
3259 3721 3467 3776 viveret.

1874 3811 2222 3882 Interrogavit
2248 3829 2370 3882 ergo
2395 3811 2582 3866 horam
2611 3813 2675 3867 ab
2700 3814 2798 3878 eis,
2830 3814 2885 3866 in
2920 3830 3026 3884 qua
3055 3813 3239 3868 melius
3268 3814 3466 3870 habue-

1875 3912 1978 3956 rat.
2003 3901 2262 3956 Dixerunt
2293 3904 2341 3956 ei
2366 3918 2383 3956 :
2415 3901 2553 3967 Quia
2581 3903 2695 3957 heri
2720 3904 2852 3957 ltora
2875 3906 3094 3974 septima
3118 3903 3325 3976 reliquit
3347 3923 3467 3960 eum

1875 3992 2056 4063 febris.
2079 3991 2433 4062 Septenarius
2454 4008 2712 4049 numerus
2733 3994 3105 4051 sanetilicatus
3126 4001 3208 4052 est
3236 3995 3286 4050 in
3313 3997 3469 4054 donis

1876 4085 2112 4155 Spiritus
2140 4085 2334 4152 sancti,
2367 4085 2422 4139 in
2451 4101 2558 4155 quo
2587 4087 2793 4142 sanitas
2837 4088 3087 4144 omnibus
3124 4089 3468 4146 credentibus

1875 4189 2110 4247 constat,
2149 4181 2275 4250 quia
2312 4181 2369 4235 in
2405 4187 2595 4235 sancto
2621 4178 2846 4249 Spiritu,
2878 4181 2968 4250 qui
3001 4189 3084 4237 est
3113 4181 3313 4237 donum
3347 4182 3464 4248 Dei,

1873 4273 2124 4329 remissio
2145 4281 2230 4329 est
2251 4273 2492 4329 omnium
2513 4281 2861 4344 peccatorum
2891 4274 3258 4329 credentibus.
3284 4272 3470 4345 Septe-

1872 4368 2060 4424 narius
2085 4383 2298 4438 quoque
2325 4383 2606 4434 numerus,
2638 4367 2682 4422 si
2713 4368 2970 4424 dividitur
2996 4368 3051 4424 in
3085 4369 3185 4423 tria
3229 4377 3286 4424 et
3332 4384 3470 4440 qua-

1873 4471 2020 4530 tuor,
2049 4471 2290 4519 sanctam
2318 4461 2638 4517 Trinitatem
2679 4461 2946 4533 signiﬁcat
2990 4463 3044 4518 in
3087 4463 3315 4518 trinario
3360 4480 3466 4519 nu-

179 4559 258 4607 ret
282 4553 453 4610 lilium
483 4551 622 4623 ejus.
651 4555 998 4625 Corporalem
1025 4572 1154 4628 ergo
1181 4559 1524 4628 praesentiam
1555 4560 1766 4616 Domini
1797 4570 1850 4632 ι)
1873 4570 2025 4610 mero
2051 4572 2066 4621 ;
2105 4562 2160 4610 et
2179 4555 2419 4610 omnium
2443 4563 2816 4610 creaturarum
2839 4555 3227 4626 perfectionem
3255 4555 3309 4610 in
3334 4571 3468 4625 qua-

181 4647 475 4712 quaerebat,
511 4646 602 4715 qui
636 4661 734 4718 per
761 4647 1011 4716 spiritum
1037 4664 1304 4718 nusquam
1340 4649 1546 4706 deerat.
1595 4651 1772 4708 Minus

178 4731 355 4806 itaque
381 4738 437 4792 in
467 4735 564 4791 illo
594 4737 842 4804 credidit,
885 4755 1046 4808 quem
1075 4756 1182 4796 non
1209 4743 1419 4810 putavit
1442 4759 1602 4814 posse
1631 4745 1776 4800 salu-

179 4833 281 4882 tem
303 4829 457 4896 dare,
488 4829 599 4884 nisi
618 4845 857 4899 praesens
879 4841 1024 4888 esset
1053 4841 1108 4888 et
1127 4849 1373 4904 corpore.
1402 4835 1460 4892 Si
1482 4837 1624 4892 enim
1648 4853 1774 4908 per-

179 4915 310 4976 lecte
332 4922 684 4989 credidisset,
711 4925 898 4993 procul
939 4926 1100 4982 dubio
1134 4928 1298 4983 sciret
1323 4930 1447 4998 quia
1485 4946 1593 4985 non
1632 4940 1777 4988 esset

178 5007 340 5077 locus,
372 5013 469 5068 ubi
507 5028 615 5067 non
640 5023 781 5069 esset
802 5014 964 5072 Deus.
993 5017 1071 5071 Ex
1101 5035 1294 5090 magna
1323 5036 1452 5092 ergo
1482 5032 1638 5092 parte
1672 5022 1778 5078 dif-

180 5100 324 5158 fusus
354 5103 529 5177 [Ms.,
579 5104 807 5179 difﬁsus]
853 5116 968 5173 est,
1013 5109 1140 5178 quia
1187 5109 1446 5166 honorem
1481 5128 1586 5168 non
1630 5114 1778 5170 dedit

179 5197 466 5280 maiestati,
498 5199 595 5255 sed
619 5201 918 5269 praesentiae
940 5203 1239 5270 corporali:
1262 5211 1317 5259 et
1342 5206 1568 5262 salutem
1594 5207 1777 5279 itaque

181 5287 285 5344 ﬁlio
311 5292 491 5361 petiit,
527 5300 582 5348 et
619 5301 797 5348 tamen
826 5293 880 5348 in
909 5293 1014 5350 ﬁde
1045 5295 1329 5360 dubitavit,
1377 5300 1505 5366 quia
1549 5315 1672 5355 eum
1707 5300 1777 5356 ad

176 5391 338 5451 quem
367 5391 598 5438 venerat
628 5391 684 5438 et
705 5391 982 5453 potentem
1015 5386 1084 5441 ad
1111 5388 1411 5443 curandum
1441 5391 1692 5456 credidit,
1722 5398 1778 5447 et

182 5473 363 5526 tamen
411 5473 670 5529 morienti
716 5474 828 5530 filio
874 5490 996 5532 esse
1043 5477 1323 5535 absentem
1359 5481 1569 5550 putavit
1606 5482 1776 5538 Deum

185 5559 356 5638 (Apud
387 5562 550 5635 Greg.
581 5566 739 5632 deest,
767 5567 980 5642 Deum).
1016 5569 1124 5626 Sed
1145 5572 1408 5630 Dominus
1436 5575 1528 5645 qui
1554 5585 1777 5649 rogatur

182 5658 241 5738 ut
271 5654 460 5722 vadat,
500 5657 626 5727 quia
651 5674 758 5713 non
786 5658 926 5717 desit
950 5662 1040 5717 ubi
1064 5663 1322 5720 invitatur
1379 5667 1583 5726 indicat
1604 5687 1616 5700 ·
1661 5669 1776 5727 solo

253 5838 280 5871 ι
309 5828 392 5886 Ex
423 5841 617 5892 sancto
644 5836 928 5922 Gregorio,
961 5839 1107 5906 hom.
1135 5842 1224 5917 28,
1253 5826 1402 5904 num.
1439 5846 1492 5912 1,
1517 5847 1569 5902 2.

1875 4648 2146 4714 ternario,
2189 4656 2411 4720 propter
2440 4658 2673 4718 quatuor
2708 4649 2975 4704 elementa
3021 4648 3260 4718 plenaria
3309 4647 3464 4722 [ΗΜ

1874 4739 2152 4812 plenalia],
2185 4749 2239 4794 et
2263 4748 2496 4810 quatuor
2517 4740 2702 4812 plagas
2731 4741 2939 4810 mundi,
2972 4750 3027 4795 et
3063 4751 3294 4812 quatuor
3336 4745 3465 4802 anni

1875 4839 2138 4900 tempora.
2172 4830 2302 4899 Quae
2341 4833 2523 4888 omnia
2551 4849 2619 4888 ex
2663 4833 2800 4904 ipso,
2849 4843 2905 4890 et
2945 4851 3043 4906 per
3071 4835 3278 4906 ipsum,
3324 4844 3379 4891 et
3409 4837 3464 4892 in

1876 4924 1993 4994 ipso
2015 4932 2196 4979 creata
2227 4933 2372 4990 sunt,
2400 4933 2649 4980 constant
2678 4934 2733 4980 et
2761 4927 3155 4996 gubernantur,
3195 4926 3468 4998 quomodo

1878 5015 2032 5088 [Ms.,
2058 5015 2334 5088 quoniam]
2378 5016 2433 5068 in
2464 5016 2575 5087 ipso
2615 5018 2862 5083 vivimus,
2897 5035 3164 5074 movemur
3200 5027 3250 5072 et
3281 5033 3466 5072 sumus

1879 5103 2016 5178 (Act.
2050 5121 2184 5170 xvn,
2213 5104 2326 5176 28).

1950 5219 2109 5289 507
2133 5219 2299 5274 Vens.
2339 5219 2429 5274 55.
2468 5249 2538 5260 --
2575 5219 2828 5292 Cognovit
2869 5239 2991 5292 ergo
3031 5231 3180 5293 pater
3213 5221 3340 5292 quia
3367 5219 3463 5275 illa

1877 5311 2007 5366 hora
2041 5321 2154 5366 erat
2179 5313 2237 5366 in
2260 5329 2364 5384 qua
2387 5312 2519 5368 dixit
2541 5314 2590 5366 ei
2620 5313 2776 5369 Iesus
2803 5331 2821 5368 :
2858 5303 3035 5368 Filius
3059 5326 3181 5368 tuus
3217 5313 3359 5368 vivit.
3391 5310 3462 5367 Et

1877 5403 2094 5458 credidit
2109 5405 2236 5475 ipse,
2266 5414 2314 5460 et
2339 5405 2525 5461 domus
2547 5405 2664 5476 ejus
2693 5415 2822 5471 tota,
2849 5405 2975 5475 quia
3001 5405 3282 5460 nuntiatus
3309 5409 3394 5458 est
3412 5401 3464 5458 ei

1877 5489 2020 5550 ﬁlius
2043 5494 2161 5565 ejus
2191 5509 2374 5552 sanus.
2414 5497 2497 5552 Ad
2518 5497 2694 5552 solum
2717 5512 2847 5566 ergo
2874 5511 3184 5552 sermonem
3213 5494 3463 5550 credide-

1878 5594 2006 5642 runt
2028 5588 2211 5658 plures
2243 5588 2572 5644 Samaritani
2599 5605 2613 5654 ;
2641 5588 2710 5642 ad
2735 5587 2864 5642 illud
2915 5595 3097 5647 autem
3136 5583 3460 5640 miraculum

1877 5679 1990 5735 sola
2017 5681 2208 5737 domus
2230 5681 2362 5736 ‘illa‘
2391 5683 2637 5738 credidit.
2679 5680 2810 5749 Quae
2862 5697 2952 5738 res
2983 5680 3256 5752 protendit
3305 5678 3457 5753 [Ms.,

1949 5855 1978 5895 ι)
2009 5853 2300 5934 Hucusque
2328 5872 2394 5912 ex
2425 5865 2613 5915 sancto
2636 5857 2902 5928 Gregorio
