4074 6444
618 448 728 513 805

1488 439 1553 497 B.
1588 436 1652 497 Ε.
1687 433 1913 497 ALBINI
1950 430 2084 495 SEU
2120 428 2395 489 ALCUINI
2428 429 2709 486 OPERUM
2744 428 2924 489 PARS
2960 429 3023 487 ll.

3777 429 3887 490 8M

619 556 917 635 ροισιωᾶι]
943 556 1001 618 in
1022 554 1366 617 multitudine
1410 552 1577 611 ﬁdem
1598 551 1870 616 Gentium,
1901 557 1956 606 et
1980 548 2035 603 in
2062 564 2192 619 pau-
2219 545 2272 605 A
2294 560 2423 603 vero
2446 547 2600 620 signa
2646 548 2898 605 viderunt
2934 547 3109 620 ipsum
3158 545 3257 607 Dei
3278 544 3449 606 ﬁlium
3475 543 3801 615 facientem.
3827 553 3886 629 ᾳ

617 653 789 714 citate
825 651 987 709 ﬁdem
1011 648 1335 708 Judieorum.
1375 645 1575 705 Gentes
1617 659 1747 701 vero
1771 644 1885 700 solo
1914 657 2190 709 sermone,

614 741 679 805 id
708 751 817 809 est.
840 740 1218 815 nuntiatione
1256 737 1553 810 apostolica
1604 736 1988 802 aediderunt;
2028 733 2197 791 ludmi

626 874 2102 903 Ἥ

2297 649 2475 701 tamen
2500 639 2654 713 pauci
2678 637 3024 697 crediderunt
3042 653 3112 697 ex
3138 638 3240 699 eis.

2106 861 3870 895 *Μ

1814 996 2119 1081 LIBER
2193 991 2667 1073 TERTIUS.

687 1200 982 1263 Delectatio
1009 1199 1190 1274 [Bed.,
1214 1200 1466 1274 Dilectio]
1498 1200 1805 1261 divinorum
1833 1201 2192 1271 eloquiorum,
2242 1196 2249 1201 ’

610 1300 669 1350 et
710 1292 937 1353 dulcedo
957 1292 1319 1364 intelligendas
1362 1302 1566 1353 sancta:
1596 1292 1915 1365 Scriptura),
1939 1303 1997 1348 et
2020 1293 2197 1353 maxio

613 1402 700 1449 me
730 1386 953 1445 humilis
986 1386 1309 1457 evangelica)
1351 1387 1614 1452 veritatis,
1665 1388 1719 1444 in
1761 1403 1870 1457 qua
1908 1387 2196 1443 verborum

614 1478 840 1537 honesta
883 1478 1205 1547 simplicitas
1229 1486 1380 1549 patet
1397 1487 1454 1536 et
1489 1493 1747 1538 sensuum
1772 1479 1883 1536 alta
1922 1477 2201 1550 profundi.

613 1578 698 1627 tas
724 1568 877 1636 latet,
901 1568 1189 1640 adiuvante
1226 1571 1344 1640 ipso
1368 1572 1595 1629 Domino
1638 1572 1733 1642 qui
1758 1572 1851 1629 dat
1875 1573 2198 1628 suavitatem

615 1670 673 1717 ut
704 1669 845 1719 terra
868 1668 1056 1719 nostra
1084 1662 1175 1719 det
1199 1660 1436 1721 fructum
1460 1678 1643 1728 suum,
1670 1670 1725 1721 et
1750 1678 1852 1721 nos
1876 1663 1944 1720 ad
1974 1662 2201 1731 loquen-

2294 1196 2470 1253 l’ertnr
2492 1195 2778 1269 appellata,
2803 1195 2947 1269 quod
2970 1195 3028 1255 in
3050 1209 3116 1255 ea
3136 1197 3453 1257 sacerdotes
3466 1198 3681 1262 hostias
3708 1201 3884 1269 lavare

2297 1290 2695 1365 consueverint.
2738 1288 3024 1347 Multitudo
3045 1288 3425 1363 languentium,
3453 1308 3579 1367 quae
3602 1294 3661 1351 in
3684 1312 3880 1357 memo-

2296 1383 2431 1441 ratis
2458 1383 2756 1454 porticibus
2794 1380 3037 1453 jaccbat,
3088 1398 3243 1452 aqua:
3284 1395 3494 1443 motum
3544 1402 3882 1461 exspectans,

2299 1474 2569 1547 signiﬁcat
2620 1489 2810 1530 eorum
2857 1481 3127 1541 catervas,
3182 1489 3302 1544 quae
3342 1474 3539 1549 [θεάσῃ
3586 1480 3706 1555 qui]
3756 1481 3885 1557 legis

2300 1568 2468 1625 verba
2493 1567 2794 1635 audientes,
2841 1567 2954 1624 suis
2997 1582 3059 1623 se
3096 1568 3237 1624 hanc
3272 1570 3480 1629 viribus
3525 1572 3753 1645 implere
3776 1592 3884 1637 non

2299 1678 2458 1734 posse
2483 1661 2757 1731 dolebant,
2788 1670 2953 1733 atque
2979 1663 3100 1719 ideo
3131 1663 3425 1720 Dominica:
3468 1666 3722 1723 auxilium
3748 1684 3880 1738 gra-

614 1754 744 1813 dum
778 1759 836 1806 et
874 1768 971 1809 ves
1015 1753 1082 1811 ad
1131 1754 1457 1811 audiendum
1504 1756 1845 1813 exhortatur.
1882 1753 2060 1823 Atque
2087 1753 2196 1809 uti-
2230 1818 2273 1827 _
2303 1754 2393 1811 tiae
2420 1754 2547 1810 totis
2572 1754 2768 1810 animae
2792 1753 3075 1811 allectibus
3106 1752 3489 1827 implorabant.
3529 1756 3665 1815 Caci
3701 1771 3881 1827 eram,

615 1859 740 1903 nam
774 1851 886 1901 tam
927 1842 1123 1902 efﬁcax
1163 1844 1321 1902 nobis
1355 1854 1506 1901 esset
1528 1845 1782 1913 loquendi
1806 1818 2000 1901 sensus
2035 1859 2197 1914 quam
2228 1818 2278 1887 δ
2304 1843 2396 1915 qui
2424 1844 2651 1899 necdum
2682 1842 2981 1915 perfectum
3014 1844 3140 1902 ﬁdei
3169 1818 3349 1902 lumen
3370 1821 3686 1917 habebant;

616 1935 767 1992 vobis
801 1936 1041 1993 studiosa
1075 1934 1227 2007 [Ms.,
1261 1936 1525 2008 studiose}
1554 1937 1810 1997 audiendi
1862 1937 1986 1992 data
2014 1945 2100 1992 est
2121 1935 2198 1993 di-

616 2025 832 2100 ligentia
858 2043 873 2095 ;
914 2028 1041 2085 dum
1072 2027 1231 2087 video
1255 2028 1371 2085 sine
1397 2026 1616 2087 fastidio
1635 2044 1733 2085 vos
1765 2029 1973 2093 audire,
1995 2036 2051 2085 et
2067 2044 2200 2101 gau—

612 2116 716 2174 deo
751 2117 930 2192 palato
959 2119 1143 2176 cordis
1166 2120 1355 2185 vestri,
1387 2136 1418 2175 a
1439 2135 1549 2189 quo
1596 2119 1648 2175 id
1685 2119 1829 2188 quod
1873 2118 2089 2175 salubre
2115 2127 2200 2176 est

616 2223 726 2264 non
748 2210 1042 2281 respuitur,
1073 2210 1171 2266 sed
1193 2226 1317 2266 cum
1346 2210 1602 2267 aviditate
1646 2209 1941 2279 percipitur
1974 2217 2027 2264 et
2053 2209 2199 2265 utili-

616 2316 697 2357 ter
743 2302 1068 2363 continetur.
1128 2303 1440 2374 Loquamur
1485 2318 1619 2373 ergo
1662 2303 1815 2359 vobis
1862 2310 1917 2359 et
1963 2318 2106 2359 nunc
2132 2303 2200 2361 de

617 2392 924 2463 evangelica
954 2393 1181 2451 lectione
1205 2394 1261 2449 in
1296 2410 1401 2467 qua
1433 2393 1538 2448 duo
1579 2395 1784 2465 pariter
1813 2394 2069 2450 miracula
2099 2394 2199 2451 huc

619 2496 792 2536 manu)
817 2483 1068 2541 sanitatis
1116 2484 1388 2556 leguntur,
1416 2499 1585 2539 unum
1604 2483 1949 2541 invisibiliter
1976 2499 2074 2557 per
2102 2501 2199 2541 an-

618 2570 837 2647 gelicam
863 2573 1402 2636 administrationem,
1451 2573 1683 2631 alterum
1716 2590 1814 2649 per
1863 2575 2198 2633 Dominicam

616 2664 955 2737 przesentiam
987 2665 1274 2723 visibiliter
1295 2664 1616 2721 exbibitum.
1660 2664 1768 2722 Sed
1792 2665 2075 2737 utriusque
2108 2681 2201 2720 no-

620 2755 697 2817 ois
723 2764 848 2810 sunt
899 2758 1138 2813 breviter
1170 2758 1486 2830 exponenda
1536 2758 1816 2833 mysteria,
1856 2774 1925 2814 ne
1974 2759 2200 2829 prolixm

621 2846 859 2903 .ectionis
894 2849 1104 2922 prolixa
1139 2864 1354 2922 quoque
1406 2848 1715 2923 explanatio
1761 2848 2017 2922 cuiquam
2059 2849 2201 2909 forte

619 2937 831 3017 gravior
863 2938 1078 2995 existat.

1197 3073 1427 3131 CAPUT
1477 3072 1569 3129 IX.

622 3185 897 3243 Hominem
930 3188 1145 3258 triginta
1178 3196 1295 3258 octo
1336 3202 1515 3258 annos,
1541 3185 1815 3240 habentem
1838 3183 1895 3238 in
1922 3182 2201 3253 inﬁrmita-
2224 3177 2275 3246 ς

685 3270 733 3315 te
761 3275 860 3315 sua
891 3256 1048 3315 Jesus
1088 3256 1313 3314 dicendo
1344 3274 1361 3313 :
1403 3256 1554 3314 Tolle
1586 3258 1875 3328 grabatum
1914 3262 2087 3328 tuum,
2138 3263 2195 3309 et

688 3328 1006 3401 ambuladn
1028 3328 1245 3386 sabbato
1274 3328 1499 3394 curavit,
1541 3325 1798 3401 (aqualem
1828 3343 1904 3395 se,
1935 3326 2028 3399 qui
2055 3334 2193 3393 erat,

690 3398 888 3470 faciens
914 3397 1046 3453 Deo.

686 3509 870 3568 Carnr
908 3526 963 3565 v.
1028 3510 1182 3567 Vens.
1234 3511 1289 3576 i,
1338 3511 1395 3576 2,
1440 3510 1497 3577 ‘5,
1548 3509 1602 3567 4.
1640 3539 1712 3552 —-
1747 3509 1875 3566 Post
1920 3509 2032 3565 ha’c
2087 3517 2200 3566 erat

624 3603 727 3663 :lies
756 3602 919 3673 festus
964 3600 1297 3667 Judworum,
1342 3609 1389 3656 et
1418 3601 1649 3657 ascendit
1704 3601 1863 3656 Iesus
1896 3599 2202 3673 Hierosoly-

624 3710 777 3750 mam.
802 3691 899 3755 Est
924 3701 1103 3747 autem
1128 3690 1506 3762 Hierosolymis
1531 3691 1813 3747 Probatica
1838 3693 2060 3762 piscina,
2083 3709 2201 3765 qua:

625 3783 1015 3857 :ognominatur
1058 3779 1314 3836 Hebraice
1347 3782 1653 3847 Bethsaida,
1706 3782 1934 3853 quinque
1972 3783 2201 3856 porticus

626 3874 828 3930 iubens.
866 3875 936 3929 in
962 3872 1044 3927 his
1066 3871 1277 3946 Jacebat
1300 3871 1578 3927 multitudo
1600 3890 1791 3943 magna
1818 3870 2199 3944 languentium,

624 3981 895 4031 :wcorum,
922 3960 1256 4031 claudorum,
1286 3963 1576 4031 aridorum,
1623 3962 2032 4036 exspectantium
2054 3978 2203 4034 aqua:

624 4067 836 4114 motum.
894 4056 1123 4129 Angelus
1173 4066 1347 4110 autem
1391 4054 1605 4110 Domini
1658 4051 1945 4109 secundum
2006 4063 2205 4119 tempus

624 4150 961 4207 descendebat
984 4151 1038 4206 in
1060 4150 1336 4223 piscinam,
1382 4157 1430 4203 et
1469 4148 1770 4203 movebatur
1820 4164 1977 4219 aqua.
2020 4144 2090 4201 Et
2117 4146 2207 4219 qui

624 4245 768 4301 orior
805 4242 1153 4300 descendisset
1183 4245 1237 4299 in
1265 4243 1521 4315 piscinam
1568 4250 1683 4314 post
1717 4242 1998 4298 motionem
2035 4258 2205 4313 aqum,

586 4352 786 4392 ‘sanus
838 4337 996 4411 ﬁebat
1060 4355 1092 4391 a
1140 4322 1447 4409 quacunque
1495 4332 1825 4389 detinebatur
1883 4333 2205 4405 inﬁrmitate.

633 4446 652 4480 ι
680 4442 704 4469 ιι
744 4426 1027 4484 Probatica
1056 4427 1260 4498 piscina
1292 4443 1413 4498 quae
1441 4413 1678 4498 quinque
1703 4426 2000 4497 porticibus
2023 4427 2207 4499 cinge-

631 4517 811 4582 batur,
845 4516 1068 4588 pOpulus
1092 4524 1176 4571 est
1199 4514 1526 4582 Iudaeorum,
1555 4516 1690 4589 legis
1714 4518 1949 4588 undique
1966 4517 2208 4573 custodia

628 4625 698 4669 ne
726 4623 953 4678 peccare
982 4607 1174 4667 debeat
1212 4608 1473 4664 munitus.
1514 4606 1683 4663 Recte
1723 4608 1921 4663 etenim
1948 4609 2058 4675 lex,
2089 4626 2208 4681 quae

630 4696 868 4771 quinque
897 4694 1049 4753 libris
1081 4696 1253 4772 Moysi
1281 4698 1551 4771 descripta
1580 4707 1682 4767 est,
1712 4698 1960 4772 quinario
1983 4717 2210 4757 numero

630 4791 890 4864 ﬁguratur
915 4809 930 4861 ;
960 4801 1108 4849 recte
1135 4793 1385 4867 populus,
1430 4792 1521 4865 qui
1549 4795 1604 4851 in
1632 4793 1952 4867 quibusdam
1993 4792 2208 4849 mundi-

628 4886 757 4943 tiam
786 4883 910 4940 vitae
954 4900 1175 4941 servare
1212 4878 1368 4959 [Ms.,
1413 4886 1690 4942 munditiae
1715 4886 1841 4942 vitae
1870 4883 2118 4959 servire],
2156 4884 2211 4940 in

628 4976 948 5054 quibusdam
967 4993 1097 5033 vero
1123 4976 1330 5034 solebat
1356 4977 1757 5035 immundorum
1783 4977 2070 5048 spirituum
2100 4983 2211 5031 ten-

630 5071 884 5128 tamentis
928 5068 1149 5142 agitari,
1195 5085 1292 5139 per
1338 5086 1533 5140 aquam
1586 5067 1921 5141 signiﬁcatur
1968 5067 2207 5139 piscium,

630 5179 750 5236 quae
779 5176 923 5217 nunc
942 5160 1152 5233 placida
1175 5159 1351 5215 ventis
1378 5168 1542 5226 stare,
1587 5175 1730 5215 nunc
1773 5158 1853 5213 eis
1881 5158 2211 5213 irruentibus

629 5253 841 5312 turbari
866 5260 1241 5311 consuerant.
1272 5250 1347 5307 Et
1364 5250 1501 5307 bene
1547 5252 1756 5323 piscina
1798 5250 1986 5307 eadem
2025 5251 2212 5322 proba-

632 5340 737 5401 tira
762 5352 990 5402 vocatur
1019 5360 1036 5400 :
1072 5343 1293 5419 probatu
1346 5342 1543 5415 quippe
1568 5340 1757 5398 Grrcce
1780 5357 1909 5398 oves
1938 5342 2207 5399 dicuntur.

632 5434 770 5503 Quia
814 5444 971 5493 erant
1017 5434 1272 5492 nimirum
1314 5434 1371 5490 in
1395 5431 1490 5489 illo
1520 5433 1734 5504 populo,
1786 5433 1876 5504 qui
1906 5434 2085 5490 dicere
2110 5432 2216 5491 Do-

634 5526 785 5583 mino
811 5531 1034 5584 nossent
1055 5543 1077 5582 s
1103 5526 1217 5582 Nos
1243 5532 1419 5582 autem
1442 5522 1667 5597 populus
1692 5534 1837 5592 tuus,
1870 5536 1918 5580 et
1954 5542 2069 5581 oves
2099 5542 2215 5598 gre-

636 5616 719 5689 gis
771 5616 870 5685 tui,
919 5616 1291 5688 conﬁtebimur
1324 5618 1417 5673 tibi
1454 5617 1513 5673 in
1537 5615 1733 5672 sa'cuia
1765 5615 1934 5690 (Psai.
1982 5632 2210 5685 Lxxvm,

639 5706 757 5783 i3).
791 5708 964 5780 Vulgo
990 5715 1171 5766 autem
1206 5710 1495 5783 probation.
1527 5708 1583 5766 id
1610 5716 1715 5776 cst,
1745 5709 1980 5781 pecualis
2008 5709 2212 5780 piscina

714 5869 747 5906 ι
775 5860 1293 5922 ExBedmnomJ.

2301 1942 2481 2000 erant,
2522 1936 2613 2005 qui
2661 1935 2804 1991 bona
2832 1951 2951 2007 quae
2996 1945 3281 2005 noverant,
3326 1942 3586 2012 operandi
3614 1946 3884 2015 gressibus

2298 2025 2524 2098 implere
2587 2026 2931 2097 nequibant;
2972 2027 3133 2095 aridi,
3187 2030 3280 2101 qui
3327 2032 3627 2103 quamlibet
3683 2035 3885 2093 oculum

2300 2116 2541 2173 scientiae
2596 2117 2882 2184 habentes,
2922 2118 3246 2191 pinguedine
3303 2128 3481 2179 tamen
3533 2125 3655 2193 spei
3686 2135 3745 2183 et
3769 2126 3885 2183 dile-

2300 2208 2497 2267 ctionis
2543 2210 2792 2281 egebant.
2835 2210 2992 2267 Tales
3021 2211 3077 2268 in
3113 2213 3352 2284 quinque
3395 2215 3709 2287 porticibus
3755 2217 3884 2288 jace-

2299 2302 2452 2370 bant,
2479 2303 2576 2359 sed
2617 2303 2831 2361 nonnisi
2863 2304 2917 2359 in
2941 2304 3153 2375 piscina
3208 2306 3401 2378 angelo
3452 2308 3719 2367 veniente
3740 2326 3884 2369 sana-

2298 2396 2499 2455 bantur
2523 2414 2539 2464 ;
2576 2397 2703 2469 quia
2725 2412 2822 2468 per
2846 2396 3023 2471 legem
3056 2399 3301 2471 cognitio
3324 2401 3558 2471 peccati,
3591 2405 3774 2475 gratia
3797 2420 3883 2460 au-

2304 2498 2420 2547 tem
2453 2491 2791 2548 remissionis
2830 2491 3043 2547 nonnisi
3079 2507 3176 2565 per
3216 2491 3401 2549 Jesum
3449 2492 3738 2553 Christum
3762 2495 3885 2553 facta

2300 2591 2387 2642 est
2426 2583 2598 2656 (Rom.
2629 2601 2714 2651 tu,
2740 2582 2830 2649 2i,
2854 2582 3007 2657 seq.).
3046 2583 3199 2641 Hunc
3230 2585 3478 2657 designat
3520 2588 3778 2660 angelus,
3807 2591 3887 2663 qui

2301 2673 2646 2733 invisibiliter
2681 2675 3014 2732 descendens
3048 2675 3103 2731 in
3150 2674 3318 2749 508
3360 2677 3654 2749 piscinam,
3687 2682 3757 2737 ad
3779 2697 3887 2754 sug-

2301 2766 2593 2839 gerendam
2620 2767 2731 2824 vim
2778 2768 3004 2824 sanandi
3044 2770 3297 2825 movebat
3332 2786 3559 2842 aquam.
3607 2772 3887 2831 Descendit

2300 2857 2444 2916 enim
2469 2873 2631 2914 carne
2661 2858 2879 2915 indutus
2907 2860 3090 2930 magni
3117 2859 3326 2916 consilii
3354 2860 3584 2933 angelus
3638 2862 3887 2937 (1εαὶ.ιι,,

2301 2947 2376 3020 6),
2411 2949 2465 3004 id
2494 2958 2598 3014 est,
2647 2958 2886 3020 paterna:
2933 2950 3225 3005 voluntatis
3264 2953 3509 3019 nuntius,
3555 2955 3614 3008 in
3642 2955 3890 3031 popuhn

2300 3037 2630 3106 Iudaeorum,
2660 3048 2714 3095 et
2742 3040 2912 3096 movit
2952 3049 3269 3111 peccatores
3322 3042 3482 3099 factis
3533 3060 3603 3101 ac
3647 3046 3887 3102 doctrina

2302 3146 2420 3197 sua,
2451 3139 2513 3185 ut
2536 3132 2877 3189 occideretur
2932 3134 3069 3206 ipse,
3124 3133 3215 3203 qui
3264 3149 3360 3191 sua
3403 3144 3584 3195 morte
3626 3137 3888 3215 corponﬁ

2302 3238 2412 3278 non
2465 3222 2637 3278 solum
2687 3224 3007 3294 spiritaliter
3058 3224 3376 3297 languentes
3429 3242 3655 3295 sanare,
3710 3232 3805 3287 sed
3838 3237 3890 3288 et

2301 3324 2546 3375 mortuos
2571 3316 2848 3375 viviﬁcare
2888 3318 3180 3376 sufﬁceret.
3218 3320 3398 3379 Motus
3422 3336 3554 3394 ergo
3592 3340 3752 3394 aqua:
3774 3341 3891 3396 pas-

2303 3408 2512 3465 sionem
2538 3408 2773 3474 Domini,
2805 3426 2912 3483 qua
2945 3407 3076 3482 [Ms.
3108 3421 3155 3465 et
3187 3408 3353 3477 Beda,
3391 3428 3513 3485 quae
3537 3424 3688 3472 mota
3712 3419 3890 3477 turba-

2304 3507 2470 3570 taque
2531 3499 2841 3573 Jndzeorum
2898 3503 3081 3577 gente]
3133 3513 3279 3560 mota
3318 3507 3479 3563 turba
3527 3524 3555 3563 a
3586 3507 3894 3571 Judmorum

2304 3599 2465 3666 gente
2510 3590 2653 3649 facta
2706 3603 2821 3658 est,
2888 3594 3162 3663 insinuat;
3222 3604 3277 3651 et
3327 3597 3453 3667 quia
3500 3614 3602 3671 per
3651 3601 3895 3659 eamdem

2303 3682 2610 3752 passionem
2642 3684 2902 3756 redempti
2935 3692 3060 3740 sunt
3109 3686 3396 3742 credentes
3434 3704 3465 3742 a
3508 3689 3799 3746 maledicto
3826 3691 3896 3748 le-

2307 3775 2407 3846 gis,
2441 3774 2595 3844 quasi
2622 3776 3009 3835 descendentes
3038 3779 3093 3833 in
3124 3794 3323 3852 aquam
3349 3779 3574 3850 piscinae
3626 3783 3896 3839 turbatam

2307 3866 2661 3933 servabantur,
2729 3869 2821 3939 qui
2889 3878 3117 3928 eatenus
3175 3869 3434 3940 iacebant
3487 3871 3545 3928 in
3600 3875 3896 3944 porticibus

2306 3957 2515 4031 mgroti.
2552 3957 2712 4030 Legis
2738 3961 3004 4033 siquidem
3033 3962 3235 4030 littera,
3273 3982 3393 4039 quae
3439 3967 3749 4025 nescientes
3770 3967 3897 4040 quid

2309 4050 2591 4123 agendum,
2646 4053 2775 4123 quid
2823 4054 3101 4112 vitandum
3165 4066 3343 4129 esset,
3394 4060 3618 4128 docuit;
3671 4076 3774 4117 nec
3818 4069 3896 4117 ta-

2310 4157 2434 4197 men
2459 4141 2698 4210 edoctos,
2730 4152 2789 4203 ut
2817 4162 2913 4205 sua
2966 4146 3182 4203 decreta
3211 4149 3637 4222 complerentur,
3667 4149 3893 4221 adjuvit,

2310 4237 2465 4307 quasi
2494 4237 2716 4295 eductos
2743 4238 2811 4294 de
2839 4238 3057 4297 sedibus
3083 4240 3403 4314 ignorantia:
3430 4245 3654 4315 prioris,
3687 4246 3746 4303 in
3768 4262 3895 4319 por-

2312 4327 2505 4387 ticibus
2535 4328 2647 4385 suis
2674 4331 2999 4398 continebat,
3032 4347 3134 4389 nec
3164 4335 3392 4390 sanabat
3417 4332 3742 4408 languidos:
3772 4352 3895 4409 gr:—

2311 4419 2385 4471 ti‘a
2411 4424 2591 4474 autem
2629 4419 2929 4490 Evangelii,
2969 4438 3088 4495 quae
3135 4439 3232 4495 per
3261 4422 3420 4480 ﬁdem
3466 4440 3532 4480 ac
3578 4426 3895 4499 mysterium

2313 4508 2604 4566 Dominica:
2627 4512 2895 4581 passionis
2942 4521 3098 4568 sanat
3137 4529 3323 4569 omnes
3366 4514 3661 4586 languores
3702 4515 3895 4586 iniqui-

2313 4610 2482 4657 tatum
2516 4612 2842 4669 nostrarum,
2873 4620 2903 4658 a
2931 4605 3130 4677 quibus
3159 4606 3213 4662 in
3240 4604 3358 4681 lege
3387 4605 3559 4679 Moysi
3591 4621 3704 4662 non
3724 4606 3896 4679 potui.

2310 4706 2431 4749 mus
2486 4693 2794 4763 iustiﬁcari,
2827 4697 2980 4771 quasi
3045 4694 3373 4777 electos.de
3416 4698 3719 4771 porticibus
3762 4698 3896 4773 legis

2310 4795 2540 4856 aagrotos
2570 4788 2625 4842 in
2667 4802 2863 4860 aquam
2896 4786 3118 4859 piscinae
3156 4787 3452 4858 turbidam,
3476 4796 3541 4845 ut
3567 4789 3755 4847 sanari
3777 4803 3896 4861 pos-

2312 4875 2439 4943 sint,
2488 4876 2749 4944 immittit,
2788 4878 2965 4951 quiaa
3012 4880 3252 4953 peccatis
3301 4896 3421 4953 quae
3447 4880 3538 4937 lex
3586 4883 3896 4941 ostenderat

2306 4980 2407 5041 per
2434 4982 2629 5040 aquam
2682 4970 3025 5041 baptismatis
3062 4972 3259 5040 abluit,
3300 4979 3535 5030 testante
3592 4973 3891 5048 Apostolo:

2313 5059 2451 5127 Quia
2484 5061 2776 5133 quicunque
2827 5062 3079 5134 baptizati
3104 5081 3285 5121 sumus
3321 5065 3377 5118 in
3420 5064 3629 5120 Christo
3670 5064 3817 5129 Iesu,
3840 5065 3897 5123 is

2310 5160 2474 5207 morte
2503 5153 2668 5224 ipsius
2697 5153 2948 5227 baptizati
2983 5170 3207 5222 sumus;
3240 5155 3527 5231 consepulti
3552 5159 3695 5212 enim
3717 5175 3898 5216 um

2311 5258 2429 5298 cum
2454 5243 2545 5299 illo
2571 5260 2662 5317 per
2684 5245 2993 5317 baptismum
3036 5247 3094 5300 in
3120 5255 3354 5307 mortem.
3389 5256 3447 5300 ut
3469 5251 3739 5319 quomodo
3782 5266 3898 5307 sur-

2310 5333 2449 5389 rexit
2480 5333 2720 5390 Christus
2760 5350 2792 5389 a
2820 5334 3038 5390 mortuis
3080 5353 3172 5407 per
3217 5335 3440 5408 gloriam
3495 5335 3704 5408 Patris,
3749 5342 3900 5394 itaet

2311 5441 2406 5480 nos
2436 5426 2491 5481 in
2516 5425 2742 5481 novitate
2776 5425 2896 5481 ultre
2943 5424 3267 5482 ambulemus
3298 5426 3470 5500 (Rom.
3505 5442 3586 5495 vr,
3622 5427 3707 5500 ὅ).
3749 5427 3897 5484 Bene

2311 5527 2513 5574 autem
2544 5518 2740 5574 dicitur
2787 5518 2915 5589 quia
2970 5518 3063 5588 qui
3100 5519 3307 5588 primus
3352 5518 3728 5577 descendisset
3778 5523 3898 5589 post

2311 5620 2517 5667 motum
2564 5624 2736 5683 aquae,
2768 5624 2933 5666 sanus
2988 5610 3171 5681 fiebat,
3202 5626 3233 5665 a
3262 5627 3585 5690 quocunque
3632 5610 3898 5685 languore

2312 5704 2631 5772 tenebatur;
2671 5702 2797 5774 quia
2823 5718 2961 5759 unus
2988 5700 3269 5771 Dominus,
3301 5719 3408 5760 una
3426 5702 3580 5771 ﬁdes,
3603 5719 3777 5762 unum
3795 5705 3899 5763 bac
