4088 6340
1022 437 1434 499 EXEGETICA.
1472 468 1543 481 —-
1579 437 1933 499 COMMENT.
1972 439 2042 497 IN
2080 437 2272 498 JOAN.
2310 467 2381 481 —
2416 436 2547 499 LIB.
2588 437 2675 499 III.

3350 443 3456 505 806

224 554 437 631 ptisma,
466 568 607 611 unus
630 551 773 611 Deus
812 550 1028 627 (Ephes.
1064 570 1138 619 iv,
1170 553 1247 626 5).
1290 553 1358 608 Et
1383 552 1476 624 qui
1502 551 1557 609 in
1590 552 1794 608 unitate
1819 560 1871 621 Α
1896 551 2227 625 proximum,
2257 559 2315 609 et
2339 551 2559 610 ambula
2604 551 2968 626 exspectando
2992 550 3210 612 beatam
3232 568 3382 626 spem
3409 565 3467 614 et

226 645 484 709 catholica
537 644 738 704 Christi
785 646 1060 720 mysteriis
1113 647 1393 712 imbuitur,
1461 660 1624 703 sanus
1671 644 1789 702 ﬁta

224 752 535 815 quocunque
562 746 903 812 peccatorum
927 739 1186 814 languore
1224 739 1566 797 detinebatur
1598 737 1785 810 [344a,

223 827 577 904 detineatur];
617 828 845 903 quisque
892 838 1075 893 autem
1123 832 1193 887 ab
1248 830 1457 889 unitate
1495 829 1785 899 discrepat,

203 913 585 991 salutemque
613 918 819 1003 ab'uno
846 927 953 985 est,
1005 920 1262 994 consequi
1312 934 1420 975 non
1460 918 1619 977 valet.
1660 918 1790 977 Haec

223 1009 283 1067 de
326 1009 500 1080 primo
546 1007 867 1083 evangelica:
908 1010 1155 1069 lectionis
1204 1008 1468 1067 miraculo
1510 1009 1657 1081 quod
1683 1009 1789 1064 Do-

222 1103 392 1163 minus
418 1099 565 1158 dedit
602 1101 783 1168 locuti,
816 1118 961 1160 nunc
992 1103 1060 1160 de
1086 1103 1325 1163 secundo
1364 1101 1508 1173 quod
1552 1101 1669 1174 ipse
1695 1100 1790 1157 de-

221 1192 375 1257 derit.
403 1191 731 1249 fraternitati
777 1203 973 1251 vestrae
1018 1193 1322 1267 loquamur,
1376 1194 1432 1249 in
1480 1206 1588 1265 quo
1615 1192 1783 1249 etiam

219 1285 330 1359 ipso
355 1300 496 1343 unus
520 1286 929 1345 commendatur
955 1295 1175 1345 sanatus
1201 1304 1214 1343 :
1253 1301 1359 1343 non
1386 1286 1513 1359 quia
1540 1286 1788 1357 omnipo-

220 1379 377 1439 tentis
405 1378 579 1449 pietas
609 1378 905 1439 Salvatoris
942 1395 1132 1437 omnes
1183 1394 1319 1451 quos
1346 1378 1421 1436 ibi
1472 1377 1789 1451 languentes

218 1466 437 1532 invenit,
461 1482 655 1525 sanare
678 1468 866 1539 nequit
896 1466 1081 1540 [Betim
1110 1465 1459 1545 nequiverit],
1494 1466 1589 1523 sed
1612 1475 1671 1523 ut
1693 1465 1790 1524 do-

216 1565 379 1624 ceret,
407 1564 607 1627 prteter
634 1559 897 1619 unitatem
943 1557 1221 1619 catholicae
1268 1555 1395 1619 ﬁdei
1437 1556 1645 1619 nullm
1676 1556 1790 1613 cui-

214 1646 343 1705 libet
377 1648 555 1707 locum
584 1656 768 1721 patere
788 1649 996 1709 salutis.

283 1740 447 1799 Vsus.
476 1740 531 1795 5.
570 1771 645 1784 -
682 1741 814 1799 Erat
842 1752 1013 1799 autem
1042 1740 1256 1814 quidam
1300 1741 1453 1798 homo
1477 1740 1569 1807 ibi,
1593 1740 1786 1810 inquit,

213 1831 425 1902 triginta
452 1841 499 1887 et
526 1842 640 1888 octo
668 1850 833 1892 annos
862 1833 1054 1891 habens
1084 1834 1141 1893 in
1181 1832 1487 1901 inﬁrmitate
1528 1848 1643 1887 sua.
1683 1830 1793 1887 Ho-

1891 644 2181 702 adventum
2203 643 2389 717 glorise
2415 644 2596 717 magni
2620 644 2719 702 Dei
2745 644 2874 718 (Tit.
2906 661 2973 712 ιι,
3001 644 3111 719 15).
3144 645 3250 705 Sed
3273 662 3309 705 ο
3326 648 3467 706 mira

1888 735 2219 810 perﬁdorum
2271 739 2540 797 dementia
2571 740 2585 794 l
2616 740 2711 812 qui
2739 740 2809 798 ad
2857 747 2970 797 tam
3018 741 3350 812 inopinatam
3371 742 3467 803 diu

1886 829 2195 903 languentis
2232 832 2573 890 sanationem
2598 833 2821 891 credere
2852 847 2919 891 ae
3285 837 3467 897 sanari
3579 824 3591 847 ¹

1890 918 2209 986 debuerant,
2239 935 2273 977 e
2295 930 2485 981 contra
2525 922 2985 988 scandalizantur,
3013 931 3071 983 et
3095 924 3305 983 salveto
3324 927 3470 996 peri-

1889 1017 1974 1067 ter
1995 1025 2059 1067 ac
2083 1010 2352 1071 Salvatori
2374 1013 2676 1071 calumnias
2703 1022 2939 1073 struunt.
2979 1014 3200 1075 Salvato
3224 1018 3464 1088 quidem.

1887 1104 2016 1176 quia
2053 1104 2275 1161 sabbato
2328 1106 2611 1176 grabatum
2659 1106 2879 1173 tulerit;
2931 1104 3202 1164 Salvatori
3260 1116 3463 1174 autem,

1884 1195 2025 1266 quia
2036 1194 2264 1253 Sabbato
2287 1195 2437 1253 illum
2466 1196 2683 1263 salvari,
2710 1205 2769 1252 et
2798 1197 3083 1269 grabatum
3126 1198 3238 1255 tolli
3264 1215 3468 1270 praece-

1885 1288 2047 1359 perit,
2096 1289 2254 1360 quasi
2282 1288 2477 1345 melius
2522 1289 2637 1360 ipse
2664 1284 2806 1345 diem
2829 1290 3039 1347 sabbati
3089 1289 3242 1363 [Hs.,
3271 1292 3371 1361 ipsi
3399 1293 3466 1347 de

1886 1375 2137 1450 sabbato]
2200 1393 2364 1448 quam
2391 1385 2541 1435 tanta
2601 1379 2898 1437 divinitatis
2963 1382 3200 1451 potentia
3261 1390 3461 1439 nosset.

1887 1468 2075 1542 (VSRS.
2120 1469 2228 1543 10.)
2276 1470 2555 1536 Dicebant,
2603 1470 2798 1542 inquit,
2831 1471 3009 1529 Judtei
3049 1473 3128 1528 illi
3176 1475 3265 1546 qui
3306 1492 3464 1531 sanus

1888 1557 2040 1635 [Msa
2065 1560 2308 1633 sanatus]
2334 1561 2507 1632 fuerat
2531 1577 2551 1617 :
2584 1559 2869 1621 Sabbatttm
2920 1572 3017 1631 est,
3063 1580 3168 1621 non
3208 1564 3328 1621 licet
3369 1566 3463 1621 tibi

1885 1646 2065 1707 tollere
2088 1650 2363 1722 grabatum
2387 1662 2553 1707 tuum.
2586 1652 2851 1709 Litteram
2872 1652 3004 1727 legis
3029 1654 3191 1710 stulte
3212 1654 3466 1713 defende-

1887 1740 2021 1799 bant
2046 1741 2344 1812 ignorando
2371 1742 2824 1815 dispensationem
2857 1742 2994 1814 eius,
3023 1746 3115 1815 qui
3136 1746 3270 1821 legis
3297 1763 3467 1818 quon-

1892 1829 2016 1887 dam
2044 1831 2223 1887 edicta
2248 1844 2347 1903 per
2391 1846 2607 1888 servum
2635 1833 2951 1900 decernens,
2983 1850 3126 1889 nunc
3171 1835 3285 1909 ipse
3307 1836 3463 1891 advev

212 1941 299 1980 mo
329 1927 433 1983 iste
461 1926 750 1982 multorum
788 1925 1098 1983 inﬁrmitate
1138 1926 1388 1983 detentus
1423 1939 1685 1980 annorum
1714 1924 1788 1979 si-
1814 1921 1863 1981 B
1892 1919 2047 1977 niens
2095 1922 2343 1977 eamdem
2396 1921 2569 1997 legem
2608 1922 2782 1995 gratia
2828 1933 3041 1981 mutare
3081 1923 3378 1999 disposuit;
3409 1933 3469 1981 ut

205 2019 428 2095 gniﬁcat
477 2028 817 2091 peccatorem
870 2018 1203 2089 quemlibet,
1260 2016 1469 2073 enormi
1524 2015 1789 2072 scelerum

209 2111 578 2182 magnitudine
603 2111 686 2167 vel
730 2109 1117 2165 numerositate
1167 2108 1504 2177 depressum,
1535 2104 1688 2175 cujus
1716 2104 1789 2160 si-

204 2202 512 2274 gniﬁcando
540 2202 734 2269 reatui,
785 2201 949 2256 etiam
998 2208 1174 2255 motus
1200 2197 1388 2272 [Beda,
1412 2195 1625 2268 modus]
1657 2203 1794 2253 tem-

205 2292 375 2365 poris,
405 2308 510 2367 quo
538 2294 639 2351 iste
668 2292 974 2364 languebat,
1005 2289 1290 2363 congruit;
1322 2303 1449 2342 nam
1476 2286 1785 2357 duodequa-

204 2383 462 2455 draginta
519 2397 690 2447 annos
730 2382 966 2443 habebat
1006 2381 1063 2439 in
1092 2379 1406 2435 inﬁrmitate
1447 2377 1792 2449 :quadrage-

197 2477 397 2533 uarius
422 2482 600 2531 autem
662 2488 941 2539 numerus,
971 2471 1063 2543 qui
1104 2470 1325 2527 denario
1388 2476 1582 2541 quater
1629 2468 1791 2527 ducto

197 2565 510 2630 conﬁcitur,
541 2580 641 2639 pro
669 2563 996 2639 perfectione
1024 2568 1184 2620 recte:
1206 2557 1633 2617 conversationis
1653 2555 1792 2617 solet

199 2657 255 2717 in
284 2655 587 2726 Scripturis
624 2655 833 2727 accipi;
868 2654 994 2724 quia
1039 2652 1282 2727 quisquis
1321 2649 1614 2722 perfectam
1656 2663 1789 2707 con-

200 2749 569 2806 versationem
622 2745 755 2819 [Ms.
784 2756 830 2803 et
876 2745 1044 2811 Beda,
1072 2746 1324 2816 perfecue
1366 2743 1790 2805 conversationis

1889 2007 2202 2083 quodjuxta
2241 2011 2477 2069 litteram
2499 2013 2591 2069 diu
2619 2013 2866 2073 carnales
2893 2015 3186 2073 carnaliter
3211 2018 3466 2075 observa-

1888 2101 2039 2168 bant,
2082 2102 2337 2174 deinceps
2390 2103 2659 2173 spiritales
2720 2104 3035 2176 spiritaliter
3070 2107 3466 2163 observandum

1888 2203 2293 2265 cognoscerent.
2335 2195 2572 2251 Sabbato
2596 2196 2793 2268 quippe
2820 2196 2929 2272 [ΑΙ.
2964 2196 3205 2273 quidem]
3240 2198 3461 2265 carnali,

1889 2285 2031 2357 quod
2068 2284 2226 2353 juxta
2280 2285 2514 2341 litteram
2563 2287 2987 2353 custodiebatur,
3037 2288 3263 2360 populus
3292 2288 3461 2361 [Edit.

1888 2377 2225 2433 custodiebat
2271 2375 2525 2449 populus]
2557 2377 2623 2433 ab
2651 2377 2796 2433 omni
2843 2392 3008 2448 Opere
3056 2378 3239 2434 servili
3269 2378 3356 2434 die
3379 2393 3464 2437 se-

1888 2468 2055 2541 ptima
2081 2481 2272 2523 vacare
2301 2475 2602 2538 pmceptus
2629 2478 2750 2533 est;
2783 2467 3024 2541 spiritale
3062 2475 3243 2527 autem
3271 2468 3467 2529 sabba-

1890 2566 2004 2617 tum
2031 2566 2114 2615 est
2153 2557 2208 2613 in
2248 2558 2366 2617 luce
2428 2559 2616 2630 gratiae
2652 2560 2932 2632 spiritalis,
2982 2575 3100 2631 qua:
3136 2561 3464 2635 septiformis

1889 2653 2170 2724 accipitur,
2194 2652 2320 2725 quia
2342 2666 2446 2707 non
2471 2668 2599 2717 una,
2630 2654 2721 2709 sed
2744 2654 2891 2709 omni
2919 2653 3006 2711 die
3034 2669 3132 2710 nos
3157 2654 3227 2710 ab
3257 2654 3465 2726 inquie-

1890 2744 2072 2799 tudine
2122 2744 2378 2799 vitiorum
2429 2759 2649 2801 manere
2691 2744 2911 2803 feriatos
2961 2754 3190 2819 oportet.
3240 2746 3297 2804 Si
3319 2749 3464 2806 enim

201 2840 392 2915 opera]
426 2839 614 2912 egerit,
647 2838 781 2910 legis
801 2836 1044 2910 profecto
1071 2838 1386 2912 decalogum
1428 2851 1526 2908 per
1554 2844 1787 2909 quatuor
1878 2832 2037 2909 juxta
2070 2851 2254 2893 vocem
2283 2836 2638 2905 Dominicam,
2689 2839 2986 2910 omnis,qui
3015 2838 3145 2910 facit
3174 2851 3459 2911 peccatum.
3502 2846 3503 2849 ‘

203 2932 375 2993 sancti
430 2930 705 2998 Evangelii
742 2930 909 2988 libros
953 2930 1181 3003 implet:
1222 2931 1289 2986 ad
1318 2945 1481 3001 quam
1529 2927 1785 2985 nimirum

202 3023 591 3095 perfectionem
640 3020 806 3093 |Ms.,
858 3036 888 3079 a
915 3036 1077 3093 qua..
1107 3060 1121 3075 .
1159 3018 1509 3093 perfectione]
1553 3017 1659 3075 duo
1685 3017 1787 3075 mi-

203 3128 302 3173 nus
351 3112 537 3177 habet,
596 3109 743 3180 quia
772 3109 866 3165 Dei
905 3119 960 3162 et
984 3108 1214 3178 proximi
1267 3106 1573 3172 dilectione,
1616 3120 1780 3179 quam

202 3200 332 3275 legis
378 3202 588 3275 pariter
635 3209 690 3255 et
754 3198 1024 3271 Evangelii
1088 3197 1366 3271 Scriptura
1418 3195 1779 3260 commendat,

202 3272 403 3352 vacuus
428 3292 649 3349 incedit.
693 3291 843 3360 Quod
871 3291 1037 3345 etiam
1055 3290 1281 3365 mystice
1309 3289 1567 3349 Dominus
1586 3303 1782 3344 sanans
1808 3272 1857 3340 ο

202 3386 481 3447 inﬁrmum
520 3384 719 3449 docuit,
759 3398 878 3436 cum
907 3381 1023 3436 ait:

269 3482 434 3543 Vens.
475 3480 531 3536 8.
571 3506 642 3518 ——
682 3473 868 3547 Surge,
900 3471 1023 3529 tolle
1061 3472 1336 3545 grabatum
1384 3481 1551 3540 tuum,
1596 3481 1783 3528 etam-

202 3571 337 3628 bula.
379 3568 557 3642 Surge
614 3569 757 3627 enim
803 3567 1019 3635 dicitur,
1048 3569 1301 3625 vitiorum
1354 3575 1646 3640 torporem,
1682 3565 1781 3641 [in]

202 3665 393 3741 quibus
435 3665 535 3721 ditt
558 3662 874 3736 languebas,
903 3669 1115 3735 excute,
1158 3668 1211 3717 et
1238 3660 1307 3716 ad
1343 3661 1661 3717 exercitium
1680 3660 1783 3717 vir-

206 3763 397 3822 tutum,
430 3754 635 3826 quibus
663 3760 922 3827 perpetuo
952 3751 1199 3819 salveris,
1232 3751 1463 3824 erigere.
1496 3749 1640 3807 Tolle
1663 3769 1784 3824 gra-

203 3844 372 3907 batum
419 3856 600 3907 tuum,
627 3844 682 3898 id
709 3850 811 3908 est,
839 3850 1017 3913 porta.
1053 3840 1240 3909 Diligis
1265 3840 1568 3914 proximum
1594 3841 1784 3897 tuum?

202 3930 477 3991 Patienter
533 3932 648 4001 ejus
698 3930 911 3985 inﬁrma
976 3929 1254 3985 tolerando
1313 3936 1468 4001 porta
1500 3941 1564 3995 δ,
1616 3930 1707 4000 qui
1734 3938 1785 3984 te

202 4024 371 4083 adhuc
427 4025 790 4083 tentationum
836 4022 984 4077 fasce
1014 4022 1326 4094 depressum
1358 4021 1448 4079 diu
1493 4020 1785 4093 patienter-

202 4134 299 4193 que
328 4118 612 4177 sustinuit.
654 4116 817 4182 Alter,
848 4115 1012 4181 enim,
1046 4114 1259 4169 alterius
1304 4129 1461 4167 onera
1487 4122 1709 4185 portate,
1735 4122 1785 4167 et

199 4211 267 4264 sic
295 4208 655 4283 adimplebitis
683 4206 844 4277 legem
874 4203 1068 4259 Christi
1124 4200 1263 4275 (Cal.
1298 4218 1376 4267 vr,
1404 4201 1481 4273 2).
1546 4201 1615 4256 Et
1644 4202 1785 4257 sicut

200 4303 320 4360 alibi
349 4304 598 4361 dicitur:
642 4300 1010 4373 Supportantes
1046 4297 1261 4352 invicem
1291 4295 1343 4349 in
1374 4295 1650 4364 cltaritate,
1681 4294 1785 4349 sol-

199 4389 324 4447 liciti
352 4407 573 4448 servare
594 4389 842 4443 unitatem
865 4386 1077 4457 spiritus
1100 4385 1154 4438 in
1176 4381 1382 4438 vinculo
1395 4384 1539 4456 pacis
1567 4383 1780 4457 (Ephes.

200 4496 271 4543 tv,
297 4480 373 4555 2).
429 4477 665 4535 Ambula
693 4484 872 4531 autem
896 4492 910 4541 ;
955 4482 1066 4530 toto
1095 4474 1274 4547 corde,
1308 4480 1419 4528 tota
1447 4475 1648 4540 anima,
1672 4482 1786 4529 tota

1886 2942 2063 2981 servus
2101 2935 2176 2980 est
2195 2928 2390 2997 peccati
2416 2925 2595 3000 (Joan.
2628 2945 2747 2996 vni,
2776 2928 2887 3000 54).
2914 2937 3064 3005 patet
3087 2930 3291 3001 liquido
3335 2932 3462 3004 quia

1886 3022 2107 3089 peccata
2142 3022 2290 3071 recte
2319 3030 2484 3089 Opera
2529 3018 2743 3073 servilia
2789 3018 3179 3091 intelliguntur,
3209 3035 3239 3076 a
3269 3020 3464 3090 quibus

1866 3106 2039 3179 quasi
2069 3106 2122 3160 in
2161 3104 2249 3161 die
2277 3107 2502 3179 septima
2529 3107 2582 3161 in
2630 3108 2994 3178 praeceptione
3049 3107 3241 3182 [Beda,
3272 3125 3463 3187 perce-

1884 3196 2090 3269 ptione]
2119 3197 2310 3270 gratiae
2329 3198 2602 3271 Spiritalis,
2632 3200 2897 3255 immunes
2918 3201 3165 3257 incedere
3187 3198 3458 3271 jubemut‘,

1885 3302 1985 3344 nec
2014 3287 2185 3344 solum
2215 3303 2245 3342 a
2270 3290 2449 3361 pravis
2499 3290 2793 3357 continere,
2825 3291 2918 3349 sed
2948 3298 3001 3347 et
3024 3291 3181 3348 bouis
3212 3292 3464 3349 insistere

1886 3376 2063 3433 factis.
2102 3376 2302 3453 [Quod]
2331 3379 2385 3434 in
2415 3379 2518 3435 bac
2552 3396 2763 3453 quoque
2815 3381 3043 3439 lectione
3092 3383 3353 3441 Dominus
3384 3391 3465 3457 ty-

1887 3469 2010 3543 pice
2033 3470 2285 3537 ostendit,
2317 3486 2440 3527 cum
2467 3486 2592 3527 eum
2614 3473 2706 3545 qui
2735 3472 3263 3547 duodequadraginta
3293 3490 3465 3535 annos

1883 3559 2191 3633 languebat,
2215 3561 2268 3619 in
2298 3562 2383 3617 die
2412 3560 2620 3621 sabbati
2650 3578 2756 3620 non
2784 3563 2959 3621 solum
2995 3580 3240 3639 surgere,
3274 3581 3465 3627 verum

1883 3651 2048 3707 etiam
2075 3653 2359 3727 grabatum
2388 3652 2576 3711 tollere
2602 3662 2657 3713 et
2691 3655 2969 3713 ambulate
2993 3658 3249 3731 praecepit
3278 3676 3290 3713 :
3318 3658 3466 3715 vide-

1882 3738 2010 3798 licet
2046 3742 2325 3799 insinuans
2350 3757 2445 3803 eos
2472 3743 2560 3813 qui
2605 3743 2763 3815 longo
2791 3745 3047 3800 vitiorum
3100 3745 3360 3818 languore
3383 3746 3466 3800 ta-

1882 3835 2126 3899 bescunt,
2158 3840 2212 3888 et
2238 3833 2331 3911 Dei
2377 3849 2441 3889 ac
2461 3832 2693 3906 proximi
2723 3834 3008 3893 dilectione
3038 3834 3190 3910 [Ms.,
3223 3836 3466 3893 dilectio-

1884 3926 1995 4001 nis]
2032 3928 2239 3996 inanes,
2288 3927 2441 3999 quasi
2483 3943 2512 3981 a
2540 3927 2780 4001 perfecta
2817 3929 3077 3983 virtutum
3116 3944 3328 3984 summa
3356 3929 3461 3989 duo

1883 4018 2062 4074 minus
2090 4015 2306 4083 habent,
2351 4015 2462 4086 iam
2499 4032 2596 4089 per
2624 4018 2823 4075 donum
2874 4018 3049 4075 sancti
3075 4016 3310 4088 Spiritus
3335 4035 3365 4073 a
3384 4018 3465 4075 vi—

1885 4110 1974 4166 tiis
1998 4125 2155 4183 posse
2207 4123 2488 4181 resurgere
2517 4147 2533 4175 ,
2588 4122 2884 4181 eorumque
2940 4108 3185 4167 discusso
3223 4118 3463 4185 torpore,

1884 4214 2007 4255 cum
2038 4199 2291 4255 fraterna:
2339 4198 2646 4256 dilectionis
2692 4214 2858 4255 onere
2885 4200 2952 4255 ad
2978 4199 3240 4259 visionem
3269 4201 3466 4261 debere

1885 4293 1965 4353 sui
1990 4307 2280 4364 properare
2305 4290 2617 4348 conditoris.
2643 4288 2779 4345 Nam
2809 4292 3054 4367 sequitur
3079 4310 3092 4346 :

1954 4384 2117 4440 Vens.
2161 4384 2246 4441 14.
2284 4415 2355 4425 -—
2392 4382 2583 4441 Postea
2612 4384 2804 4439 invenit
2830 4402 2947 4439 eum
2990 4387 3144 4442 Jesus
3166 4385 3224 4439 in
3253 4383 3463 4458 templo,

1884 4486 1932 4534 et
1959 4477 2096 4536 dixit
2121 4479 2209 4533 ei:
2248 4476 2384 4534 Ecce
2410 4495 2570 4535 sanus
2601 4476 2772 4550 [hctus
2814 4495 2888 4544 es,
2933 4477 3053 4553 jam
3082 4476 3192 4533 noli
3228 4494 3463 4552 peccare,

198 4570 396 4628 vti-tute
426 4572 607 4627 Deum
637 4568 817 4640 dilige,
845 4575 901 4621 et
942 4572 1003 4620 ut
1031 4565 1099 4620 ad
1126 4566 1244 4636 ejus
1266 4564 1532 4620 visionem
1578 4565 1790 4634 pertiu-
1818 4636 1857 4645 _
1887 4587 1951 4625 ne
1977 4570 2203 4627 deterius
2257 4570 2352 4625 tibi
2394 4570 2596 4645 aliquid
2640 4570 2926 4644 contingat.
2974 4568 3127 4639 Quod
3188 4577 3369 4625 autem
3418 4568 3465 4624 is

199 4677 320 4733 gere
344 4662 642 4731 merearis,
673 4636 998 4730 qu—otidianis
1042 4658 1307 4713 bonorum
1345 4671 1571 4728 operum
1615 4657 1787 4728 passi-
1813 4636 1869 4697 θ
1891 4661 1981 4732 qui
2004 4670 2224 4716 sanatus
2249 4666 2331 4717 est
2366 4636 2552 4719 Iesum
2579 4677 2684 4717 non
2720 4660 2775 4719 in
2813 4636 2972 4716 turba
2999 4636 3199 4715 adhuc
3228 4660 3459 4733 positus,

198 4754 295 4812 bus
334 4757 402 4813 de
425 4757 638 4812 virtute
662 4753 716 4807 in
752 4752 1005 4807 virtutem
1036 4750 1381 4822 progredere,
1414 4763 1514 4804 nec
1561 4746 1786 4805 fratrem

201 4860 357 4916 quem
405 4845 721 4904 sulferendo
780 4844 933 4899 ducis
958 4845 1029 4898 ob
1074 4856 1313 4897 amorem
1378 4839 1493 4911 ejttis
1537 4842 1604 4898 ad
1628 4856 1790 4912 quem

170 4937 395 5009 pergis,
430 4938 662 4993 deseras
692 4932 846 5008 μη,
869 4931 1182 5005 deserens];
1222 4947 1323 4987 nec
1346 4933 1416 4988 ob
1442 4931 1629 4989 fratris
1650 4948 1792 4989 amo-

201 5040 331 5093 rem,
361 5030 432 5085 ab
474 5027 571 5085 illo
615 5025 903 5099 quaerendo
930 5039 1051 5080 cum
1091 5039 1198 5095 quo
1228 5039 1447 5081 manere
1490 5025 1788 5091 desideras,

198 5115 567 5177 intentionem
592 5117 727 5175 recti
758 5118 1003 5172 incessus
1036 5123 1255 5170 avertas
1289 5114 1442 5187 [Ms.,
1472 5115 1789 5189 avertens];

201 5212 296 5267 sed
318 5220 381 5268 ut
408 5209 661 5283 perfecte
699 5210 875 5282 possis
914 5208 1135 5273 salvari,
1163 5224 1337 5279 surge,
1370 5207 1493 5263 tolle
1518 5208 1792 5279 grabatum

201 5306 345 5356 Mm
374 5313 425 5357 et
462 5301 699 5367 ambula,
726 5300 785 5355 id
828 5306 933 5364 est,
978 5297 1220 5368 relinque
1267 5304 1491 5368 peccata
1535 5297 1787 5369 pristina,

200 5393 627 5449 necessitatibus
666 5390 897 5446 fratrum
953 5402 1229 5456 succurre,
1271 5395 1326 5442 et
1398 5388 1454 5442 in
1518 5387 1789 5442 universis

202 5496 323 5554 qua
350 5485 494 5557 agis,
527 5485 653 5539 vide
678 5497 747 5537 ne
788 5480 952 5552 509
991 5480 1046 5535 in
1098 5480 1203 5535 hoc
1228 5479 1427 5535 saeculo
1462 5486 1701 5536 mentem
1728 5478 1791 5533 fi-

203 5589 320 5644 gas,
349 5576 451 5631 sed
488 5575 560 5629 ad
587 5573 875 5629 videndum
899 5570 1092 5626 faciem
1116 5570 1193 5625 tui
1220 5568 1444 5627 festines
1470 5570 1792 5643 Redempto-

202 5662 300 5720 ris.
330 5665 514 5737 Surge
542 5664 683 5720 bona
726 5663 1017 5734 operando,
1046 5668 1199 5731 porta
1219 5662 1502 5733 grabatum
1524 5660 1791 5732 diligendo

269 5808 298 5838 ι
334 5797 490 5855 Beda
515 5804 583 5855 et
613 5813 716 5861 ms.

198 5866 390 5937 nudo,
420 5867 520 5940 qui
557 5875 631 5936 te,
651 5874 757 5925 etc.
788 5887 808 5922 ι

1893 4751 1987 4807 sed
2027 4758 2148 4821 post
2173 4750 2227 4811 in
2265 4752 2463 4825 templo
2512 4752 2801 4827 cognoscit,
2837 4751 3063 4825 mystice
3088 4769 3186 4809 nos
3235 4753 3469 4811 instituit

1892 4852 1953 4900 ut
1974 4845 2018 4898 si
2046 4857 2173 4899 vere
2219 4844 2512 4899 conditoris
2558 4846 2725 4901 nostri
2773 4845 3003 4920 gratiam
3042 4861 3386 4919 cognoscere,
3419 4845 3465 4899 si

1895 4933 2011 5005 ejus
2036 4950 2220 4995 arnore
2254 4934 2584 5002 conﬁrmari,
2617 4935 2663 4990 si
2689 4935 2757 4991 ad
2808 4936 2925 5009 ejus
2977 4936 3238 4995 visionem
3269 4951 3463 5006 pervc-

1895 5025 2014 5081 nire
2070 5025 2454 5091 desideramus,
2493 5025 2763 5101 fugiamus
2812 5026 3037 5084 sollicite
3090 5027 3323 5092 turbam,
3358 5040 3462 5079 non

1896 5117 2070 5173 solum
2116 5117 2448 5173 turbantium
2498 5132 2596 5173 nos
2642 5118 3027 5190 cogitationum
3075 5114 3468 5185 aﬂ‘ectuumque

1893 5222 2208 5287 pravorum,
2254 5222 2441 5263 verum
2463 5209 2626 5264 etiam
2657 5209 2933 5269 hominum
2970 5222 3224 5277 nequam,
3254 5207 3345 5277 qui
3371 5220 3467 5261 no-

1896 5307 2020 5355 strae
2058 5298 2384 5355 sinceritatis
2429 5307 2652 5369 possunt
2698 5298 2957 5372 impedire
2997 5295 3351 5368 propositum,
3382 5296 3467 5352 vel

1894 5391 2041 5447 mala
2075 5391 2322 5448 videlicet
2369 5393 2614 5465 exemplo
2645 5406 2744 5448 suo
2789 5389 3162 5453 monstrando,
3211 5388 3295 5444 vel
3323 5389 3465 5444 bona

1893 5489 2078 5537 nostra
2100 5497 2261 5552 opera
2290 5483 2599 5549 deridendo,
2637 5489 2727 5537 aut
2752 5482 2914 5537 etiam
2947 5479 3300 5551 prohibendo.
3330 5479 3469 5535 Con-

1892 5571 2162 5643 fugianius
2216 5572 2386 5631 seduli
2441 5574 2511 5630 ad
2537 5574 2755 5631 domm
2797 5571 3085 5637 orationis,
3117 5571 3211 5629 ubi
3257 5576 3466 5628 secreta

1893 5664 2145 5719 libertate
2172 5664 2457 5719 Dominum
2484 5664 2813 5728 invocantes,
2840 5672 2897 5718 et
2915 5661 2992 5720 de
3013 5662 3283 5738 perceptis
3305 5662 3373 5717 ab
3399 5673 3468 5718 eo

760 5815 774 5851 :
816 5816 838 5854 ι
870 5794 1014 5857 Tolle
1042 5794 1316 5871 grabatum
1352 5801 1520 5861 tuum,
1575 5801 1730 5867 porta
1771 5793 2001 5867 diligens
2030 5798 2335 5870 proximum
2381 5807 2559 5863 tuum,
2604 5795 2872 5868 patienter
2914 5796 3034 5869 eius
3077 5797 3291 5856 inﬁma
3326 5797 3467 5857 ωιο-
