4074 6440
1765 293 1821 314 ‘1»
1859 292 1866 297 '

638 396 747 456 807

1501 391 1562 447 Β.
1601 388 1664 444 ιε’.
1703 386 1929 443 ALBlNl
1968 385 2098 444 seu
2135 343 2428 446 ALCUINI.
2451 389 2734 446 OPERUM
2771 387 2950 447 rans
2988 392 3052 448 ιι.

3795 389 3901 449 808

634 509 915 571 beneﬁciis
949 507 1151 581 gratias
1171 520 1412 579 agamus,
1443 513 1498 559 et
1529 504 1595 558 de
1623 501 1986 573 perceptionis
2010 499 2140 573 [Ms.
2168 511 2216 556 et
2248 507 2298 565 Α
2394 504 2557 559 Vens.
2589 503 2654 557 l7
2714 534 2786 544 —
2824 504 2989 558 Pater
3019 520 3162 558 meus
3210 520 3375 576 usque
3429 505 3582 560 modo
3633 516 3904 576 operatur,

636 605 783 660 Beda
811 599 1190 674 percipiendis]
1223 598 1411 653 humili
1441 597 1726 652 devotione
1762 610 2062 665 precenmr.
2105 595 2218 650 lmo

636 695 801 752 etiam
840 695 939 764 ipsi
993 691 1247 761 templum
1300 689 1396 744 Dei
1443 696 1708 754 sanctum,
1736 687 1791 741 in
1817 702 1924 757 quo
1952 688 2138 742 venire
2163 697 2218 744 et

636 784 972 840 mansionem
1002 781 1180 836 facere
1233 781 1506 850 dignetur,
1543 780 1782 846 existere
1823 794 2092 841 curemus,
2121 793 2216 832 au-

635 875 845 931 dientes
883 873 950 928 ab
976 871 1268 943 Apostolo:
1313 873 1452 937 Quia
1484 888 1671 943 corpus
1705 882 1937 926 vestrum
1972 869 2218 941 templum

633 976 708 1021 est
737 964 963 1035 Spiritus
1010 965 1201 1028 sancti,
1233 963 1325 1034 qui
1367 963 1422 1017 in
1457 963 1600 1016 vobis
1636 971 1710 1017 est
1744 962 1799 1034 (Ι
1829 961 1952 1016 Cor.
1996 977 2072 1026 vr,
2101 959 2212 1032 19).

631 1057 776 1113 Inter
802 1072 922 1126 qua:
951 1057 1262 1129 diligentius
1291 1056 1628 1121 intuendum,
1684 1053 1884 1109 fratres
1910 1054 2036 1118 mei,
2067 1053 2216 1123 quod

631 1150 911 1206 inveniens
940 1151 994 1205 in
1036 1150 1236 1222 templo
1283 1165 1443 1220 quem
1495 1156 1805 1214 sanaverat,
1853 1147 2114 1202 Dominus
2141 1145 2217 1199 ait

630 1243 706 1298 illi
737 1262 750 1297 :
783 1243 919 1297 Ecce
947 1260 1108 1298 sanus
1135 1243 1306 1312 factus
1337 1259 1410 1308 es,
1444 1243 1560 1312 jam
1593 1241 1700 1295 noli
1722 1256 1958 1311 peccare,
1989 1254 2061 1292 no
2074 1237 2216 1290 dete-

630 1335 739 1390 rius
764 1335 856 1390 tibi
887 1334 1086 1406 aliquid
1114 1337 1398 1405 contingat.
1422 1333 1627 1400 Quibus
1656 1332 1836 1387 verbis
1854 1340 2040 1400 aperte
2061 1345 2214 1383 mon-

627 1437 834 1485 stratur
873 1428 997 1497 quia
1026 1437 1248 1498 propter
1273 1435 1492 1498 peccata
1527 1425 1830 1495 languebat,
1863 1437 1963 1477 nec
2004 1420 2108 1475 nisi
2134 1419 2214 1474 di-

626 1521 808 1576 missis
835 1520 1034 1575 eisdem
1065 1519 1303 1590 peccatis
1339 1525 1549 1587 poterat
1574 1517 1756 1572 sanari
1784 1533 1798 1582 ;
1835 1515 1930 1570 sed
1953 1515 2044 1584 qui
2081 1512 2212 1567 foris

626 1615 693 1669 ab
726 1613 1060 1678 inﬁrmitate,
1106 1613 1220 1682 ipse
1265 1611 1428 1665 etiam
1465 1611 1610 1664 intus
1663 1608 1893 1663 salvavit
1921 1625 1951 1662 a
1982 1607 2206 1662 scelere.

626 1705 778 1762 Unde
813 1714 868 1760 et
900 1713 1058 1761 caute
1085 1703 1408 1775 praemonuit
1446 1718 1513 1757 ne
1537 1702 1766 1772 amplius
1794 1701 2067 1771 peccando
2088 1715 2210 1770 gra-

622 1797 790 1853 vioris
847 1797 951 1853 sibi
1023 1797 1349 1853 sententiam
1418 1795 1780 1851 damnationis
1835 1793 2204 1848 contraheret.

623 1887 775 1955 Quod
801 1904 908 1942 non
939 1887 1013 1940 ita
1036 1887 1376 1942 sentiendum
1407 1895 1509 1952 est,
1550 1886 1704 1957 quasi
1731 1885 1907 1940 omnis
1936 1885 2027 1954 qui
2058 1882 2208 1938 inﬁr—
2239 1869 2283 1930 Β

621 1988 822 2044 matur,
846 1979 914 2034 ob
938 1988 1159 2049 peccata
1179 1977 1510 2032 inﬁrmetur.
1536 1998 1554 2031 ι
1591 1977 1746 2048 Stepe
1777 1976 2084 2030 inﬁrmatur
2115 1977 2211 2031 ho-

622 2086 712 2126 mo
741 2085 810 2124 ne
831 2071 1120 2125 extollatur
1145 2072 1199 2124 in
1245 2071 1399 2125 donis
1438 2069 1556 2135 Dei,
1613 2069 1755 2124 sicut
1781 2069 1847 2124 de
1873 2067 2038 2123 Paulo
2084 2085 2212 2138 apo-

553 2225 562 2234 ,
619 2163 759 2218 stolo
816 2162 1010 2233 legitur
1057 2163 1143 2235 (ΙΙ
1189 2163 1313 2218 Cor.
1353 2180 1452 2228 xu,
1493 2163 1587 2235 7);
1652 2178 1792 2232 sape
1830 2171 1892 2217 ut
1927 2164 2205 2233 probetur,

619 2254 928 2320 tribulatur,
955 2256 1094 2310 sicut
1122 2256 1267 2310 beati
1297 2254 1396 2309 Job
1425 2255 1687 2324 patientia
1721 2254 1970 2308 tribulata
2011 2263 2066 2309 et
2084 2270 2210 2325 pro-

617 2345 742 2400 hata
771 2352 893 2410 est;
942 2361 1082 2415 saepe
1123 2344 1412 2399 inﬁrmitas
1480 2360 1578 2414 pro
1625 2345 1981 2417 castigatione
2027 2347 2205 2412 datur,

617 2445 680 2492 ut
707 2435 835 2491 illud
863 2451 877 2490 :
908 2435 1172 2507 Flagellat
1210 2436 1353 2490 Deus
1394 2452 1598 2490 onmem
1629 2436 1819 2506 ﬁlium,
1846 2454 1998 2508 quem
2028 2438 2209 2508 recipit

619 2526 807 2600 (Hebr.
851 2545 952 2594 xu,
993 2529 1086 2601 6);
1138 2529 1463 2599 quibusdam
1489 2545 1620 2585 vero
1659 2529 1949 2585 inﬁrmitas
1977 2547 2075 2600 pro
2096 2531 2208 2602 glo-

617 2621 701 2677 ria
728 2622 823 2678 Dei
851 2623 1092 2688 datur,ut
1117 2623 1182 2678 de
1212 2638 1354 2678 caeco
1377 2631 1524 2688 nato,
1557 2623 1642 2678 vel
1669 2624 1732 2679 de
1761 2623 1969 2679 Lazaro
1990 2625 2203 2696 legitur.

616 2715 780 2773 Novit
808 2717 1066 2772 Dominus
1093 2733 1190 2788 pro
1228 2733 1334 2787 quo
1355 2717 1650 2787 quemlibet
1689 2716 1877 2786 jubeat
1922 2719 2204 2784 inﬁrmari,

612 2809 704 2868 vel
758 2810 996 2864 dimittat
1047 2825 1187 2878 stepe
1237 2809 1450 2864 occulto
1500 2809 1810 2864 hominibus
1853 2808 2080 2880 judicio,
2112 2811 2207 2865 sed

616 2917 896 2970 nunquam
926 2901 1146 2970 injusto.
1186 2919 1203 2950 (
1241 2899 1347 2955 Sed
1379 2901 1652 2955 discamus
1700 2901 1928 2972 ﬂagellis
1977 2902 2206 2972 piissimi

616 2991 995 3062 Redemptoris
1035 2990 1205 3044 nostri
1231 2990 1508 3044 humiliter
1552 2991 1843 3055 substerni,
1883 2991 2207 3046 arbitrantes

616 3100 717 3142 nos
751 3084 930 3138 minus
953 3081 1065 3153 pati
1094 3098 1257 3152 quam
1287 3098 1581 3148 meremur,
1635 3098 1850 3152 semper
1880 3083 2042 3154 510
2067 3084 2208 3140 illius

615 3177 898 3234 sententiae
934 3190 1200 3230 memores
1228 3189 1242 3228 :
1278 3173 1414 3240 Quia
1442 3174 1620 3228 beatus
1671 3174 1848 3240 homo,
1871 3175 1961 3246 qui
1988 3176 2210 3246 corripi-

617 3277 705 3323 tur
733 3286 766 3321 a
801 3267 1028 3321 Domino
1071 3266 1212 3338 (Job.
1243 3281 1292 3330 v,
1322 3265 1432 3336 i7).
1497 3265 1566 3319 Et
1611 3265 1807 3336 ipsein
1833 3265 2153 3338 Apocalypsi
2187 3283 2202 3321 :

617 3351 752 3428 Ego,
801 3357 993 3425 inquit,
1027 3372 1157 3426 quos
1191 3373 1328 3418 amo,
1364 3373 1528 3425 arguo
1558 3366 1604 3410 et
1637 3357 1834 3427 castigo
1885 3357 2069 3428 (Apoc.
2118 3375 2203 3423 ιιι,

619 3438 732 3518 19).
774 3445 1041 3517 Longaevo
1066 3454 1245 3500 autem
1269 3446 1564 3516 languenti,
1604 3447 1831 3502 interius
1859 3451 2207 3519 exteriusque

617 3545 831 3602 sanato,
861 3537 915 3591 id
943 3546 1044 3600 est,
1073 3547 1127 3590 et
1154 3553 1184 3590 a
1230 3536 1456 3607 ﬂagellis
1509 3547 1710 3606 apertae
1753 3540 2126 3611 castigationis
2154 3552 2208 3597 et

617 3644 648 3682 a
676 3625 914 3698 peccatis
957 3625 1152 3695 quibus
1195 3626 1310 3680 hazc
1365 3625 1674 3680 merebatur
1704 3637 1892 3698 erepto
1921 3645 1935 3694 ;
1979 3629 2148 3685 Judaei
2176 3648 2208 3687 e

618 3730 809 3780 contra
839 3718 978 3772 male
1021 3717 1168 3773 intus
1218 3717 1458 3788 languidi
1491 3718 1604 3788 jam
1656 3719 1894 3775 deterius
1941 3733 2208 3794 aegrotare

618 3817 900 3883 incipiunt,
931 3815 1309 3887 persequendo
1328 3814 1583 3870 videlicet
1629 3815 1835 3880 Jesum,
1861 3818 1954 3888 qui
1984 3819 2086 3874 hoc
2127 3819 2209 3874 fa-

617 3921 768 3970 ceret
797 3911 850 3966 in
880 3912 1127 3966 sabbato.
1179 3908 1651 3979 Persequebantur
1694 3920 1874 3965 autem
1900 3928 2022 3966 eum
2053 3915 2208 3983 quasi

616 4003 752 4076 legis
781 4003 1162 4059 auctoritatem
1187 4001 1346 4056 simul
1366 4009 1422 4055 et
1450 4002 1646 4057 divina:
1665 4003 1999 4072 operationis
2024 4019 2209 4060 exem-

615 4098 705 4170 pla
731 4095 902 4152 secuti
927 4111 942 4160 ;
971 4093 1100 4164 quia
1139 4100 1194 4147 et
1221 4091 1480 4147 Dominus
1529 4108 1621 4148 sex
1658 4093 1849 4149 diebus
1878 4095 2060 4149 mundi
2086 4111 2210 4164 pcr-

617 4187 760 4245 fecta
797 4187 1093 4252 creatione,
1151 4184 1383 4254 septimo
1433 4184 1698 4254 requievit
1737 4184 1926 4256 [Beda,
1995 4185 2209 4257 requie-

615 4279 779 4354 verit]
811 4281 879 4336 ab
925 4278 1174 4334 omnibus
1230 4277 1486 4346 operibus
1533 4279 1667 4344 suis,
1727 4286 1779 4332 et
1811 4278 2069 4349 populum
2111 4293 2207 4334 sex

618 4380 808 4434 diebus
835 4377 1071 4448 operari,
1113 4375 1343 4443 septimo
1374 4390 1568 4430 vacare
1609 4377 1963 4445 praeceperit;
1998 4393 2104 4431 non
2129 4377 2210 4430 in—

619 4470 921 4539 telligentes
947 4468 1073 4536 quia
1095 4466 1336 4520 carnalia
1364 4466 1498 4537 legis
1524 4468 1740 4522 decreta
1773 4468 2032 4537 paulatim
2053 4477 2209 4522 erant

2318 603 2366 648 et
2400 612 2492 664 ego
2519 611 2722 659 operor.
2770 595 3040 666 Operatur
3091 596 3252 651 Pater
3282 604 3337 653 et
3370 597 3554 664 Filius,
3584 605 3646 652 ut
3685 608 3906 653 natura-

2318 701 2436 739 rum
2464 685 2748 740 diversitas
2776 697 3114 756 permaneat,
3163 704 3283 758 quae
3311 688 3366 742 in
3392 688 3564 759 prima
3595 689 3905 745 conditione

2317 777 2502 831 mundi
2532 778 2764 833 condita:
2816 788 2961 833 sunt.
2993 780 3120 835 Ideo
3171 780 3374 836 dictum
3431 788 3514 836 est
3544 781 3600 836 in
3641 780 3898 838 Psalmo:

2319 866 2424 933 Qui
2454 869 2608 938 finxit
2633 868 2946 940 singillatim
2971 870 3130 925 corda
3161 887 3342 926 eorum
3373 869 3546 943 (Psal.
3582 887 3763 937 xxxii,
3794 873 3901 940 15),

2317 976 2426 1015 non
2453 961 2726 1032 incognita
2773 963 3078 1018 animarum
3106 978 3323 1034 genera,
3365 963 3472 1018 .sed
3499 961 3749 1033 ejusdem
3782 967 3902 1022 sub-

2317 1055 2528 1109 stantiae
2555 1055 2782 1121 animas,
2809 1071 2929 1126 quae
2975 1056 3031 1110 in
3055 1057 3233 1126 primo
3283 1057 3502 1112 homine
3546 1058 3769 1114 condita
3796 1067 3899 1128 est,

2318 1143 2593 1200 reformat.
2627 1165 2644 1197 ‹
2680 1146 2708 1186 b
2740 1146 3082 1218 Quap‘rOpter
3101 1147 3386 1204 Psalmista
3420 1165 3547 1204 cum
3575 1165 3687 1206 non
3733 1152 3897 1208 solum

2315 1237 2713 1306 primordialem
2737 1239 2922 1294 mundi
2951 1241 3308 1306 creationem,
3332 1241 3426 1296 sed
3447 1251 3504 1295 et
3527 1243 3897 1312 quotidianam

2315 1336 2576 1384 creaturae
2622 1331 3068 1400 gubernationem
3098 1331 3166 1386 ad
3192 1331 3408 1386 laudem
3446 1333 3717 1388 creatoris
3741 1333 3902 1390 refer-

2315 1431 2417 1488 ret,
2461 1423 2537 1476 ait
2588 1423 2732 1477 inter
2781 1431 3021 1478 cmtera:
3081 1424 3276 1479 Omnia
3330 1425 3387 1479 in
3425 1426 3687 1496 sapientia
3739 1427 3899 1497 fecisti

2315 1514 2488 1586 (Psal.
2544 1532 2660 1581 cm,
2688 1515 2802 1588 24).
2846 1515 2906 1571 Si
2961 1526 3142 1572 autem
3173 1515 3448 1572 Christum
3497 1517 3596 1574 Dei
3647 1519 3896 1574 virtutem

2313 1615 2368 1663 et
2393 1608 2489 1664 Dei
2509 1609 2829 1680 sapientiam
2860 1617 3011 1664 recte
3057 1608 3400 1676 conﬁtemur,
3429 1619 3486 1664 et
3517 1611 3699 1666 omnia
3733 1611 3789 1665 in
3815 1626 3898 1665 sa-

2311 1701 2516 1771 pientia
2557 1702 2686 1758 fecit
2718 1719 2780 1758 ac
2831 1701 2970 1774 regit
2997 1702 3158 1768 Deus,
3211 1709 3426 1758 constat
3469 1702 3721 1757 nimirum
3771 1703 3900 1772 quia

2311 1794 2473 1849 Pater
2519 1812 2688 1865 usque
2738 1796 2899 1852 modo
2953 1803 3230 1866 operatur,
3273 1804 3533 1866 operatur
3583 1804 3638 1850 et
3680 1795 3897 1860 Filius;

2313 1903 2442 1959 ergo
2470 1889 2632 1943 Pater
2652 1907 2816 1954 meus,
2848 1890 3041 1959 inquit,
3090 1905 3198 1944 non
3229 1889 3404 1945 solum
3447 1905 3566 1955 sex,
3598 1899 3662 1944 ut
3678 1893 3895 1960 putatis,

2313 1981 2501 2036 diebus
2529 1983 2719 2051 primis
2748 1990 3002 2053 operatus
3029 1993 3130 2048 est,
3167 1998 3356 2037 verum
3402 2000 3569 2055 usque
3599 1985 3760 2038 modo
3787 2003 3897 2057 ope-

2313 2082 2483 2139 ratur,
2517 2089 2622 2128 non
2654 2090 2851 2129 novum
2883 2084 3151 2130 creaturae
3204 2090 3374 2146 genus
3430 2076 3790 2139 instituendo,
3814 2078 3896 2131 sed

2310 2182 2432 2237 qua:
2460 2167 2514 2221 in
2545 2167 2811 2238 principio
2833 2176 3134 2233 creaverat,
3160 2183 3227 2224 ne
3250 2167 3505 2223 deﬁciant
3531 2169 3892 2239 propagando.

2310 2257 2381 2312 Et
2403 2276 2495 2329 ego
2519 2276 2722 2330 operor,
2763 2260 3104 2325 subauditur,
3135 2276 3303 2331 usque
3341 2260 3519 2324 modo,
3545 2275 3675 2314 cum
3698 2275 3766 2314 eo
3789 2275 3898 2312 cun-

2310 2356 2396 2402 cta
2426 2349 2732 2419 disponens,
2765 2364 2976 2420 regens,
3008 2349 3390 2415 accumulans;
3453 2364 3517 2404 ac
3542 2351 3590 2404 si
3620 2362 3806 2420 aperte
3825 2349 3896 2404 di-

2309 2447 2432 2493 cat:
2466 2438 2603 2505 Quid
2649 2439 2780 2494 mihi
2814 2439 3112 2494 invidetis?
3149 2438 3258 2494 Cur
3283 2454 3369 2494 me
3393 2438 3749 2509 vituperatis,
3789 2431 3896 2493 caeci

2309 2529 2442 2600 legis
2507 2529 2738 2584 lectores
2778 2527 2968 2602 [Beda,
3018 2528 3402 2600 legislatores],
3456 2531 3606 2600 quod
3642 2530 3702 2584 in
3743 2529 3895 2583 forma

2310 2619 2544 2674 hominis
2593 2619 2817 2674 sabbato
2874 2620 3105 2675 salutem
3158 2621 3317 2676 unius
3379 2621 3621 2676 hominis
3658 2631 3897 2691 operatus

2311 2711 2433 2776 sim,
2465 2712 2557 2782 qui
2608 2712 2662 2766 in
2695 2721 2889 2766 natura
2924 2712 3221 2766 divinitatis
3268 2728 3375 2766 una
3421 2729 3548 2769 cum
3599 2715 3718 2770 Deo
3754 2715 3897 2770 Patre

2311 2809 2483 2855 totum
2530 2818 2698 2874 genus
2726 2803 3041 2868 humanum,
3076 2803 3184 2858 imo
3246 2811 3412 2858 totam
3458 2806 3650 2860 mundi
3705 2807 3898 2862 machi~

2311 2908 2457 2958 nam,
2486 2901 2540 2948 et
2561 2902 2756 2948 cuncta
2783 2894 3015 2948 visibilia
3054 2903 3110 2949 et
3137 2895 3426 2949 invisibilia
3452 2897 3678 2965 quietus
3701 2913 3899 2968 semper

2311 2985 2550 3052 operor?
2589 2983 2693 3038 Sed
2725 2985 2824 3054 ipsi
2879 2985 3000 3040 talis
3030 3001 3096 3040 ac
3127 2987 3260 3040 tanti
3300 2988 3542 3058 mysterii
3603 2990 3788 3044 minus
3817 3007 3897 3046 οι-

2311 3091 2493 3146 paces,
2525 3087 2808 3148 prOpterea
2848 3079 3021 3150 magis
3068 3080 3382 3149 quzrrebant
3423 3095 3548 3135 eum
3581 3082 3896 3147 interﬁcere,

2313 3171 2438 3240 quia
2469 3187 2577 3224 non
2625 3172 2798 3226 solum
2831 3172 3071 3228 solvebat
3123 3175 3426 3241 sabbatum,
3469 3177 3562 3230 sed
3603 3187 3660 3232 et
3695 3178 3899 3235 Patrem

2313 3278 2471 3317 suum
2492 3262 2705 3318 dicebat
2728 3264 2916 3329 Deum,
2957 3265 3220 3334 aequalem
3259 3282 3318 3321 se
3359 3267 3566 3324 faciens
3591 3270 3726 3324 Deo.
3758 3270 3815 3324 In
3843 3284 3899 3325 eo

2309 3353 2544 3428 maxime
2568 3355 2838 3421 dolebant,
2866 3356 2992 3425 quia
3025 3356 3071 3410 is
3095 3373 3256 3427 quem
3279 3374 3468 3413 verum
3499 3376 3566 3414 ex
3591 3361 3900 3416 inﬁrmitate

2309 3445 2492 3500 carnis
2522 3446 2793 3500 hominem
2829 3457 3214 3516 cognoverant,
3262 3464 3451 3503 verum
3480 3465 3540 3505 se
3589 3450 3687 3505 Dei
3715 3451 3900 3506 Filium

2309 3539 2457 3592 credi
2488 3538 2762 3604 voluisset,
2806 3539 2858 3592 id
2895 3549 2997 3604 est,
3023 3556 3129 3595 non
3157 3541 3334 3611 gratia
3355 3545 3696 3613 adoptatum,
3722 3554 3786 3598 ut
3809 3559 3902 3600 c2-

2309 3638 2454 3686 teros
2480 3640 2714 3697 sanctos,
2745 3633 2940 3702 quibus
2979 3632 3220 3704 loquitur
3246 3634 3519 3706 Propheta
3571 3656 3583 3691 :
3628 3637 3744 3709 Ego
3774 3640 3897 3700 diri,

2309 3724 2384 3776 dii
2420 3725 2562 3787 estis,
2610 3734 2657 3778 et
2712 3724 2812 3794 lilii
2868 3726 3079 3781 Excelsi
3125 3744 3302 3782 omnes
3359 3728 3535 3791 (Psal.
3580 3747 3776 3797 Lxxxt,
3816 3731 3898 3802 6);

2311 3815 2406 3869 sed
2436 3825 2628 3870 natura
2657 3815 2803 3870 Patri
2824 3832 2920 3886 per
2957 3818 3138 3872 omnia
3168 3820 3434 3889 :equalem
3461 3831 3509 3874 ο.
3560 3841 3579 3872 ι

2381 3913 2684 3970 Notandum
2729 3932 2858 3970 sane
2902 3917 3046 3986 quod
3082 3918 3286 3972 dictum
3313 3927 3415 3984 est,
3463 3921 3723 3992 a’qualem
3751 3940 3807 3977 se
3829 3923 3901 3991 fa-

2311 4005 2449 4058 ciens
2481 4005 2612 4070 Deo,
2639 4021 2666 4058 a
2685 4003 2992 4060 Judazorum
3014 4022 3244 4076 persona
3273 4009 3498 4076 dictum,
3528 4013 3620 4080 qui
3651 4015 3903 4081 putabant

2310 4095 2598 4149 Dominum
2630 4094 2811 4149 Jesum
2845 4097 3188 4166 praedicando
3214 4115 3272 4154 se
3302 4099 3482 4156 facere
3510 4103 3656 4171 quod
3683 4121 3792 4159 non
3821 4120 3900 4160 es-

2312 4198 2414 4253 set,
2441 4196 2497 4242 et
2516 4205 2621 4242 non
2647 4187 2916 4242 veraciter
2947 4189 3199 4244 intimare
3215 4192 3356 4262 quod
3379 4202 3546 4248 esset.
3570 4213 3588 4244 ι
3609 4193 3634 4233 ἀ
3652 4194 3903 4249 Commoti

2311 4281 2475 4351 igitur
2505 4280 2702 4344 Judtri,
2736 4290 2782 4333 et
2812 4280 3076 4354 indignati
3099 4294 3242 4338 sunt.
3277 4284 3468 4340 Merito
3497 4288 3743 4357 quidem,
3769 4288 3902 4360 quod

2313 4371 2545 4424 audebat
2572 4372 2732 4425 homo
2757 4373 3018 4443 aequalem
3050 4391 3108 4430 se
3136 4376 3316 4432 facere
3340 4378 3451 4433 Deo
3475 4395 3488 4444 ;
3536 4381 3634 4435 sed
3662 4382 3788 4436 ideo
3813 4384 3903 4438 im-

2311 4465 2527 4527 merito,
2561 4465 2688 4534 quia
2714 4465 2767 4520 in
2793 4467 3012 4522 homine
3042 4485 3148 4524 non
3168 4471 3541 4543 intelligebant
3563 4474 3758 4531 Deum.
3784 4475 3902 4531 Car-

621 4558 849 4631 spiritali
880 4556 1322 4626 interpretatione
1361 4557 1637 4622 mutanda,
1677 4569 1969 4626 apparente
2003 4559 2092 4612 illo
2117 4560 2206 4628 qui
2238 4595 2292 4655 D
2314 4571 2438 4610 nem
2466 4555 2736 4622 videbant,
2795 4559 2962 4612 Deum
2994 4563 3306 4618 nesctebam
3337 4579 3352 4628 ;
3392 4564 3772 4622 habitaculum
3795 4583 3902 4622 eer-

622 4666 730 4707 non
762 4655 968 4702 tantum
995 4645 1288 4716 lcgislator,
1318 4646 1413 4701 sed
1443 4654 1497 4701 et
1524 4647 1644 4716 ﬁnis
1684 4646 1810 4716 legis
1841 4658 1916 4702 est
1945 4647 2207 4715 Christus,

623 4741 692 4797 ad
730 4738 998 4811 justitiam
1029 4737 1169 4790 omni
1195 4737 1426 4792 credenti
1468 4736 1640 4809 (Rom.
1667 4754 1721 4803 x,
1751 4737 1805 4809 4)
1835 4755 1848 4803 ;
1887 4756 2063 4810 neque
2084 4743 2206 4796 ani-

622 4835 1024 4892 madvertentes
1081 4832 1207 4902 quia
1243 4831 1489 4886 conditor
1538 4831 1590 4884 in
1619 4833 1705 4887 die
1755 4835 1983 4904 septima
2014 4851 2118 4890 non
2145 4836 2211 4889 ab

623 4943 788 4999 opere
816 4925 1100 4981 mundana:
1130 4924 1534 4995 gubernationis
1563 4932 1618 4977 et
1639 4941 1849 4988 annuat,
1887 4926 1994 4980 imo
2037 4925 2214 4996 quoti-

623 5022 783 5079 diana
853 5018 1001 5093 [Ms.,
1053 5017 1381 5073 cottidiante.
1437 5056 1452 5071 .
1508 5056 1522 5069 .
1555 5017 1976 5090 substitutionis]
2030 5033 2212 5072 rerum

625 5119 936 5168 creatarum
991 5107 1393 5170 substitutione,
1452 5107 1546 5162 sed
1589 5123 1621 5160 a
1658 5123 1796 5163 nova
1833 5117 2211 5163 creaturarum

625 5205 966 5262 institutione
995 5201 1227 5258 cessavit
1251 5215 1297 5255 ιι.
1323 5222 1340 5252 ι
1374 5201 1527 5268 Quod
1563 5217 1689 5256 vero
1714 5203 1927 5266 dicitur,
1948 5201 2214 5273 Requievit

625 5297 769 5354 Deus
818 5297 872 5350 in
901 5296 985 5350 die
1037 5295 1254 5365 septimo
1302 5293 1367 5348 ab
1395 5294 1633 5348 omnibus
1684 5294 1920 5365 operibus
1967 5294 2099 5360 suis,
2138 5296 2213 5350 ita

625 5391 1035 5462 intelligendum
1075 5397 1181 5454 est,
1206 5402 1450 5443 cessasse
1476 5387 1644 5441 Deum
1681 5403 1711 5440 a
1737 5402 1998 5441 novarum
2029 5390 2214 5444 condi-

626 5482 776 5539 tione
825 5488 1220 5537 creaturarum.
1265 5478 1404 5545 Quid
1434 5491 1563 5531 vero
1590 5478 1678 5532 hic
1708 5477 1822 5548 ipsa
1853 5479 2066 5535 Veritas
2087 5481 2214 5537 ait?

701 5627 728 5655 ι
767 5611 866 5666 Hic
891 5628 999 5665 non
1027 5613 1258 5667 obscure
1279 5610 1419 5664 Beda
1446 5610 1666 5663 minime
1695 5614 2098 5670 contradicente
2127 5617 2215 5674 hic

629 5683 857 5739 Alcuino
879 5683 1093 5737 videtur
1118 5697 1317 5749 negare
1343 5680 1708 5749 quotidianam
1739 5684 2039 5740 animarum
2069 5704 2217 5745 crea-

632 5755 874 5810 tionem:
915 5753 1057 5822 quod
1087 5751 1250 5822 paulo
1288 5759 1408 5822 post
1462 5751 1660 5806 clarius
1689 5754 1928 5810 declarat
1970 5758 2054 5813 his
2095 5776 2214 5815 ver-

630 5823 760 5880 bis:
803 5824 921 5895 Non
950 5840 1150 5895 novum
1207 5831 1470 5878 creatura:
1515 5838 1684 5894 genus
1737 5825 2092 5895 instituendo,
2123 5833 2217 5888 sed

635 5906 804 5966 quaea
845 5894 1113 5968 principio
1143 5901 1443 5962 creaverat,
1489 5910 1559 5952 ne
1607 5895 1877 5967 deﬁciant,
1912 5915 2216 5975 propagan-

2318 4649 2540 4712 nehant,
2565 4648 2925 4704 habitatorem
2950 4652 3294 4722 ignorabant.
3327 4655 3466 4710 Caro
3494 4658 3646 4712 enim
3670 4659 3760 4713 illa
3783 4669 3903 4714 tem»

2315 4740 2460 4810 plum
2488 4753 2626 4808 erat,
2667 4743 2808 4801 Deus
2858 4745 3198 4801 inhabitabat
3227 4747 3390 4804 intus.
3431 4748 3550 4804 Non
3596 4766 3732 4822 ergo
3761 4750 3902 4807 Iesus

2316 4848 2538 4889 carnem
2572 4837 2823 4905 wquabat
2850 4837 3020 4902 Patri,
3079 4853 3186 4892 non
3233 4838 3466 4895 formam
3503 4843 3654 4897 servi
3689 4843 3902 4898 Domino

2317 4933 2668 5000 comparabat
2693 4951 2705 4985 :
2749 4949 2855 4987 non
2883 4934 3027 5004 quod
3058 4934 3258 4989 factum
3297 4946 3382 4991 est
3418 4947 3648 5008 propter
3677 4955 3797 5003 nos,
3819 4938 3902 4994 sed

2317 5022 2459 5090 quod
2479 5031 2599 5076 erat
2624 5025 2840 5094 quando
2884 5025 3014 5082 fecit
3058 5041 3176 5083 nos.
3211 5026 3342 5095 Quis
3372 5044 3607 5099 namque
3660 5031 3732 5085 sit
3753 5030 3900 5087 Chri-

2317 5123 2454 5180 stus,
2490 5116 2792 5184 (catholicis
2814 5118 3052 5191 loquor,)
3085 5122 3278 5187 nostis,
3329 5123 3455 5193 quia
3504 5123 3647 5180 bene
3677 5125 3902 5180 credidi-

2317 5225 2453 5266 sus:
2486 5227 2593 5266 non
2639 5213 2875 5267 Verbum
2907 5221 3136 5280 tantum,
3182 5231 3287 5270 non
3344 5232 3474 5271 caro
3531 5227 3787 5285 tantum;
3819 5217 3903 5274 sed

2313 5300 2550 5380 .Verbum
2581 5321 2704 5358 caro
2735 5305 2933 5372 factum.
2963 5315 3060 5371 est,
3087 5316 3135 5361 et
3163 5307 3415 5363 habitavit
3449 5309 3632 5383 [Aug.,
3670 5322 3728 5365 ut
3766 5310 3906 5366 [tabi-

2318 5393 2474 5465 taret]
2517 5395 2568 5448 in
2605 5396 2773 5449 nobis.
2823 5395 3124 5452 Recensete
3165 5398 3231 5453 de
3281 5400 3476 5466 Verbo,
3526 5404 3673 5472 quod
3719 5402 3902 5458 nostis.

2319 5490 2385 5546 In
2404 5495 2662 5566 principio
2683 5505 2794 5550 erat
2826 5493 3070 5563 Verbum,
3093 5507 3142 5551 et
3171 5495 3398 5554 Verbum
3417 5511 3528 5555 erat
3551 5503 3697 5572 apud
3719 5502 3907 5568 Delta.

2319 5626 2408 5682 do.
2458 5628 2744 5684 Mauram.

2390 5699 2417 5739 δ
2455 5699 2533 5753 Ex
2572 5701 2760 5755 eadem
2787 5701 3004 5757 homilia
3030 5702 3207 5758 Bedze.

2392 5781 2414 5842 ς
2457 5770 2746 5842 [lucusque
2769 5788 2835 5827 ex
2866 5773 3083 5828 homilia
3116 5775 3144 5826 7
3169 5774 3346 5834 Beda.

2389 5839 2426 5915 ει,
2458 5839 2517 5897 S.
2559 5839 2678 5914 Aug
2698 5844 2902 5901 .Tract.
2926 5859 3058 5900 xvin
3095 5845 3150 5901 in
3170 5845 3356 5916 Joan.,
3379 5863 3531 5904 num.
3560 5850 3611 5910 ἢ
