4088 6340
193 358 284 415 εςθ

981 349 1395 403 executus.
1436 375 1504 387 -
1538 344 1892 400 (λυΜΜΕΜ.
1930 344 1998 401 lN
2033 343 2222 402 JOAN.
2263 375 2335 383 —
2368 343 2496 400 us.
2534 332 2621 399 tu.

3306 343 3411 398 810

202 465 342 542 511
378 471 426 516 et
458 457 601 514 Deus
636 467 745 514 erat
776 455 1019 511 Verbum.
1069 456 1169 511 ilic
1196 455 1473 524 aequalitas
1505 469 1626 508 cum
1657 452 1758 506 Pa—
1783 458 1833 515 Α
1861 454 2134 524 subjunxit
2163 472 2176 507 :
2203 454 2385 525 (Vens.
2431 452 2522 523 20)
2549 452 2710 507 Pater
2747 451 2885 507 enim
2919 424 3091 523 diligit
3126 450 3345 520 Fit'ium,
3371 466 3421 509 et

202 567 292 611 tre.
339 549 444 606 Sed
496 546 719 602 Verbum
739 563 862 600 caro
884 546 1083 615 factum
1112 553 1207 607 est,
1238 553 1284 597 et
1312 543 1564 597 habitavit
1592 542 1645 594 in
1662 557 1757 595 ne-

192 646 307 700 .bis:
343 643 446 701 hac
472 653 633 694 carne
659 636 830 705 major
858 645 938 690 est
965 636 1145 690 Pater.
1184 634 1265 689 Ita
1298 634 1458 688 Pater
1482 642 1537 687 et
1573 646 1759 700 mqua-

203 733 264 787 lis
289 736 339 784 et
366 724 574 794 major:
613 723 835 794 aqualis
863 722 1061 786 Verbo,
1102 721 1273 789 major
1309 736 1508 784 carne;
1540 718 1762 787 aequalis

202 821 248 877 ei
270 833 359 889 per
395 830 554 886 quem
582 814 710 868 fecit
739 828 855 875 nos,
898 810 1068 880 major
1093 827 1157 865 eo
1202 812 1292 880 qui
1321 809 1499 864 factus
1526 818 1608 863 est
1633 824 1761 877 pro-

203 917 312 979 pter
346 919 462 959 nos.
502 923 521 954 ι
561 901 855 957 Commotis
886 915 1014 953 vero
1047 909 1101 953 et
1138 900 1367 953 turbatis
1394 896 1612 960 Iudaeis,
1640 895 1764 963 quia

203 1015 255 1055 se
273 996 529 1067 aequalem
573 992 821 1048 Christus
856 992 1003 1046 Patri
1034 990 1180 1056 fecit,
1226 990 1318 1061 qui
1349 989 1619 1044 hominem
1649 995 1765 1039 tan-

205 1086 466 1144 tummodo
509 1083 911 1144 intellexerunt,
958 1096 1065 1136 non
1114 1082 1317 1144 Deum;
1358 1093 1574 1133 carnem
1614 1076 1765 1131 vide-

203 1187 336 1242 runt,
367 1175 700 1232 divinitatem
735 1189 841 1227 non
868 1173 1247 1236 crediderunt;
1278 1171 1410 1225 dixit
1438 1170 1584 1224 enim
1611 1186 1623 1221 :

267 1268 426 1321 Vsus.
455 1264 538 1319 19.
560 1294 631 1303 -
655 1261 776 1316 Non
792 1272 955 1333 potest
972 1280 1003 1315 α
1020 1278 1073 1315 se
1088 1261 1132 1313 F
1136 1261 1258 1319 ilius
1271 1260 1441 1330 facere
1459 1259 1763 1331 quidquam,

200 1358 294 1411 nisi
319 1356 457 1426 quod
482 1353 667 1407 viderit
695 1352 908 1406 Patrem
930 1351 1225 1421 facientem.
1255 1368 1272 1400 ‹
1298 1363 1323 1391 a
1340 1349 1455 1404 Non
1480 1350 1585 1404 alia
1606 1364 1768 1418 opera

202 1446 325 1501 facit
353 1444 517 1499 Pater
557 1456 675 1511 qua:
727 1441 906 1496 videat
957 1440 1142 1506 Filius,
1174 1449 1230 1495 et
1281 1440 1385 1495 alia
1448 1440 1616 1494 Filius
1645 1455 1769 1495 cum

199 1534 345 1608 [Ms.,
368 1531 511 1603 quae]
527 1531 717 1586 viderit
732 1530 944 1585 Patrem
960 1529 1273 1594 facientem;
1296 1528 1388 1582 sed
1409 1528 1593 1583 eadem
1610 1542 1771 1596 opera

198 1627 309 1698 ipse
348 1624 512 1678 Pater
556 1633 611 1677 et
634 1621 801 1676 Filius
850 1620 998 1676 facit.
1044 1619 1271 1675 Secutus
1313 1621 1455 1673 enim
1504 1619 1580 1673 ait
1616 1618 1769 1691 μὴ,

196 1716 442 1785 sequitur
472 1711 638 1785 enim]
672 1729 686 1764 :
721 1711 1053 1781 Quwcunque
1082 1708 1170 1763 ille
1189 1709 1392 1779 fecerit,
1418 1709 1528 1762 lia'c
1553 1707 1646 1779 [et]
1676 1706 1772 1760 Fi-

1857 549 2033 601 omnia
2057 545 2371 600 detnonstrat
2412 541 2462 596 ei
2507 560 2624 614 qum
2663 543 2770 613 ipse
2797 542 2945 611 facit.
3006 542 3075 598 Ut
3112 547 3418 601 ostenderet

1858 652 2073 691 onmem
2115 638 2255 691 hanc
2282 635 2460 688 Patris
2500 632 3011 687 demonstrationem
3050 631 3170 688 fidei
3219 644 3418 691 nostra:

1860 743 1979 783 esse
2027 727 2344 783 doctrinam.
2385 725 2455 781 Ut
2485 725 2690 781 scilicet
2740 735 2793 781 et
2823 725 2981 780 Pater
3029 725 3185 781 nobis
3211 744 3263 781 in
3292 744 3421 783 con-

1860 816 2093 871 fessione
2118 823 2260 871 esset
2302 824 2357 871 et
2385 814 2594 881 Filius;
2638 824 2691 870 et
2721 831 2789 870 ne
2841 830 2946 885 qua
2972 815 3237 885 ignoratio
3260 817 3312 871 in
3335 818 3423 872 Fi-

1862 905 1935 959 lio
1969 914 2151 974 posset
2192 906 2436 975 intelligi,
2498 907 2584 959 cui
2639 903 2801 960 Pater
2846 920 3008 976 opera
3066 908 3245 962 omnia
3301 925 3421 979 quas

1864 996 1979 1067 ipse
2009 995 2227 1059 faceret,
2284 1004 2629 1061 monstraret,
2672 996 2925 1050 continuo
2955 998 3031 1050 ait
3060 1015 3073 1050 ε
3105 998 3173 1052 Et
3216 1000 3423 1069 majora

1863 1085 2050 1140 horum
2070 1102 2226 1158 opera
2267 1086 2635 1140 demonstrabit
2660 1088 2725 1151 ei,
2771 1096 2823 1139 at
2869 1103 2954 1141 ros
3003 1087 3353 1143 admiremini.

2478 1220 2703 1277 CAPUT
2744 1223 2808 1275 Χ.

1868 1310 2022 1377 Quod
2049 1313 2182 1365 sicut
2212 1311 2373 1365 Pater
2391 1313 2606 1365 suscitat
2649 1324 2897 1371 mortuos,
2926 1314 3000 1366 sic
3044 1324 3090 1367 et
3137 1313 3345 1381 Filius;
3389 1327 3437 1371 et

1935 1381 2075 1451 quod
2114 1381 2385 1450 wqualiter
2415 1398 2533 1436 cum
2586 1381 2746 1435 Patre
2773 1384 2837 1435 sit
2885 1382 3252 1449 honorandus;
3307 1389 3434 1440 etin

1938 1451 2076 1520 quod
2105 1451 2365 1505 credentes
2389 1461 2654 1505 transeant
2704 1451 2766 1505 de
2788 1461 2949 1505 morte
2975 1453 3042 1506 ad
3082 1456 3258 1509 vitam.
3306 1454 3435 1509 Ven-

1938 1531 2109 1592 turam
2132 1537 2332 1592 quoque
2351 1524 2650 1591 pronuntiat
2688 1522 2887 1585 horam,
2931 1539 3034 1592 qua
3050 1523 3112 1576 de
3134 1542 3437 1580 tamtamen-

1940 1592 2009 1643 tis
2037 1590 2156 1644 boni
2192 1590 2418 1675 malique
2445 1601 2730 1660 resurgant.

1943 1704 2109 1759 Vens.
2140 1704 2230 1758 21.
2260 1734 2331 1745 --
2364 1702 2511 1758 Sicut
2548 1705 2685 1758 enim
2735 1704 2887 1759 Patet
2919 1708 3139 1761 suscitat
3178 1718 3435 1775 mortuos,

196 1803 297 1858 lius
326 1803 567 1859 similiter
591 1801 866 1872 facit.Non
897 1816 1016 1855 cum
1046 1800 1133 1854 ille
1163 1799 1368 1863 fecerit,
1389 1799 1491 1852 alia
1505 1798 1671 1853 Filius
1696 1800 1769 1853 sis
1799 1787 1843 1846 Β
1872 1802 1920 1848 et
1949 1794 2193 1863 viviﬁcat,
2217 1794 2292 1847 sic
2317 1803 2364 1848 et
2391 1792 2564 1848 Filius
2585 1810 2713 1865 quos
2756 1794 2863 1848 vult
2900 1797 3146 1865 vivificat.
3178 1797 3250 1852 Ea
3289 1801 3434 1855 enim

196 1899 399 1953 militer
409 1897 566 1952 facit:
582 1897 672 1951 sed
687 1902 1004 1967 quiscunque
1016 1893 1101 1947 ille
1111 1893 1311 1963 fecerit,
1325 1893 1435 1946 lure
1446 1901 1494 1946 et
1510 1890 1682 1944 Filius
1703 1890 1770 1946 si-

194 1988 388 2043 militer
423 1987 569 2056 facit.
598 1986 658 2041 Si
689 1987 802 2040 haec
845 1983 973 2038 facit
998 1980 1172 2037 Filius
1214 1998 1331 2051 qua:
1372 1981 1561 2037 fecerit
1587 1981 1763 2045 Pater,

189 2094 289 2147 per
345 2075 543 2132 Filium
600 2075 728 2131 facit
772 2074 965 2140 Pater;
999 2075 1044 2128 si
1093 2088 1190 2143 per
1222 2072 1416 2128 Filium
1456 2072 1585 2127 facit
1609 2070 1771 2126 Pater

188 2184 311 2237 quae
360 2169 523 2235 facit,
561 2183 666 2221 non
722 2166 826 2220 alia
876 2166 1053 2230 Pater,
1109 2165 1212 2219 alia
1270 2160 1435 2218 Filius
1475 2162 1640 2228 facit,
1676 2160 1771 2217 sed

184 2260 385 2314 eadem
415 2273 577 2327 Opera
623 2264 747 2311 sunt
788 2256 964 2310 Patris
986 2265 1037 2310 et
1062 2254 1203 2309 Filii.
1260 2246 1328 2308 Et
1375 2255 1643 2323 quomodo
1679 2268 1771 2308 ea-

179 2349 311 2404 dem
368 2346 503 2402 l‘acit
557 2345 756 2409 Filius,
795 2346 980 2399 eadem
1019 2354 1072 2399 et
1117 2344 1279 2398 Pater
1323 2344 1572 2399 similiter
1599 2344 1649 2399 ι).
1695 2343 1772 2398 Ne

178 2441 330 2495 forte
354 2438 568 2502 eadem,
595 2438 688 2491 sed
711 2436 1069 2490 dissimiliter:
1100 2434 1321 2501 Eadem,
1348 2434 1539 2504 inquit,
1557 2444 1601 2489 et
1628 2435 1775 2488 simi-

176 2530 327 2582 li.'er.
358 2528 431 2581 Et
453 2527 718 2595 quomodo
734 2526 900 2595 possit
922 2527 1108 2580 eadem
1124 2540 1229 2579 non
1248 2525 1516 2591 similiter,
1543 2535 1566 2563 ο
1598 2543 1616 2576 ι
1647 2525 1774 2579 dum

178 2619 395 2682 omnia,
440 2609 559 2686 qua:
592 2615 749 2671 Pater
777 2616 924 2682 facit,
976 2632 1073 2685 per
1098 2616 1293 2670 Filium
1321 2614 1490 2671 facit?
1517 2616 1665 2671 Sicut
1696 2616 1776 2670 di-

177 2718 333 2764 ctum
366 2716 495 2761 est:
527 2704 716 2760 Omnia
748 2723 841 2777 per
869 2708 1040 2777 ipsum
1065 2707 1206 2777 facta
1246 2717 1387 2774 sunt,
1421 2715 1470 2761 et
1512 2707 1625 2760 sine
1660 2707 1773 2778 ipso

181 2799 393 2870 factum
451 2796 701 2850 estnihil.
764 2796 886 2851 ideo
911 2796 1159 2850 similiter
1198 2797 1351 2863 diXit,
1416 2797 1543 2866 quia
1594 2798 1775 2850 eadem

178 2892 313 2960 facit
357 2884 564 2954 Filius,
595 2894 712 2959 qttw
737 2890 865 2960 facit
894 2898 941 2943 et
970 2890 1131 2944 Pater
1161 2905 1176 2944 :
1211 2891 1338 2960 quia
1377 2908 1482 2946 una
1512 2888 1697 2945 Patris
1723 2900 1777 2945 et

180 2976 305 3034 Filii
352 2981 411 3034 in
445 2979 725 3033 divinitate
750 2978 1062 3033 subStantiae
1090 2985 1172 3053 est
1193 2977 1343 3051 [Ms.,
1377 2980 1673 3035 substantia
1700 2978 1774 3051 et]

178 3072 461 3141 operatio,
492 3087 597 3125 una
621 3071 867 3126 voluntas
880 3080 934 3126 et
954 3080 1210 3142 potestas,
1242 3089 1346 3127 una
1374 3075 1484 3128 vita
1521 3083 1573 3129 et
1600 3091 1778 3129 essen-

144 3163 276 3228 -tia,
327 3171 387 3217 et
406 3161 642 3231 aequalia
683 3162 865 3217 omnia
913 3172 1039 3217 sunt
1092 3164 1146 3217 in
1176 3164 1335 3220 Patre
1388 3173 1444 3219 et
1486 3164 1643 3230 Filio,
1673 3166 1776 3221 nisi

175 3255 325 3324 quod
346 3254 522 3308 Pater
547 3260 700 3322 pater
717 3261 817 3317 est,
870 3260 925 3307 et
956 3244 1125 3308 Filius
1166 3250 1307 3310 filius
1334 3257 1435 3311 est.
1477 3255 1761 3325 Separatio

174 3355 257 3399 est
308 3340 367 3398 in
388 3344 668 3414 personis,
697 3342 788 3399 sed
822 3351 1001 3399 unitas
1032 3344 1083 3398 in
1108 3352 1322 3400 natura.
1353 3345 1476 3400 Non
1508 3346 1645 3400 enim
1673 3362 1771 3417 po-

172 3444 269 3488 test
305 3433 502 3487 Filius
529 3451 560 3486 a
588 3443 642 3486 se
669 3433 841 3500 facere
853 3433 1265 3505 quidquam,nisi
1285 3434 1424 3505 quod
1453 3435 1636 3488 viderit
1668 3433 1773 3488 Pa:-

174 3534 310 3579 trem
331 3518 653 3596 facientem.
701 3521 816 3577 Non
863 3525 1118 3578 debemus
1147 3524 1436 3579 carnaliter
1473 3518 1777 3595 intelligere

172 3615 317 3671 hanc
360 3613 730 3677 sententiam,
767 3630 786 3663 ί
815 3612 842 3651 ἀ
875 3614 1029 3681 quasi
1051 3614 1277 3669 duarum
1300 3614 1576 3668 hominum
1599 3614 1776 3670 Patris

169 3715 228 3759 et
269 3706 426 3783 Filii,
469 3703 639 3758 unius
677 3702 1030 3768 ostendentis,
1062 3703 1282 3758 alterius
1305 3704 1565 3770 videntis;
1613 3705 1777 3760 unius

168 3793 483 3869 loquentis,
538 3795 759 3850 alterius
814 3795 1111 3862 audientis;
1170 3806 1289 3866 qua:
1333 3797 1513 3852 omnia
1549 3797 1777 3866 phanta-

168 3898 347 3943 smata
391 3886 592 3944 cardis
620 3894 765 3941 ‘sunt.
808 3905 826 3936 ο
859 3886 1007 3940 Talis
1042 3887 1298 3956 cogitatio
1322 3886 1509 3956 procul
1530 3901 1560 3940 a
1596 3895 1777 3955 pecto-

167 3979 320 4035 ribus
348 3979 699 4036 Christianis
739 3977 1052 4048 ex‘pellenda
1101 3986 1200 4032 est.
1257 3979 1398 4048 Ergo
1453 3979 1518 4033 de
1547 3971 1682 4031 Filio
1724 3987 1778 4032 et

165 4067 330 4124 Patre
377 4067 686 4139 praisentis
728 4068 881 4121 docet
903 4067 1147 4122 lectionis
1172 4067 1490 4136 exemplum,
1521 4068 1647 4136 quia
1678 4079 1777 4121 nec

163 4156 335 4214 Pater
361 4159 652 4214 minorem
676 4167 835 4226 quam
868 4156 1056 4222 Filius,
1109 4172 1209 4212 nec
1250 4156 1342 4211 Dei
1393 4156 1560 4211 Filius
1601 4156 1773 4226 maio;

164 4255 304 4310 rem,
352 4260 547 4317 quam
577 4240 737 4299 Pater
774 4246 935 4299 habet
959 4252 1245 4313 personam
1292 4256 1337 4309 ο,
1394 4259 1514 4299 cum
1545 4244 1693 4299 Patri
1722 4254 1775 4299 et

160 4329 304 4394 Filio
330 4340 499 4393 nulla
532 4337 788 4393 distantia
806 4338 1106 4392 divinitatis
1139 4339 1230 4404 sit,
1254 4334 1347 4394 sed
1370 4354 1475 4393 una
1497 4338 1771 4409 majestas.

157 4428 321 4493 Quod
354 4430 528 4485 enim
554 4429 634 4518 ait
652 4420 848 4484 Filium
880 4428 1013 4484 nihil
1051 4428 1251 4495 facere,
1310 4430 1415 4485 nisi
1441 4433 1583 4502 quod
1627 4433 1774 4487 vide-
1802 4459 1852 4518 ο

159 4518 233 4572 rit
262 4519 508 4574 Patrem
583 4516 889 4583 facientem,
935 4535 1043 4574 non
1082 4520 1436 4590 corporaliter
1477 4520 1776 4592 intelligen-

156 4607 291 4661 dum
311 4616 428 4672 est,
469 4603 613 4677 quia
662 4618 770 4663 non
798 4607 1166 4675 corporalibus
1189 4607 1362 4663 modis
1403 4607 1545 4663 Deus
1587 4608 1769 4663 videt:

157 4695 252 4749 sed
282 4696 455 4751 visus
482 4695 544 4749 ei
578 4694 753 4749 omnis
779 4696 834 4749 in
860 4695 1059 4750 virtute
1074 4703 1280 4750 naturae
1299 4703 1410 4761 est;
1439 4712 1612 4766 neque
1634 4698 1778 4752 enim

154 4786 396 4851 partitio
432 4772 578 4839 esse
609 4784 808 4853 poterit
854 4784 905 4838 in
953 4785 1182 4855 simplici
1207 4794 1398 4841 natura
1443 4786 1775 4852 divinitatis;

154 4873 251 4927 sed
279 4873 473 4945 [idem
514 4872 630 4944 est]
684 4874 821 4929 Filio
842 4875 1026 4930 ridere
1061 4877 1238 4932 Patris
1258 4892 1439 4946 opera,
1469 4893 1591 4934 cum
1619 4879 1779 4935 Patre

148 4966 466 5033 {equaliter
500 4965 716 5028 facere,
755 4965 882 5033 quia
912 4965 1050 5020 idem
1074 4974 1156 5021 est
1185 4966 1321 5023 Filio
1348 4969 1531 5023 videre
1558 4976 1613 5024 et
1636 4984 1775 5025 esse.

150 5049 281 5109 Ideo
312 5053 623 5123 subjecit:
650 5044 843 5108 Omnia
883 5056 1017 5109 enim
1048 5064 1370 5128 quiscunque
1420 5057 1548 5128 facit
1595 5058 1777 5124 Pater,

146 5144 346 5199 eadem
369 5155 428 5199 et
462 5141 661 5196 Filius
699 5142 825 5213 facit
848 5145 1105 5198 similiter.
1131 5145 1595 5216 Signiﬁcationem
1620 5149 1781 5205 unius

146 5242 379 5289 natura:
410 5232 682 5290 ostendit
735 5241 790 5287 et
810 5234 969 5288 unius
994 5236 1343 5303 operationis,
1390 5237 1516 5305 quia
1543 5251 1782 5291 commu-

142 5324 236 5378 nis
262 5324 412 5398 [est]
455 5323 726 5393 operatio
770 5322 947 5379 Patris
973 5334 1028 5380 et
1075 5325 1216 5391 Filii,
1259 5342 1486 5397 quorum
1544 5336 1629 5382 est
1673 5310 1803 5383 una.

142 5424 384 5481 natura,
453 5429 584 5470 una
616 5415 778 5469 etiam
829 5424 884 5470 et
908 5418 1169 5487 operatio.
1217 5418 1342 5474 Ideo
1391 5428 1782 5488 consequenter

293 5506 364 5562 S.
402 5507 579 5574 Aug.
608 5502 806 5559 ibidem
829 5520 976 5559 num.
1006 5509 1060 5561 8.

215 5579 247 5617 ιι
270 5577 415 5655 ΛΜδ.
453 5572 529 5629 et
551 5572 694 5655 ring.
729 5591 744 5655 :_
780 5574 1192 5655 «.Etnquomodo
1220 5577 1409 5632 eadem
1448 5575 1577 5632 facit
1600 5585 1656 5633 et
1688 5577 1780 5631 Fi-

142 5642 296 5701 lius?
347 5657 415 5702 et
447 5642 663 5698 eadem
696 5652 752 5696 et
787 5642 1052 5698 similiter.
1096 5667 1113 5698 ι

215 5726 240 5752 c
298 5714 640 5781 ﬂuensque
683 5722 900 5767 sanctus
923 5713 1270 5783 Augustinus,
1297 5716 1417 5773 loco
1450 5716 1633 5772 citato.

652 5806 920 5864 Pyrum“
964 5804 1031 5865 C.

1873 1881 2087 1939 Patrem
2143 1885 2633 1939 demonstraturum
2675 1884 2812 1940 Filio
2845 1886 2976 1941 dicit
3008 1903 3126 1957 qua:
3155 1890 3439 1945 mirentur.

1870 1973 1935 2028 Et
1965 1990 2083 2044 quae
2107 1976 2293 2030 eadem
2323 1984 2505 2030 essent
2529 1974 2641 2041 illa,
2690 1987 2813 2030 mox
2850 1976 3029 2032 docuit
3062 1995 3075 2031 :
3107 1976 3254 2032 Sicut
3300 1981 3437 2034 enim

1872 2062 2033 2119 Pater
2053 2067 2267 2120 suscitat
2289 2076 2540 2133 mortuos,
2558 2069 2631 2123 sic
2649 2077 2697 2122 et
2718 2066 2765 2120 F
2768 2068 2891 2122 ilius
2910 2086 3037 2140 quos
3062 2069 3171 2125 vult
3192 2066 3440 2140 viviﬁcat.

1869 2148 2159 2225 Exzequata
2211 2156 2382 2210 virtus
2418 2163 2501 2212 est
2550 2152 2884 2213 indissimilis
2920 2174 3015 2229 per
3051 2169 3257 2215 natum
3283 2160 3441 2233 [Μέθη

1873 2260 1974 2313 per
1994 2254 2207 2300 naturae
2240 2245 2597 2319 indissimilis]
2656 2249 2942 2315 unitatem,
2981 2259 3034 2305 et
3058 2251 3447 2308 demonstratio

1873 2352 2093 2406 operum
2125 2352 2231 2391 non
2264 2332 2614 2406 ignorationis
2664 2339 2945 2395 instruetto
2976 2349 3079 2408 est,
3111 2345 3205 2398 Sed
3242 2352 3443 2400 nostrae

1873 2425 1999 2487 fidei
2070 2436 2190 2494 qum
2220 2426 2379 2496 512
2407 2442 2513 2481 non
2542 2428 2678 2483 Filio
2720 2430 3001 2485 scientiam
3052 2432 3437 2503 ignoratorutn,

1874 2520 1971 2575 sed
2001 2520 2156 2575 nobis
2194 2520 2587 2575 confessionem
2620 2523 2917 2578 nativitatis
2948 2524 3169 2579 invexit.
3212 2522 3446 2581 Demon-

1873 2620 2050 2666 strare
2077 2602 2217 2666 enim
2233 2611 2564 2677 Patrem,est
2591 2629 2688 2683 per
2712 2612 2905 2668 Filium
2924 2614 3102 2678 facere
3130 2624 3249 2685 qua:
3272 2617 3446 2673 factu-

1876 2718 1973 2759 rus
1996 2712 2097 2757 est.
2123 2702 2257 2756 Nam
2286 2700 2489 2770 majora
2513 2710 2675 2773 opera
2706 2713 2831 2759 sunt
2851 2706 3174 2761 resurrectio
3205 2700 3439 2762 mortud—

1876 2806 1994 2845 rum
2021 2806 2140 2860 qua:
2166 2790 2267 2845 erit
2304 2789 2357 2844 in
2380 2791 2671 2846 novissimo
2699 2791 2807 2859 die,
2830 2806 2989 2862 quam
3014 2795 3168 2850 istius
3190 2788 3446 2865 languen-

1877 2883 1947 2936 tis
1974 2882 2197 2945 sanitas,
2251 2881 2342 2950 qui
2390 2880 2590 2936 Christi
2635 2883 2799 2938 verbo
2833 2894 3054 2940 sanatus
3082 2894 3185 2941 est.
3233 2886 3310 2940 Ex
3339 2903 3446 2956 quo

1876 2980 2002 3026 nata
2025 2977 2108 3026 est
2152 2969 2309 3039 hujus
2348 2972 2564 3027 occasio
2599 2980 2711 3028 tota
2756 2977 3055 3043 sermonis;
3087 2974 3214 3033 dicit
3255 2979 3398 3033 enim
3428 2996 3441 3032 :

1880 3061 1947 3116 Ut
1972 3079 2061 3116 vos
2081 3064 2361 3116 miremini.
2394 3080 2411 3114 ι
2458 3065 2477 3102 ί
2505 3063 2572 3118 Ει
2594 3065 2697 3121 hoc
2724 3066 2937 3121 diﬂlcile
2962 3077 3046 3122 est
3074 3068 3277 3134 videre,
3310 3084 3445 3140 quo-

1878 3153 2038 3208 modo
2067 3160 2321 3223 tanquam
2351 3156 2720 3225 temporaliter
2764 3156 2904 3214 Filio
2947 3168 3216 3215 comterno
3264 3161 3443 3232 aliqua

1877 3246 2270 3300 demolistraret
2291 3252 2527 3301 aeternus
2553 3245 2732 3313 Pater,
2756 3250 2935 3305 omnia
2961 3251 3152 3306 scienti
3178 3267 3295 3321 quae
3321 3260 3447 3307 sunt

1874 3336 2017 3406 apud
2056 3334 2291 3391 Patrem.
2333 3334 2463 3402 Qua:
2507 3346 2633 3392 sunt
2680 3342 2863 3395 tamen
2903 3339 2992 3395 illa
3039 3339 3279 3410 majora?
3328 3341 3443 3399 Hoc

1873 3424 2018 3480 enim
2043 3425 2199 3482 facile
2224 3437 2307 3482 est
2333 3427 2645 3498 intelligere.
2681 3424 2830 3486 Sicut
2857 3432 2994 3486 enim
3044 3426 3225 3500 Pater,
3244 3432 3439 3504 inquit,

1873 3515 2089 3569 suscitat
2109 3514 2341 3570 martu‘os
2358 3524 2405 3571 et
2433 3516 2679 3586 vivi/icat,
2705 3518 2780 3571 sic
2801 3526 2851 3571 et
2873 3517 3048 3573 Filius
3069 3536 3199 3592 quos
3232 3521 3340 3575 vult
3365 3522 3442 3576 vi-

1874 3605 2068 3675 viﬁcat.
2112 3600 2308 3674 Majora
2334 3620 2462 3677 ergo
2496 3616 2621 3662 sunt
2665 3619 2827 3678 opera
2872 3617 3114 3666 mortuos
3160 3613 3441 3675 suscitare.

1875 3706 2037 3764 quam
2088 3695 2368 3766 languidos
2410 3705 2622 3751 sanare.
2676 3697 2783 3754 Sed
2827 3700 2961 3753 sicut
3005 3701 3222 3755 suscitat
3284 3699 3447 3756 Pater

1868 3788 2105 3841 mortuos
2131 3797 2178 3840 et
2219 3787 2468 3857 vivi/ient,
2514 3789 2588 3842 sic
2609 3799 2655 3842 et
2692 3786 2863 3843 Filius
2887 3801 3015 3860 quos
3037 3791 3146 3845 vult
3194 3792 3439 3861 viviﬁcat.

1876 3877 1993 3932 Non
2022 3878 2156 3933 alios
2182 3892 2312 3948 ergo
2338 3877 2520 3944 Pater,
2576 3880 2710 3935 alios
2728 3880 2897 3937 Filius
2939 3901 2951 3935 :
2995 3883 3087 3937 sed
3130 3883 3308 3938 omnia
3347 3898 3443 3954 per

1875 3969 2084 4038 ipsum;
2138 3969 2281 4039 ipsos
2310 3970 2490 4039 itaque
2516 3969 2685 4025 Filius
2709 3987 2842 4039 quos
2879 3980 2933 4026 ct
2957 3972 3115 4028 Pater
3147 3992 3161 4029 :
3186 3975 3309 4044 quia
3332 3990 3439 4029 non

1876 4061 2004 4126 alia,
2056 4075 2156 4115 nec
2196 4061 2369 4124 aliter,
2429 4061 2522 4115 sed
2546 4063 2658 4115 Iure
2678 4062 2850 4118 Filius
2893 4065 3131 4120 similiter
3172 4068 3320 4137 facit.
3365 4068 3444 4123 Ita

1874 4148 2032 4217 plane
2073 4148 2472 4218 intelligendum
2498 4160 2598 4215 est,
2643 4161 2698 4207 et
2726 4154 2799 4207 ita
2823 4155 3112 4210 tenendum
3142 4170 3157 4211 :
3186 4158 3279 4213 sed
3326 4174 3441 4213 me-

1877 4248 2131 4305 mentote,
2156 4243 2280 4311 quia
2308 4239 2357 4293 F
2359 4241 2481 4297 ilius
2509 4261 2635 4315 quos
2666 4244 2771 4298 uult
2817 4245 3064 4314 viviﬁcat.
3119 4245 3322 4303 Tenete
3354 4247 3446 4303 hic

1876 4343 2005 4400 ergo
2028 4321 2134 4384 non
2147 4331 2314 4385 solum
2327 4339 2641 4400 potestatem
2657 4333 2799 4399 Filii,
2820 4344 3007 4390 verum
3021 4335 3182 4391 etiam
3198 4336 3442 4393 volunta-

1877 4432 1985 4475 tem
2012 4419 2161 4492 [Ms.,
2180 4430 2234 4476 et
2252 4422 2582 4479 voluntatem
2597 4423 2817 4497 Patris].
2842 4424 3014 4481 Filius
3027 4439 3161 4496 quos
3182 4428 3295 4481 vult
3316 4427 3447 4482 vivi-

1880 4510 2024 4577 ﬁcat,
2075 4522 2130 4567 et
2152 4511 2312 4568 Pater
2357 4528 2493 4585 quos
2515 4514 2629 4570 vult
2683 4516 2919 4572 viviticat
2950 4534 2963 4569 :
2993 4523 3049 4570 et
3081 4517 3223 4588 ipsos
3253 4516 3443 4584 Filius,

1879 4616 2012 4671 quos
2038 4609 2094 4656 et
2117 4602 2276 4658 Pater
2302 4620 2316 4657 ε
2348 4619 2411 4660 ac
2430 4621 2529 4676 per
2552 4608 2655 4661 hoc
2691 4607 2873 4661 eadem
2910 4605 3087 4662 Patris
3105 4614 3161 4662 et
3190 4607 3314 4663 Filii
3345 4608 3443 4682 [et]

1876 4700 2116 4767 potestas
2140 4706 2222 4752 est
2255 4707 2310 4754 et
2339 4700 2605 4766 voluntas,
2629 4714 2647 4753 δ
2675 4701 2860 4756 eadem
2897 4717 3110 4772 quoque
3137 4703 3247 4757 vita
3286 4712 3342 4759 et
3368 4698 3448 4758 vi-

1878 4787 2113 4842 viticatio
2136 4795 2490 4843 mortuorum.
2522 4787 2589 4843 Et
2612 4790 2731 4844 ideo
2754 4782 2883 4844 dicit
2911 4808 2922 4842 :
2953 4790 3103 4845 Sicut
3134 4791 3297 4846 Pater
3329 4807 3446 4846 sus-

1879 4876 2005 4930 citat
2031 4886 2284 4943 mortuos,
2301 4887 2348 4932 et
2368 4878 2595 4947 vivi/icat
2621 4895 2752 4949 quos
2780 4879 2909 4945 vult,
2940 4881 3015 4935 sic
3038 4888 3085 4935 ct
3119 4879 3293 4935 Filius
3316 4896 3445 4950 quos

1879 4970 1988 5025 vult
2037 4970 2288 5040 viviﬁcat.
2337 4971 2452 5026 Non
2477 4971 2621 5026 enim
2649 4971 2782 5028 alios
2808 4970 2987 5037 Pater,
3020 4974 3154 5028 alios
3182 4972 3352 5027 Filius
3367 4966 3449 5026 vi?

1878 5060 2087 5125 viticat;
2120 5060 2211 5115 sed
2249 5074 2354 5114 una
2386 5068 2621 5129 potestas
2654 5077 2815 5116 unam
2837 5061 3249 5117 vivificationem
3280 5060 3444 5126 facit;

1879 5164 1997 5218 quas
2021 5150 2181 5203 etiam
2202 5157 2440 5219 potestas
2467 5162 2574 5203 uno
2600 5151 2804 5206 honore
2830 5149 3142 5206 honoranda
3177 5158 3261 5205 est
3308 5148 3444 5222 [ΑΛ.

1879 5236 2224 5309 veneranda].
2250 5236 2317 5291 Et
2338 5237 2458 5292 ideo
2481 5248 2865 5309 consequenter
2886 5237 3159 5307 subjunxit
3183 5263 3196 5293 ι

1952 5328 2111 5383 Vens.
2154 5326 2246 5392 22,
2274 5327 2367 5383 25.
2416 5357 2490 5370 --
2520 5326 2683 5383 Pater
2706 5331 2842 5384 enim
2872 5346 2977 5383 non
3013 5318 3225 5396 judicat
3272 5319 3448 5400 quem;

1879 5434 2056 5489 quam,
2088 5417 2178 5471 sed
2202 5433 2353 5472 omne
2376 5418 2634 5488 judicium
2656 5419 2796 5472 dedit
2820 5417 2984 5483 Filio,
3007 5427 3063 5473 ut
3083 5424 3258 5474 attines
3284 5410 3447 5474 horto?-

1949 5508 1977 5549 ἀ
2036 5507 2114 5561 Ex
2142 5507 2200 5562 S.
2251 5508 2387 5578 Aug.
2424 5508 2607 5562 Trart.
2631 5524 2741 5572 xix,
2772 5523 2919 5562 num.
2947 5509 2997 5561 l.
3323 5540 3326 5543 λ

1955 5589 1978 5618 ι
2022 5578 2122 5659 liis1
2162 5597 2180 5659 ς
2206 5577 2371 5659 “Quia
2400 5594 2501 5633 nec
2524 5578 2681 5632 Pater
2702 5579 2964 5633 minorem
2991 5579 3172 5659 habet,
3201 5595 3301 5636 nec
3329 5595 3446 5636 ma-

1876 5641 2047 5718 jorem
2088 5648 2179 5718 Dei
2204 5641 2372 5701 Filius
2383 5663 2421 5718 ᾖ
2441 5663 2630 5702 cum...
2672 5668 2691 5699 ›

1958 5718 1975 5756 ΐ
2019 5718 2093 5771 Ex
2125 5717 2184 5770 S.
2217 5717 2351 5788 Aug.
2382 5717 2562 5771 Tract.
2603 5732 2714 5786 xix,
2736 5733 2884 5772 num.
2910 5716 2964 5783 Α,
2989 5718 3041 5771 ii.

3042 5812 3120 5871 26
