4088 6340
688 411 785 465 illi

1516 403 1576 459 Β.
1617 404 1680 459 ιν.
1719 404 1944 461 Αιειδη
1986 404 2119 461 εει]
2158 402 2432 497 Milli-[hil
2472 402 2757 460 OPERUM
2796 402 2975 458 PARS
3013 398 3057 458 ιι

3844 393 3945 462 sti

687 506 1125 592 riﬁcentFilitM,
1150 520 1281 573 sicut
1302 518 1647 587 honori/team
1662 513 1896 585 Patrem.
1930 514 2033 583 Qui
2054 533 2155 571 non
2169 517 2263 570 Ito-
2294 522 2340 577 Λ
2438 517 2599 571 Vsus.
2637 515 2990 572 24.—-—Ameu
3026 533 3177 571 amen
3215 518 3331 573 dico
3357 516 3516 581 vobis,
3557 517 3682 587 quia
3722 520 3812 589 qui
3840 535 3942 575 rer-

685 612 928 681 uoriﬁcat
958 608 1190 675 Patrem,
1229 626 1330 663 non
1356 610 1665 680 Itonoriﬁcat
1703 607 1923 663 Filium.
1964 609 2124 663 Pater
2151 624 2258 663 non

680 701 887 770 iudicat
922 716 1264 772 quemquam,
1320 700 1445 769 quia
1486 698 1665 754 Patris
1700 714 1931 770 persona
1985 699 2255 775 hominem

684 807 792 847 non
828 791 1080 861 suscepit,
1110 806 1208 845 nec
1247 792 1301 844 iu
1333 791 1536 861 judicio
1558 790 1829 847 videbitur
1856 810 1868 845 :
1895 793 1988 847 sed
2027 791 2139 846 sola
2166 792 2257 847 Fi-

684 881 741 936 lii
778 896 1027 951 persona,
1077 880 1132 934 in
1160 895 1220 935 ea
1250 878 1420 935 forma
1445 896 1565 951 quae
1583 881 1825 952 judicata
1854 891 1938 937 est
1965 880 2181 951 injuste,
2203 890 2256 937 et

680 971 823 1041 iuste
841 969 1103 1039 judiraliit
1128 970 1279 1026 vivos
1324 986 1391 1026 ac
1418 980 1680 1027 mortuos.
1729 971 1840 1028 Nec
1894 974 2037 1028 enim
2088 974 2256 1029 Filius

680 1061 953 1116 videbitur
980 1062 1032 1115 in
1047 1060 1254 1129 judicio
1282 1062 1336 1117 in
1362 1078 1426 1118 ea
1456 1072 1647 1117 natura
1688 1079 1792 1133 qua
1822 1066 2255 1120 consubstantia-

680 1152 745 1208 lis
773 1161 857 1208 est
884 1152 995 1207 Deo
1013 1153 1185 1218 Patri,
1231 1153 1328 1209 sed
1348 1153 1403 1207 in
1437 1168 1499 1209 ea
1535 1170 1640 1224 qua
1670 1156 2143 1211 consubstantiafis
2171 1164 2261 1231 εξ

680 1246 861 1311 matri,
906 1254 961 1300 et
996 1246 1159 1301 homo
1201 1245 1378 1301 factus
1399 1255 1502 1302 est.
1558 1247 1636 1303 Ita
1688 1247 2091 1317 intelligendum
2121 1257 2204 1304 est
2235 1267 2248 1302 :

681 1333 843 1388 Pater
869 1351 973 1390 non
987 1335 1196 1405 judicat
1225 1352 1555 1407 quemquam,
1582 1336 1673 1391 sed
1711 1354 1862 1392 omne
1876 1337 2138 1407 judicium
2161 1338 2253 1393 de-

676 1426 753 1479 dit
804 1423 986 1490 Filio;
1040 1441 1104 1482 ac
1136 1426 1181 1481 si
1237 1426 1510 1482 diceretur
1550 1445 1563 1481 :
1601 1427 1816 1483 Patrem
1860 1442 2019 1483 nemo
2046 1428 2252 1484 videbit

677 1517 732 1571 in
745 1514 954 1585 judicio
980 1517 1225 1573 vivorum
1249 1524 1304 1571 ει
1327 1527 1679 1582 mortuorum,
1708 1519 1801 1574 sed
1812 1533 2002 1574 omnes
2023 1518 2246 1585 Filium;

675 1608 802 1678 quia
837 1617 893 1663 et
942 1608 1084 1664 ﬁlius
1133 1608 1366 1664 hominis
1395 1618 1499 1674 est,
1552 1619 1613 1665 ut
1650 1612 1822 1681 possit
1870 1619 1926 1665 et
1978 1612 2047 1666 ab
2067 1611 2249 1681 impiis

674 1701 869 1768 videri,
925 1709 1129 1758 cumet
1156 1701 1233 1757 illi
1282 1703 1535 1758 videbunt
1578 1705 1632 1759 in
1680 1718 1839 1775 quem
1883 1713 2246 1775 pupugerunt.

675 1794 829 1861 Quod
853 1808 922 1848 ne
943 1794 1212 1864 conjicere
1259 1795 1438 1863 potius
1476 1812 1638 1866 quam
1666 1805 1850 1865 aperte
1879 1796 2249 1851 demonstrare

2361 606 2480 661 bum
2502 625 2671 663 meum
2697 608 2865 674 audit,
2889 619 2937 661 et
2962 609 3122 664 credit
3144 610 3211 673 ei,
3241 611 3331 681 qui
3366 610 3505 664 misit
3542 626 3645 674 me,
3685 611 3837 665 habet
3872 613 3945 668 ti.

2357 706 2466 751 tant
2490 709 2760 763 cateruam,
2783 708 2828 752 et
2860 700 2915 753 in
2935 698 3200 769 judicium
3237 716 3340 754 non
3376 700 3561 762 reniet,
3603 699 3697 753 sed
3732 704 3943 756 transiet

2358 805 2390 842 a
2433 797 2596 842 morte
2638 787 2707 840 ad
2732 789 2909 842 vitam.
2960 788 3074 843 Non
3117 806 3257 844 nunc
3286 790 3501 854 transit,
3525 787 3642 857 jam
3669 791 3881 846 transiit
3911 808 3940 847 a

2358 886 2532 932 morte
2572 877 2623 932 in
2662 879 2846 932 vitam.
2887 878 2955 932 Et
2980 879 3081 933 hoc
3109 880 3391 944 attendite,
3418 881 3509 950 qui
3538 880 3751 935 verbum
3778 898 3937 936 meum

2355 969 2502 1022 audit
2528 985 2546 1023 :
2572 978 2628 1024 et
2656 985 2760 1024 non
2793 971 2931 1025 dixit
2956 989 2969 1025 :
2998 972 3174 1026 credit
3209 973 3373 1038 mihi;
3403 973 3521 1039 sed,
3548 976 3721 1029 credit
3746 978 3825 1041 ei,
3856 980 3936 1048 qui

2355 1061 2492 1114 misit
2533 1078 2631 1115 me.
2680 1061 2914 1116 Verbum
2943 1078 3074 1134 ergo
3112 1064 3230 1118 Filii
3260 1065 3462 1129 audiat,
3493 1070 3545 1120 in
3570 1066 3737 1123 Patre
3766 1072 3936 1125 credat

2355 1147 2508 1220 [Μεη
2533 1159 2581 1204 et
2608 1151 2767 1221 Aug.,
2798 1160 2858 1207 ut
2876 1151 3024 1207 Patri
3051 1153 3283 1227 credat].
3323 1154 3503 1222 Quare
3528 1156 3772 1214 Verbum
3800 1161 3935 1215 audit

2354 1248 2526 1305 tuum,
2556 1251 2612 1296 et
2631 1243 2805 1297 credit
2831 1242 2990 1298 alteri
3018 1244 3042 1297 ξ’
3080 1243 3270 1300 Nonne
3303 1261 3427 1301 cum
3457 1248 3687 1303 verbum
3718 1249 3932 1320 alicujus

2351 1330 2620 1395 audimus,
2642 1332 2818 1386 eidem
2839 1333 3062 1388 verbum
3084 1332 3379 1404 proferenti
3399 1337 3701 1403 credimus,
3721 1338 3928 1409 loquen-

2351 1418 2403 1473 di
2434 1420 2586 1475 nobis
2612 1421 2771 1476 ﬁdem
2800 1424 3305 1479 accommodamus?
3351 1425 3489 1492 Quid
3512 1422 3653 1497 'ergo
3678 1427 3846 1484 voluit
3860 1430 3930 1484 di-

2350 1524 2495 1575 cere,
2531 1512 2620 1582 qui
2650 1511 2857 1567 rerbum
2887 1529 3055 1567 meum
3078 1515 3263 1579 'audit,
3301 1525 3348 1571 et
3390 1517 3555 1570 credit
3587 1520 3658 1583 ei,
3688 1520 3778 1590 qui
3803 1521 3928 1575 misit

2350 1616 2451 1665 me,
2479 1602 2582 1656 nisi
2606 1603 2732 1672 quia
2762 1605 2986 1658 verbum
3013 1605 3131 1675 ejus
3149 1616 3235 1661 est
3260 1608 3311 1661 in
3341 1609 3460 1662 me?
3490 1608 3559 1662 Et
3580 1610 3703 1679 quis
3722 1620 3817 1675 est,
3843 1610 3927 1683 qui

2349 1691 2497 1744 audit
2538 1692 2740 1746 rcrbum
2781 1709 2971 1759 meum,
3004 1696 3130 1761 nisi,
3160 1697 3252 1767 qui
3291 1698 3445 1753 audit
3499 1704 3623 1754 me?
3651 1699 3827 1773 [Αιιαη⁸
3862 1702 3928 1756 Et

2350 1781 2477 1851 quid
2518 1791 2621 1847 est,
2670 1782 2816 1837 audit
2855 1785 3062 1839 uerbum
3105 1803 3297 1849 meum,
3335 1788 3436 1843 nisi
3466 1789 3619 1843 audit
3642 1789 3784 1864 mel]
3825 1789 3924 1858 Qui

673 1884 974 1949 videamur,
1022 1884 1347 1953 proferimus
1373 1885 1612 1955 ejusdem
1649 1885 1858 1940 Domini
1897 1893 2100 1941 certam
2131 1901 2249 1939 ma-

2352 1873 2525 1927 creJit
2550 1874 2602 1928 in
2634 1890 2740 1937 me,
2768 1876 2941 1930 credit
2962 1877 3127 1941 etiam
3150 1878 3200 1932 ei
3231 1879 3323 1948 qui
3347 1880 3497 1934 misit
3516 1895 3604 1935 me
3629 1898 3642 1933 :
3666 1862 3789 1952 quia
3810 1897 3921 1936 cum

672 1973 1031 2045 nil‘eslamque
1047 1977 1392 2041 sententiam,
1422 1976 2055 2046 quaOStendimusipsam
2086 1976 2252 2032 fuisse

672 2082 890 2121 causam
915 2074 974 2121 ut
996 2066 1199 2121 diceret
1230 2085 1243 2121 :
1275 2064 1437 2121 Pater
1457 2084 1561 2122 non
1574 2067 1782 2137 judicat
1804 2083 2132 2138 quemquam,
2160 2067 2251 2120 sed

671 2174 824 2213 omne
840 2158 1103 2228 judicium
1140 2158 1280 2212 dedit
1326 2156 1487 2221 Filio,
1540 2159 1666 2227 quia
1721 2157 1885 2227 judex
1934 2157 2109 2212 forma
2154 2156 2249 2211 ﬁlii

671 2248 906 2305 hominis
932 2248 1229 2319 apparebit.
1285 2246 1415 2314 Qua:
1465 2246 1636 2302 forma
1689 2263 1796 2302 non
1818 2255 1902 2302 est
1926 2247 2126 2312 Patris,
2156 2248 2250 2303 sed

672 2340 813 2406 Filii,
871 2355 969 2395 nec
999 2339 1107 2412 [ea]
1155 2338 1274 2392 Filii
1322 2339 1374 2393 in
1400 2355 1505 2409 qua
1550 2339 1772 2409 aequalis
1815 2348 1895 2394 est
1934 2339 2101 2402 Patri,
2156 2339 2250 2394 sed

673 2429 730 2484 in
755 2444 859 2499 qua
888 2429 1065 2484 minor
1080 2437 1163 2484 est
1190 2427 1349 2483 Patre
1392 2447 1405 2481 :
1436 2438 1498 2482 ut
1525 2427 1595 2483 sit
1617 2429 1673 2483 in
1692 2427 1895 2498 judicio
1926 2429 2250 2499 conspicuus

672 2520 828 2576 bonis
874 2529 929 2574 et
958 2520 1132 2575 malis.

745 2610 814 2666 Ut
840 2628 1015 2666 omnes
1065 2611 1408 2680 honori/irent
1442 2609 1662 2675 Filium,
1718 2610 1852 2665 sicut
1898 2611 2248 2681 honoriﬁcam

676 2705 914 2761 Patrem.
941 2703 1044 2769 Qui
1066 2721 1167 2775 non
1193 2703 1505 2773 honoriﬁcat
1534 2701 1768 2781 Patrem,
1806 2719 1908 2756 non
1935 2702 2247 2776 houorificat

672 2796 894 2854 Filium.
932 2816 951 2848 ‹
990 2809 1015 2837 α
1043 2795 1182 2863 Quid
1220 2804 1303 2851 est
1327 2796 1472 2850 enim
1495 2794 1852 2851 honoriﬁcare
1876 2796 2111 2860 Patrem,
2142 2796 2246 2850 nisi

672 2893 815 2961 quod
842 2892 1034 2947 habeat
1069 2890 1295 2944 Filium?
1327 2889 1488 2945 Aliud
1517 2897 1601 2945 est
1647 2891 1792 2946 enim
1817 2906 1938 2946 cum
1977 2892 2074 2946 tibi
2099 2907 2247 2947 com-

673 2983 958 3039 mendntur
984 2981 1125 3035 Deus
1163 2980 1287 3050 quia
1328 2979 1470 3033 Deus
1519 2988 1619 3044 est,
1661 2989 1716 3034 et
1755 2980 1923 3046 aliud,
1977 2996 2101 3035 cum
2151 2981 2246 3035 tibi

671 3074 1082 3130 commendatur
1117 3071 1259 3125 Deus
1299 3070 1422 3140 quia
1452 3069 1615 3125 Pater
1659 3079 1760 3125 est.
1800 3070 1935 3124 Cum
1972 3070 2068 3124 tibi
2104 3070 2247 3125 Deus

671 3164 797 3232 quia
826 3163 969 3218 Deus
994 3170 1076 3217 est
1098 3160 1525 3225 commendatur,
1576 3168 1791 3215 creator
1842 3160 1937 3213 tibi
1973 3174 2247 3214 commen-

2352 1968 2428 2022 illi
2469 1970 2661 2034 credit,
2700 1972 2924 2045 verbum
2965 1970 3148 2044 [Aug.,
3185 1973 3376 2046 verbo]
3414 1976 3532 2045 ejus
3573 1977 3775 2039 credit;
3812 1994 3918 2034 ctm

2353 2069 2532 2115 autem
2561 2062 2785 2116 verbum
2809 2062 2927 2133 ejus
2953 2064 3147 2128 credit,
3178 2064 3307 2119 mihi
3336 2066 3531 2132 credit,
3550 2068 3683 2137 quia
3705 2068 3918 2123 Verbuu

2350 2151 2530 2207 Patris
2557 2168 2658 2223 ego
2687 2170 2826 2209 sum.

2421 2245 2449 2284 δ
2480 2243 2595 2300 Non
2628 2247 2773 2301 enim
2814 2248 3071 2305 transiret
3097 2249 3164 2304 de
3190 2259 3364 2304 morte
3394 2252 3461 2305 ad
3491 2252 3683 2318 vitam,
3707 2254 3807 2309 nisi
3827 2255 3918 2324 pri-

2350 2350 2439 2389 mo
2464 2345 2609 2391 esset
2637 2338 2690 2391 in
2713 2345 2907 2401 morte,
2948 2348 3005 2394 et
3038 2355 3143 2394 non
3185 2352 3330 2396 esset
3367 2343 3422 2397 in
3464 2345 3597 2398 vita.
3643 2344 3773 2400 Cum
3808 2361 3916 2415 ergo

2352 2428 2627 2482 transierit
2650 2428 2703 2481 in
2732 2428 2920 2494 vitam,
2950 2446 3054 2485 non
3084 2432 3191 2487 erit
3212 2433 3265 2487 in
3291 2443 3488 2489 morte.
3537 2434 3782 2491 Mortuus
3803 2451 3914 2506 ergo

2347 2526 2486 2583 erat,
2506 2528 2561 2571 et
2582 2519 2795 2582 revix't,
2818 2520 3074 2589 perierat,
3098 2530 3151 2576 et
3173 2522 3424 2578 inventus
3441 2533 3525 2578 est
3543 2524 3699 2595 (Luc.
3714 2524 3907 2593 ιηὸί).

2348 2608 2436 2663 Fit
2476 2610 2698 2679 proinde
2724 2598 2850 2680 jam
2891 2613 3137 2681 qutedam
3172 2617 3520 2681 resurrectio,
3564 2627 3622 2671 et
3657 2626 3912 2673 transeunt

2346 2703 2591 2758 homines
2619 2719 2650 2757 a
2679 2713 2852 2759 morte
2879 2705 3116 2775 quadam
3135 2706 3202 2761 ad
3218 2708 3505 2778 quamdam
3528 2709 3694 2764 vitam
3713 2728 3728 2776 ;
3747 2726 3778 2764 a
3794 2724 3913 2764 mor-

2347 2800 2400 2847 te
2428 2792 2757 2847 inﬁdelitatis
2784 2793 2853 2847 ad
2894 2795 3059 2850 vitam
3101 2797 3252 2861 ﬁdei;
3290 2813 3321 2852 a
3359 2808 3536 2853 morte
3572 2799 3823 2856 falsitatis
3853 2799 3910 2855 ad

2346 2885 2513 2939 vitam
2541 2886 2813 2952 veritatis;
2849 2903 2881 2941 a
2920 2896 3091 2943 morte
3129 2888 3430 2958 iniquitatis
3466 2891 3535 2946 ad
3576 2891 3745 2945 vitam
3776 2890 3911 2959 justi-

2348 2976 2453 3031 tiae.
2490 2976 2586 3031 Est
2608 2992 2739 3049 ergo
2773 2986 2830 3033 et
2866 2978 2968 3033 ista
3003 2977 3184 3051 [Aug.,
3219 2988 3277 3034 et
3304 2980 3408 3035 ista
3444 2980 3715 3054 quaedam]
3757 2995 3911 3036 resu-

2346 3066 2518 3120 rectio
2547 3076 2903 3122 mortuorum.
2939 3067 3163 3140 Aperiat
3189 3069 3335 3125 illam
3359 3069 3592 3142 plenius,
3619 3081 3673 3126 et
3694 3071 3910 3127 lucescat

2348 3158 2524 3223 nobis,
2550 3169 2607 3214 ut
2628 3162 2810 3231 erepit.
2835 3182 2855 3214 ι

670 3217 849 3319 datur,
892 3255 1233 3323 omnipotens
1255 3251 1350 3306 tibi
1387 3250 1815 3314 commendatur,
1876 3249 2096 3320 spiritus
2118 3249 2239 3318 qui—
2266 3217 2317 3283 θ
2416 3249 2579 3305 Vsus.
2619 3249 2963 3307 25.-—-Amen
2983 3268 3135 3306 amen
3154 3252 3271 3307 dico
3292 3252 3452 3317 vobis,
3474 3254 3598 3324 quia
3621 3254 3757 3308 venit
3779 3255 3908 3315 liora,

671 3346 793 3400 dent
835 3343 1018 3416 [Aug.,
1054 3343 1295 3414 quidam]
1325 3358 1588 3409 summus,
1623 3350 1881 3405 aeternus,
1938 3341 2241 3405 invisibilis,

670 3433 1125 3488 incommutabilis
1168 3433 1265 3487 tibi
1302 3433 1748 3486 commendatur:
1777 3447 1901 3485 cum
1956 3446 2086 3486 vero
2145 3432 2244 3486 tibi

669 3524 832 3579 Pater
868 3524 992 3592 quia
1020 3530 1174 3592 pater
1214 3530 1298 3576 est
1325 3519 1753 3585 commendatur,
1798 3520 1933 3575 nihil
1972 3520 2070 3575 tibi
2099 3517 2245 3576 aliud

672 3630 836 3686 quam
868 3624 922 3669 ει
951 3614 1119 3669 Filius
1147 3613 1571 3676 commendatur,
1606 3611 1734 3680 quia
1771 3610 1932 3665 Pater
1977 3627 2087 3665 non
2139 3611 2246 3667 dici

670 3712 870 3776 pitest,
896 3703 940 3757 si
964 3702 1160 3756 Filium
1215 3716 1321 3756 non
1348 3701 1537 3765 habet;
1575 3700 1714 3755 sicut
1737 3716 1835 3756 nec
1855 3699 2046 3766 Filius,
2071 3701 2116 3756 si
2145 3699 2248 3754 Pa-

670 3808 808 3851 trem
832 3811 935 3850 non
989 3796 1171 3850 habet.
1220 3792 1326 3849 Sed
1351 3808 1420 3848 ne
1458 3792 1596 3848 forte
1633 3792 1850 3847 Patrem
1876 3790 2093 3861 quidem
2148 3793 2246 3847 ho-

669 3888 919 3946 noriﬁccs
963 3897 1219 3958 tanquam
1254 3884 1532 3954 majorem,
1583 3885 1623 3940 F
1629 3885 1777 3940 ilium
1836 3901 1965 3940 vero
1990 3896 2246 3956 tanquam

668 3984 953 4048 minorem,
994 3990 1053 4036 ut
1075 3982 1225 4036 dicas
1266 3979 1397 4034 mihi
1431 3998 1443 4033 :
1478 3978 1783 4034 llonoriﬁco
1834 3977 2080 4044 Patrem;
2133 3977 2246 4032 scio

667 4075 814 4131 enim
854 4074 997 4145 quod
1028 4073 1222 4127 habent
1243 4071 1464 4137 Filium,
1488 4080 1676 4127 et-non
1715 4086 1839 4126 erro
1862 4071 1914 4126 in
1949 4071 2123 4126 Patris
2149 4087 2245 4127 no-

667 4167 835 4231 mine,
888 4181 995 4220 non
1015 4164 1159 4219 enim
1194 4164 1408 4217 Patrem
1453 4162 1691 4233 intelligo
1730 4162 1847 4217 sine
1874 4161 2033 4227 Filio,
2082 4162 2249 4217 honoo

666 4256 819 4314 riﬁeo
864 4264 1042 4311 tamen
1074 4263 1128 4327 et
1158 4253 1354 4308 Filium
1396 4261 1651 4322 tanquam
1693 4252 1955 4307 minorem
1986 4270 1999 4305 :
2025 4251 2247 4323 corrigit

670 4358 722 4404 te
751 4350 864 4419 ipse
884 4347 1068 4409 Filius,
1098 4354 1153 4400 et
1176 4352 1392 4399 revocat
1423 4342 1523 4416 [te]
1556 4344 1742 4399 dicens
1769 4363 1783 4398 :
1815 4342 1883 4398 Ut
1930 4361 2108 4398 omnes
2150 4344 2248 4399 Ito-

668 4438 940 4506 uori/icetu
961 4433 1185 4498 Filium,
1216 4449 1321 4487 non
1349 4432 1591 4497 inferius,
1623 4434 1719 4488 sed
1739 4435 1873 4488 sicut
1894 4432 2247 4501 honori/Erant

2343 3349 2393 3394 ct
2420 3357 2555 3395 nunc
2585 3352 2681 3407 est,
2705 3342 2914 3414 quando
2946 3343 3137 3397 mortui
3158 3346 3371 3398 audient
3396 3360 3570 3399 vocem
3591 3343 3719 3398 Filii
3739 3344 3848 3408 Dei,
3867 3352 3907 3396 et

2343 3435 2434 3504 qui
2463 3433 2745 3499 audierint,
2773 3435 2956 3488 vivent.
3006 3433 3118 3491 Hoc
3154 3436 3434 3506 preprium
3461 3445 3546 3491 est
3573 3437 3804 3508 piomm,
3832 3434 3908 3504 qui

2344 3524 2425 3579 sic
2453 3524 2679 3581 audiunt
2705 3526 2772 3580 de
2796 3526 3165 3582 incarnatione
3195 3525 3332 3595 ejus,
3359 3538 3419 3582 ut
3444 3529 3670 3583 credant
3693 3528 3816 3598 quia
3838 3526 3910 3580 Fi-

2345 3613 2451 3669 lius
2483 3615 2575 3669 Dei
2617 3624 2719 3681 est,
2751 3616 2803 3670 id
2831 3624 2933 3681 est,
2966 3616 3044 3671 sic
3074 3631 3197 3671 eum
3227 3625 3448 3688 propter
3469 3632 3528 3673 se
3554 3616 3759 3673 factum
3785 3616 3907 3671 acci-

2344 3707 2498 3778 piunt
2520 3708 2783 3762 minorem
2808 3708 2968 3763 Patre
2998 3710 3050 3765 in
3073 3707 3248 3764 forma
3275 3710 3439 3773 servi,
3471 3717 3529 3764 ut
3552 3710 3781 3765 credant
3799 3710 3906 3779 qua

2345 3797 2567 3867 :cqualis
2594 3807 2679 3855 est
2703 3799 2850 3854 Patri
2884 3800 2937 3854 in
2967 3798 3140 3856 forma
3175 3798 3289 3854 Dei.
3330 3799 3398 3854 Et
3417 3800 3538 3855 ideo
3573 3802 3830 3871 sequitur,
3864 3806 3908 3851 et

2345 3888 2449 3944 hoc
2472 3889 2644 3960 ipsum
2669 3890 3052 3945 commendans
3079 3889 3242 3945 dicit:
3270 3890 3455 3961 (Vnus.
3484 3889 3574 3962 26)
3622 3887 3770 3944 Sicut
3792 3889 3906 3943 enim

2347 3983 2510 4038 Pater
2531 3982 2683 4036 liabet
2712 3982 2868 4036 vitam
2897 3982 2954 4035 in
2972 3981 3266 4052 semetipso,
3298 3982 3372 4035 ita
3398 3980 3539 4035 dedit
3566 3991 3613 4035 et
3642 3979 3783 4033 Filio
3806 3996 3909 4050 gra-

2345 4074 2473 4129 tiam
2506 4072 2655 4146 [Μεη
2683 4071 2868 4146 vitam]
2896 4073 3085 4128 habere
3112 4073 3167 4127 in
3197 4075 3488 4145 semetipso.
3519 4092 3539 4126 ι
3575 4085 3597 4112 ε
3625 4072 3778 4140 Quod
3798 4085 3909 4140 ergo

2346 4167 2445 4231 ait,
2496 4164 2653 4220 Dedit
2702 4162 2844 4219 Filio
2889 4165 3045 4219 vitam
3094 4164 3282 4219 habere
3319 4165 3372 4217 in
3416 4165 3713 4235 semetipso,
3748 4161 3907 4217 brevi-

2349 4267 2434 4316 ter
2476 4259 2650 4316 dicam
2682 4255 2919 4313 :Genuit
2962 4256 3179 4318 Filium,
3224 4256 3390 4310 vitam
3435 4255 3492 4335 in
3522 4270 3582 4310 se
3621 4254 3905 4309 habentem.

2347 4357 2534 4427 Neque
2553 4355 2698 4413 enim
2724 4362 2845 4410 erat
2871 4354 2989 4409 sine
3008 4353 3137 4416 vita,
3166 4360 3222 4408 et
3245 4350 3456 4422 accepit
3479 4350 3667 4411 vitam,
3711 4348 3801 4405 sed
3832 4361 3909 4398 na-

2347 4451 2546 4507 scendo
2574 4450 2683 4506 vita
2709 4457 2821 4505 est.
2860 4447 3019 4503 Pater
3044 4446 3153 4501 vita
3179 4454 3265 4501 est
3299 4461 3404 4500 non
3443 4445 3738 4505 nascendo,
3762 4438 3908 4495 Filius

669 4516 905 4624 Patrem
965 4522 1068 4624 Qui
1114 4538 1235 4593 ergo
1260 4538 1368 4624 3mg
1391 4522 1718 4624 {togeriﬁcai
1741 4520 1986 4624 Filium._
2010 4541 2104 4580 nec
2139 4523 2237 4624 Pe
2274 4565 2324 4624 ι)
2348 4543 2458 4597 vita
2495 4552 2580 4596 est
2616 4540 2905 4597 nascendo.
2952 4539 3114 4594 Pater
3149 4537 3214 4592 de
3256 4537 3402 4592 nullo
3438 4544 3616 4607 patre,
3656 4534 3821 4589 Filius
3853 4527 3905 4581 de

669 4628 800 4672 trem
823 4615 1156 4686 houoriﬁcat,
1183 4616 1273 4687 qui
1292 4615 1433 4669 misit
1456 4612 1626 4668 illum.
1676 4613 1812 4686 Ego,
1840 4614 2040 4685 inquis,
2081 4615 2246 4683 majo-

670 4722 786 4763 rem
814 4707 1072 4762 honorem
1092 4706 1213 4762 volo
1233 4708 1360 4762 dare
1389 4704 1555 4771 Patri,
1585 4704 1848 4761 minorem
1871 4704 2025 4761 Filio.
2051 4706 2127 4762 lbi
2146 4707 2246 4763 tol-

670 4798 739 4855 lis
800 4798 1061 4853 honorem
1100 4796 1268 4864 Patri,
1319 4798 1411 4854 ubi
1453 4799 1718 4853 minorem
1768 4797 1866 4852 das
1911 4796 2069 4852 Filio.
2104 4797 2245 4866 Quid

668 4892 814 4950 enim
842 4892 938 4947 tibi
961 4891 1107 4947 aliud
1128 4892 1339 4947 videtur
1364 4892 1467 4947 ista
1494 4891 1759 4947 sententia
1798 4889 1980 4964 [Aug.,
2018 4892 2092 4945 ita
2122 4906 2245 4948 sen-

668 4981 885 5056 tiendi],
929 4981 1035 5037 nisi
1060 4981 1186 5052 quia
1207 4980 1368 5036 Pater
1394 4983 1652 5051 aequalem
1688 4981 1792 5037 sibi
1842 4980 2038 5036 Filium
2085 4997 2245 5053 gene-

668 5088 795 5131 rare
833 5080 928 5127 aut
951 5071 1123 5128 noluit
1169 5079 1261 5125 aut
1298 5086 1403 5125 non
1443 5072 1652 5141 potuit?
1695 5070 1752 5127 Si
1773 5070 1964 5138 noluit,
2015 5071 2240 5140 invidit;

669 5163 830 5235 513
859 5164 906 5219 si
927 5177 1036 5219 non
1060 5160 1259 5233 potuit,
1298 5161 1510 5217 defecit.
1536 5162 1653 5218 Non
1678 5179 1808 5235 ergo
1824 5165 1992 5229 vides,
2016 5164 2142 5234 quia
2167 5164 2244 5220 ita

668 5265 754 5313 est
776 5256 1114 5317 sentiendum
1148 5273 1161 5308 :
1200 5253 1303 5310 Ubi
1327 5252 1508 5325 [Aug..
1537 5255 1662 5324 quia
1683 5255 1757 5309 ita
1778 5255 2080 5320 sentiendo,
2127 5252 2242 5326 ubi]

667 5351 929 5422 majorem
940 5353 1198 5408 honorem
1215 5349 1297 5405 vis
1317 5350 1446 5405 dare
1470 5350 1636 5415 Patri,
1665 5352 1736 5405 ibi
1751 5366 1812 5406 es
1823 5352 2246 5408 contumeliosus

668 5443 728 5498 in
748 5441 984 5497 Patrem.
1026 5441 1257 5496 Proinde
1283 5439 1364 5495 sic
1390 5438 1689 5493 honoriﬁca
1726 5438 1946 5506 Filium,
1975 5443 2245 5510 quomodo

671 5532 996 5589 honoriﬁcus
1019 5531 1258 5589 Patrem.
1312 5532 1359 5587 si
1382 5531 1464 5587 vis
1486 5530 1845 5588 honoriﬁcare
1873 5541 1929 5589 et
1952 5531 2149 5589 Filium
2190 5540 2245 5588 et

670 5622 906 5679 Patrem.
1086 5660 1115 5705 ι

741 5765 766 5794 ο
792 5753 850 5824 S.
876 5753 1010 5824 Aug.
1045 5753 1147 5810 loc.
1179 5756 1272 5812 cit.
1306 5773 1454 5811 num.
1479 5756 1531 5822 6,
1562 5756 1615 5810 7.

740 5824 769 5864 ι
804 5823 885 5877 Ex
920 5822 977 5877 Si
1016 5825 1150 5895 Aug.
1189 5825 1289 5881 loc.
1328 5828 1420 5881 cit.
1463 5843 1610 5882 num.
1647 5826 1700 5880 8.

2345 4638 2455 4693 Deo
2481 4633 2663 4687 Patre.
2705 4630 2865 4686 Pater
2890 4638 3112 4701 prepter
3148 4628 3336 4684 Filium
3374 4635 3477 4691 est,
3513 4626 3686 4681 Filius
3716 4636 3835 4678 vero
3862 4623 3906 4670 et

2342 4725 2488 4797 quod
2514 4720 2725 4795 [Filius]
2750 4730 2854 4786 est,
2882 4705 3102 4792 proptér
3123 4706 3339 4774 Patrem
3366 4726 3484 4785 est;
3514 4726 3573 4772 et
3593 4714 3744 4786 quod
3766 4721 3857 4775 εει.
3878 4721 3903 4763 ³

2342 4817 2506 4873 Patre
2529 4823 2633 4872 est.
2681 4812 2796 4869 Hoc
2821 4828 2952 4883 ergo
2973 4812 3108 4867 dixit
3134 4829 3147 4864 :
3180 4808 3352 4864 Vitam
3381 4809 3505 4863 dedi
3536 4806 3708 4874 Filio,
3741 4816 3792 4860 ut
3829 4804 3905 4857 he-

2344 4908 2481 4979 beret
2503 4922 2615 4960 eam
2652 4905 2706 4958 iu
2742 4904 3034 4974 semetipso,
3068 4911 3324 4970 tanquam
3365 4900 3609 4955 diceret:
3632 4898 3796 4953 Pater
3828 4890 3902 4962 qui

2342 5004 2429 5052 est
2454 4996 2564 5050 vita
2594 4995 2648 5049 in
2669 4993 2978 5062 semetipso,
3000 4993 3181 5063 genuit
3205 4991 3423 5057 Filium,
3445 4990 3537 5061 qui
3557 4999 3709 5046 esset
3731 4990 3833 5044 vita
3859 4983 3901 5038 in

2343 5086 2651 5156 semetipso.
2677 5084 2779 5139 Pro
2805 5098 2871 5139 eo
2899 5083 3062 5144 enim,
3089 5083 3229 5152 quod
3257 5082 3461 5153 genuit,
3490 5081 3667 5136 voluit
3704 5069 3900 5142 intelligi

2342 5177 2503 5232 dedit.
2555 5176 2836 5245 Tanquam
2879 5174 2925 5229 si
2969 5174 3185 5229 cuidam
3229 5173 3532 5228 diceremus
3572 5188 3587 5225 ε
3628 5169 3787 5226 Dedit
3826 5162 3901 5220 tibi

2342 5265 2484 5322 Deus
2507 5282 2647 5323 esse.
2680 5286 2698 5320 ι
2745 5265 3002 5335 Sequitur
3026 5265 3171 5319 enim
3196 5272 3253 5319 et
3277 5264 3440 5319 dicit:

2416 5358 2577 5414 Vsus.
2616 5357 2788 5412 21-—
2802 5356 2869 5410 Et
2896 5355 3035 5410 dedit
3060 5357 3107 5410 ei
3130 5364 3428 5425 potestatem
3450 5353 3625 5424 facere
3636 5350 3899 5423 judicium.

2341 5451 2468 5523 quia
2497 5448 2544 5502 F
2547 5448 2668 5503 ilius
2692 5449 2917 5503 hominis
2945 5456 3040 5502 est.
3074 5446 3210 5501 Puto
3238 5444 3370 5500 nihil
3397 5459 3519 5500 es‘e
3545 5441 3902 5501 manifestitb;

2344 5557 2469 5595 nam
2498 5541 2623 5608 quia
2650 5539 2818 5593 Filius
2843 5538 2939 5593 Dei
2963 5546 3066 5604 est,
3094 5537 3314 5607 :cqualis
3335 5544 3419 5591 est
3444 5535 3627 5602 Patri;
3654 5550 3763 5589 non
3785 5526 3906 5585 acti-

2346 5630 2425 5703 pit
2450 5629 2587 5685 hanc
2612 5636 2935 5699 potestatem
2958 5628 3220 5697 judicium
3246 5627 3476 5683 faciendi
3492 5667 3508 5684 .
3533 5628 3629 5683 sed
3659 5626 3823 5681 habet
3848 5616 3909 5677 il-

2418 5780 2441 5808 ε
2481 5769 2557 5824 Ex
2594 5769 2808 5832 eodem,
2846 5782 2995 5822 num.
3040 5766 3121 5822 l3.
