4088 6340
179 418 273 476 815

965 407 1373 468 EXEGETICA.
1413 438 1483 449 --
1519 404 1874 464 COMMENT.
1912 404 1980 460 lN
2021 403 2212 461 JOAN.
2253 434 2325 445 --
2361 404 2490 460 LIB.
2529 403 2615 459 Ill.

3307 403 3412 459 διδ

178 531 274 587 lam
315 541 434 580 cum
485 523 645 579 Patre
691 522 746 578 in
773 520 1003 578 occulto.
1051 520 1263 592 Accipit
1322 526 1501 573 autem
1553 516 1732 580 illam,
1763 520 1811 577 Α
1839 514 2164 570 resurrectio
2200 515 2531 579 animarum,
2570 514 2673 569 ista
2705 529 2933 584 sequens
2961 514 3283 570 resurrectio
3310 516 3416 571 erit

180 628 231 678 ut
247 616 364 672 boni
388 615 472 669 vel
497 614 623 670 mali
654 630 777 670 eum
801 614 1019 667 videant
1040 612 1396 680 iudicantem,
1423 610 1549 679 quia
1596 607 1738 662 filius
1835 622 2142 677 corporum.
2167 605 2266 674 Qui
2286 622 2416 662 vero
2434 607 2486 661 in
2511 607 2613 661 hac
2632 607 2803 677 prima
2826 608 3080 680 resurgit,
3104 609 3158 663 in
3178 608 3416 666 secunda

177 703 391 763 hominis
418 711 520 758 est.
558 702 706 758 Visio
734 702 932 772 quippe
968 700 1060 755 lilii
1105 700 1338 755 hominis
1371 698 1657 753 exhibetur
1682 705 1739 751 et

175 795 338 852 malis.
385 792 521 847 Nam
546 792 683 847 visio
709 790 895 845 forma:
918 791 1011 846 Dei
1038 805 1145 845 non
1172 791 1272 844 nisi
1304 786 1517 843 mundis
1543 787 1703 841 corde
1720 823 1737 851 ,

177 887 290 960 quia
316 883 415 954 ipsi
438 883 606 936 Deum
631 880 884 936 videbunt
912 879 1127 951 (Matth.
1160 896 1214 944 v,
1246 879 1322 950 8).
1373 878 1431 932 ld
1468 887 1571 944 est,
1612 879 1740 933 solis

174 976 287 1047 piis,
329 986 557 1043 quorum
606 969 877 1025 dilectioni
920 970 1022 1023 hoc
1071 970 1242 1039 ipsum
1283 968 1567 1038 promittit,
1613 967 1739 1037 quia

175 1065 407 1121 ostendet
448 1063 681 1133 seipsum
714 1062 837 1117 illis.
879 1062 946 1117 Et
979 1062 1099 1116 ideo
1130 1062 1252 1116 vide
1286 1060 1414 1129 quid
1449 1068 1739 1129 seqnatur:

176 1158 349 1229 (Vens.
370 1154 463 1225 28)
491 1153 665 1208 Nolite
690 1153 875 1207 mirari
912 1152 1028 1217 hoc,
1058 1152 1249 1223 inquit.
1285 1150 1422 1217 Quid
1444 1166 1542 1205 nos
1562 1149 1743 1221 prohi-

176 1248 261 1301 bet
284 1243 501 1299 mirari?
529 1243 632 1297 nisi
653 1242 779 1296 illud
804 1242 945 1311 quod
982 1257 1169 1296 revera
1195 1241 1427 1295 miratur
1450 1240 1626 1295 omnis
1653 1238 1746 1308 qui

175 1352 272 1393 non
299 1334 582 1405 intelligit?
607 1342 668 1387 ut
691 1334 811 1388 ideo
834 1333 1037 1387 diceret
1064 1331 1277 1386 Patrem
1316 1331 1526 1386 dedisse
1561 1330 1611 1385 ei
1647 1341 1745 1399 po-

176 1434 416 1483 testatem
450 1424 709 1494 judicium
756 1423 954 1490 facere,
1002 1424 1257 1494 quoniam
1296 1423 1466 1477 Filius
1512 1421 1746 1477 hominis

170 1527 267 1583 est,
294 1534 421 1573 cum
461 1517 630 1588 magis
666 1516 820 1587 quasi
859 1516 961 1571 hoc
1004 1523 1413 1586 exspectaretur
1450 1522 1511 1568 ut
1547 1512 1751 1568 diceret

173 1609 298 1681 [Αι.,
330 1607 654 1680 iudicaret],
697 1607 952 1676 quoniam
986 1604 1154 1660 Filius
1193 1605 1291 1660 Dei
1326 1612 1428 1659 est.
1478 1602 1586 1659 Sed
1623 1603 1747 1673 quia

168 1702 357 1757 Filium
388 1701 484 1754 Dei
512 1700 802 1755 secundum
831 1698 884 1753 id
919 1697 1065 1768 quod
1100 1697 1153 1751 in
1188 1695 1362 1751 forma
1398 1695 1494 1750 Dei
1528 1693 1750 1764 aequalis

165 1802 243 1848 est
272 1791 421 1847 Patri
453 1791 640 1847 videre
677 1790 844 1860 iniqui
884 1804 990 1843 non
1029 1798 1273 1859 possunt,
1308 1795 1556 1859 oporteat
1592 1785 1746 1857 [Ms.,

1838 707 2081 769 resurget
2106 695 2174 752 ad
2202 696 2444 766 gloriam.
2497 693 2599 763 Qui
2628 712 2756 751 vero
2785 696 2839 751 in
2869 697 2970 752 hac
2996 698 3170 767 prima
3195 714 3300 755 non
3331 714 3419 759 re-

1839 787 2030 856 surgit,
2062 786 2115 840 in
2155 786 2390 841 secunda
2426 794 2607 842 tamen
2643 795 2909 857 resurget,
2949 787 3044 842 sed
3077 789 3144 843 ad
3176 804 3413 858 mnam.

1841 877 2136 948 Utramque
2163 878 2291 933 facit
2314 878 2456 932 Deus
2476 892 2574 947 per
2599 877 2893 933 Christum.
2941 878 3042 946 Qui
3072 880 3159 935 hic
3184 880 3418 954 resurgit

1840 982 1937 1036 per
1957 983 2079 1022 eum
2098 1007 2113 1034 ,
2144 969 2216 1024 ibi
2245 976 2489 1040 resurget
2516 970 2584 1025 ad
2604 970 2746 1024 eu'm.
2791 969 2895 1037 Qui
2920 971 3009 1025 hic
3033 984 3130 1040 per
3156 987 3279 1027 eum
3307 989 3417 1029 non

1842 1059 2093 1130 resurgit,
2130 1075 2229 1115 nec
2267 1061 2341 1114 ibi
2377 1061 2445 1116 ad
2484 1076 2608 1115 eum
2646 1069 2905 1133 resurget.
2947 1080 2965 1113 ‹
3007 1073 3033 1101 ι
3059 1062 3201 1117 liora
3238 1072 3419 1120 autem

1842 1165 1987 1205 nunc
2015 1159 2117 1216 est,
2160 1160 2220 1205 ut
2255 1162 2538 1222 resurgant
2575 1153 2801 1219 mortui;
2831 1154 2964 1209 hora
2988 1155 3095 1210 erit
3113 1155 3167 1209 in
3193 1154 3299 1211 line
3328 1172 3424 1213 sa:-

1844 1241 1971 1308 culi,
1998 1251 2058 1296 ut
2084 1251 2367 1314 resurgant
2389 1243 2605 1297 mortui.
2652 1243 2756 1300 Sed
2798 1253 3086 1317 resurgunt
3116 1245 3301 1318 [Aug.,
3341 1264 3427 1305 re-

1846 1330 2091 1406 surgant]
2127 1349 2268 1389 nunc
2304 1333 2359 1387 in
2396 1342 2595 1398 mente,
2641 1342 2767 1389 tunc
2802 1335 2853 1388 in
2889 1350 3073 1395 carne,
3121 1335 3427 1409 Resurgaut

1848 1437 1990 1477 nunc
2012 1423 2065 1477 in
2094 1431 2272 1478 mente
2309 1439 2405 1493 per
2440 1425 2661 1478 verbum
2702 1423 2818 1490 Dei,
2853 1424 3046 1480 Filium
3084 1426 3177 1483 Dei
3205 1444 3427 1484 :resur-

1847 1523 1973 1585 gent
1999 1523 2126 1570 tunc
2158 1515 2210 1569 in
2244 1530 2405 1570 carne
2432 1530 2528 1585 per
2552 1515 2790 1570 Verbum
2819 1516 2946 1583 Dei,
2978 1532 3195 1573 carnem
3226 1517 3428 1574 factum

1849 1606 2019 1661 lilium
2048 1607 2300 1662 hominis.
2343 1606 2528 1677 Neque
2564 1608 2710 1663 enim
2736 1609 2801 1664 ad
2821 1608 3082 1679 judicium
3108 1609 3352 1666 vivorum
3375 1619 3433 1667 et

1850 1706 2182 1753 mortuorum
2206 1696 2367 1753 Pater
2387 1699 2500 1769 ipse
2524 1708 2783 1755 venturus
2807 1708 2918 1766 est;
2948 1716 3049 1757 nec
3074 1709 3252 1757 tamen
3282 1718 3432 1758 rece-

1852 1790 1987 1844 dita
2015 1789 2151 1844 Filio
2186 1789 2346 1844 Pater
2371 1808 2385 1845 :
2413 1791 2682 1865 quomodo
2715 1806 2844 1863 ergo
2881 1808 2985 1847 non
3023 1793 3136 1863 ipse
3172 1801 3433 1850 venturus

164 1883 395 1955 oportet]
434 1891 614 1937 autem
649 1890 704 1937 et
742 1879 981 1950 judicem
1023 1880 1269 1934 vivorum
1303 1887 1359 1934 et
1389 1887 1746 1941 mortuorum,
1782 1865 1827 1925 Β
1852 1881 1977 1935 est?
2016 1880 2143 1950 quia
2192 1896 2300 1935 non
2347 1880 2460 1951 ipse
2495 1881 2765 1937 videbitur
2807 1883 2861 1936 in
2892 1884 3115 1954 judicio.
3165 1885 3437 1941 Videbunt

163 1988 283 2027 cum
300 1988 490 2028 coram
508 1988 573 2027 eo
586 1971 995 2043 iudicabuntur,
1014 1970 1214 2041 etjusti
1233 1970 1452 2026 videant
1469 1978 1524 2025 et
1546 1970 1713 2040 iniqui
1731 1986 1746 2035 ;

165 2062 365 2129 Nolite,
403 2063 595 2133 inquit,
625 2048 721 2116 hoc
748 2062 955 2116 mirari.
982 2060 1166 2132 (Vens.
1198 2060 1312 2131 29.)
1358 2060 1621 2127 Quoniam
1666 2077 1749 2115 ve—

160 2155 263 2208 niet
292 2154 448 2220 hora,
481 2156 536 2210 in
562 2171 668 2226 qua
695 2170 871 2208 omnes
895 2154 983 2224 qui
1014 2154 1069 2208 in
1094 2153 1440 2207 monumentis
1476 2161 1627 2217 sunt,
1656 2169 1753 2205 au-

156 2247 303 2303 dient
328 2265 507 2305 vocem
536 2250 687 2319 ejus:
714 2258 760 2302 et
797 2247 1093 2318 precedent,
1118 2247 1207 2316 qui
1236 2246 1371 2300 bona
1404 2246 1667 2316 fecerunt,
1697 2246 1752 2299 in

154 2343 600 2395 resurrectionem
636 2341 773 2402 vitm,
800 2339 888 2403 qui
926 2354 1044 2392 vero
1081 2336 1223 2391 mala
1254 2346 1539 2407 gesserunt,
1580 2336 1635 2389 in
1676 2351 1755 2391 re-

150 2432 541 2485 surrectionem
557 2430 775 2501 judicii.
822 2429 902 2483 Ad
928 2430 1031 2483 hoc
1065 2442 1196 2498 ergo
1226 2426 1508 2497 oportebat
1540 2435 1600 2480 ut
1632 2425 1755 2481 ideo

148 2521 442 2589 acciperet
471 2517 615 2573 illam
640 2524 982 2588 potestatem,
1006 2514 1168 2587 515
1187 2515 1312 2584 quia
1346 2514 1488 2568 ﬁlius
1522 2513 1757 2589 hominis

150 2619 236 2666 est
254 2650 271 2674 ,
306 2617 372 2663 ut
403 2616 748 2677 resurgentes
778 2622 966 2663 omnes
993 2606 1238 2661 viderent
1261 2620 1385 2659 eum
1414 2598 1469 2659 in
1499 2586 1671 2658 forma
1700 2604 1756 2657 in

151 2718 261 2773 qua
289 2699 475 2754 videri
500 2698 569 2753 ab
601 2697 851 2753 omnibus
882 2705 1082 2768 potest,
1111 2696 1205 2751 sed
1230 2695 1318 2750 alii
1358 2695 1426 2751 ad
1460 2695 1758 2749 damnatio-

156 2806 305 2854 nem,
348 2787 451 2841 alii
491 2786 560 2840 ad
596 2787 763 2840 vitam
806 2795 1083 2839 aeternam.
1130 2785 1259 2852 Quae
1301 2793 1384 2839 est
1427 2790 1604 2838 autem
1647 2784 1758 2838 vita

152 2893 390 2946 aeterna,
445 2881 548 2935 nisi
584 2880 673 2934 illa
706 2880 844 2935 visio
883 2894 1003 2949 quae
1041 2894 1149 2933 non
1187 2878 1501 2933 conceditur
1538 2875 1759 2947 impiis?

159 2971 226 3027 Ut
252 2979 578 3042 cognoscant
600 2978 669 3035 te,
685 2969 887 3039 .inquit,
917 2985 1080 3033 unum
1106 2985 1281 3023 verum
1307 2968 1494 3031 Deum,
1526 2977 1572 3020 et
1607 2982 1756 3037 quem

155 3062 349 3117 misisti
385 3061 578 3114 Iesum
610 3059 871 3114 Christum
911 3059 1091 3129 (Joan.
1123 3074 1257 3124 xvn,
1285 3057 1359 3128 5).
1401 3058 1678 3124 Quomodo
1704 3065 1760 3111 et

157 3152 336 3222 ipsum
375 3149 570 3205 Jesum
598 3148 905 3215 Christum,
950 3149 1052 3204 nisi
1091 3148 1538 3218 quemadmodum
1590 3162 1754 3200 unum

1851 1967 1906 2025 in
1930 1984 2089 2041 quem
2117 1979 2547 2041 eompunxerunt
2581 1970 2764 2043 (Joan.
2806 1988 2919 2037 xu,
2960 1975 3072 2044 57).
3115 1974 3311 2030 Forma
3346 1974 3438 2031 illa

1848 2061 1955 2115 erit
1973 2061 2159 2131 judex,
2192 2075 2312 2131 quae
2337 2060 2486 2117 stetit
2511 2063 2610 2117 sub
2632 2060 2849 2132 judice;
2881 2062 2970 2117 illa
2992 2061 3255 2132 iudicabit
3275 2105 3288 2129 ,
3313 2080 3434 2134 qua

1845 2150 2085 2220 iudicata
2114 2160 2198 2206 est
2227 2171 2240 2205 :
2266 2150 2509 2219 iudicata
2545 2161 2628 2207 est
2658 2154 2800 2207 enim
2831 2154 3034 2223 inique,
3057 2152 3436 2224 judicabitju-

1853 2250 1953 2297 ste.
1996 2241 2144 2297 Talis
2166 2243 2445 2314 apparebit
2464 2243 2647 2314 judex,
2680 2245 2851 2313 qualis
2874 2245 3038 2300 videri
3068 2247 3236 2315 possit
3271 2256 3326 2301 et
3364 2248 3435 2303 ab

1853 2332 1953 2398 eis,
1985 2348 2121 2402 quos
2148 2341 2502 2388 coronaturus
2522 2342 2627 2399 est,
2650 2344 2705 2390 et
2732 2334 2801 2389 ab
2829 2335 2908 2390 eis
2930 2351 3065 2405 quos
3084 2336 3438 2393 damnaturus

1854 2431 1956 2478 est.
1982 2442 2001 2475 ι
2047 2422 2329 2479 Distinctio
2353 2433 2436 2479 est
2463 2424 2604 2479 inter
2629 2424 2757 2481 illud
2778 2428 3000 2482 verbum
3025 2429 3165 2497 quod
3192 2430 3440 2500 superius

1856 2511 2011 2577 dixit,
2040 2511 2177 2582 quod
2208 2513 2400 2566 mortui
2431 2513 2643 2568 audient
2670 2531 2839 2569 vocem
2883 2514 3014 2570 Filii
3056 2516 3175 2581 Dei,
3210 2526 3269 2573 et
3303 2519 3443 2573 inter

1857 2600 1983 2656 illud
2022 2602 2164 2672 quod
2197 2603 2287 2656 hic
2326 2603 2437 2656 ait:
2463 2604 2598 2658 venit
2637 2604 2787 2669 hora,
2820 2605 2875 2659 in
2918 2622 3022 2676 qua
3045 2622 3220 2661 omnes
3257 2609 3349 2679 qui
3385 2609 3444 2664 in

1856 2693 2201 2747 monumentis
2236 2702 2377 2758 sunt,
2407 2694 2621 2748 audient
2657 2711 2828 2748 vocem
2870 2694 3001 2749 Filii
3034 2695 3153 2750 Dei.
3195 2697 3273 2752 lbi
3315 2711 3444 2755 vero

1856 2783 1968 2837 ait:
1995 2782 2229 2850 audient,
2273 2784 2327 2838 id
2360 2793 2462 2850 est,
2500 2785 2772 2840 obedient.
2818 2786 2939 2841 lico
2980 2788 3084 2842 ista
3117 2788 3475 2877 resurrectio,

1857 2880 1941 2926 est
1960 2873 2028 2927 ad
2054 2873 2243 2939 vitam,
2270 2873 2356 2927 illa
2385 2889 2513 2929 vero
2544 2890 2662 2943 quae
2688 2874 2869 2931 futura
2900 2886 3004 2944 est,
3039 2877 3106 2933 de
3142 2894 3249 2948 qua
3288 2879 3442 2945 dicit,

1859 2964 2071 3019 audient
2095 2982 2265 3019 vocem
2291 2964 2421 3019 Filii
2452 2966 2568 3033 Dei,
2594 2969 2808 3023 audient
2834 2978 2892 3023 ut
2918 2980 3199 3042 resurgant
3216 2952 3461 3041 adjudi—V

1859 3055 2034 3121 cium;
2069 3071 2174 3110 non
2210 3057 2358 3110 addit
2390 3057 2475 3111 hic
2502 3059 2566 3113 ad
2605 3059 2789 3123 vitam,
2831 3060 2954 3128 quia
2997 3075 3185 3116 omnes
3222 3062 3290 3138 ad
3330 3062 3444 3133 glo-

1862 3146 1997 3199 riam
2021 3161 2127 3200 non
2153 3155 2451 3216 resurgent,
2483 3147 2575 3202 sed
2608 3149 2759 3203 multi
2789 3150 2858 3204 ad
2892 3164 3127 3220 pinnam.
3174 3151 3300 3207 ideo
3340 3154 3441 3208 ad-

156 3206 349 3299 v-erum
378 3242 579 3306 Deum,
605 3242 698 3311 qui
717 3242 967 3297 ostendet
984 3257 1042 3296 se
1059 3206 1231 3312 ipsum
1255 3240 1379 3305 illis,
1406 3255 1511 3294 non
1532 3252 1756 3309 quomo-
1779 3206 1829 3272 ο
1859 3235 1995 3289 didit
2023 3236 2089 3290 de
2115 3234 2292 3290 futura
2319 3240 2713 3294 resurrectione
2738 3259 2751 3293 :
2782 3206 3058 3307 Qui-bona
3093 3242 3348 3312 fecerunt,
3384 3244 3442 3299 in

157 3333 306 3387 dese
332 3330 782 3386 ostendetetiam
812 3330 1094 3400 puniendis
1142 3330 1195 3384 in
1236 3328 1406 3383 forma
1447 3327 1539 3382 lilii
1581 3326 1755 3381 homi-

155 3423 257 3478 nis.
311 3421 640 3477 Secundum
669 3428 851 3475 autem
877 3420 1020 3474 illam
1047 3421 1308 3475 visionem
1335 3418 1509 3473 bonus
1535 3426 1639 3483 est,
1668 3426 1753 3472 se-

152 3512 397 3566 cundum
429 3525 603 3581 quam
630 3509 892 3567 visionem
919 3510 1060 3565 Deus
1088 3517 1310 3580 apparet
1335 3508 1548 3563 mundis
1568 3507 1753 3572 corde,

151 3618 482 3676 quanquam
508 3601 668 3674 {Ms.,
692 3601 980 3674 quomodo]
1008 3602 1180 3659 bonus
1216 3602 1358 3656 Deus
1394 3600 1557 3655 Israel
1596 3598 1758 3655 rectis

149 3695 337 3751 corde.
383 3695 627 3762 Quando
663 3703 845 3748 autem
874 3692 1112 3761 judicem
1158 3692 1416 3748 videbunt
1450 3691 1611 3757 mali,
1649 3704 1756 3745 non

150 3784 230 3841 eis
255 3786 553 3841 videbitur
574 3785 765 3850 bonus,
791 3785 917 3855 quia
943 3799 1048 3838 non
1070 3783 1136 3837 ad
1159 3798 1282 3837 eum
1312 3780 1621 3854 gaudebunt
1640 3794 1761 3835 cor-

150 3875 236 3941 de,
265 3877 369 3933 sed
399 3886 549 3932 tunc
573 3892 631 3931 se
660 3875 914 3946 plangant
938 3890 1127 3930 omnes
1157 3875 1329 3929 tribus
1355 3884 1549 3929 teme:
1573 3874 1627 3928 in
1660 3889 1760 3928 nu—

150 3979 302 4023 mero
333 3969 541 4038 itaque
572 3964 774 4037 [Forte,
808 3965 1014 4037 utique]
1043 3966 1304 4020 malorum
1326 3967 1568 4021 omnium
1595 3973 1653 4020 et
1677 3965 1760 4018 in—

149 4058 418 4115 iidelium.
456 4060 695 4130 Propter
726 4060 828 4114 hoc
848 4060 1010 4114 etiam
1034 4058 1107 4112 illi
1132 4059 1223 4127 qui
1251 4073 1376 4112 eum
1404 4058 1617 4113 dixerat
1642 4072 1758 4112 ma-

146 4151 384 4222 gistrum
409 4152 650 4217 bonum,
678 4166 924 4221 quarens
949 4150 1018 4204 ab
1037 4167 1103 4206 eo
1121 4150 1406 4205 consilium
1428 4164 1761 4219 consequen-

145 4244 229 4300 ὼε
265 4248 401 4301 vita
442 4255 697 4309 aeternae,
739 4243 1047 4313 respondit:
1072 4241 1212 4308 Quid
1254 4259 1336 4296 me
1372 4242 1661 4311 interrogas
1693 4241 1761 4295 de

144 4333 326 4389 bono!
376 4335 571 4390 Nemo
610 4333 774 4387 bonus
809 4333 910 4387 nisi
936 4349 1071 4387 unus
1098 4331 1238 4386 Deus
1265 4332 1415 4401 (Luc.
1444 4347 1603 4397 xvtlt,
1645 4330 1757 4402 19).

138 4423 277 4479 Cum
307 4433 372 4482 et
406 4424 700 4481 hominem
731 4423 837 4477 alio
868 4422 986 4477 loco
1013 4423 1158 4478 dicat
1194 4422 1391 4476 bonum
1430 4422 1544 4491 ipse
1585 4421 1763 4475 Domi-

143 4527 246 4568 nus
275 4532 290 4568 :
318 4513 524 4568 Bonus
568 4513 744 4575 homo,
786 4512 978 4580 inquit,
1023 4510 1087 4564 de
1132 4510 1265 4564 bono
1303 4510 1546 4564 thesauro
1586 4508 1759 4563 cordis

137 4604 223 4657 sui
249 4604 473 4675 profert
508 4603 670 4666 bona,
693 4612 740 4655 et
765 4599 934 4655 malus
964 4599 1118 4654 homo
1141 4600 1206 4653 de
1227 4598 1366 4653 malo
1385 4599 1626 4653 thesauro
1647 4614 1761 4651 cor-

139 4691 222 4747 dis
259 4695 352 4748 sui
392 4691 618 4766 profert
653 4690 795 4744 mala
830 4689 1042 4760 (Matth.
1082 4705 1182 4755 xu,
1215 4688 1329 4760 55).
1374 4687 1480 4743 Sed
1517 4687 1642 4757 quia
1674 4685 1761 4741 ille

136 4783 310 4839 vitam
339 4791 634 4839 aeternam
657 4780 953 4849 quaerebat,
990 4779 1098 4832 vita
1135 4786 1313 4833 autem
1348 4785 1551 4832 aeterna
1586 4786 1670 4830 est
1707 4774 1762 4829 in

138 4876 228 4930 illa
249 4872 766 4945 contemplatione,
790 4887 893 4940 qua
917 4886 1020 4926 non
1042 4871 1108 4926 ad
1129 4885 1343 4941 pinnam
1364 4869 1577 4923 videtur
1597 4867 1759 4931 Deus,

133 4967 229 5022 sed
258 4968 334 5022 ad
367 4963 651 5036 gaudium
674 4977 963 5033 supernum
987 4960 1139 5033 [Ms.,
1162 4957 1566 5031 sempiternum]
1593 4977 1605 5011 :
1631 4957 1767 5012 duas

132 5052 227 5112 hic
255 5053 725 5112 resurrectiones
750 5052 863 5121 ipse
889 5052 1146 5105 Dominus
1170 5049 1415 5105 Christus
1445 5050 1495 5104 in
1529 5050 1614 5104 bis
1642 5063 1763 5103 ver—
1802 5068 1805 5069 ν

131 5141 221 5200 bis
240 5145 420 5201 nobis
445 5145 817 5207 demonstrat.
857 5140 1094 5196 Primam
1122 5155 1240 5209 qua:
1265 5139 1320 5194 in
1348 5139 1452 5194 ﬁde
1479 5147 1564 5195 est
1584 5154 1762 5193 resur-

130 5241 317 5309 gendo
348 5253 384 5294 a
420 5237 704 5309 peccatis,
740 5236 806 5290 de
832 5250 938 5304 qua
967 5236 1081 5289 ait:
1106 5234 1271 5289 Amen
1295 5251 1444 5289 amen
1463 5235 1580 5289 dico
1601 5237 1761 5300 vobis,

126 5328 260 5396 quia
301 5325 461 5382 venit
495 5324 663 5388 hora,
699 5332 746 5376 et
784 5339 922 5377 nunc
966 5332 1063 5388 est,
1099 5323 1155 5376 in
1189 5339 1291 5393 qua
1325 5323 1517 5377 mortui
1552 5323 1764 5377 audient

127 5430 314 5471 uocem
344 5414 501 5469 Filii
549 5412 665 5467 Dei.
714 5413 952 5470 Alteram
990 5414 1081 5469 ubi
1119 5417 1195 5468 ait
1220 5431 1232 5466 :
1257 5413 1420 5467 Amen
1456 5430 1607 5470 amen
1644 5415 1764 5469 dico

124 5506 299 5571 robis,
334 5508 486 5580 quia
528 5506 697 5559 veniet
730 5505 881 5571 hora,
922 5506 977 5560 in
1014 5521 1119 5575 qua
1157 5522 1333 5559 omnes
1369 5505 1457 5575 qui
1493 5506 1549 5559 in
1582 5522 1764 5561 monu-

124 5600 328 5653 mentis
370 5604 557 5657 sum,
596 5594 808 5649 audient
844 5612 1016 5651 vocem
1054 5594 1184 5649 Filii
1222 5595 1337 5649 Dei.
1379 5595 1469 5651 Illa
1508 5597 1658 5666 prior
1685 5602 1769 5652 est

200 5784 230 5812 ι
270 5770 335 5826 S.
381 5772 550 5840 Anz.
599 5769 700 5824 loc.
742 5772 836 5825 sit.
877 5786 1025 5826 num.
1062 5770 1149 5830 to.

1859 3328 2283 3381 resurrectionem
2310 3328 2425 3382 vitta
2438 3344 2459 3394 ;
2484 3329 2573 3399 qui
2597 3329 2737 3384 mala
2757 3342 2991 3403 egerunt,
3021 3334 3075 3387 in
3100 3334 3438 3389 resurrectio-

1858 3434 1973 3471 nem
2011 3417 2216 3486 iudicii,
2256 3418 2311 3473 id
2343 3425 2444 3484 est,
2484 3422 2859 3487 damnationis,
2899 3424 3024 3495 quia
3063 3423 3443 3493 hicaiudicimn

1856 3523 1956 3581 pro
1973 3524 2133 3579 ptena
2157 3510 2354 3578 posuit.
2397 3510 2547 3566 Tunc
2571 3514 2676 3568 erit
2702 3514 2884 3569 ultima
2913 3515 3034 3586 pala
3055 3514 3210 3587 [Ms.,
3231 3517 3436 3590 palea],

1858 3614 1979 3668 qua:
2011 3609 2227 3669 separat
2255 3599 2425 3657 bonos
2453 3617 2484 3656 a
2521 3604 2693 3667 malis,
2728 3606 2966 3662 triticum
2995 3622 3026 3661 a
3053 3609 3245 3679 paleis.
3288 3611 3442 3668 Tunc

1859 3687 2013 3743 ibunt
2039 3689 2189 3759 impii
2218 3690 2271 3744 in
2296 3690 2473 3761 ignem
2498 3701 2781 3762 aeternum,
2810 3695 2942 3767 justi
2967 3694 3160 3754 'autem
3187 3701 3242 3755 in
3270 3701 3439 3761 vitam

1859 3786 2135 3834 aeternam.
2176 3778 2432 3850 Sequitur
2459 3791 2638 3839 autem
2664 3802 2677 3839 :

1930 3868 2094 3923 Vens.
2134 3870 2447 3926 50.—-Non
2492 3891 2703 3944 possunt
2743 3892 2775 3930 a
2822 3894 2901 3931 me
2938 3877 3050 3949 ipso
3087 3881 3260 3950 facere
3288 3883 3441 3952 quid-

1858 3974 2037 4028 quam,
2064 3958 2154 4012 sed
2177 3960 2310 4013 sicut
2337 3962 2519 4027 audio,
2542 3963 2754 4033 judico,
2785 3976 2833 4020 et
2854 3967 3120 4037 judicium
3151 3987 3321 4025 meum
3344 3972 3443 4042 ju-

1859 4054 1997 4099 stum
2017 4056 2111 4100 est.
2155 4045 2420 4103 Fortassis
2442 4049 2561 4107 ideo
2586 4052 2738 4119 dixit,
2770 4070 2875 4108 non
2900 4071 3119 4125 possum
3147 4074 3178 4112 a
3207 4074 3294 4114 me
3326 4061 3442 4132 ipso

1862 4138 2042 4192 facere
2060 4139 2372 4209 quidquam,
2394 4144 2549 4211 quasi
2569 4144 2791 4201 dixisset
2815 4164 2827 4200 :
2853 4147 2895 4201 A
2922 4164 3007 4203 me
3026 4149 3144 4220 ipso
3164 4165 3271 4207 non
3293 4166 3436 4218 sum,

1861 4233 1954 4288 sed
1984 4249 2013 4286 a
2038 4232 2219 4289 Patre.
2262 4234 2422 4289 Pater
2447 4235 2592 4290 enim
2621 4250 2653 4290 a
2678 4235 2824 4292 nullo
2847 4237 2952 4293 alio
2973 4247 3075 4305 est,
3100 4239 3268 4297 Filius
3294 4241 3441 4297 enim

1862 4325 2074 4381 aPatre
2115 4335 2217 4382 est.
2261 4327 2385 4384 Ideo
2431 4325 2775 4383 dixit:Sicut
2815 4327 3009 4396 audio,
3047 4330 3269 4402 judico,
3311 4333 3442 4404 quia

1861 4434 2028 4473 mum
2048 4435 2184 4490 opus
2211 4431 2294 4476 est
2313 4419 2508 4486 Patris,
2533 4429 2587 4476 et
2603 4416 2744 4487 Filii,
2768 4428 2824 4475 et
2847 4420 3083 4491 Spiritus
3103 4424 3297 4479 sancti.
3322 4422 3442 4480 Sio-

1863 4518 1922 4565 ut
1951 4510 2120 4575 audit,
2146 4509 2391 4580 iudicat;
2422 4512 2572 4567 audit
2605 4511 2853 4568 videlicet
2880 4526 2978 4581 per
3024 4513 3286 4568 unitatem
3314 4513 3445 4569 sub—

1863 4602 2075 4657 stantia:
2110 4609 2167 4656 et
2198 4603 2579 4673 proprietatem
2611 4603 2868 4658 scientiae.
2911 4603 3029 4658 Non
3045 4604 3257 4674 iudicat
3293 4619 3326 4659 a
3364 4619 3447 4661 se.

1858 4692 2115 4763 metipso,
2160 4692 2287 4762 quia
2332 4708 2440 4748 non
2483 4701 2567 4749 est
2608 4708 2641 4746 a
2684 4693 2990 4764 semetipso.
3034 4693 3199 4750 Pater
3246 4694 3448 4766 quippe

1866 4784 2015 4839 solus
2050 4784 2116 4839 de
2150 4783 2257 4838 alio
2289 4799 2393 4838 non
2433 4791 2535 4849 est,
2574 4782 2744 4838 Filius
2772 4800 2803 4838 a
2827 4783 2990 4839 Patre
3015 4784 3229 4855 genitus
3252 4793 3358 4850 est,
3387 4795 3451 4841 ut

1868 4874 2124 4930 diximus.
2161 4874 2244 4929 Ab
2271 4873 2388 4943 ipso
2410 4874 2555 4929 enim
2586 4874 2738 4929 audit
2762 4882 2816 4929 et
2843 4875 3030 4941 Filius,
3051 4889 3081 4930 a
3105 4891 3212 4947 quo
3234 4876 3447 4948 genitus

1868 4979 1970 5036 est,
1999 4971 2124 5040 quia
2150 4978 2362 5025 nonest
2389 4985 2420 5023 a
2449 4984 2508 5025 se
2537 4969 2671 5038 ipso,
2699 4969 2792 5025 sed
2819 4970 2887 5025 ab
2914 4971 3023 5036 illo,
3051 4986 3082 5026 a
3107 4986 3215 5041 quo
3236 4969 3450 5040 genitus

1865 5074 1969 5121 est.
2016 5063 2063 5118 Α
2104 5079 2211 5133 quo
2236 5063 2312 5116 illi
2339 5071 2422 5117 est
2453 5062 2819 5132 intelligentia,
2858 5062 3018 5133 515
3047 5064 3119 5119 ab
3143 5062 3241 5119 illo
3262 5063 3450 5131 utique

1867 5163 1923 5210 et
1956 5154 2201 5210 scientia.
2238 5152 2319 5207 Ab
2346 5151 2447 5207 illo
2484 5153 2649 5223 igitur
2681 5154 2951 5209 audientis
2976 5191 2992 5217 ,
3035 5168 3157 5222 qua!
3192 5151 3333 5209 nihil
3362 5161 3455 5209 est.

1867 5245 2012 5300 aliud
2038 5260 2197 5313 quam
2225 5244 2467 5299 scientia.
2501 5244 2686 5302 Potest
2715 5260 2930 5316 quoque
2965 5246 3068 5300 hoc
3096 5244 3273 5314 ipsum
3301 5245 3446 5315 quod

1869 5336 2025 5402 dixit,
2065 5336 2198 5390 sicut
2234 5337 2411 5401 audio,
2435 5336 2638 5407 judico,
2670 5338 2736 5395 de
2761 5338 3110 5394 humanitatis
3138 5345 3333 5392 natura
3361 5324 3448 5391 in-

1872 5425 2058 5496 telligi,
2101 5441 2262 5495 quam
2304 5426 2398 5482 Dei
2446 5427 2617 5483 Filius
2661 5441 2730 5482 ex
2774 5428 2980 5496 virgine
3016 5428 3262 5498 sumpsit.
3311 5428 3448 5492 Cum

1875 5522 2060 5586 ageret
2080 5513 2147 5571 de
2170 5516 2563 5575 resurrectione
2587 5514 2906 5582 animarum,
2938 5532 3044 5574 non
3079 5517 3307 5582 dicebat,
3345 5533 3445 5571 au-

1876 5606 1981 5675 dio,
2019 5607 2113 5662 sed
2147 5607 2351 5679 judico.
2390 5608 2564 5663 Audio
2593 5608 2759 5677 enim,
2796 5615 3049 5687 tanquqn
3090 5608 3449 5681 praecipientis
