4088 6340
686 355 790 412 815

1527 362 1581 415 Β.
1622 360 1684 415 F.
1722 358 1943 414 ALBlNl
1983 358 2114 415 SEU
2153 356 2426 413 ALCUNI
2460 357 2738 413 OPERUM
2774 357 2949 415 PARS
2985 359 3046 416 Ii.

3828 356 3927 412 Sili

686 466 864 525 Patris
904 470 1207 542 imperium.
1252 471 1370 527 1am
1402 486 1529 542 ergo
1561 474 1701 527 sicut
1740 473 1927 536 homo,
1966 471 2104 525 sicut
2141 486 2247 540 quo
2277 477 2320 529 Α
2352 469 2422 523 lio
2464 484 2582 524 suo.
2624 471 2694 523 Et
2738 472 2846 525 scio
2888 474 3012 543 quia
3051 473 3400 528 testimonium
3445 472 3559 543 ejus
3607 487 3783 525 rerum
3832 483 3924 525 est.

688 560 861 629 major
885 571 967 617 est
994 562 1182 628 Pater;
1205 563 1315 634 jam
1341 580 1409 618 ex
1442 563 1611 618 forma
1637 564 1796 628 servi,
1829 579 1934 619 non
1973 578 2039 617 es
2080 564 2251 615 forma

686 649 802 705 Dei.
845 650 994 706 Sicut
1015 651 1191 716 audio,
1214 652 1421 722 judico,
1462 662 1511 707 et
1540 653 1806 723 judicium
1847 668 2019 706 meum
2050 650 2255 720 justum

687 748 782 794 est.
816 739 969 796 Unde
991 748 1075 795 est
1095 738 1356 811 judicium
1374 740 1576 810 justum
1601 741 1875 797 hominis?
1902 739 2036 805 Quia
2068 739 2250 807 sequi-

686 842 812 887 tur:
838 830 962 885 Non
1005 847 1185 903 qua’ro
1229 832 1542 887 uoluntatem
1586 848 1774 897 meam,
1820 830 1910 885 sed
1943 828 2254 884 voluntatem

685 919 799 992 ejus
825 922 915 994 qui
938 922 1079 976 misit
1104 937 1205 977 me.
1246 921 1351 977 ista
1377 921 1582 995 missio,
1608 921 1907 977 incarnatio
1927 929 2009 975 est
2032 918 2253 980 Christi,

683 1027 804 1082 qua:
840 1013 908 1068 ad
935 1014 1038 1069 hoc
1062 1011 1205 1070 facta
1230 1022 1312 1070 est
1336 1022 1397 1068 ut
1420 1021 1643 1084 paterna
1669 1013 1916 1068 voluntas
1946 1012 1999 1065 in
2029 1010 2253 1065 salutem

681 1104 903 1161 humani
927 1106 1138 1177 generis
1164 1121 1262 1177 per
1288 1120 1410 1161 eum
1439 1103 1755 1160 elliceretur.
1780 1102 2005 1159 Videtur
2029 1101 2172 1156 enim
2201 1100 2255 1153 in

656 1197 791 1252 “hoc
816 1197 936 1252 loco
961 1213 1028 1252 ex
1067 1198 1153 1253 his
1184 1198 1364 1254 verbis
1400 1196 1696 1253 Salvatoris
1735 1195 1924 1258 nostri,
1965 1194 2097 1249 velle
2135 1208 2254 1247 eum

682 1284 961 1341 insinuare
994 1286 1149 1342 nobis
1188 1288 1321 1341 duas
1354 1296 1575 1341 naturas
1608 1288 1662 1341 in
1704 1301 1763 1340 se
1801 1301 1940 1350 esse,
1983 1292 2036 1338 et
2074 1298 2256 1337 veram

684 1374 886 1431 habere
911 1376 1166 1441 animam,
1200 1370 1253 1431 in
1284 1392 1386 1447 qua
1416 1377 1527 1431 sola
1556 1376 1802 1431 voluntas
1828 1384 1911 1430 est
1940 1372 2091 1446 [Ms.,
2124 1373 2259 1427 solet

682 1465 930 1521 voluntas
950 1462 1128 1540 esse];
1158 1482 1276 1537 qua:
1312 1469 1474 1523 etiam
1517 1475 1663 1522 tanta
1698 1465 2073 1536 conjunctione.
2112 1478 2258 1517 com-

675 1556 850 1611 mista
876 1563 960 1611 est
985 1555 1273 1621 divinitati,
1302 1564 1362 1611 ut
1390 1564 1499 1611 tota
1530 1554 1777 1610 voluntas
1805 1554 1859 1608 in
1892 1569 1954 1608 ea
1998 1550 2257 1623 spiritalis

676 1643 863 1712 fuerit,
904 1661 1010 1701 non
1048 1647 1313 1710 animalis,
1355 1647 1407 1703 id
1443 1655 1546 1713 est,
1597 1646 1847 1701 carnalis.
1890 1645 2026 1700 Nam
2071 1659 2258 1700 conse-

681 1745 911 1806 quenter
937 1738 1254 1809 subiunxit:

2354 557 2525 615 Omne
2553 575 2761 626 verum,
2787 576 2817 615 a
2842 563 3066 619 veritate
3096 579 3280 619 verum
3307 573 3390 620 est
3417 583 3430 618 :
3459 565 3602 618 Deus
3620 563 3766 617 enim
3786 564 3926 619 veri-

2355 660 2436 703 tas
2467 661 2568 709 est.
2618 652 2684 705 Et
2720 653 2977 721 quidquid
3019 670 3205 710 verum
3241 665 3343 721 est,
3385 673 3415 710 a
3458 657 3569 710 Deo
3606 670 3794 710 verum
3826 662 3923 710 est.

2359 754 2379 788 ‹
2413 749 2437 776 ιι
2468 739 2644 808 Atque
2675 740 2727 795 id
2755 743 3118 797 testimonium
3151 746 3303 809 dixit,
3329 746 3457 815 quid
3482 746 3589 799 sit:
3617 743 3811 815 Opera,
3851 747 3927 798 in-

2352 830 2488 901 quit,
2533 847 2649 902 quae
2694 846 2785 902 ego
2833 832 2991 901 facio,
3040 837 3385 890 testimonium
3420 836 3689 907 perhibent
3728 836 3794 888 de
3830 854 3921 890 me.

2353 919 2554 975 Deinde
2580 917 2840 986 adiunxit,
2874 921 2940 975 Et
2965 924 3309 978 testimonium
3338 926 3567 995 perhibet
3595 925 3662 978 de
3694 942 3807 989 me,
3841 928 3924 995 qui

2352 1011 2491 1065 misit
2514 1027 2593 1065 me
2619 1008 2796 1065 Pater.
2839 1012 3061 1083 Ipsaque
3091 1030 3251 1084 opera
3281 1030 3397 1084 quae
3430 1014 3557 1069 facit
3576 1056 3590 1079 ,
3628 1031 3656 1068 a
3687 1015 3848 1068 Patre
3873 1030 3923 1068 se

2353 1102 2622 1172 accepisse
2658 1102 2803 1156 dicit.
2845 1103 3230 1158 Testimonium
3263 1121 3389 1174 ergo
3428 1105 3715 1175 perhibent
3743 1120 3918 1173 opera,

2355 1195 2719 1250 testimonium
2739 1197 2981 1265 perbibet
3001 1197 3160 1251 Pater
3185 1198 3274 1266 qui
3301 1197 3443 1252 misit
3463 1212 3607 1251 eum.
3647 1196 3926 1250 Perhihuit

2352 1284 2587 1341 Joannes
2624 1289 2984 1342 testimonium
3032 1291 3096 1343 de
3138 1290 3353 1343 Christo
3397 1300 3653 1358 tanquam
3689 1288 3920 1345 lucerna,

2354 1392 2461 1431 non
2499 1374 2562 1429 ad
2600 1380 2864 1432 sanandos
2903 1376 3091 1449 [Aug.,
3127 1378 3420 1451 satiandos]
3458 1380 3701 1443 amicos,
3737 1379 3828 1431 sel
3862 1377 3921 1431 ad

2355 1464 2757 1521 coninniendos
2796 1467 3060 1521 inimicos.
3119 1467 3233 1522 Jam
3270 1478 3426 1523 antea
3460 1469 3779 1539 praedictum
3815 1479 3920 1521 erat

2357 1569 2387 1608 a
2423 1570 2648 1624 persona
2697 1555 2872 1611 Patris
2913 1570 2927 1609 :
2966 1554 3158 1611 Parari
3208 1557 3472 1612 lucernam
3517 1556 3729 1611 Christo
3775 1573 3924 1617 meo;

2355 1646 2602 1702 Inimicos
2632 1647 2745 1717 ejus
2774 1648 2989 1701 induam
3018 1647 3348 1715 confusione,
3379 1664 3533 1718 super
3559 1651 3729 1718 ipsum
3763 1661 3922 1701 autent

2357 1742 2556 1812 ﬂorcbit
2597 1740 2936 1809 sanctiﬁcatio
2980 1758 3091 1794 mea
3121 1739 3290 1813 (Psal.
3336 1756 3515 1801 CXXXI,
3552 1742 3635 1803 i'i,
3666 1739 3776 1811 18).
3811 1739 3926 1793 Esto

754 1827 918 1885 Vsus.
944 1829 1206 1886 3l.—-Si
1246 1846 1338 1899 ego
1380 1829 1729 1884 testimonium
1779 1828 2020 1900 perhibeo
2066 1827 2129 1881 de
2174 1843 2254 1881 me
2285 1811 2330 1869 Ῐί
2359 1811 2611 1901 tanquam
2643 1832 2695 1885 in
2725 1838 2879 1885 nocte
2908 1811 3138 1900 positus,
3166 1831 3437 1887 attendisti
3471 1834 3522 1885 in
3557 1830 3851 1891 lucernam,
3875 1841 3924 1884 et

681 1920 814 1987 ipso,
844 1920 1191 1973 testimonium
1220 1935 1389 1973 meum
1414 1937 1514 1973 non
1542 1930 1616 1973 est
1646 1935 1837 1973 verum.
1877 1918 2029 1973 Sient
2053 1917 2104 1972 in
2130 1934 2257 1971 cou-

682 2009 1030 2077 sequentibus
1053 2009 1225 2063 dixit:
1253 2008 1313 2064 Si
1350 2008 1584 2079 glori/ica
1614 2025 1692 2063 me
1718 2010 1906 2079 ipsum,
1939 2009 2106 2080 gloria
2143 2023 2258 2063 mea

683 2102 815 2159 nihil
838 2113 945 2171 est;
970 2104 1062 2159 sed
1082 2104 1175 2176 qui
1197 2103 1339 2158 misit
1367 2120 1445 2158 me
1477 2102 1657 2168 Pater,
1697 2104 1804 2174 ipse
1841 2118 1920 2158 me
1954 2101 2211 2173 gloriﬁcat
2239 2116 2258 2154 :

684 2196 763 2249 sic
786 2202 841 2249 et
868 2195 957 2251 hic
979 2195 1178 2250 dictum
1201 2202 1319 2251 est:
1347 2193 1409 2250 Si
1435 2211 1527 2265 ego
1556 2195 1906 2249 testimonium
1931 2194 2169 2264 perhibeo
2195 2193 2260 2247 de

683 2302 765 2339 me
791 2287 919 2357 ipso,
949 2285 1295 2341 testimonium
1323 2303 1494 2341 meum
1517 2302 1620 2340 non
1653 2296 1726 2341 est
1762 2302 1958 2340 rerum.
1999 2284 2067 2339 Et
2103 2284 2260 2355 paulo

682 2383 842 2447 post:
870 2373 974 2442 Qui
1005 2376 1145 2430 misit
1172 2391 1252 2429 me
1282 2375 1459 2439 Pater,
1502 2376 1611 2445 ipse
1645 2374 1994 2429 testimonium
2030 2371 2258 2443 perhibet

683 2466 749 2521 de
790 2482 892 2521 me.
938 2465 1094 2522 Nunc
1141 2466 1196 2521 in
1243 2479 1300 2520 se
1334 2475 1583 2520 naturam
1626 2465 1858 2520 hominis
1894 2466 2256 2529 demonstrat;

684 2574 829 2614 nunc
857 2558 911 2613 in
938 2558 1034 2613 Dei
1060 2555 1341 2628 majestate
1380 2556 1640 2626 aequalem
1685 2571 1742 2611 se
1779 2553 2044 2625 signiﬁcat
2080 2553 2257 2618 Patri;

687 2665 829 2705 nunc
859 2650 1118 2705 unitatem
1152 2650 1252 2704 sibi
1292 2648 1584 2703 divinitatis
1615 2661 1734 2703 cum
1763 2649 1872 2703 Deo
1902 2649 2058 2702 Patre
2083 2646 2258 2700 vindi-

687 2757 850 2807 cans,
886 2758 1032 2796 nunc
1068 2740 1409 2811 fragilitatem
1439 2742 1686 2795 humanm
1729 2740 1907 2794 carnis
1940 2737 2258 2801 ostendens;

686 2848 829 2886 nunc
852 2831 1151 2885 doctrinam
1178 2846 1327 2886 suam
1362 2846 1421 2885 se
1453 2845 1559 2884 non
1596 2830 1796 2894 dicere,
1837 2845 1980 2883 nunc
2016 2828 2263 2883 volunta-

689 2928 797 2974 tem
825 2934 978 2975 suam
1004 2934 1061 2975 se
1085 2935 1191 2974 non
1227 2933 1467 2989 quaerere
1494 2937 1507 2973 :
1531 2934 1673 2974 nunc
1705 2919 2069 2974 testimonium
2106 2931 2261 2972 suum

685 3026 873 3067 verum
900 3027 1007 3066 nou
1032 3026 1169 3078 esse,
1202 3027 1345 3067 nunc
1376 3027 1561 3066 verum
1602 3026 1720 3064 esse
1757 3010 2086 3081 signiﬁcans.
2126 3003 2262 3062 Nam

685 3104 774 3160 hic
800 3104 909 3158 ait:
936 3101 996 3158 Si
1021 3119 1114 3173 ego
1136 3102 1489 3157 testimonium
1513 3101 1751 3173 perhich
1777 3101 1841 3155 de
1868 3115 1946 3155 me
1968 3102 2098 3171 ipso,
2122 3100 2262 3153 testi-

687 3195 921 3248 monium
954 3210 1124 3248 meum
1153 3210 1256 3248 non
1294 3203 1368 3248 est
1404 3209 1614 3258 verum;
1649 3201 1702 3247 et
1740 3192 1896 3263 paulo
1932 3198 2052 3261 post
2078 3205 2091 3243 :
2116 3189 2182 3243 Et
2216 3189 2263 3243 si

688 3302 781 3354 ego
817 3285 1164 3339 testimonium
1199 3284 1438 3356 perhibeo
1473 3284 1536 3339 de
1562 3301 1671 3349 me,
1712 3300 1886 3337 verum
1920 3292 1994 3337 est
2029 3281 2263 3335 testimo-

690 3377 837 3429 nium
860 3392 1047 3430 meum.
1091 3375 1367 3443 Quomodo
1395 3392 1523 3447 ergo
1551 3376 1655 3431 non
1687 3375 1840 3447 [Ms.,
1871 3373 2035 3447 nunc]
2064 3384 2147 3429 est
2174 3389 2267 3427 ve-

689 3482 808 3522 rum
834 3467 1192 3522 testimonium
1220 3477 1393 3534 tuum,
1419 3466 1664 3534 Domine,
1695 3468 1798 3522 nisi
1826 3466 2118 3522 secundum
2159 3463 2268 3518 l'ra-

692 3556 953 3625 gilitatem
984 3558 1196 3612 carnis?
1238 3557 1371 3612 Nam
1398 3569 1448 3614 et
1479 3558 1607 3612 illud
1635 3558 1777 3627 quod
1802 3556 1972 3612 dixit:
2003 3556 2125 3611 Non
2154 3556 2267 3610 veni

695 3649 865 3717 facere
890 3648 1203 3703 voluntatem
1230 3666 1415 3716 meam,
1443 3659 1495 3703 et
1523 3648 1694 3702 Filius
1719 3666 1750 3702 a
1772 3666 1825 3703 se
1850 3646 1980 3703 nihil
2002 3654 2166 3720 potest
2191 3646 2270 3715 fa-

693 3756 825 3804 cere,
851 3746 905 3794 et
931 3739 1037 3794 alia
1062 3738 1227 3795 multa
1254 3738 1590 3809 hujusmodi;
1622 3756 1740 3810 qua:
1771 3738 1951 3795 omnia
1978 3755 2083 3795 non
2120 3738 2269 3792 inﬁr-

696 3840 846 3887 mant
873 3832 1096 3896 Filium,
1123 3848 1298 3903 neque
1321 3832 1661 3902 depreciant,
1688 3847 1788 3887 nec
1813 3848 1842 3885 a
1872 3830 2034 3885 Patre
2068 3828 2269 3898 disjun-

692 3933 824 3994 gunt
850 3941 862 3978 :
892 3922 1156 3993 siquidem
1185 3931 1239 3977 et
1272 3924 1388 3979 haec
1418 3923 1538 3978 ideo
1570 3931 1695 3978 sunt
1731 3923 1921 3993 posita,
1951 3930 2011 3975 ut
2033 3935 2159 3975 vera
2189 3920 2271 3973 in-

696 4015 939 4072 carnatio
971 4025 1243 4073 noscatur.
1288 4015 1421 4071 Nam
1457 4016 1599 4085 quod
1634 4015 1763 4071 dicit
1803 4032 1815 4069 :
1858 4013 1972 4086 Ego
2010 4014 2075 4068 de
2108 4012 2268 4067 Patre

692 4106 846 4171 exivi,
887 4123 978 4177 ego
1017 4108 1073 4163 in
1111 4105 1306 4172 Patre,
1346 4116 1395 4162 et
1430 4105 1592 4161 Pater
1626 4106 1679 4160 in
1718 4122 1796 4160 me
1818 4122 1838 4171 ;
1874 4122 1967 4175 ego
2016 4113 2063 4157 et
2110 4101 2272 4157 Pater

700 4212 863 4251 unum
892 4214 1091 4260 sumus,
1118 4207 1167 4250 et
1189 4198 1277 4268 qui
1307 4214 1386 4252 me
1413 4197 1570 4263 videt,
1590 4197 1723 4251 ridet
1751 4206 1800 4251 et
1823 4195 2065 4261 Patrem;
2095 4204 2142 4249 et
2170 4195 2272 4248 sic-

701 4296 759 4341 ut
812 4286 969 4341 Pater
1000 4290 1214 4342 suscitat
1252 4298 1501 4352 mortuos,
1537 4297 1584 4341 et
1621 4287 1862 4357 viviﬁcal,
1900 4289 1974 4341 ita
2012 4296 2060 4341 et
2099 4285 2270 4340 Filius

699 4393 827 4448 quos
866 4378 973 4430 vult
1009 4377 1228 4445 viviﬁcat
1254 4392 1273 4431 :
1295 4391 1419 4432 vera
1462 4377 1579 4446 ejus
1616 4378 1868 4432 divinitas
1904 4378 2268 4447 approbatur:

2358 1922 2583 1976 miratus
2606 1939 2663 1975 es
2684 1922 3049 1984 luccmam,et
3068 1923 3344 1979 exsultasti
3376 1925 3443 1977 ad
3472 1922 3649 1977 lumen
3680 1923 3924 1977 lucernae.

2358 2013 2463 2068 Sed
2486 2015 2574 2068 illa
2598 2013 2809 2068 lucerna
2835 2014 2961 2067 dicit
2985 2028 3104 2069 esse
3129 2014 3318 2077 solem,
3342 2015 3394 2068 in
3419 2031 3525 2083 quo
3544 2014 3816 2068 exsultare
3834 2014 3919 2067 de-

2355 2105 2517 2168 beas;
2543 2111 2598 2159 et
2625 2104 2868 2173 quamvis
2898 2106 3084 2158 ardeat
3112 2104 3165 2158 in
3194 2113 3371 2169 nocte,
3396 2105 3538 2158 diem
3567 2114 3619 2159 te
3652 2106 3813 2174 jubet
3844 2121 3927 2158 ex-

2356 2203 2620 2266 spectare.
2664 2194 2778 2249 Non
2804 2210 2950 2264 ergo,
2988 2196 3113 2265 quia
3142 2195 3281 2250 illius
3306 2197 3540 2251 hominis
3570 2197 3927 2251 testimonium

2359 2286 2558 2359 [.4ug.,
2600 2285 2950 2359 testimonio]
2998 2303 3104 2341 non
3134 2298 3249 2341 erat
3296 2304 3451 2356 opus.
3517 2287 3644 2342 Nam
3689 2297 3754 2341 ut
3808 2288 3927 2356 q'iii

2358 2379 2683 2442 mitteretur,
2743 2378 2787 2431 si
2840 2392 2945 2432 non
2992 2386 3111 2432 erat
3143 2380 3318 2447 opus?
3379 2379 3483 2433 Sel
3523 2394 3589 2433 ne
3622 2380 3673 2433 in
3710 2379 3924 2434 lucerna

2358 2464 2677 2538 [remaneat]
2726 2466 2905 2532 homo,
2957 2471 3013 2521 et
3060 2466 3238 2522 lumen
3288 2466 3521 2522 lucernae
3561 2468 3659 2522 sibi
3690 2467 3925 2522 sumusve

2357 2556 2690 2616 arbitretur;
2723 2556 2840 2610 ideo
2870 2555 3127 2610 Dominus
3153 2571 3252 2611 nec
3277 2556 3547 2611 lucernam
3582 2555 3722 2610 illam
3753 2572 3926 2625 snper-

2357 2644 2516 2700 tluam
2546 2646 2676 2701 dicit
2703 2644 2885 2711 fuisse,
2914 2661 3014 2700 nec
3045 2654 3221 2701 tamen
3246 2646 3376 2701 dicit
3412 2648 3464 2700 in
3497 2646 3707 2701 lucerna
3737 2646 3831 2701 de!
3846 2661 3926 2700 ere

2360 2733 2521 2806 516
2558 2750 2855 2789 remanere.
2898 2733 3036 2788 Dicit
3078 2734 3220 2788 aliud
3259 2736 3617 2789 testimonium
3659 2736 3925 2806 Scriptura

2358 2824 2471 2888 Dei,
2496 2825 2584 2879 ubi
2615 2825 2796 2894 utique
2818 2821 2958 2878 Deus
2974 2825 3246 2894 perhibuit
3268 2826 3627 2895 testimonium
3648 2825 3790 2880 Filio
3813 2841 3925 2887 suo;

2358 2925 2413 2971 et
2441 2916 2493 2970 in
2527 2916 2615 2970 illa
2659 2911 2936 2985 Scriptura
2979 2910 3147 2969 Judaei
3186 2930 3331 2985 spem
3374 2929 3677 2985 posuerant,
3723 2919 3787 2971 in
3826 2919 3932 2985 lege

2359 3004 2564 3061 scilicet
2587 3006 2699 3070 Dei,
2725 3005 3025 3059 ministrata
3054 3005 3154 3059 sibi
3182 3022 3278 3075 per
3306 3006 3517 3077 Moysen
3543 3005 3807 3059 iatnulum
3831 3006 3928 3059 Dei.

2364 3097 2703 3160 Scrutamini,
2734 3096 2925 3166 inquit,
2953 3094 3275 3164 Scripturam
3306 3095 3486 3166 (Ioan.
3520 3112 3600 3155 ιιι.
3631 3096 3718 3158 59,
3749 3096 3861 3166 $0).
3888 3098 3935 3147 in

2366 3204 2469 3257 qua
2498 3202 2590 3239 vos
2614 3186 2814 3255 putatis
2833 3187 2997 3238 vitam
3022 3193 3274 3238 aeternam
3297 3185 3513 3239 habere.
3554 3184 3670 3254 ipsa
3696 3186 3936 3239 testimo-

2365 3277 2511 3330 nium
2544 3275 2789 3345 perhihet
2814 3275 2878 3327 de
2902 3289 3005 3335 me,
3031 3282 3083 3326 et
3107 3289 3213 3326 non
3236 3272 3397 3327 vultis
3422 3273 3606 3327 venire
3647 3272 3713 3325 ad
3761 3287 3852 3325 me.
3886 3281 3938 3323 at

2362 3367 2527 3420 vitam
2554 3364 2814 3420 habeatis.
2855 3363 2991 3430 Quid
3016 3378 3109 3418 vos
3130 3362 3331 3433 putatis
3361 3364 3558 3417 habere
3582 3362 3633 3416 in
3662 3361 3937 3431 Scriptura

2370 3456 2537 3511 vitam
2569 3454 2860 3525 aeternam?
2895 3453 3070 3523 ipsum
3102 3453 3432 3523 interrogate
3464 3454 3546 3506 cui
3575 3451 3833 3522 perhibet
3869 3460 3943 3503 te-

2365 3543 2691 3605 stimonium,
2722 3550 2778 3597 et
2801 3540 3079 3612 intelligite
3103 3557 3222 3611 qure
3247 3543 3317 3597 sit
3345 3543 3452 3595 vita
3481 3549 3703 3596 :etcrna.
3728 3541 3808 3595 Et
3824 3539 3940 3609 quia

2364 3644 2583 3708 propter
2605 3631 2822 3703 Moysen
2844 3634 3160 3688 videbantur
3183 3632 3367 3706 [Aug.,
3397 3632 3675 3705 volebant]
3703 3632 3941 3702 repudia-

2366 3741 2426 3780 re
2449 3724 2721 3780 Christum
2749 3731 3004 3792 tanquam
3035 3723 3401 3778 adversarium
3431 3723 3698 3777 institutis
3731 3730 3788 3776 ct
3814 3734 3943 3792 pm-

2367 3815 2555 3885 ceptis,
2582 3829 2701 3884 quze
2727 3813 2934 3884 Moyses
2960 3812 3197 3877 tradidit,
3227 3830 3416 3868 rursus
3442 3814 3659 3869 eosdem
3687 3815 3804 3885 ipse
3824 3828 3942 3869 coa-

2365 3906 2532 3965 vincit
2557 3914 2812 3975 tanquam
2839 3903 2906 3959 de
2930 3904 3033 3959 alia
3065 3904 3304 3969 lucerna,
3337 3905 3519 3960 dicens
3546 3921 3561 3957 :

2967 4013 3194 4069 CAPUT
3228 4014 3318 4069 XI.

2365 4104 2625 4160 Joannem
2654 4104 3194 4179 lucernamAappellat.
3229 4105 3444 4179 Patrem
3470 4122 3706 4179 quoque,
3736 4119 3786 4162 et
3815 4106 3951 4162 ὃτι-ἕο

2437 4187 2618 4247 pturas
2648 4176 2711 4229 de
2741 4192 2794 4228 se
2820 4174 3169 4247 tes'imonium
3200 4174 3491 4247 perhibere;
3521 4174 3747 4233 Juda'os
3774 4196 3831 4231 se
3854 4194 3950 4230 non

2439 4245 2739 4314 recipientes
2783 4246 3064 4300 uenientem
3096 4246 3153 4299 in
3187 4247 3392 4300 nomine
3433 4245 3612 4301 Patris
3632 4287 3649 4311 ,
3696 4249 3870 4303 alium
3903 4250 3953 4300 in

2437 4315 2653 4387 nomine
2671 4331 2764 4387 suo
2788 4325 3056 4369 uenturum
3081 4326 3394 4387 recepturos.
3421 4316 3501 4371 De
3522 4334 3577 4371 se
3596 4326 3779 4371 autem
3814 4317 3954 4387 Mor

2438 4401 2528 4438 seu
2552 4385 2819 4453 scripsisse
2848 4394 3085 4438 testatur.

697 4466 823 4534 quia
841 4466 1087 4520 voluntas
1099 4466 1341 4521 Patriset
1354 4465 1494 4532 Filii,
1513 4482 1619 4520 una
1634 4469 1894 4536 operatio,
1910 4484 2013 4521 una
2040 4467 2269 4535 denique
2302 4490 2348 4548 ί)
2412 4474 2604 4545 λέῐιε.
2640 4473 2839 4529 35-56.
2858 4505 2928 4514 ——
2947 4473 3051 4529 Vos
3081 4476 3295 4529 misistis
3324 4475 3394 4528 ad
3419 4473 3706 4541 Joannem,
3735 4490 3790 4531 et
3821 4477 3957 4531 testi-

662 4566 667 4570 '
698 4556 891 4627 gratia,
918 4557 1211 4628 eademque
1234 4558 1550 4628 gubernatio
1572 4567 1673 4623 est,
1704 4560 1843 4613 sicut
1868 4559 2121 4628 magister
2144 4573 2271 4628 gen-

700 4645 837 4698 tium
869 4645 1020 4699 docet
1048 4647 1119 4700 ita
1148 4646 1426 4701 scribens:
1453 4643 1638 4700 Gratia
1670 4646 1826 4711 vobis,
1867 4658 1915 4700 et
1951 4663 2057 4717 pax
2094 4664 2129 4701 a
2161 4646 2268 4700 Deo

709 4730 865 4787 Patre
886 4743 1078 4799 nostro,
1107 4744 1156 4788 et
1183 4733 1403 4791 Domino
1431 4733 1559 4790 Iesu
1586 4733 1792 4790 Christo
1820 4734 1989 4807 (Rom.
2018 4751 2056 4799 ι,
2089 4733 2163 4804 7).

773 4822 935 4878 Vsus.
974 4823 1303 4881 32.—-—Alius
1338 4835 1413 4880 est
1448 4829 1538 4898 qui
1572 4827 1917 4881 testimonium
1953 4827 2179 4897 perhibet
2207 4827 2271 4881 de

701 4931 803 4968 me.
842 4914 901 4969 In
932 4918 1279 4984 sequentibus
1312 4919 1545 4974 ostendit
1580 4920 1702 4989 quis
1739 4918 1816 4973 sit’
1843 4918 1930 4973 ille
1967 4919 2137 4985 alius,
2177 4920 2269 4988 qui

703 5003 1065 5058 testimonium
1102 5005 1350 5072 perhibet
1385 5007 1453 5063 de
1488 5023 1575 5072 se,
1612 5008 1701 5062 ubi
1736 5009 1811 5062 ait
1839 5027 1852 5061 :
1881 5006 1984 5072 Qui
2018 5008 2155 5063 misit
2191 5025 2273 5063 me

704 5090 886 5158 Pater,
916 5093 1024 5161 ipse
1048 5094 1395 5149 testimonium
1420 5098 1648 5167 perhibet
1674 5099 1738 5151 de
1759 5116 1839 5152 me
1865 5096 2044 5170 (Ioan.
2074 5113 2127 5164 v,
2156 5097 2268 5170 57).

703 5180 1090 5237 Testimonium
1115 5181 1286 5236 Patris
1310 5191 1391 5238 est
1419 5186 1483 5240 de
1506 5185 1641 5241 Filio
1668 5188 1722 5241 in
1744 5188 2030 5257 baptismo,
2056 5188 2146 5242 ubi
2166 5203 2271 5242 vox

700 5268 842 5325 facta
867 5278 949 5325 est
974 5271 1039 5326 de
1058 5271 1194 5326 ccelo
1217 5290 1229 5325 :
1252 5270 1355 5325 Hic
1374 5283 1449 5326 est
1469 5272 1639 5329 Filius
1659 5293 1800 5330 meus
1827 5277 2064 5340 dilectus,
2092 5278 2146 5331 in
2168 5295 2269 5348 quo

698 5358 828 5412 mihi
855 5359 979 5414 bene
1006 5359 1316 5431 complacuit
1352 5361 1494 5434 [Ms.,
1540 5365 1851 5437 complacui]
1887 5366 2099 5438 (Matth.
2135 5382 2266 5431 χιιι,

696 5445 779 5516 ὕ).
834 5447 1022 5504 Simile
1065 5465 1277 5521 quoque
1326 5453 1691 5508 testimonium
1747 5454 1800 5509 in
1857 5465 2037 5510 monte
2080 5466 2267 5511 sancto

699 5536 975 5604 perhibuit
992 5537 1175 5607 Pater,
1214 5542 1552 5598 audientibus
1581 5543 1753 5599 tribus
1785 5545 2057 5616 discipulis
2085 5545 2152 5601 de
2180 5545 2270 5600 Fi-

770 5699 803 5734 ι
837 5684 898 5748 S.
934 5662 1291 5764 Aug.,.tract.
1328 5712 1487 5762 xxnt,
1527 5712 1676 5753 num.
1719 5695 1772 5767 2,
1808 5700 1860 5755 5.

2375 4564 2605 4617 monium
2633 4564 2891 4634 perhibuit
2918 4564 3141 4617 veritati.
3176 4562 3289 4635 Ego
3316 4575 3489 4618 autem
3521 4582 3623 4619 non
3653 4566 3722 4618 ab
3751 4566 3957 4619 homine

2374 4654 2572 4722 accipio
2611 4654 2996 4719 testimonium;
3031 4653 3121 4707 sed
3155 4653 3265 4707 hac
3299 4654 3433 4714 dico,
3460 4664 3514 4706 ut
3540 4671 3626 4707 eos
3658 4654 3802 4709 salri
3829 4656 3956 4707 sitis.

2373 4741 2473 4795 Ille
2494 4751 2605 4795 erat
2629 4740 2840 4797 lucerna
2866 4741 3053 4795 ardens
3075 4751 3125 4796 et
3149 4742 3344 4796 lucens.
3394 4740 3498 4797 Vos
3522 4753 3699 4796 autem
3722 4743 3959 4797 voluistis

2372 4831 2633 4885 exsultare
2658 4832 2727 4885 ad
2753 4832 2935 4885 horam
2962 4834 3017 4887 in
3050 4831 3218 4887 lucem
3241 4832 3373 4903 ejus.
3423 4832 3539 4904 Ego
3574 4844 3757 4887 autem
3804 4836 3961 4888 habeo

2374 4922 2719 4975 testimonium
2764 4921 2936 4992 majus
2981 4921 3208 4977 Joanne.
3261 4922 3461 4979 Omnes
3509 4924 3653 4979 enim
3713 4925 3962 4980 homines

2373 5010 2606 5065 lucem-.2
2633 5019 2780 5076 sunt,
2803 5013 2925 5080 quia
2947 5019 3000 5066 et
3022 5013 3231 5067 incendi
3258 5011 3437 5084 [Aug.,
3459 5013 3709 5085 accendi]
3736 5026 3964 5086 possunt

2372 5108 2427 5154 et
2445 5102 2731 5171 exstingui.
2762 5102 2829 5156 Et
2853 5102 3308 5173 lucernzequidem
3330 5119 3453 5158 cum
3484 5106 3728 5174 sapiunt,
3760 5107 3963 5166 lucent,

2371 5198 2423 5244 et
2461 5191 2653 5260 spiritu
2687 5191 2908 5246 fervent.
2949 5191 3081 5246 Nam
3114 5200 3170 5247 et
3206 5193 3251 5246 si
3284 5192 3568 5259 ardebant,
3596 5203 3652 5249 et
3676 5198 3970 5250 exstincta:

2372 5288 2533 5344 sunt,
2573 5280 2731 5334 etiam
2777 5289 2983 5350 putent.
3020 5281 3438 5336 Permanscrunt
3472 5292 3655 5338 autcm
3687 5287 3847 5339 servi
3876 5285 3967 5337 Dei

2370 5369 2603 5424 lucerna:
2627 5370 2779 5425 bona:
2808 5387 2870 5424 ex
2899 5373 3016 5426 oleo
3040 5372 3421 5428 misericordias
3448 5373 3615 5438 illius,
3638 5389 3758 5430 non
3791 5393 3865 5430 ex
3896 5377 3975 5428 vi-

2373 5460 2521 5515 ribus
2557 5461 2686 5515 suis.
2739 5460 2921 5516 Gratia
2960 5463 3155 5532 quippe
3198 5463 3291 5518 Dei
3330 5465 3601 5535 gratuita,
3647 5466 3743 5519 illa
3791 5467 3973 5521 oleum

2374 5550 2713 5605 lucernarum
2758 5561 2857 5606 est.
2915 5550 3042 5607 Plus
3093 5554 3229 5607 enim
3278 5553 3381 5610 illis
3428 5556 3669 5611 omnibus
3722 5558 3980 5618 laborari
