4088 6340
163 378 271 436 817

979 375 1387 432 EXEGETICA.
1428 405 1505 420 ν-
1535 373 1885 429 COMMENT.
1926 374 1993 428 1N
2030 375 2217 431 JOAN.
2242 411 2309 419 -—
2346 378 2472 434 LlB.
2512 378 2592 435 Ill.

3304 380 3406 437 818

162 494 217 567 (1
241 468 1288 561 Cor.xv,lo_l,aitqutedamlucerna:et
1313 503 1380 543 ne
1400 488 1603 542 viribus
1621 485 1734 539 suis
1763 490 1805 542 Α
1835 498 1932 552 per
1974 485 2120 540 illum
2170 489 2367 544 habere
2415 454 2673 543 salutem.
2718 486 2903 542 Omnis
2943 485 3085 542 enim
3128 484 3408 556 Scriptura

162 585 355 641 ardere
379 582 672 646 videretur,
700 580 970 650 adiunxit:
993 578 1112 632 Non
1126 594 1218 646 ego
1244 586 1430 638 autem,
1453 576 1540 630 sed
1565 575 1735 645 gratia

162 674 261 729 Dei
281 687 498 727 mecum.
544 669 730 725 Omnis
746 683 874 739 ergo
890 668 1147 737 propheta
1167 676 1288 720 ante
1306 666 1514 720 Domini
1540 665 1737 718 adven-

162 774 279 819 tum
308 763 525 818 lucerna
554 771 654 826 est,
683 763 749 817 de
776 776 883 831 quo
910 761 1180 831 apostolus
1204 761 1395 814 Petrus
1419 760 1545 813 dicit
1572 772 1587 811 :
1618 756 1730 810 Ha-

160 854 339 909 bemus
368 852 635 907 certiorem
654 850 1005 920 propheticum
1024 864 1339 912 sermonem;
1369 848 1454 901 cui
1475 845 1734 913 benefaci-

159 953 230 997 ιιι
259 939 598 1002 intenderim,
628 937 1064 1009 quemadmodum
1094 935 1318 990 lacerate
1342 934 1533 988 lucenti
1560 935 1614 987 in
1642 931 1733 986 ob-

156 1046 317 1084 scuro
345 1031 481 1093 loco,
516 1027 678 1081 donec
714 1027 824 1080 dies
865 1026 1108 1091 lucescat,
1146 1036 1193 1080 et
1232 1024 1419 1095 lucifer
1448 1026 1652 1077 orietur
1680 1025 1736 1076 in

156 1120 408 1175 cordibus
457 1119 636 1172 vestris
685 1116 770 1187 (Il
820 1115 964 1169 Petr.
1017 1131 1055 1179 ι,
1103 1116 1212 1188 19).
1252 1115 1509 1169 Lucerna:
1558 1113 1737 1180 itaque

156 1210 459 1280 prophetae,
501 1215 556 1261 et
592 1206 768 1261 omnis
808 1205 1086 1275 prophetia
1124 1220 1228 1259 una
1267 1218 1459 1274 magna
1494 1203 1732 1257 lucerna.

156 1299 302 1365 Quid
335 1297 582 1368 apostoli,
621 1312 798 1352 nonne
840 1296 1112 1351 lucerna)?
1153 1296 1325 1350 Etiam
1363 1295 1467 1364 ipsi
1508 1294 1737 1365 lucernae

157 1393 341 1461 plane.
388 1389 480 1445 Sol
511 1388 638 1460 [Με.
662 1398 712 1443 et
734 1387 886 1457 Aug.,
916 1387 1082 1459 solus]
1112 1387 1254 1441 enim
1283 1386 1392 1452 ille,
1419 1401 1524 1441 non
1559 1385 1735 1440 lucer-

156 1497 252 1535 na.
295 1480 409 1535 Non
433 1479 743 1535 accenditur
765 1487 819 1534 et
842 1479 1216 1549 exstinguitur,
1241 1477 1334 1532 sed
1361 1485 1443 1533 est
1470 1476 1558 1531 lux
1586 1489 1733 1539 vera,

157 1586 286 1639 quae
321 1570 583 1625 illuminat
616 1584 828 1624 onmem
869 1570 1139 1623 hominem
1172 1569 1473 1623 venientem
1507 1568 1560 1621 in
1597 1568 1737 1621 hunc

156 1661 443 1714 mundum.
499 1659 576 1713 De
610 1658 814 1714 Joanne
848 1660 1043 1713 dicitur
1071 1678 1084 1712 :
1113 1658 1234 1712 Non
1264 1668 1377 1712 erat
1414 1657 1504 1711 ille
1532 1657 1732 1721 lumen,

151 1750 255 1803 sed
308 1759 364 1803 ut
406 1752 756 1804 testimonium
795 1748 1075 1819 perhiberet
1117 1748 1181 1802 de
1213 1746 1406 1802 lumine
1453 1746 1633 1815 (Joan.
1676 1763 1730 1811 ι,

1838 585 2023 630 sancta
2052 579 2415 633 testimonium
2445 578 2715 648 perhibuit
2743 577 2989 641 Christo,
3018 576 3130 631 sive
3155 591 3253 648 per
3277 577 3411 648 ligu-

1837 681 1946 731 ras,
1976 666 2088 721 sive
2114 682 2209 737 per
2232 666 2542 737 prophetas,
2566 667 2680 720 sive
2707 680 2804 735 per
2829 664 3138 735 angelorum
3167 665 3411 720 ministe-

1836 753 1937 806 ria.
1976 753 2117 824 Ergo
2142 763 2197 810 et
2224 754 2435 824 Moyses
2467 753 2740 823 perhibuit
2771 753 3134 807 testimonium
3171 754 3406 819 Christo,

1837 849 1893 895 et
1920 840 2155 897 Joannes
2185 842 2459 912 perhibuit
2485 841 2848 895 testimonium
2881 839 3115 906 Christo,
3144 853 3197 896 et
3225 845 3407 897 cmteri

1836 931 2126 1001 prophetae,
2145 941 2199 987 et
2216 932 2441 1002 apostoli
2462 931 2848 1000 perhibuerunt
2870 930 3234 986 testimonium
3255 932 3410 985 Chri-

1837 1027 1941 1074 sto.
1991 1021 2086 1076 llis
2116 1024 2365 1078 omnibus
2396 1024 2720 1079 testimoniis
2748 1026 3006 1093 praeponit
3047 1024 3407 1078 testimonium

1836 1125 2058 1180 operum
2098 1127 2334 1175 suorum,
2372 1114 2495 1182 quia
2529 1130 2624 1183 per
2651 1113 2737 1169 illa
2770 1130 2873 1169 non
2902 1114 3006 1169 nisi
3048 1114 3187 1168 Deus
3222 1115 3405 1184 perhi-
3440 1132 3445 1136 ·

1837 1201 1953 1254 huit
1981 1201 2346 1255 testimonium
2370 1203 2480 1256 ﬁlio
2508 1220 2625 1258 suo.

1910 1293 2067 1347 Vens.
2084 1292 2169 1345 41.
2190 1322 2262 1332 ——
2281 1291 2579 1347 Claritatem
2598 1292 2661 1348 ab
2680 1294 3094 1363 horninibasnon
3118 1295 3325 1367 recipio.
3346 1296 3406 1351 ιιι

1836 1391 1938 1444 est,
1984 1382 2193 1437 laudem
2239 1383 2524 1436 humanam
2563 1399 2668 1437 non
2716 1398 2919 1451 quaaro,
2964 1385 3089 1453 quia
3131 1400 3238 1439 non
3281 1387 3405 1439 veni

1839 1470 2159 1535 ministrari,
2186 1471 2280 1525 sed
2324 1471 2629 1529 ministrare
2653 1488 2668 1537 ;
2720 1473 2774 1527 id
2799 1482 2911 1537 est,
2945 1488 3052 1527 non
3081 1473 3202 1528 veni
3231 1482 3288 1527 ut
3315 1474 3410 1528 ho-

1836 1578 2024 1617 norem
2066 1561 2135 1617 ab
2186 1562 2493 1616 hominibus
2537 1564 2831 1633 acciperem
2878 1562 3182 1628 carnalem,
3218 1562 3312 1617 sed
3349 1572 3411 1617 ut

1838 1653 2094 1709 honorem
2140 1651 2446 1705 hominibus
2489 1650 2673 1707 darem
2719 1649 3035 1719 spiritalem.
3084 1649 3446 1722 (Vens-lii

1839 1740 1944 1795 Sed
1973 1741 2184 1810 cognati
2212 1755 2329 1805 vos,
2351 1740 2473 1809 quia
2515 1736 2844 1793 dilectionem
2882 1738 2979 1792 Dei
3004 1754 3109 1793 non
3137 1738 3332 1793 habetis
3355 1740 3411 1793 in

150 1840 212 1905 8,
232 1839 309 1910 9).
335 1859 352 1891 ι
390 1839 692 1895 DeChristo
708 1848 886 1894 autem
911 1853 926 1893 :
955 1839 1085 1892 Erat
1116 1837 1209 1892 tua:
1236 1855 1379 1903 uera,
1406 1853 1522 1910 quae
1543 1836 1740 1893 illumi-
1773 1839 1814 1899 Β
1840 1832 2001 1886 vobis.
2037 1832 2168 1887 Ideo
2186 1832 2522 1886 dilectionem
2554 1830 2647 1884 Dei
2675 1844 2782 1884 non
2808 1830 3130 1891 habuerunt.
3159 1831 3282 1899 quia
3304 1846 3409 1883 non

149 1938 255 1982 nat
271 1945 473 1982 omnem
492 1929 750 1983 hominem
768 1930 1049 1985 uenientem
1068 1930 1122 1982 in
1140 1928 1275 1981 hunc
1297 1927 1568 1981 mundum.
1595 1925 1734 1992 Quid

144 2027 265 2082 eat,
302 2017 443 2087 quod
474 2019 540 2073 de
570 2018 840 2089 Apostolis
877 2023 989 2087 ipsa
1028 2018 1236 2072 Veritas
1265 2018 1429 2071 dicit?
1481 2015 1581 2070 Vos
1611 2016 1734 2069 estis

139 2107 257 2162 tua:
285 2108 467 2173 mundi
497 2109 709 2178 (Matth.
735 2124 789 2174 v,
817 2109 923 2181 M).
960 2106 1028 2163 Et
1049 2107 1281 2165 Joannes
1306 2107 1395 2180 [Et
1415 2109 1480 2161 de
1504 2104 1731 2178 Joanne]

138 2199 526 2267 evangelista:
551 2198 673 2253 Non
711 2208 820 2252 erat
860 2196 948 2252 ille
974 2196 1170 2250 lumen.
1220 2196 1331 2251 Nec
1368 2195 1601 2250 Joannes
1638 2210 1735 2263 per

136 2302 210 2341 se
239 2296 360 2341 erat
389 2288 626 2352 lucerna,
657 2303 759 2344 nec
787 2287 1010 2357 apostoli
1038 2302 1134 2357 per
1164 2302 1222 2341 se
1257 2286 1453 2350 lumen,
1478 2285 1573 2340 sed
1603 2300 1631 2336 a
1659 2285 1736 2336 lu-

133 2377 302 2430 mine
324 2375 540 2432 Christo
562 2377 650 2430 ille
672 2376 911 2441 lucerna,
933 2387 987 2431 et
1006 2376 1082 2429 illi
1113 2376 1394 2429 illuminati
1429 2376 1496 2428 ab
1523 2390 1607 2437 eo,
1643 2376 1736 2443 qui

130 2474 235 2518 est
263 2463 348 2518 sol
375 2478 536 2518 verus
561 2464 741 2519 oriens
762 2463 814 2517 in
838 2464 1091 2519 cordibus
1118 2463 1351 2518 ﬁdelium
1382 2462 1488 2534 [Αι.
1515 2464 1737 2518 creden-

130 2547 348 2624 tium].
382 2552 496 2623 Ego
530 2562 700 2611 autem
729 2554 890 2608 habeo
925 2556 1272 2609 testimonium
1300 2554 1471 2623 majus
1507 2552 1732 2609 Joanne.

133 2642 333 2712 Opera
359 2642 515 2705 enim,
533 2658 649 2705 qua:
672 2642 811 2695 dedit
835 2643 959 2695 mihi
975 2643 1152 2708 Pater,
1180 2643 1293 2713 ipsa
1319 2659 1473 2712 opera
1500 2659 1617 2714 qua:
1642 2660 1734 2713 ego

129 2732 321 2800 facio,
360 2731 707 2785 testimonium
747 2732 1011 2801 perhibent
1051 2732 1115 2785 de
1155 2749 1254 2794 me,
1297 2733 1418 2803 quia
1459 2730 1619 2785 Pater
1656 2748 1737 2786 me

130 2821 321 2875 misit.
365 2820 550 2892 (Vens.
581 2821 697 2891 57.)
736 2822 801 2874 Et
828 2822 916 2893 qui
952 2823 1094 2876 misit
1129 2839 1210 2876 me
1240 2821 1421 2885 Pater,
1459 2824 1568 2890 ipse
1602 2824 1742 2876 testi-

131 2908 392 2963 monium
409 2907 664 2978 perhibuit
685 2907 748 2962 de
768 2925 867 2962 me.
892 2907 1152 2978 Superius
1166 2909 1306 2963 dixit
1327 2928 1339 2961 :
1367 2908 1736 2964 Testimonium

133 3013 265 3051 non
288 2997 490 3065 accipio
510 2995 575 3049 ab
596 2997 821 3052 homine.
873 2997 971 3052 ilic
998 3014 1220 3055 causam
1250 2999 1442 3061 reddit,
1471 3013 1640 3068 quare
1667 2998 1736 3052 ab

133 3085 380 3146 homine
417 3086 781 3156 testimonium
808 3101 914 3141 non
946 3089 1259 3159 accepisset,
1298 3090 1422 3157 quia
1462 3090 1622 3143 habet
1660 3088 1736 3142 te;

1832 1922 2176 1977 crediderunt
2204 1922 2256 1975 in
2304 1936 2426 1975 eum
2467 1918 2620 1991 [Ms.,
2648 1919 2701 1973 in
2733 1917 2843 1990 eo],
2871 1920 2963 1989 qui
2998 1936 3103 1974 non
3150 1920 3294 1973 venit
3330 1919 3412 1972 ia-

1832 2026 1955 2066 cere
1977 2010 2299 2065 voluntatem
2328 2024 2503 2074 suam,
2534 2008 2630 2062 sed
2666 2007 2994 2062 voluntatem
3019 2006 3134 2075 ejus
3153 2007 3244 2076 qui
3267 2006 3412 2061 misit

1830 2102 2001 2158 illum.
2028 2102 2149 2157 Ideo
2170 2101 2478 2169 subjunxit:
2508 2099 2691 2171 (Vens.
2719 2098 2811 2170 45)
2856 2098 2969 2169 Ego
2994 2098 3106 2153 veni
3130 2098 3183 2150 in
3205 2097 3412 2151 nomine

1836 2194 2011 2248 Patris
2034 2193 2156 2258 mei,
2181 2201 2227 2246 et
2269 2209 2371 2246 non
2412 2191 2706 2261 suscepistis
2737 2206 2838 2244 me.
2882 2189 2939 2243 ld
2967 2196 3200 2254 est,.non
3238 2186 3412 2241 credi-

1833 2284 1987 2339 distis
2013 2283 2068 2336 in
2100 2297 2205 2345 mc,
2241 2282 2363 2350 quia
2387 2280 2508 2338 ideo
2530 2280 2650 2333 veni
2680 2277 2832 2350 [Ms.,
2852 2274 3153 2346 veniebam]
3184 2275 3237 2329 in
3254 2289 3413 2329 mun-

1832 2375 1981 2437 dum,
2016 2385 2073 2426 ut
2098 2372 2485 2441 gloriﬁcaretur
2511 2384 2702 2424 nomen
2731 2368 2930 2423 Patris.
2959 2364 3016 2421 Si
3044 2364 3180 2419 alius
3201 2365 3400 2419 venerit

1833 2466 1889 2519 in
1916 2466 2120 2520 nomine
2146 2481 2261 2528 suo,
2302 2462 2451 2517 illum
2499 2462 2784 2532 accipietis.
2827 2458 2960 2526 Quis
2994 2467 3078 2514 est
3127 2456 3221 2527 qui
3264 2457 3411 2511 venit

1837 2555 1891 2610 in
1941 2555 2155 2608 nomine
2204 2569 2320 2615 suo,
2348 2552 2449 2608 nisi
2483 2551 2571 2605 ille
2596 2550 2688 2620 qui
2718 2550 2940 2620 gloriam
2960 2547 3234 2619 prapriam
3264 2559 3409 2616 quae-

1837 2648 1930 2712 rit,
1956 2655 2011 2699 et
2033 2661 2139 2700 non
2171 2645 2312 2699 illius
2351 2645 2441 2714 qui
2471 2644 2618 2698 misit
2645 2643 2792 2696 illum
2812 2643 2836 2696 ?
2859 2642 2990 2709 Quis
3009 2649 3092 2695 est
3113 2654 3273 2710 quem
3315 2652 3408 2692 ac-

1834 2735 2040 2804 cepturi
2080 2741 2241 2790 erunt
2279 2731 2466 2796 Judaei,
2502 2730 2610 2785 nisi
2639 2730 3054 2795 Antichristum,
3080 2729 3173 2799 qui
3220 2733 3408 2781 ventu-
3442 2740 3448 2759 ί

1835 2843 1927 2881 rus
1952 2834 2035 2881 est
2058 2826 2281 2896 gloriam
2326 2823 2597 2894 propriam
2636 2822 2918 2891 quaerere?
2950 2820 3017 2875 Et
3043 2821 3148 2875 hoc
3177 2819 3284 2874 erit
3308 2816 3412 2873 illis

1833 2933 1991 2988 paena
2037 2915 2262 2987 peccati,
2311 2915 2435 2984 quia
2481 2913 2767 2969 noluerunt
2800 2911 3014 2966 veritati
3066 2909 3308 2973 credere,
3353 2914 3414 2962 ut

1833 3007 2117 3061 Crederem
2160 3004 2437 3059 mendacio
2489 3001 2643 3074 μη,
2685 3011 2740 3058 et
2779 3001 3000 3057 credent
3044 2995 3406 3068 mendacium}

1839 3094 1923 3165 (ll
1957 3094 2131 3150 Thess.
2165 3093 2248 3164 ll).

130 3177 469 3233 stimouium
514 3178 719 3244 Patris,
760 3188 816 3235 et
851 3194 1072 3249 operum
1115 3181 1417 3237 testimonia
1453 3196 1571 3251 quae
1604 3188 1727 3236 sunt
1755 3174 1800 3237 C
1895 3185 2051 3239 Vens.
2066 3181 2512 3249 4L-Quomodo
2530 3183 2735 3253 potestis
2751 3196 2838 3235 ros
2852 3180 3076 3247 credere,
3092 3179 3177 3252 qui
3191 3176 3414 3251 gloriam

132 3270 333 3340 majus
360 3284 517 3337 quam
552 3272 847 3326 hominum.
886 3271 1028 3341 Ergo
1063 3273 1175 3327 hanc
1213 3273 1394 3327 missio
1432 3272 1729 3327 incarnatio

130 3369 227 3415 est
274 3359 514 3424 Christi;
558 3361 856 3416 iucaruatio
898 3376 1023 3415 vero
1060 3361 1279 3426 Christi,
1320 3362 1614 3431 redemptio
1647 3370 1732 3416 est

130 3462 373 3519 nostra;
404 3454 696 3523 redemptio
718 3471 845 3510 vero
875 3465 1058 3511 nostra
1084 3466 1167 3511 est
1196 3457 1581 3524 ipsa‘Veritas,
1612 3472 1731 3525 quas

131 3543 221 3595 ait
252 3539 410 3612 [δίδη
436 3542 490 3596 in
518 3543 631 3611 ipsa
660 3544 906 3608 veritate,
928 3560 1031 3614 qua
1052 3544 1150 3615 ait]
1176 3562 1187 3597 :
1214 3544 1326 3615 Ego
1346 3546 1477 3606 veni,
1502 3554 1555 3597 ut
1578 3545 1732 3598 vitam

129 3631 401 3702 habeant,
425 3641 473 3685 et
494 3631 845 3687 abundantius
865 3634 1107 3688 habeant.
1150 3632 1434 3702 Subiunxit
1456 3649 1581 3688 vero
1608 3633 1733 3688 huic

131 3701 470 3776 testimonio
492 3721 667 3777 Patris
694 3723 759 3778 de
786 3723 900 3792 ipso
926 3723 1117 3788 Patre,
1149 3701 1290 3792 quod
1317 3722 1484 3778 Judaei
1508 3722 1590 3777 vel
1620 3739 1733 3776 tua-

131 3812 212 3882 gi,
264 3826 564 3881 omnesque
605 3810 865 3878 inﬁdeles,
903 3823 1184 3868 excaecaus
1222 3814 1489 3868 montibus
1532 3813 1732 3868 verita-

130 3911 258 3955 tem
291 3899 588 3956 divinitatis
616 3918 720 3957 non
749 3910 967 3973 possunt
991 3904 1254 3974 accipere,
1285 3903 1502 3958 dicens:

213 3991 392 4068 Vens.
426 3992 791 4063 58.——Neque
833 3994 968 4047 enim
1007 4011 1176 4047 rorem
1213 3992 1329 4062 ejus
1373 3993 1595 4048 audistis
1637 4011 1733 4047 un—

127 4100 336 4156 quam,
365 4100 526 4156 neque
550 4086 769 4155 speciem
797 4085 910 4156 ejus
939 4085 1167 4153 vidistis;
1188 4097 1234 4141 et
1256 4086 1460 4142 verbum
1489 4086 1597 4157 ejus
1629 4104 1733 4142 non

128 4175 356 4228 habetis
391 4175 445 4229 in
475 4174 611 4231 vobis
643 4193 878 4232 manens.
921 4176 1060 4233 Dicit
1093 4179 1366 4247 apostolus
1398 4197 1412 4233 :
1445 4178 1567 4233 Non
1594 4179 1729 4233 enim

125 4268 424 4321 auditores
453 4266 577 4337 legis
602 4267 873 4338 iustiﬁcati
901 4280 1040 4335 sunt,
1078 4270 1166 4323 sed
1211 4271 1431 4339 [actores
1465 4269 1601 4324 verbi
1632 4268 1729 4324 Dei

126 4357 336 4425 (Rom.
365 4373 424 4423 ιι,
458 4359 567 4428 15).
611 4359 669 4415 ld
698 4368 781 4414 est
806 4359 972 4415 Filius
999 4361 1094 4416 Dei
1121 4376 1227 4416 non
1255 4369 1438 4415 manet
1462 4361 1515 4415 in
1543 4376 1730 4415 eorum

123 4447 440 4511 cordibus,
475 4447 601 4517 quia
622 4454 726 4502 nun
749 4456 965 4504 servant
990 4464 1108 4519 qua:
1133 4450 1373 4504 audiunt.
1420 4449 1573 4516 Quod
1601 4465 1728 4505 vero

124 4540 215 4593 ait
253 4557 268 4591 :
306 4536 489 4608 Neque
520 4556 690 4593 uocem
723 4540 837 4610 ejus
870 4540 1089 4596 audistis
1114 4582 1128 4608 ,
1170 4559 1329 4614 neque
1364 4532 1582 4613 speciem
1613 4543 1726 4613 ejus

120 4628 380 4683 uidistis.
422 4627 481 4682 In
525 4629 629 4684 hoc
661 4630 895 4685 ostendit
920 4634 1273 4688 substantiam
1314 4633 1608 4689 divinitatis
1647 4635 1700 4689 in

118 4719 695 4789 comprehensibilem
715 4736 852 4789 esse,
875 4732 930 4777 et
950 4723 1295 4788 invisibilem,
1323 4733 1379 4780 et
1403 4740 1586 4791 vocem
1612 4725 1732 4796 ejus

115 4827 252 4865 non
302 4809 612 4866 carnalibus
652 4812 838 4867 audire
878 4812 1036 4884 517
1072 4815 1311 4883 potuisse
1346 4816 1595 4883 auribus,
1631 4808 1733 4882 sed

114 4900 382 4973 spiritali
408 4901 752 4972 intelligentia
777 4919 874 4972 per
907 4905 1134 4975 gratiam
1174 4907 1345 4961 sancti
1381 4905 1613 4975 Spiritus
1645 4907 1723 4961 in:

1829 3276 1897 3328 ad
1919 3277 2132 3333 invicem
2145 3275 2409 3345 accipitis;
2427 3282 2473 3327 et
2492 3273 2732 3345 gloriam,
2747 3289 2864 3343 quae
2883 3281 2957 3328 est
2977 3291 3010 3329 a
3028 3271 3138 3327 solo
3158 3271 3288 3335 Deo,
3307 3287 3413 3324 non

1827 3365 2059 3436 quwritis
2082 3365 2107 3417 ?
2152 3363 2609 3420 Considerandum
2650 3371 2735 3419 est
2765 3362 3022 3417 intentius
3057 3370 3315 3431 quantum
3341 3360 3414 3415 sit

1805 3456 2083 3527 'jactautia
2120 3463 2174 3509 et
2195 3455 2441 3509 humana:
2463 3453 2635 3507 laudis
2658 3453 2881 3509 ambitio
2911 3452 3134 3518 malum,
3176 3466 3276 3524 pro
3304 3466 3414 3522 quo

1832 3547 1947 3615 ipsa
1973 3548 2184 3602 Veritas
2210 3547 2306 3610 ait,
2353 3545 2572 3600 credere
2608 3561 2713 3598 non
2756 3560 2915 3615 posse
2959 3543 3240 3614 quosdam,
3284 3542 3412 3613 quia

1832 3640 2106 3695 saecularis
2134 3638 2316 3709 gloriae
2338 3638 2516 3707 cupidi
2542 3645 2715 3692 erant.
2751 3636 2881 3704 Quae
2905 3645 2987 3692 est
3011 3636 3259 3692 humana:
3292 3635 3412 3689 lau—

1831 3731 1914 3786 a‘is
1937 3731 2219 3801 cupiditas,
2244 3731 2348 3786 nisi
2389 3731 2635 3801 superba:
2661 3730 2857 3784 mentis
2890 3727 3091 3783 elatio?
3120 3727 3243 3782 Vult
3268 3727 3335 3783 de
3354 3742 3415 3782 se

1832 3824 1993 3878 hanc
2020 3823 2297 3887 aestimari,
2331 3822 2472 3890 quod
2513 3822 2567 3875 ia
2597 3835 2655 3875 se
2680 3821 2881 3875 habere
2904 3833 3010 3874 non
3038 3816 3236 3873 studet.
3263 3816 3415 3872 Alter

1831 3924 1914 3971 est
1941 3915 2184 3980 interius,
2223 3913 2360 3967 alter
2386 3912 2517 3966 foris
2538 3910 2691 3983 [Ms.,
2721 3908 2890 3980 foras]
2921 3908 3089 3964 videri
3117 3906 3409 3964 desiderat.

1834 4006 2119 4061 llumilitas
2158 4019 2287 4059 vero
2311 4003 2535 4073 gloriam
2562 4002 2755 4071 quaerit
2798 4017 2829 4054 a
2851 4000 2966 4055 solo
2999 4000 3129 4064 Deo,
3158 3997 3407 4068 superbia

1833 4095 1901 4149 ab
1936 4094 2256 4149 hominibus.
2287 4091 2412 4146 Inde
2455 4090 2691 4146 Joannes
2734 4089 2974 4159 Baptista
3006 4090 3075 4144 ab
3113 4089 3228 4159 ipsa
3256 4088 3411 4144 Veri-

1835 4193 1945 4238 tate
1970 4193 2081 4238 tam
2104 4182 2430 4237 excellenter
2450 4180 2697 4236 laudatus
2715 4187 2818 4245 cst,
2842 4189 3027 4235 utnon
3049 4186 3190 4234 esset
3206 4178 3414 4235 arundo

1830 4284 1990 4331 vento
2014 4274 2211 4345 agitata
2239 4272 2453 4346 (Matth.
2490 4289 2565 4338 ιιι,
2595 4272 2648 4342 7)
2673 4290 2688 4325 :
2732 4272 2858 4341 quia
2881 4285 2988 4326 non
3026 4271 3272 4325 humana:
3296 4270 3414 4324 lau-

1831 4366 1935 4429 ὰε,
1966 4380 2064 4419 nec
2100 4364 2300 4419 odiosae
2342 4361 2750 4432 vituperationis
2774 4376 2904 4416 aura
2948 4359 3132 4427 ﬂante,
3159 4359 3411 4416 ﬂexibilis
3444 4428 3447 4431 _

1832 4455 1952 4510 fuit.
1982 4455 2104 4510 ideo
2124 4454 2351 4526 gloriam
2368 4453 2555 4507 habuit
2578 4468 2608 4505 a
2635 4452 2745 4506 Deo
2769 4450 3006 4515 Christo,
3032 4451 3158 4521 quia
3178 4450 3405 4522 gloriam

1829 4563 1934 4603 non
1981 4546 2228 4617 quaesivit
2253 4530 2562 4600 humanam.
2609 4543 2794 4613 (Vens.
2825 4542 2916 4608 45,
2945 4542 3060 4614 46.)
3110 4541 3286 4597 Nolite
3310 4559 3411 4612 pu-

1829 4647 1959 4703 tare,
1986 4637 2109 4709 quia
2131 4652 2223 4707 ego
2247 4645 2590 4691 accusaturus
2617 4634 2718 4688 sim
2754 4651 2842 4689 ros
2870 4634 3009 4705 apud
3034 4633 3267 4690 Patrem.
3290 4632 3409 4700 Est,

1827 4727 1917 4797 qui
1945 4737 2155 4780 accusat
2176 4742 2267 4779 vos
2310 4723 2537 4795 Moyses,
2568 4723 2633 4777 de
2661 4722 2806 4795 [Ms.,
2830 4723 2907 4797 in]
2927 4741 3030 4797 quo
3054 4740 3149 4779 vos
3184 4726 3414 4780 maxime

1826 4819 2066 4888 speratis.
2093 4817 2153 4871 Si
2178 4816 2314 4871 enim
2356 4813 2634 4869 crederetis
2673 4812 2865 4885 Moysi,
2888 4815 3161 4873 crederetis
3188 4815 3414 4887 forsitan

1829 4919 1876 4964 et
1900 4909 2063 4975 mihi;
2104 4909 2168 4962 de
2209 4924 2290 4961 me
2325 4907 2465 4961 enim
2504 4904 2596 4960 ille
2634 4906 2861 4976 scripsit.
2898 4906 3028 4962 Idea
3060 4921 3171 4962 non
3193 4920 3409 4969 accuso,

112 4995 399 5065 tclligere
417 4994 499 5048 vel
525 5010 724 5060 amare,
749 4996 1040 5051 secundum
1061 4999 1203 5066 quod
1229 4998 1515 5067 unicuique
1542 4999 1724 5054 datum

109 5089 268 5142 erit.
323 5082 509 5155 (Vens.
539 5083 653 5157 '59.)
692 5084 857 5150 Quia,
885 5102 1035 5157 quem
1060 5087 1199 5141 misit
1225 5087 1312 5141 ille
1330 5128 1345 5153 ,
1371 5088 1491 5144 huic
1513 5103 1597 5142 vos
1623 5104 1728 5143 non

106 5174 385 5231 creditis.
434 5171 752 5230 Scrutamini
795 5175 1109 5244 Scripturas,
1150 5179 1273 5247 quia
1318 5194 1402 5232 vos
1434 5177 1628 5247 putatis
1670 5178 1727 5233 in

106 5268 269 5338 ipsis
319 5266 477 5320 ritam
506 5275 749 5319 wtemam
776 5264 983 5333 habere,
1007 5276 1053 5320 et
1078 5266 1186 5321 illa:
1216 5277 1334 5322 sunt
1360 5285 1476 5340 qua:
1497 5269 1726 5322 testimo-

102 5361 296 5415 nium
320 5355 583 5425 perhibent
611 5355 675 5409 de
702 5373 801 5420 me,
832 5356 1016 5429 (Vens.
1044 5356 1135 5428 40)
1181 5366 1229 5412 et
1260 5375 1361 5412 non
1383 5358 1536 5413 vultis
1560 5359 1726 5413 venire

101 5450 186 5502 ad
223 5460 332 5499 me
356 5452 412 5497 ut
439 5443 594 5499 vitam
611 5444 863 5500 habeatis.
886 5444 1002 5500 Non
1018 5446 1181 5501 vultis
1196 5448 1399 5512 venire,
1415 5448 1467 5501 id
1488 5456 1588 5512 est,
1619 5464 1707 5503 n01

97 5536 312 5591 vultis
343 5534 583 5599 credere,
615 5534 741 5604 quia
766 5536 1094 5605 impossibile
1114 5537 1333 5593 estsine
1360 5537 1465 5594 ﬁde
1485 5540 1594 5594 Deo
1616 5539 1705 5609 pla
1826 5542 2075 5601 obedierit
2104 5542 2377 5615 Propheta:
2399 5543 2498 5609 illi,
2529 5543 2965 5600 exterminabitur
2978 5541 3041 5617 de
3065 5539 3255 5613 populo
3280 5538 3403 5596 Dei.

96 5642 258 5682 cere
297 5621 488 5692 (Hebr.
520 5641 598 5689 XI,
625 5624 699 5695 ϐ).
740 5626 935 5681 Venire
964 5634 1204 5682 nostrum
1226 5635 1308 5682 est
1334 5629 1403 5682 ad
1430 5628 1720 5695 Christum,
1824 5632 2010 5703 (Vens.
2035 5633 2148 5704 l7.)
2201 5634 2257 5690 Si
2296 5637 2434 5690 enim
2475 5634 2618 5691 illius
2655 5635 2841 5690 litteris
2887 5650 2990 5689 non
3016 5632 3247 5696 creditis,
3275 5646 3404 5703 quo-

99 5718 167 5779 ω
199 5723 332 5783 est,
356 5717 579 5773 credere
600 5718 750 5773 illum
777 5733 963 5773 verum
987 5718 1181 5774 Filium
1206 5719 1320 5787 Dei,
1347 5728 1399 5776 et
1425 5736 1602 5778 veram
1627 5739 1730 5780 nos.
1827 5727 1978 5785 modo
2016 5730 2148 5788 meis
2188 5729 2403 5790 credetis
2448 5727 2613 5790 verbis
2640 5728 2665 5784 l
2699 5726 2967 5799 Quidquid
3016 5725 3157 5781 enim
3208 5723 3291 5779 lex
3344 5733 3399 5777 ει

1829 4999 2090 5068 quianon
2120 4996 2241 5052 veni
2286 4996 2566 5061 damnare,
2607 4995 2701 5051 sed
2747 4996 2997 5061 salvere;
3045 4996 3254 5066 Moyses
3278 5008 3411 5049 vero

1830 5097 2069 5155 accusat,
2108 5088 2234 5157 quia
2275 5086 2535 5142 increduli
2571 5087 2704 5142 estis
2742 5086 2858 5143 voci
2900 5086 3065 5142 illius.
3107 5085 3184 5141 De
3208 5100 3295 5143 me
3319 5083 3411 5140 ille

1830 5181 2065 5250 scripsit,
2084 5181 2210 5236 dum
2231 5179 2343 5233 ait:
2371 5178 2685 5248 Prophetam
2706 5178 2844 5233 vobis
2863 5176 3132 5232 suscitabit
3154 5175 3411 5232 Dominus

1828 5270 1970 5326 Deus
2002 5269 2066 5324 de
2091 5268 2346 5339 fratribus
2370 5268 2568 5329 vestris,
2597 5277 2843 5338 tanquam
2873 5284 2953 5322 me
2996 5267 3165 5337 ipsum
3185 5265 3410 5324 audietis

1830 5356 1950 5415 eum
1978 5360 2154 5432 (Deut.
2181 5375 2337 5424 xvm,
2367 5357 2465 5425 15;
2488 5357 2665 5412 Actor.
2698 5374 2780 5421 ut,
2816 5357 3060 5428 22,25).
3094 5356 3233 5424 Quid
3277 5370 3411 5411 vero
3438 5412 3442 5416 Α

1827 5457 2100 5519 sequatur,
2145 5449 2423 5507 attendite.
2463 5448 2532 5502 Et
2569 5449 2666 5503 erit
2705 5448 2873 5504 omnis
2911 5449 3109 5511 anima,
3152 5460 3271 5517 qua
3302 5460 3411 5501 non
