4088 6340
608 317 749 401 s19.

1476 309 1537 366 Β.
1577 309 1641 365 F.
1680 304 1905 363 ALBiNl
1944 301 2076 361 SEU
2116 301 2395 359 ALCUle
2431 297 2716 358 OPERUM
2753 294 2935 352 PARS
2970 294 3036 351 ll.

3777 289 3888 348 ωο

609 427 772 504 μαι,
808 423 917 498 vel]
965 421 1243 498 prophetae
1289 418 1645 490 scripserunt,
1694 415 1877 472 omnia
1924 414 2200 504 Christum
2234 416 2282 474 Α
2377 411 2539 465 Vens.
2567 406 2698 475 ΞΛ.
2722 437 2793 447 -
2819 404 2990 461 Subiit
3035 421 3158 475 ergo
3200 402 3357 459 Iesus
3398 403 3455 457 iu
3479 409 3726 465 montem,
3751 401 3897 456 stibi

609 493 916 578 venturum-
1134 512 1509 584 designabant.
1564 509 1623 565 Si
1678 509 1824 565 enim
1872 505 2041 565 Iudzei
2096 502 2200 573 legi
2301 503 2508 557 sedebat
2552 517 2673 556 cum
2715 497 2985 570 discipulis
3029 497 3161 552 suis.
3208 495 3340 550 Erat
3377 503 3554 548 autem
3596 493 3896 564 proximum

611 612 701 667 vel
745 608 1026 681 prophetis
1068 603 1443 667 credidissent,
1491 594 1895 672 [credidissent]
1925 595 2113 665 utique
2147 598 2203 646 et

614 703 853 759 Christo.
1384 687 1389 693 ’
1986 744 1989 747 ,

686 793 817 850 Post
858 791 973 845 [nec
999 788 1163 843 verba
1194 784 1442 858 mystica,
1473 790 1528 838 et
1570 777 2005 852 profundissima:
2046 774 2206 831 intel-

613 884 851 955 ligentize
890 879 1106 937 Domini
1132 877 1303 933 nostri
1346 874 1474 931 Iesu
1519 871 1745 937 Christi,
1782 870 1979 940 quibus
2004 865 2202 938 partim

614 992 728 1031 sua:
753 971 1069 1055 divinitatis,
1113 969 1318 1039 partim
1360 974 1418 1020 et
1460 961 1815 1020 humanitatis
1861 974 2060 1017 arcana
2089 971 2205 1029 my-

615 1063 804 1128 steria,
833 1060 920 1115 vel
946 1045 1077 1115 tunc
1113 1055 1478 1119 audientibus,
1508 1051 1590 1106 vel
1621 1066 1763 1106 nunc
1790 1048 2092 1120 legentibus
2119 1045 2211 1099 de-

619 1162 927 1213 monstrare
949 1148 1402 1219 voluit,quinque
1438 1159 1637 1216 panum
1683 1140 1944 1198 miraculo
1973 1138 2210 1207 seipsum

2304 593 2512 649 Pascha
2552 592 2665 647 dies
2688 591 2852 661 [suus
2896 588 3224 647 Iuda'orum.
3270 586 3422 654 Quod
3466 594 3650 640 autem
3678 585 3902 643 subiens

2305 688 2359 742 in
2402 694 2637 741 montem
2684 682 2862 749 Iesus,
2898 681 2972 738 ibi
2999 680 3220 737 sedebat
3266 694 3390 736 cum
3435 677 3720 749 discipulis
3743 678 3896 742 suis;

2305 776 2400 831 sed
2425 775 2674 830 veniente
2719 774 2787 828 ad
2830 786 2954 827 eum
3002 769 3342 825 multitudine
3386 766 3694 831 descendit,
3736 776 3901 837 atque

2308 868 2449 922 hanc
2473 866 2527 920 in
2555 864 2922 935 superioribus
2950 860 3105 933 [Μεη
3135 856 3502 929 inferioribus]
3523 856 3722 922 reiicit,
3740 871 3900 928 quam

2310 960 2364 1013 in
2409 956 2759 1012 inferioribus
2805 954 2967 1026 paulo
3023 962 3150 1008 ante
3198 958 3507 1014 curaverat,
3556 964 3900 1019 nequaquam

2310 1050 2508 1104 frustra
2533 1047 2735 1105 factum
2773 1046 3080 1109 credamus,
3125 1040 3219 1099 sed
3241 1042 3308 1097 ad
3350 1038 3765 1112 signiﬁcandum
3790 1052 3905 1108 my-

2311 1142 2446 1196 stice
2489 1140 2617 1211 quia
2663 1138 2965 1195 doctrinam
3011 1144 3067 1191 et
3111 1135 3441 1191 charismata
3492 1148 3592 1186 sua
3644 1130 3905 1185 Dominus

617 1244 928 1308 ostendere,
968 1240 1093 1312 quis
1118 1248 1283 1303 esset,
1312 1236 1536 1293 studuit.
1579 1232 1788 1290 Idcirco
1816 1234 2213 1299 consequenter
2306 1232 2462 1303 juxta
2487 1230 2900 1303 percipientium
2945 1228 3300 1298 emaciatam
3341 1223 3642 1287 distribuit,
3676 1220 3906 1276 inﬁmi;

620 1333 947 1406 evangelista
975 1330 1260 1402 adiunxit:

672 1558 675 1561 ν
1141 1465 1307 1539 513
1332 1459 1559 1518 CAPUT
1588 1457 1700 1517 xu.

623 1581 1080 1651 Appropinquante.
1118 1575 1429 1651 Ιυάέινοῐῖαηι
1461 1570 1668 1651 Ραξάια
1705 1567 1773 1622 de
1797 1568 2035 1651 Mm!“
2068 1563 2219 1651 8“???

763 1636 811 1712 εξ
858 1636 913 1703 et.
950 1646 1151 1701 duobus
1195 1643 1423 1715 piscibus
1468 1643 1695 1712 quinque
1736 1636 1904 1715 millia
1949 1636 2219 1715 hominum

692 1704 923 1775 satiavit.
949 1719 1056 1772 Pro
1075 1731 1176 1787 quo
1189 1704 1384 1787 signos
1407 1704 1661 1787 .m'rege'm
1684 1707 1865 1764 vellent
1880 1722 1999 1760 eum
2022 1704 2217 1774 facere,

2313 1322 2529 1393 quidem
2556 1320 2735 1376 adhuc
2776 1318 3048 1374 mentibus
3082 1333 3148 1372 ac
3188 1314 3428 1388 parvulis
3466 1313 3662 1383 spiritu
3704 1310 3907 1381 simpli-

2318 1411 2463 1469 ciora
2491 1408 2693 1465 monita
2720 1407 3069 1463 committens
3086 1415 3143 1462 et
3169 1404 3442 1476 apertiora
3471 1401 3702 1461 credens
3721 1414 3905 1455 sacra-

2320 1510 2537 1569 menta;
2569 1500 2889 1557 celsioribus
2928 1507 3107 1554 autem
3136 1498 3462 1568 quibusque,
3486 1504 3543 1551 et
3567 1492 3907 1565 perfectiori-

2318 1594 2422 1648 bus
2443 1608 2627 1657 sensu,
2649 1591 2944 1647 secretiora
2959 1605 3072 1645 sua:
3093 1586 3393 1657 maiestatis
3411 1601 3613 1641 arcana
3634 1598 3903 1647 reseratis,

2322 1687 2559 1741 arctiora
2583 1685 2791 1739 devoue
2823 1680 3252 1738 conversationis
3288 1679 3483 1736 itinera
3515 1690 3832 1748 suggerens,
3856 1682 3911 1728 et

694 1765 1731 1863 moutjémglleliine‘ambulans
1772 1765 2097 1863 supermare
2125 1765 2218 1844 pa-
2254 1765 2292 1823 Β
2320 1777 2512 1833 altiora
2536 1776 2881 1847 ρι-ωωίοι-ιιηι
2925 1774 3223 1829 mlestum,
3252 1771 3392 1827 dona
3426 1768 3771 1839 prominens.
3810 1765 3909 1821 ne.

695 1847 933 1917 rentibus
961 1860 1033 1912 ait
1057 1853 1329 1927 discipulis
1356 1869 1372 1905 .'
1404 1852 1516 1923 Ego
1542 1867 1683 1915 sum,
1712 1847 1877 1903 nolite
1906 1847 2120 1901 timere.

694 1968 879 2025 CAPUT
909 1984 982 2023 Vl.
1011 1967 1172 2022 Vens.
1199 1965 1250 2030 l,
1278 1963 1335 2019 2.
1357 1993 1428 2004 -
1461 1961 1583 2016 Post
1606 1960 1717 2015 haec
1742 1959 1867 2014 abiit
1896 1956 2052 2012 Iesus
2070 1965 2220 2009 trans

627 2078 771 2119 mare
801 2060 1058 2125 Galilcew,
1096 2057 1234 2129 quod
1279 2067 1355 2111 est
1394 2052 1709 2117 Tiberiadis,
1739 2059 1787 2105 et
1816 2048 2127 2120 sequebatur
2153 2044 2220 2099 il-

629 2153 737 2208 lum
776 2152 1056 2229 multitudo
1098 2150 1348 2213 maxima,
1393 2147 1519 2218 quia
1546 2144 1784 2213 uidebant
1805 2143 1955 2211 signa
1980 2153 2099 2210 (μίαν
2125 2136 2221 2205 [ie-

628 2244 751 2304 bant
799 2228 953 2313 super
975 2243 1055 2297 his
1092 2242 1180 2313 qui
1210 2237 1617 2309 inﬁrmabantur
1663 2234 1812 2307 [Ms.,
1840 2249 1956 2304 qua:
1996 2228 2221 2301 faciebat

629 2348 785 2404 super
804 2329 1085 2405 inﬁrmos].
1118 2330 1255 2384 Abiit
1281 2329 1439 2383 Iesus
1464 2337 1614 2381 trans
1633 2342 1777 2381 mare
1799 2322 2060 2387 Galilaew,
2080 2318 2220 2392 quod

631 2435 704 2482 est
736 2424 1045 2480 Tiberiadis.
1076 2442 1097 2474 ι
1125 2434 1150 2463 n
1193 2420 1377 2476 Primo
1405 2419 1691 2475 dicendum
1733 2417 1890 2489 juxta
1915 2412 2220 2477 historiam,

634 2516 762 2587 quia
790 2530 940 2570 mare
964 2512 1219 2576 Galilaete,
1257 2511 1403 2581 quod
1436 2509 1622 2563 multis
1658 2523 1758 2583 pro
1782 2505 2094 2562 diversitate
2117 2503 2226 2560 cir-

634 2604 1054 2675 cumiacentium
1094 2601 1376 2673 regionum
1417 2598 1695 2654 vocabulis
1721 2595 2089 2667 distinguitur,
2120 2592 2227 2647 illis

633 2708 843 2759 tantum
872 2699 924 2754 in
955 2697 1087 2754 locis
1128 2711 1277 2751 mare
1301 2692 1603 2749 Tiberiadis
1626 2691 1923 2747 vocabatur
1951 2687 2104 2761 [Ms.,
2132 2700 2228 2739 vo-

634 2789 837 2862 catur],
884 2789 976 2844 ubi
1024 2786 1365 2842 Tiberiadem
1408 2783 1684 2839 civitatem
1728 2779 1905 2850 aquis,
1951 2787 2013 2833 ut
2050 2777 2225 2840 aiunt,

637 2880 829 2938 calidis
854 2878 1129 2933 salubrem
1151 2875 1540 2933 habitationem
1560 2873 1627 2927 ab
1654 2871 1933 2927 occidente
1961 2883 2228 2940 praemon-

635 2980 798 3029 strat.
829 2968 1108 3039 Siquidem
1137 2964 1477 3021 interﬂuente
1516 2962 1774 3026 Iordane,
1801 2960 1908 3014 duo
1935 2958 2003 3013 de
2037 2956 2227 3027 viginti

637 3078 894 3138 passuum
924 3059 1161 3114 millibus
1200 3058 1255 3112 in
1293 3057 1535 3127 longum,
1571 3062 1626 3109 et
1653 3052 1890 3124 quinque
1917 3048 2229 3104 extenditur

637 3157 696 3213 in
723 3156 912 3210 latum.
959 3152 1182 3225 Mystice
1227 3158 1409 3205 autem
1455 3161 1631 3211 mare,
1679 3144 1895 3200 turbida
1924 3157 1989 3198 ac
2018 3150 2229 3195 tumen-

640 3251 716 3304 tia
743 3246 924 3301 steculi
951 3243 1110 3313 hujus
1136 3241 1414 3297 volumina
1440 3237 1744 3309 signiﬁcat;
1776 3235 1833 3290 in
1857 3232 2053 3304 quibus
2080 3228 2231 3301 pravi

641 3337 870 3410 quilibet
909 3333 1104 3403 injuste
1133 3330 1406 3394 delectati,
1435 3345 1506 3399 qu
1530 3328 1588 3382 .si
1628 3324 1910 3397 profundis
1953 3320 2119 3376 dediti
2148 3319 2230 3388 pi-

642 3446 787 3494 sces,
817 3434 998 3482 mente
1041 3424 1192 3496 [Ms.,
1222 3421 1479 3493 mentem]
1508 3420 1577 3477 ad
1621 3431 1854 3488 superna
1900 3412 2098 3484 gaudia
2126 3424 2236 3464 non

649 3520 957 3578 intendunt.
1008 3517 1163 3573 Unde
1204 3516 1342 3573 bene
1386 3514 1528 3566 idem
1571 3525 1723 3565 mare
1769 3507 2022 3569 Galilmze,
2054 3504 2233 3567 idest,

649 3619 775 3667 rota
793 3607 1226 3679 cognominatur,
1249 3604 1374 3673 quia
1400 3602 1658 3655 nimirum
1685 3613 1838 3653 amor
1879 3594 2117 3649 labentis.
2139 3607 2239 3647 sa:-

646 3700 758 3758 culi
787 3699 941 3769 quissi
969 3698 1024 3752 in
1045 3696 1365 3766 vertiginem
1392 3690 1527 3767 [Al.,
1554 3686 1891 3760 voraginem}
1917 3686 2082 3742 corda
2112 3684 2241 3745 mit-

649 3791 741 3856 tit,
956 3788 1024 3843 ad
1069 3784 1324 3857 perennis
1369 3783 1493 3838 vitae
1524 3779 1787 3837 desideria
1831 3794 1938 3837 non
1980 3774 2242 3848 permittit

651 3883 808 3953 erigi.
853 3881 930 3936 De
976 3877 1226 3950 qualibus
1266 3873 1592 3929 Psalmista:
1645 3870 1713 3925 In
1760 3871 2009 3932 circuitu,
2046 3867 2239 3937 inquit,

654 3975 802 4047 impii
848 3972 1117 4030 ambulant
1157 3967 1328 4042 (Psal.
1362 3984 1442 4032 ιι,
1470 3967 1547 4038 9).
1600 3963 1706 4019 Sed
1759 3963 2044 4019 abeuntem
2089 3968 2245 4015 trans

653 4082 805 4127 mare
829 4065 1062 4123 Galilma}
1098 4063 1279 4118 Iesum
1308 4058 1592 4117 multitudo
1618 4057 1853 4113 maxima
1895 4055 2239 4124 sequebatur,

655 4175 778 4232 qua:
819 4158 1100 4219 doctrinae,
1146 4151 1443 4209 sanationis
1490 4157 1547 4206 et
1586 4146 1903 4203 refectionis
1938 4146 2006 4200 ab
2034 4160 2101 4199 eo
2128 4159 2243 4199 coe-

652 4252 808 4308 lestis
833 4263 1056 4306 munere
1084 4261 1294 4301 summa
1325 4242 1515 4316 [Beda,
1550 4255 1761 4296 summa
1786 4236 2037 4309 munera]
2072 4236 2248 4306 perci-

652 4351 825 4416 peret.
858 4342 995 4408 Quia
1023 4340 1336 4410 priusquam
1359 4335 1621 4391 Dominus
1649 4335 1703 4388 in
1735 4348 1896 4388 carne
1938 4338 2249 4401 appareret,

2319 1872 2480 1942 nique
2506 1870 2717 1925 cuidam
2749 1866 3050 1923 sciscitanti
3072 1866 3201 1936 quid
3228 1864 3435 1919 faciens
3456 1862 3621 1916 vitun
3646 1869 3907 1915 aeternam

2317 1962 2642 2036 possideret,
2677 1960 2833 2030 quasi
2878 1957 3105 2013 inferius
3150 1956 3327 2010 adhuc
3369 1956 3555 2024 posito
3588 1950 3905 2007 emnmuuia

2320 2074 2430 2114 sua:
2457 2057 2596 2113 dona
2625 2052 2899 2125 largitatis
2938 2050 3201 2121 impendit
3243 2048 3466 2103 dicens:
3517 2044 3641 2100 Non
3681 2043 3914 2105 occides,

2321 2166 2426 2205 non
2458 2145 2814 2208 mtechaberis,
2843 2159 2947 2197 non
2994 2142 3195 2212 furtum
3237 2138 3424 2209 facies,
3468 2152 3572 2193 non
3613 2134 3820 2204 falsam
3844 2143 3915 2187 ts-

2320 2243 2622 2298 slimonium
2669 2240 2829 2303 dices,
2881 2238 3083 2291 honora
3128 2244 3332 2306 patrem
3379 2243 3530 2287 luunt
3572 2240 3617 2285 et
3660 2239 3912 2283 matrem.

2322 2334 2419 2389 Cui
2445 2331 2785 2403 postmodum
2827 2328 3034 2399 majora
3062 2324 3345 2398 quaerenti,
3377 2331 3432 2377 et
3474 2321 3620 2376 velut
3646 2320 3712 2374 ad
3751 2333 3912 2373 nmo

2324 2437 2433 2484 tem
2458 2427 2722 2480 virtutum
2750 2422 3043 2478 ascendere
3067 2418 3326 2489 cupienti,
3355 2418 3405 2471 si
3429 2417 3528 2480 vis,
3558 2416 3751 2485 inquit,
3795 2430 3911 2482 per-

2325 2519 2490 2587 fectus
2515 2530 2648 2578 e:se,
2671 2512 2821 2573 vade,
2847 2509 3006 2565 renda
3035 2526 3152 2580 qua:
3192 2508 3370 2572 habes,
3398 2516 3445 2562 et
3472 2507 3541 2561 da
3569 2505 3907 2577 pauperibus,

2323 2618 2373 2663 et
2415 2606 2625 2661 [rubebis
2667 2604 2966 2657 thesaurum
3011 2601 3067 2653 iu
3113 2597 3262 2663 caelo,
3305 2608 3353 2652 et
3396 2598 3533 2659 ueni,
3579 2611 3798 2666 sequere
3837 2610 3915 2648 nte

2325 2698 2542 2770 (Manli.
2568 2694 2799 2759 x1x,iS,
2833 2693 2919 2756 i9,
2946 2691 3059 2761 2|).
3103 2690 3273 2761 Cujus
3312 2688 3693 2743 discretionem
3726 2684 3915 2740 mode-

2326 2791 2574 2855 raminis,
2608 2791 2714 2843 non
2739 2801 2838 2857 per
2862 2801 2921 2840 se
2948 2783 3121 2839 solum
3149 2780 3409 2835 Dominus
3434 2780 3487 2833 in
3516 2793 3684 2834 carne
3714 2777 3917 2831 ὐυαειις

2325 2884 2589 2947 exhibuit,
2634 2895 2824 2935 verum
2873 2891 3017 2931 nunc
3064 2888 3279 2944 quoque
3319 2887 3416 2942 per
3440 2871 3594 2925 verbi
3634 2869 3713 2924 sui
3758 2868 3919 2923 mini-

2327 2988 2472 3033 stros
2492 2973 2750 3029 exhibere
2771 2985 2877 3024 non
2906 2974 3086 3023 cessat
3140 2964 3288 3021 Unde
3313 2962 3382 3018 de
3409 2962 3615 3018 eisdem
3638 2961 3734 3017 sub
3757 2960 3921 3014 unius

2328 3066 2453 3123 boni
2479 3065 2621 3119 servi
2649 3073 2877 3131 perswa
2923 3065 3155 3115 testatur
3210 3055 3339 3123 quia
3375 3053 3508 3108 dare
3532 3051 3767 3107 debeant
3793 3065 3916 3105 con-

2333 3154 2510 3209 servis
2536 3153 2589 3206 in
2618 3159 2861 3219 tempore
2886 3146 3049 3201 tritici
3080 3158 3417 3206 mensuram,
3440 3141 3492 3198 id
3513 3150 3623 3206 est,
3646 3155 3743 3211 pro
3764 3148 3925 3209 captu

2337 3244 2687 3307 audientium,
2710 3247 3011 3311 Opportune
3035 3245 3092 3292 et
3111 3244 3427 3291 ntensurate
3445 3235 3601 3290 verbi
3621 3235 3792 3304 dapes
3809 3248 3927 3303 sug-

2336 3349 2527 3408 gerere
2551 3331 2701 3402 (Luc.
2739 3328 2977 3398 xu,42).
3026 3326 3180 3395 Quod
3207 3341 3338 3381 vero
3378 3326 3779 3395 propinquante
3825 3323 3925 3377 Pa-

2338 3427 2468 3481 scha
2520 3418 2785 3477 Dominus
2807 3420 2993 3474 turbas
3014 3418 3190 3482 docet,
3229 3426 3285 3473 et
3307 3425 3483 3479 sanat,
3507 3425 3564 3470 et
3594 3416 3789 3479 reiicit,
3812 3430 3930 3485 pos-

2342 3530 2529 3571 sumus
2562 3514 2634 3568 ita
2660 3511 2884 3583 mystice
2906 3508 3271 3580 interpretari,
3294 3508 3420 3578 quia
3444 3506 3656 3563 Pascha
3679 3506 3930 3561 transitis

2342 3606 2580 3671 dicitur;
2610 3611 2667 3658 et
2687 3615 3037 3672 quoscunque
3080 3600 3338 3654 Dominus
3367 3599 3421 3653 in
3463 3607 3612 3652 terra
3642 3610 3928 3651 munerum

2345 3713 2562 3755 suorum
2593 3696 2756 3767 519
2782 3694 3047 3751 suavitate
3077 3699 3383 3762 recuperat,
3415 3693 3480 3746 ad
3510 3690 3785 3745 salubrem
3809 3704 3930 3758 pro-

2345 3790 2489 3845 fecto
2511 3787 2803 3843 transitum
2841 3792 3132 3855 praeparat,
3158 3790 3220 3836 ut
3242 3781 3493 3836 carnales
3519 3780 3775 3835 videlicet
3804 3794 3934 3834 con-

2344 3880 2706 3954 cupiscentias
2730 3878 2929 3933 mentis
2954 3876 3282 3931 sublimitate
3307 3875 3732 3938 transcendant;
3756 3871 3937 3927 inﬁma

2345 3976 2534 4033 mundi
2562 3972 2852 4034 desideria,
2881 3983 3138 4041 prospera
3181 3968 3391 4038 pariter
3426 3974 3483 4021 et
3525 3965 3779 4030 adversa,
3826 3976 3933 4018 ete-

2346 4070 2468 4126 lesti
2513 4083 2607 4138 spe
2635 4073 2691 4121 et
2716 4078 2901 4120 amore
2926 4061 3281 4124 conculcent;
3311 4067 3365 4114 et
3409 4058 3455 4113 si
3487 4056 3719 4112 necdum
3762 4055 3939 4110 anima

2346 4162 2431 4219 vel
2475 4174 2639 4216 carne
2683 4156 2749 4211 ad
2800 4168 3031 4224 superna
3079 4150 3261 4205 valent
3306 4149 3639 4220 pertingere,
3680 4147 3812 4216 quia
3839 4146 3939 4200 hoc

2348 4255 2605 4310 nimirum
2655 4251 2707 4304 in
2761 4247 2948 4302 futuro
2997 4241 3332 4314 promittitur
3372 4257 3392 4308 ;
3445 4238 3709 4309 quidquid
3762 4246 3939 4292 tamen

2350 4342 2597 4401 carnales
2628 4337 2783 4409 quasi
2812 4335 2977 4390 altum
3019 4330 3269 4403 amplecti
3315 4328 3676 4399 conspiciunt,
3729 4337 3943 4394 compa-

657 4435 774 4491 sola
798 4433 948 4487 illum
989 4445 1127 4502 gens
1151 4427 1337 4482 Iudaea
1381 4427 1710 4494 sequebatur
1745 4423 2054 4487 credendo;
2093 4429 2247 4491 post-

2354 4437 2560 4491 mtione
2608 4439 2962 4493 aeternorum,
3010 4424 3163 4496 quasi
3223 4422 3377 4477 nihili
3432 4419 3761 4490 despiciant,
3797 4419 3945 4489 juxta

658 4537 823 4596 quam
866 4536 1001 4575 vero
1044 4534 1143 4589 Per
1187 4516 1579 4572 incarnationis
1625 4529 1738 4568 sui”
1789 4513 2243 4582 (ίῘεΡθηείηῖθηθω
2281 4509 2316 4516 ⁷
2348 4526 2591 4596 exempla
2621 4520 2776 4597 illa,
2809 4515 3137 4589 exemplum]
3168 4515 3335 4580 illius,
3367 4513 3465 4584 qui
3497 4512 3687 4567 videns
3726 4509 3945 4580 impium

659 4614 857 4671 ﬂuctus
899 4610 1025 4666 vitae
1074 4606 1442 4678 corruptibilis
1491 4605 1644 4670 adiit,
1701 4603 1951 4668 calcavit,
2008 4602 2242 4667 transiit,

665 4703 905 4761 maxima
936 4716 1060 4756 mox
1082 4714 1211 4754 eum
1250 4696 1539 4753 multitudo
1560 4695 1897 4752 credentium
1939 4700 2124 4748 secuta
2165 4699 2250 4746 est

662 4800 965 4862 nationum,
995 4795 1312 4867 spiritaliter
1334 4792 1547 4855 instrui,
1581 4789 1783 4855 sanari,
1808 4804 1873 4845 ac
1895 4786 2082 4844 satiari
2105 4785 2249 4841 desi-

662 4890 885 4953 derans,
913 4895 970 4942 et
1007 4900 1131 4940 cum
1167 4882 1455 4939 Psalmista
1493 4881 1827 4951 deprecans:
1855 4878 2077 4933 Domine
2102 4876 2171 4930 ad
2203 4884 2257 4930 te

663 4979 898 5050 confugi,
923 4977 1049 5032 doce
1073 4992 1155 5029 me
1179 4974 1350 5044 facere
1375 4972 1692 5027 voluntatem
1713 4981 1858 5026 tuam
1886 4968 2056 5041 (Psal.
2083 4983 2251 5034 exui,

665 5073 720 5136 9,
754 5070 862 5141 10).
894 5068 964 5125 Et
988 5068 1221 5122 iterum:
1252 5063 1498 5118 Miserere
1524 5063 1651 5117 milii
1680 5062 1810 5134 [Al.,
1836 5060 1985 5134 mei],
2010 5060 2251 5124 Domine,

668 5159 916 5227 quoidam
959 5156 1204 5227 inﬁrmus
1238 5171 1381 5220 sum,
1424 5170 1557 5207 sana
1601 5170 1683 5206 me
1721 5152 1957 5217 Domine,
2003 5152 2253 5224 quoniam

671 5251 986 5308 conturbata
1030 5257 1152 5304 sunt
1192 5247 1368 5301 omnia
1414 5261 1532 5299 ossa
1576 5260 1690 5299 mea
1734 5243 1906 5313 (Psal.
1952 5260 2029 5309 vr,
2076 5242 2154 5314 5).
2185 5243 2253 5297 Ει

669 5346 868 5401 iterum
892 5344 961 5399 de
988 5338 1351 5414 percipiendis
1381 5337 1448 5392 ab
1484 5352 1549 5392 eo
1590 5338 1714 5391 vitae
1757 5344 2028 5406 perpetuae
2069 5322 2263 5392 alimo-i

669 5434 777 5489 niis
801 5432 1004 5489 conlisa
1031 5450 1044 5487 :
1076 5429 1355 5495 Dominus,
1383 5428 1579 5497 inquit,
1598 5428 1761 5498 pascit
1787 5443 1888 5491 me,
1908 5436 1956 5481 et
1978 5427 2108 5481 nihil
2132 5427 2258 5481 milii

672 5525 856 5593 deerit,
871 5524 1057 5580 inloco
1075 5540 1284 5595 pascua:
1303 5522 1373 5579 ibi
1392 5538 1473 5580 me
1487 5521 1756 5576 collocavit
1771 5520 1944 5593 (Psal.
1961 5538 2067 5578 χχιι
2080 5563 2094 5589 ,
2114 5523 2166 5589 i,
2179 5522 2259 5594 2)‘.

2351 4615 2807 4690 superexaltatum
2852 4619 2908 4666 et
2953 4609 3225 4664 elevatum
3276 4619 3445 4675 super
3484 4603 3681 4659 cedrus
3729 4599 3943 4661 Libani,

2351 4710 2570 4765 transiit
2595 4703 2930 4775 temporalia,
2978 4697 3395 4770 contemplanda
3436 4703 3665 4760 aeterna,
3694 4702 3755 4748 et
3799 4690 3946 4764 quasi

2350 4802 2464 4872 jam
2492 4815 2599 4854 non
2639 4812 2759 4853 esse
2785 4794 3020 4859 videbat,
3067 4806 3229 4863 quem
3262 4790 3374 4846 cito
3413 4788 3713 4845 tollendum
3756 4785 3948 4859 pravi-

2360 4891 2521 4946 debat
2551 4885 2726 4959 (Psal.
2757 4899 2945 4943 xxxvr,
2968 4881 3081 4952 55).

2427 4981 2589 5036 Vens.
2615 4977 2669 5044 5,
2691 4975 2745 5041 6,
2763 4974 2816 5029 7.
2839 5004 2910 5014 —
2929 4972 3061 5027 Cum
3080 4969 3396 5026 sublevasset
3418 4984 3541 5038 ergo
3562 4965 3749 5021 oculos
3773 4965 3948 5027 Iesus.

2357 5082 2405 5126 et
2432 5070 2637 5125 vidisset
2664 5068 2788 5139 quia
2823 5063 3102 5118 ntultimdo
3129 5063 3360 5117 mima
3386 5061 3525 5114 venit
3554 5059 3627 5112 ad
3650 5075 3799 5123 una,
3831 5056 3953 5110 dicit

2358 5161 2427 5215 ad
2460 5159 2797 5230 Philippum:
2852 5153 3001 5231 Unde
3048 5169 3274 5208 ememus
3314 5167 3499 5223 panes,
3527 5160 3583 5204 ut
3635 5149 3954 5204 manducent

2358 5250 2417 5304 hi
2436 5251 2463 5303 ?
2488 5247 2605 5301 Hoc
2638 5255 2814 5301 autem
2830 5234 3059 5308 dicebat,
3089 5252 3292 5296 tentans
3321 5255 3482 5305 eum;
3510 5239 3621 5309 ipse
3645 5238 3791 5293 enim
3836 5238 3959 5292 sris-

2360 5341 2444 5395 bat
2469 5338 2595 5412 quid
2626 5347 2756 5393 esset
2787 5335 3045 5404 facturus.
3086 5331 3418 5402 Respondeas
3464 5340 3641 5385 autem
3672 5327 3959 5399 Philippus

2359 5433 2493 5487 dixit
2521 5430 2569 5485 ei
2591 5446 2612 5484 :
2632 5429 2987 5483 Ducentorum
3013 5423 3352 5478 denariorum
3372 5438 3533 5493 panes
3558 5437 3663 5475 non
3688 5419 3959 5491 suﬁciun.’

2361 5528 2459 5591 eis,
2510 5535 2568 5579 ut
2616 5523 2970 5594 unusquisque
3014 5519 3275 5575 modicum
3320 5517 3449 5589 quid
3499 5515 3750 5588 accipiat.
3807 5508 3965 5581 Quod

748 5714 777 5746 ι
818 5702 901 5762 Ex
946 5704 1104 5760 Beate
1126 5704 1276 5760 hom.
1316 5700 1405 5769 21,
1454 5699 1510 5757 in
1560 5698 2001 5772 Quadragesima,
2046 5701 2246 5757 Patrol.
2292 5709 2420 5757 tom.
2451 5700 2634 5768 XCIV,
2666 5699 2771 5755 col.
2802 5698 2925 5754 no.
