  <div class='ocr_page' id='page_1' title='image "/cluster/home/n/w/nwhite01/storage/ocr_20150623/100/hvd.32044024239972/416.png"; bbox 0 0 4088 6340; ppageno 0'>
   <div class='ocr_carea' id='block_1_1' title="bbox 194 373 293 433">
    <p class='ocr_par' dir='ltr' id='par_1_1' title="bbox 194 373 293 433">
     <span class='ocr_line' id='line_1_1' title="bbox 194 373 293 433; baseline -0.051 0"><span class='ocrx_word' id='word_1_1' title='bbox 194 373 293 433; x_wconf 69' lang='grc'><strong>821</strong></span> 
     </span>
    </p>
   </div>
   <div class='ocr_carea' id='block_1_2' title="bbox 1012 357 2633 424">
    <p class='ocr_par' dir='ltr' id='par_1_2' title="bbox 1012 357 2633 424">
     <span class='ocr_line' id='line_1_2' title="bbox 1012 357 2633 424; baseline -0.005 -2"><span class='ocrx_word' id='word_1_2' title='bbox 1012 364 1424 424; x_wconf 78' lang='lat' dir='ltr'><strong>EXEGETICA.</strong></span> <span class='ocrx_word' id='word_1_3' title='bbox 1461 392 1534 407; x_wconf 88' lang='lat'><strong>—-</strong></span> <span class='ocrx_word' id='word_1_4' title='bbox 1566 361 1927 421; x_wconf 75' lang='lat' dir='ltr'><strong>COMMENT.</strong></span> <span class='ocrx_word' id='word_1_5' title='bbox 1953 361 2022 417; x_wconf 77' lang='lat' dir='ltr'><strong>IN</strong></span> <span class='ocrx_word' id='word_1_6' title='bbox 2046 359 2243 423; x_wconf 70' lang='lat' dir='ltr'><strong>JOAN.</strong></span> <span class='ocrx_word' id='word_1_7' title='bbox 2272 389 2343 402; x_wconf 93' lang='lat'><strong>-</strong></span> <span class='ocrx_word' id='word_1_8' title='bbox 2379 359 2508 416; x_wconf 78' lang='lat' dir='ltr'><strong>LIB.</strong></span> <span class='ocrx_word' id='word_1_9' title='bbox 2547 357 2633 415; x_wconf 77' lang='lat' dir='ltr'><strong>lli.</strong></span> 
     </span>
    </p>
   </div>
   <div class='ocr_carea' id='block_1_3' title="bbox 191 444 3471 558">
    <p class='ocr_par' dir='ltr' id='par_1_3' title="bbox 191 444 3471 558">
     <span class='ocr_line' id='line_1_3' title="bbox 191 444 3471 558; baseline -0.002 -12"><span class='ocrx_word' id='word_1_10' title='bbox 191 482 502 549; x_wconf 75' lang='lat' dir='ltr'><strong>sublevasse</strong></span> <span class='ocrx_word' id='word_1_11' title='bbox 529 487 714 542; x_wconf 86' lang='lat' dir='ltr'><strong>oculos</strong></span> <span class='ocrx_word' id='word_1_12' title='bbox 758 484 934 550; x_wconf 74' lang='lat' dir='ltr'><strong>Jesus,</strong></span> <span class='ocrx_word' id='word_1_13' title='bbox 964 492 1019 540; x_wconf 91' lang='lat' dir='ltr'><strong>et</strong></span> <span class='ocrx_word' id='word_1_14' title='bbox 1065 484 1368 540; x_wconf 77' lang='lat' dir='ltr'><strong>venientem</strong></span> <span class='ocrx_word' id='word_1_15' title='bbox 1410 483 1479 539; x_wconf 87' lang='lat' dir='ltr'><strong>ad</strong></span> <span class='ocrx_word' id='word_1_16' title='bbox 1510 499 1571 539; x_wconf 89' lang='lat' dir='ltr'><strong>se</strong></span> <span class='ocrx_word' id='word_1_17' title='bbox 1598 482 1779 538; x_wconf 81' lang='lat' dir='ltr'><strong>multi-</strong></span> <span class='ocrx_word' id='word_1_18' title='bbox 1807 484 1855 543; x_wconf 79' lang='grc' dir='ltr'><strong>Α</strong></span> <span class='ocrx_word' id='word_1_19' title='bbox 1885 483 2129 555; x_wconf 80' lang='lat' dir='ltr'><strong>figurate,</strong></span> <span class='ocrx_word' id='word_1_20' title='bbox 2152 485 2246 540; x_wconf 89' lang='lat' dir='ltr'><strong>sed</strong></span> <span class='ocrx_word' id='word_1_21' title='bbox 2263 485 2480 554; x_wconf 78' lang='lat' dir='ltr'><strong>proprie</strong></span> <span class='ocrx_word' id='word_1_22' title='bbox 2504 483 2649 538; x_wconf 91' lang='lat' dir='ltr'><strong>solus</strong></span> <span class='ocrx_word' id='word_1_23' title='bbox 2672 483 2931 555; x_wconf 83' lang='lat' dir='ltr'><strong>implevit.</strong></span> <span class='ocrx_word' id='word_1_24' title='bbox 2954 503 2970 536; x_wconf 80' lang='grc' dir='ltr'><strong>ι</strong></span> <span class='ocrx_word' id='word_1_25' title='bbox 3007 484 3172 552; x_wconf 81' lang='lat' dir='ltr'><strong>Puer,</strong></span> <span class='ocrx_word' id='word_1_26' title='bbox 3195 444 3288 557; x_wconf 75' lang='lat' dir='ltr'><strong>qui</strong></span> <span class='ocrx_word' id='word_1_27' title='bbox 3313 488 3471 558; x_wconf 84' lang='lat' dir='ltr'><strong>quin-</strong></span> 
     </span>
    </p>
   </div>
   <div class='ocr_carea' id='block_1_4' title="bbox 193 574 1783 646">
    <p class='ocr_par' dir='ltr' id='par_1_4' title="bbox 193 574 1783 646">
     <span class='ocr_line' id='line_1_4' title="bbox 193 574 1783 646; baseline -0.004 -10"><span class='ocrx_word' id='word_1_28' title='bbox 193 579 432 637; x_wconf 87' lang='lat' dir='ltr'><strong>tudinem</strong></span> <span class='ocrx_word' id='word_1_29' title='bbox 460 576 658 632; x_wconf 79' lang='lat' dir='ltr'><strong>vidisse</strong></span> <span class='ocrx_word' id='word_1_30' title='bbox 686 575 1020 646; x_wconf 75' lang='lat' dir='ltr'><strong>perhibetur,</strong></span> <span class='ocrx_word' id='word_1_31' title='bbox 1045 574 1239 630; x_wconf 78' lang='lat' dir='ltr'><strong>divina:</strong></span> <span class='ocrx_word' id='word_1_32' title='bbox 1278 574 1498 645; x_wconf 88' lang='lat' dir='ltr'><strong>pietatis</strong></span> <span class='ocrx_word' id='word_1_33' title='bbox 1524 574 1783 629; x_wconf 88' lang='lat' dir='ltr'><strong>indicium</strong></span> 
     </span>
    </p>
   </div>
   <div class='ocr_carea' id='block_1_5' title="bbox 189 667 1780 742">
    <p class='ocr_par' dir='ltr' id='par_1_5' title="bbox 189 667 1780 742">
     <span class='ocr_line' id='line_1_5' title="bbox 189 667 1780 742; baseline -0.005 -13"><span class='ocrx_word' id='word_1_34' title='bbox 189 680 274 729; x_wconf 85' lang='lat' dir='ltr'><strong>est</strong></span> <span class='ocrx_word' id='word_1_35' title='bbox 298 686 315 726; x_wconf 88' lang='lat'><strong>:</strong></span> <span class='ocrx_word' id='word_1_36' title='bbox 343 670 471 742; x_wconf 83' lang='lat' dir='ltr'><strong>quia</strong></span> <span class='ocrx_word' id='word_1_37' title='bbox 496 669 745 725; x_wconf 88' lang='lat' dir='ltr'><strong>videlicet</strong></span> <span class='ocrx_word' id='word_1_38' title='bbox 776 669 988 725; x_wconf 91' lang='lat' dir='ltr'><strong>cunctis</strong></span> <span class='ocrx_word' id='word_1_39' title='bbox 1012 669 1079 723; x_wconf 89' lang='lat' dir='ltr'><strong>ad</strong></span> <span class='ocrx_word' id='word_1_40' title='bbox 1112 684 1170 724; x_wconf 92' lang='lat' dir='ltr'><strong>se</strong></span> <span class='ocrx_word' id='word_1_41' title='bbox 1192 669 1377 723; x_wconf 86' lang='lat' dir='ltr'><strong>venire</strong></span> <span class='ocrx_word' id='word_1_42' title='bbox 1396 667 1780 737; x_wconf 62' lang='lat' dir='ltr'><strong>quaerentibus,</strong></span> 
     </span>
    </p>
   </div>
   <div class='ocr_carea' id='block_1_6' title="bbox 188 759 1786 837">
    <p class='ocr_par' dir='ltr' id='par_1_6' title="bbox 188 759 1786 837">
     <span class='ocr_line' id='line_1_6' title="bbox 188 759 1786 837; baseline -0.003 -19"><span class='ocrx_word' id='word_1_43' title='bbox 188 763 366 837; x_wconf 84' lang='lat' dir='ltr'><strong>gratia</strong></span> <span class='ocrx_word' id='word_1_44' title='bbox 390 762 774 817; x_wconf 65' lang='lat' dir='ltr'><strong>misericordiae</strong></span> <span class='ocrx_word' id='word_1_45' title='bbox 800 761 1036 816; x_wconf 73' lang='lat' dir='ltr'><strong>cmlestis</strong></span> <span class='ocrx_word' id='word_1_46' title='bbox 1057 776 1345 816; x_wconf 84' lang='lat' dir='ltr'><strong>occurrere</strong></span> <span class='ocrx_word' id='word_1_47' title='bbox 1367 759 1686 824; x_wconf 79' lang='lat' dir='ltr'><strong>consuevit;</strong></span> <span class='ocrx_word' id='word_1_48' title='bbox 1729 767 1786 813; x_wconf 90' lang='lat' dir='ltr'><strong>et</strong></span> 
     </span>
    </p>
   </div>
   <div class='ocr_carea' id='block_1_7' title="bbox 188 852 1784 925">
    <p class='ocr_par' dir='ltr' id='par_1_7' title="bbox 188 852 1784 925">
     <span class='ocr_line' id='line_1_7' title="bbox 188 852 1784 925; baseline -0.006 -14"><span class='ocrx_word' id='word_1_49' title='bbox 188 871 257 911; x_wconf 88' lang='lat' dir='ltr'><strong>ne</strong></span> <span class='ocrx_word' id='word_1_50' title='bbox 286 856 578 925; x_wconf 70' lang='lat' dir='ltr'><strong>quaerendo</strong></span> <span class='ocrx_word' id='word_1_51' title='bbox 613 869 799 909; x_wconf 87' lang='lat' dir='ltr'><strong>errare</strong></span> <span class='ocrx_word' id='word_1_52' title='bbox 826 855 1058 923; x_wconf 84' lang='lat' dir='ltr'><strong>possint,</strong></span> <span class='ocrx_word' id='word_1_53' title='bbox 1100 853 1273 907; x_wconf 83' lang='lat' dir='ltr'><strong>lucem</strong></span> <span class='ocrx_word' id='word_1_54' title='bbox 1301 853 1397 921; x_wconf 41' lang='lat' dir='ltr'><strong>sui.</strong></span> <span class='ocrx_word' id='word_1_55' title='bbox 1413 852 1634 920; x_wconf 89' lang='lat' dir='ltr'><strong>spiritus</strong></span> <span class='ocrx_word' id='word_1_56' title='bbox 1658 864 1784 920; x_wconf 87' lang='lat' dir='ltr'><strong>ape-</strong></span> 
     </span>
    </p>
   </div>
   <div class='ocr_carea' id='block_1_8' title="bbox 188 939 1781 1016">
    <p class='ocr_par' dir='ltr' id='par_1_8' title="bbox 188 939 1781 1016">
     <span class='ocr_line' id='line_1_8' title="bbox 188 939 1781 1016; baseline -0.004 -17"><span class='ocrx_word' id='word_1_57' title='bbox 188 946 298 1002; x_wconf 88' lang='lat' dir='ltr'><strong>rire</strong></span> <span class='ocrx_word' id='word_1_58' title='bbox 326 944 667 1000; x_wconf 89' lang='lat' dir='ltr'><strong>currentibus</strong></span> <span class='ocrx_word' id='word_1_59' title='bbox 690 944 838 1016; x_wconf 76' lang='lat' dir='ltr'><strong>[Ms.,</strong></span> <span class='ocrx_word' id='word_1_60' title='bbox 871 942 1279 1015; x_wconf 64' lang='lat' dir='ltr'><strong>qurerentibus].</strong></span> <span class='ocrx_word' id='word_1_61' title='bbox 1313 942 1446 997; x_wconf 82' lang='lat' dir='ltr'><strong>Nam</strong></span> <span class='ocrx_word' id='word_1_62' title='bbox 1480 942 1621 1011; x_wconf 81' lang='lat' dir='ltr'><strong>quod</strong></span> <span class='ocrx_word' id='word_1_63' title='bbox 1644 939 1781 994; x_wconf 89' lang='lat' dir='ltr'><strong>oeuli</strong></span> 
     </span>
    </p>
   </div>
   <div class='ocr_carea' id='block_1_9' title="bbox 185 1026 1786 1105">
    <p class='ocr_par' dir='ltr' id='par_1_9' title="bbox 185 1026 1786 1105">
     <span class='ocr_line' id='line_1_9' title="bbox 185 1026 1786 1105; baseline -0.002 -18"><span class='ocrx_word' id='word_1_64' title='bbox 185 1026 316 1089; x_wconf 81' lang='lat' dir='ltr'><strong>Jesu</strong></span> <span class='ocrx_word' id='word_1_65' title='bbox 363 1032 503 1087; x_wconf 90' lang='lat' dir='ltr'><strong>dona</strong></span> <span class='ocrx_word' id='word_1_66' title='bbox 546 1032 780 1104; x_wconf 89' lang='lat' dir='ltr'><strong>Spiritus</strong></span> <span class='ocrx_word' id='word_1_67' title='bbox 823 1032 940 1102; x_wconf 86' lang='lat' dir='ltr'><strong>ejus</strong></span> <span class='ocrx_word' id='word_1_68' title='bbox 967 1036 1194 1105; x_wconf 85' lang='lat' dir='ltr'><strong>mystice</strong></span> <span class='ocrx_word' id='word_1_69' title='bbox 1223 1033 1522 1100; x_wconf 78' lang='lat' dir='ltr'><strong>designent,</strong></span> <span class='ocrx_word' id='word_1_70' title='bbox 1553 1038 1786 1085; x_wconf 81' lang='lat' dir='ltr'><strong>testatur</strong></span> 
     </span>
    </p>
   </div>
   <div class='ocr_carea' id='block_1_10' title="bbox 187 1123 1781 1196">
    <p class='ocr_par' dir='ltr' id='par_1_10' title="bbox 187 1123 1781 1196">
     <span class='ocr_line' id='line_1_10' title="bbox 187 1123 1781 1196; baseline -0.002 -18"><span class='ocrx_word' id='word_1_71' title='bbox 187 1125 242 1178; x_wconf 93' lang='lat' dir='ltr'><strong>in</strong></span> <span class='ocrx_word' id='word_1_72' title='bbox 274 1124 600 1195; x_wconf 55' lang='lat' dir='ltr'><strong>Apocalypsi</strong></span> <span class='ocrx_word' id='word_1_73' title='bbox 629 1123 883 1189; x_wconf 82' lang='lat' dir='ltr'><strong>Joannes,</strong></span> <span class='ocrx_word' id='word_1_74' title='bbox 914 1125 1005 1195; x_wconf 85' lang='lat' dir='ltr'><strong>qui</strong></span> <span class='ocrx_word' id='word_1_75' title='bbox 1053 1125 1282 1196; x_wconf 83' lang='lat' dir='ltr'><strong>ﬁgurate</strong></span> <span class='ocrx_word' id='word_1_76' title='bbox 1307 1125 1373 1179; x_wconf 90' lang='lat' dir='ltr'><strong>dc</strong></span> <span class='ocrx_word' id='word_1_77' title='bbox 1400 1123 1491 1178; x_wconf 90' lang='lat' dir='ltr'><strong>illo</strong></span> <span class='ocrx_word' id='word_1_78' title='bbox 1516 1123 1741 1192; x_wconf 89' lang='lat' dir='ltr'><strong>loquens</strong></span> <span class='ocrx_word' id='word_1_79' title='bbox 1767 1136 1781 1175; x_wconf 91' lang='lat'><strong>:</strong></span> 
     </span>
    </p>
   </div>
   <div class='ocr_carea' id='block_1_11' title="bbox 187 1212 1785 1285">
    <p class='ocr_par' dir='ltr' id='par_1_11' title="bbox 187 1212 1785 1285">
     <span class='ocr_line' id='line_1_11' title="bbox 187 1212 1785 1285; baseline -0.001 -18"><span class='ocrx_word' id='word_1_80' title='bbox 187 1212 258 1267; x_wconf 83' lang='lat' dir='ltr'><strong>Et</strong></span> <span class='ocrx_word' id='word_1_81' title='bbox 287 1214 420 1279; x_wconf 73' lang='lat' dir='ltr'><strong>vidi,</strong></span> <span class='ocrx_word' id='word_1_82' title='bbox 450 1214 644 1284; x_wconf 85' lang='lat' dir='ltr'><strong>inquit,</strong></span> <span class='ocrx_word' id='word_1_83' title='bbox 676 1231 867 1285; x_wconf 88' lang='lat' dir='ltr'><strong>agnum</strong></span> <span class='ocrx_word' id='word_1_84' title='bbox 895 1225 1119 1269; x_wconf 76' lang='lat' dir='ltr'><strong>stantem</strong></span> <span class='ocrx_word' id='word_1_85' title='bbox 1140 1225 1391 1277; x_wconf 81' lang='lat' dir='ltr'><strong>tanquam</strong></span> <span class='ocrx_word' id='word_1_86' title='bbox 1414 1216 1661 1277; x_wconf 83' lang='lat' dir='ltr'><strong>occisum,</strong></span> <span class='ocrx_word' id='word_1_87' title='bbox 1688 1213 1785 1266; x_wconf 80' lang='lat' dir='ltr'><strong>Ita-</strong></span> 
     </span>
    </p>
   </div>
   <div class='ocr_carea' id='block_1_12' title="bbox 186 1306 1785 1380">
    <p class='ocr_par' dir='ltr' id='par_1_12' title="bbox 186 1306 1785 1380">
     <span class='ocr_line' id='line_1_12' title="bbox 186 1306 1785 1380; baseline 0 -21"><span class='ocrx_word' id='word_1_88' title='bbox 186 1306 389 1360; x_wconf 69' lang='lat' dir='ltr'><strong>(tentent</strong></span> <span class='ocrx_word' id='word_1_89' title='bbox 432 1322 631 1360; x_wconf 85' lang='lat' dir='ltr'><strong>cornua</strong></span> <span class='ocrx_word' id='word_1_90' title='bbox 654 1318 870 1377; x_wconf 77' lang='lat' dir='ltr'><strong>septem,</strong></span> <span class='ocrx_word' id='word_1_91' title='bbox 895 1318 943 1361; x_wconf 88' lang='lat' dir='ltr'><strong>et</strong></span> <span class='ocrx_word' id='word_1_92' title='bbox 971 1307 1152 1363; x_wconf 85' lang='lat' dir='ltr'><strong>oculos</strong></span> <span class='ocrx_word' id='word_1_93' title='bbox 1192 1318 1406 1378; x_wconf 84' lang='lat' dir='ltr'><strong>septem,</strong></span> <span class='ocrx_word' id='word_1_94' title='bbox 1440 1308 1530 1380; x_wconf 84' lang='lat' dir='ltr'><strong>qui</strong></span> <span class='ocrx_word' id='word_1_95' title='bbox 1553 1316 1674 1361; x_wconf 82' lang='lat' dir='ltr'><strong>sunt</strong></span> <span class='ocrx_word' id='word_1_96' title='bbox 1704 1322 1785 1360; x_wconf 84' lang='lat' dir='ltr'><strong>se-</strong></span> 
     </span>
    </p>
   </div>
   <div class='ocr_carea' id='block_1_13' title="bbox 183 1396 1780 1471">
    <p class='ocr_par' dir='ltr' id='par_1_13' title="bbox 183 1396 1780 1471">
     <span class='ocr_line' id='line_1_13' title="bbox 183 1396 1780 1471; baseline 0 -20"><span class='ocrx_word' id='word_1_97' title='bbox 183 1407 325 1469; x_wconf 84' lang='lat' dir='ltr'><strong>ptem</strong></span> <span class='ocrx_word' id='word_1_98' title='bbox 353 1396 582 1469; x_wconf 76' lang='lat' dir='ltr'><strong>Spiritus</strong></span> <span class='ocrx_word' id='word_1_99' title='bbox 611 1398 706 1453; x_wconf 85' lang='lat' dir='ltr'><strong>Dei</strong></span> <span class='ocrx_word' id='word_1_100' title='bbox 729 1400 872 1454; x_wconf 78' lang='lat' dir='ltr'><strong>missi</strong></span> <span class='ocrx_word' id='word_1_101' title='bbox 894 1401 949 1454; x_wconf 89' lang='lat' dir='ltr'><strong>in</strong></span> <span class='ocrx_word' id='word_1_102' title='bbox 973 1417 1176 1455; x_wconf 87' lang='lat' dir='ltr'><strong>onmem</strong></span> <span class='ocrx_word' id='word_1_103' title='bbox 1199 1410 1391 1455; x_wconf 87' lang='lat' dir='ltr'><strong>terram</strong></span> <span class='ocrx_word' id='word_1_104' title='bbox 1420 1401 1601 1471; x_wconf 77' lang='lat' dir='ltr'><strong>(Apoc.</strong></span> <span class='ocrx_word' id='word_1_105' title='bbox 1628 1416 1679 1463; x_wconf 87' lang='lat' dir='ltr'><strong>v,</strong></span> <span class='ocrx_word' id='word_1_106' title='bbox 1706 1400 1780 1471; x_wconf 86' lang='lat' dir='ltr'><strong>ﬁ).</strong></span> 
     </span>
    </p>
   </div>
   <div class='ocr_carea' id='block_1_14' title="bbox 184 1481 1782 1560">
    <p class='ocr_par' dir='ltr' id='par_1_14' title="bbox 184 1481 1782 1560">
     <span class='ocr_line' id='line_1_14' title="bbox 184 1481 1782 1560; baseline 0 -19"><span class='ocrx_word' id='word_1_107' title='bbox 184 1487 345 1555; x_wconf 84' lang='lat' dir='ltr'><strong>Quod</strong></span> <span class='ocrx_word' id='word_1_108' title='bbox 400 1481 614 1544; x_wconf 84' lang='lat' dir='ltr'><strong>tentans</strong></span> <span class='ocrx_word' id='word_1_109' title='bbox 666 1489 970 1560; x_wconf 66' lang='lat' dir='ltr'><strong>Philippum</strong></span> <span class='ocrx_word' id='word_1_110' title='bbox 1030 1490 1310 1555; x_wconf 86' lang='lat' dir='ltr'><strong>Dominus,</strong></span> <span class='ocrx_word' id='word_1_111' title='bbox 1364 1489 1523 1551; x_wconf 80' lang='lat' dir='ltr'><strong>unde,</strong></span> <span class='ocrx_word' id='word_1_112' title='bbox 1587 1489 1782 1558; x_wconf 77' lang='lat' dir='ltr'><strong>inquit,</strong></span> 
     </span>
    </p>
   </div>
   <div class='ocr_carea' id='block_1_15' title="bbox 181 1580 1784 1653">
    <p class='ocr_par' dir='ltr' id='par_1_15' title="bbox 181 1580 1784 1653">
     <span class='ocr_line' id='line_1_15' title="bbox 181 1580 1784 1653; baseline 0.001 -18"><span class='ocrx_word' id='word_1_113' title='bbox 181 1597 419 1635; x_wconf 81' lang='lat' dir='ltr'><strong>entcmus</strong></span> <span class='ocrx_word' id='word_1_114' title='bbox 469 1598 654 1651; x_wconf 82' lang='lat' dir='ltr'><strong>panes,</strong></span> <span class='ocrx_word' id='word_1_115' title='bbox 708 1592 763 1635; x_wconf 86' lang='lat' dir='ltr'><strong>ut</strong></span> <span class='ocrx_word' id='word_1_116' title='bbox 810 1582 1123 1636; x_wconf 74' lang='lat' dir='ltr'><strong>manducent</strong></span> <span class='ocrx_word' id='word_1_117' title='bbox 1170 1582 1226 1635; x_wconf 72' lang='lat' dir='ltr'><strong>lii</strong></span> <span class='ocrx_word' id='word_1_118' title='bbox 1252 1599 1270 1645; x_wconf 81' lang='lat'><strong>,&#39;</strong></span> <span class='ocrx_word' id='word_1_119' title='bbox 1327 1580 1547 1653; x_wconf 77' lang='lat' dir='ltr'><strong>provida</strong></span> <span class='ocrx_word' id='word_1_120' title='bbox 1601 1582 1784 1650; x_wconf 78' lang='lat' dir='ltr'><strong>utique</strong></span> 
     </span>
    </p>
   </div>
   <div class='ocr_carea' id='block_1_16' title="bbox 183 1670 1781 1741">
    <p class='ocr_par' dir='ltr' id='par_1_16' title="bbox 183 1670 1781 1741">
     <span class='ocr_line' id='line_1_16' title="bbox 183 1670 1781 1741; baseline -0.002 -15"><span class='ocrx_word' id='word_1_121' title='bbox 183 1670 597 1741; x_wconf 84' lang='lat' dir='ltr'><strong>dispensatione</strong></span> <span class='ocrx_word' id='word_1_122' title='bbox 640 1672 791 1736; x_wconf 83' lang='lat' dir='ltr'><strong>facit,</strong></span> <span class='ocrx_word' id='word_1_123' title='bbox 824 1686 929 1725; x_wconf 89' lang='lat' dir='ltr'><strong>non</strong></span> <span class='ocrx_word' id='word_1_124' title='bbox 961 1680 1018 1725; x_wconf 94' lang='lat' dir='ltr'><strong>ut</strong></span> <span class='ocrx_word' id='word_1_125' title='bbox 1062 1672 1195 1741; x_wconf 86' lang='lat' dir='ltr'><strong>ipse,</strong></span> <span class='ocrx_word' id='word_1_126' title='bbox 1242 1688 1361 1740; x_wconf 72' lang='lat' dir='ltr'><strong>quae</strong></span> <span class='ocrx_word' id='word_1_127' title='bbox 1388 1686 1493 1725; x_wconf 85' lang='lat' dir='ltr'><strong>non</strong></span> <span class='ocrx_word' id='word_1_128' title='bbox 1538 1680 1781 1733; x_wconf 68' lang='lat' dir='ltr'><strong>noverat,</strong></span> 
     </span>
    </p>
   </div>
   <div class='ocr_carea' id='block_1_17' title="bbox 1885 578 3473 649">
    <p class='ocr_par' dir='ltr' id='par_1_17' title="bbox 1885 578 3473 649">
     <span class='ocr_line' id='line_1_17' title="bbox 1885 578 3473 649; baseline 0.005 -18"><span class='ocrx_word' id='word_1_129' title='bbox 1885 592 1991 648; x_wconf 89' lang='lat' dir='ltr'><strong>que</strong></span> <span class='ocrx_word' id='word_1_130' title='bbox 2035 592 2203 649; x_wconf 87' lang='lat' dir='ltr'><strong>panes</strong></span> <span class='ocrx_word' id='word_1_131' title='bbox 2243 585 2299 633; x_wconf 90' lang='lat' dir='ltr'><strong>et</strong></span> <span class='ocrx_word' id='word_1_132' title='bbox 2344 578 2476 633; x_wconf 90' lang='lat' dir='ltr'><strong>duos</strong></span> <span class='ocrx_word' id='word_1_133' title='bbox 2519 578 2698 648; x_wconf 84' lang='lat' dir='ltr'><strong>pisces</strong></span> <span class='ocrx_word' id='word_1_134' title='bbox 2740 579 2945 644; x_wconf 85' lang='lat' dir='ltr'><strong>habuit,</strong></span> <span class='ocrx_word' id='word_1_135' title='bbox 2999 594 3097 634; x_wconf 84' lang='lat' dir='ltr'><strong>nec</strong></span> <span class='ocrx_word' id='word_1_136' title='bbox 3144 588 3324 636; x_wconf 88' lang='lat' dir='ltr'><strong>tamen</strong></span> <span class='ocrx_word' id='word_1_137' title='bbox 3370 582 3473 645; x_wconf 82' lang='lat' dir='ltr'><strong>hos</strong></span> 
     </span>
    </p>
   </div>
   <div class='ocr_carea' id='block_1_18' title="bbox 1883 669 3466 731">
    <p class='ocr_par' dir='ltr' id='par_1_18' title="bbox 1883 669 3466 731">
     <span class='ocr_line' id='line_1_18' title="bbox 1883 669 3466 731; baseline 0.001 -5"><span class='ocrx_word' id='word_1_138' title='bbox 1883 670 2248 726; x_wconf 85' lang='lat' dir='ltr'><strong>esurientibus</strong></span> <span class='ocrx_word' id='word_1_139' title='bbox 2291 670 2465 725; x_wconf 88' lang='lat' dir='ltr'><strong>turbis</strong></span> <span class='ocrx_word' id='word_1_140' title='bbox 2514 669 2807 731; x_wconf 76' lang='lat' dir='ltr'><strong>distribuit,</strong></span> <span class='ocrx_word' id='word_1_141' title='bbox 2860 671 2954 726; x_wconf 91' lang='lat' dir='ltr'><strong>sed</strong></span> <span class='ocrx_word' id='word_1_142' title='bbox 3006 672 3233 726; x_wconf 90' lang='lat' dir='ltr'><strong>Domino</strong></span> <span class='ocrx_word' id='word_1_143' title='bbox 3280 672 3466 728; x_wconf 90' lang='lat' dir='ltr'><strong>distri-</strong></span> 
     </span>
    </p>
   </div>
   <div class='ocr_carea' id='block_1_19' title="bbox 1883 761 3473 832">
    <p class='ocr_par' dir='ltr' id='par_1_19' title="bbox 1883 761 3473 832">
     <span class='ocr_line' id='line_1_19' title="bbox 1883 761 3473 832; baseline 0.003 -16"><span class='ocrx_word' id='word_1_144' title='bbox 1883 761 2131 818; x_wconf 87' lang='lat' dir='ltr'><strong>buendos</strong></span> <span class='ocrx_word' id='word_1_145' title='bbox 2144 761 2360 828; x_wconf 84' lang='lat' dir='ltr'><strong>obtulit,</strong></span> <span class='ocrx_word' id='word_1_146' title='bbox 2378 761 2607 832; x_wconf 90' lang='lat' dir='ltr'><strong>populus</strong></span> <span class='ocrx_word' id='word_1_147' title='bbox 2625 770 2709 818; x_wconf 91' lang='lat' dir='ltr'><strong>est</strong></span> <span class='ocrx_word' id='word_1_148' title='bbox 2726 761 3053 826; x_wconf 71' lang='lat' dir='ltr'><strong>Judmorum,</strong></span> <span class='ocrx_word' id='word_1_149' title='bbox 3071 762 3288 818; x_wconf 86' lang='lat' dir='ltr'><strong>litterali</strong></span> <span class='ocrx_word' id='word_1_150' title='bbox 3310 780 3473 820; x_wconf 90' lang='lat' dir='ltr'><strong>sensu</strong></span> 
     </span>
    </p>
   </div>
   <div class='ocr_carea' id='block_1_20' title="bbox 1883 854 3473 927">
    <p class='ocr_par' dir='ltr' id='par_1_20' title="bbox 1883 854 3473 927">
     <span class='ocr_line' id='line_1_20' title="bbox 1883 854 3473 927; baseline 0.003 -18"><span class='ocrx_word' id='word_1_151' title='bbox 1883 854 2126 925; x_wconf 88' lang='lat' dir='ltr'><strong>puerilis,</strong></span> <span class='ocrx_word' id='word_1_152' title='bbox 2160 854 2251 927; x_wconf 89' lang='lat' dir='ltr'><strong>qui</strong></span> <span class='ocrx_word' id='word_1_153' title='bbox 2305 854 2708 925; x_wconf 86' lang='lat' dir='ltr'><strong>Seripturarum</strong></span> <span class='ocrx_word' id='word_1_154' title='bbox 2753 856 2894 911; x_wconf 86' lang='lat' dir='ltr'><strong>dicta</strong></span> <span class='ocrx_word' id='word_1_155' title='bbox 2934 858 3117 913; x_wconf 88' lang='lat' dir='ltr'><strong>clausa</strong></span> <span class='ocrx_word' id='word_1_156' title='bbox 3164 872 3345 913; x_wconf 89' lang='lat' dir='ltr'><strong>secum</strong></span> <span class='ocrx_word' id='word_1_157' title='bbox 3392 865 3473 913; x_wconf 83' lang='lat' dir='ltr'><strong>te-</strong></span> 
     </span>
    </p>
   </div>
   <div class='ocr_carea' id='block_1_21' title="bbox 1885 944 3470 1018">
    <p class='ocr_par' dir='ltr' id='par_1_21' title="bbox 1885 944 3470 1018">
     <span class='ocr_line' id='line_1_21' title="bbox 1885 944 3470 1018; baseline 0.001 -19"><span class='ocrx_word' id='word_1_158' title='bbox 1885 946 2020 1008; x_wconf 90' lang='lat' dir='ltr'><strong>nuit,</strong></span> <span class='ocrx_word' id='word_1_159' title='bbox 2048 961 2168 1016; x_wconf 68' lang='lat' dir='ltr'><strong>quae</strong></span> <span class='ocrx_word' id='word_1_160' title='bbox 2190 954 2379 1015; x_wconf 20' lang='lat' dir='ltr'><strong>{tamen</strong></span> <span class='ocrx_word' id='word_1_161' title='bbox 2404 944 2662 1000; x_wconf 90' lang='lat' dir='ltr'><strong>Dominus</strong></span> <span class='ocrx_word' id='word_1_162' title='bbox 2689 947 2740 1000; x_wconf 87' lang='lat' dir='ltr'><strong>in</strong></span> <span class='ocrx_word' id='word_1_163' title='bbox 2770 961 2934 1000; x_wconf 87' lang='lat' dir='ltr'><strong>carne</strong></span> <span class='ocrx_word' id='word_1_164' title='bbox 2956 962 3222 1018; x_wconf 84' lang='lat' dir='ltr'><strong>apparens</strong></span> <span class='ocrx_word' id='word_1_165' title='bbox 3242 947 3470 1016; x_wconf 88' lang='lat' dir='ltr'><strong>accepit,</strong></span> 
     </span>
    </p>
   </div>
   <div class='ocr_carea' id='block_1_22' title="bbox 1883 1036 3473 1105">
    <p class='ocr_par' dir='ltr' id='par_1_22' title="bbox 1883 1036 3473 1105">
     <span class='ocr_line' id='line_1_22' title="bbox 1883 1036 3473 1105; baseline 0.001 -14"><span class='ocrx_word' id='word_1_166' title='bbox 1883 1043 1939 1091; x_wconf 92' lang='lat' dir='ltr'><strong>et</strong></span> <span class='ocrx_word' id='word_1_167' title='bbox 1963 1036 2090 1105; x_wconf 92' lang='lat' dir='ltr'><strong>quid</strong></span> <span class='ocrx_word' id='word_1_168' title='bbox 2115 1037 2259 1091; x_wconf 88' lang='lat' dir='ltr'><strong>intus</strong></span> <span class='ocrx_word' id='word_1_169' title='bbox 2299 1036 2562 1092; x_wconf 85' lang='lat' dir='ltr'><strong>haberent</strong></span> <span class='ocrx_word' id='word_1_170' title='bbox 2587 1038 2837 1092; x_wconf 82' lang='lat' dir='ltr'><strong>utilitatis</strong></span> <span class='ocrx_word' id='word_1_171' title='bbox 2863 1055 2926 1093; x_wconf 90' lang='lat' dir='ltr'><strong>ac</strong></span> <span class='ocrx_word' id='word_1_172' title='bbox 2950 1039 3261 1104; x_wconf 86' lang='lat' dir='ltr'><strong>dulcedinis,</strong></span> <span class='ocrx_word' id='word_1_173' title='bbox 3290 1047 3473 1094; x_wconf 87' lang='lat' dir='ltr'><strong>osten-</strong></span> 
     </span>
    </p>
   </div>
   <div class='ocr_carea' id='block_1_23' title="bbox 1884 1126 3473 1200">
    <p class='ocr_par' dir='ltr' id='par_1_23' title="bbox 1884 1126 3473 1200">
     <span class='ocr_line' id='line_1_23' title="bbox 1884 1126 3473 1200; baseline 0.003 -18"><span class='ocrx_word' id='word_1_174' title='bbox 1884 1127 2001 1192; x_wconf 88' lang='lat' dir='ltr'><strong>dit;</strong></span> <span class='ocrx_word' id='word_1_175' title='bbox 2032 1142 2191 1197; x_wconf 89' lang='lat' dir='ltr'><strong>quam</strong></span> <span class='ocrx_word' id='word_1_176' title='bbox 2230 1126 2510 1198; x_wconf 81' lang='lat' dir='ltr'><strong>multiplici</strong></span> <span class='ocrx_word' id='word_1_177' title='bbox 2557 1129 2777 1198; x_wconf 88' lang='lat' dir='ltr'><strong>spiritus</strong></span> <span class='ocrx_word' id='word_1_178' title='bbox 2805 1130 2998 1199; x_wconf 76' lang='lat' dir='ltr'><strong>gratia,</strong></span> <span class='ocrx_word' id='word_1_179' title='bbox 3045 1144 3164 1199; x_wconf 74' lang='lat' dir='ltr'><strong>qua:</strong></span> <span class='ocrx_word' id='word_1_180' title='bbox 3207 1146 3378 1200; x_wconf 89' lang='lat' dir='ltr'><strong>pauca</strong></span> <span class='ocrx_word' id='word_1_181' title='bbox 3408 1147 3473 1187; x_wconf 90' lang='lat' dir='ltr'><strong>ac</strong></span> 
     </span>
    </p>
   </div>
   <div class='ocr_carea' id='block_1_24' title="bbox 1885 1217 3469 1294">
    <p class='ocr_par' dir='ltr' id='par_1_24' title="bbox 1885 1217 3469 1294">
     <span class='ocr_line' id='line_1_24' title="bbox 1885 1217 3469 1294; baseline 0.004 -24"><span class='ocrx_word' id='word_1_182' title='bbox 1885 1217 2136 1286; x_wconf 89' lang='lat' dir='ltr'><strong>despecta</strong></span> <span class='ocrx_word' id='word_1_183' title='bbox 2173 1217 2515 1281; x_wconf 90' lang='lat' dir='ltr'><strong>videbantur,</strong></span> <span class='ocrx_word' id='word_1_184' title='bbox 2563 1218 2724 1289; x_wconf 73' lang='lat'><strong>520</strong></span> <span class='ocrx_word' id='word_1_185' title='bbox 2766 1220 3147 1287; x_wconf 70' lang='lat' dir='ltr'><strong>exuberarent,</strong></span> <span class='ocrx_word' id='word_1_186' title='bbox 3179 1221 3469 1294; x_wconf 82' lang='lat' dir='ltr'><strong>patefecit;</strong></span> 
     </span>
    </p>
   </div>
   <div class='ocr_carea' id='block_1_25' title="bbox 1884 1302 3473 1381">
    <p class='ocr_par' dir='ltr' id='par_1_25' title="bbox 1884 1302 3473 1381">
     <span class='ocr_line' id='line_1_25' title="bbox 1884 1302 3473 1381; baseline 0.005 -21"><span class='ocrx_word' id='word_1_187' title='bbox 1884 1313 1939 1360; x_wconf 88' lang='lat' dir='ltr'><strong>et</strong></span> <span class='ocrx_word' id='word_1_188' title='bbox 1966 1307 2081 1362; x_wconf 64' lang='lat' dir='ltr'><strong>haec</strong></span> <span class='ocrx_word' id='word_1_189' title='bbox 2117 1323 2216 1378; x_wconf 88' lang='lat' dir='ltr'><strong>per</strong></span> <span class='ocrx_word' id='word_1_190' title='bbox 2256 1308 2527 1379; x_wconf 86' lang='lat' dir='ltr'><strong>apostolos</strong></span> <span class='ocrx_word' id='word_1_191' title='bbox 2571 1325 2714 1370; x_wconf 87' lang='lat' dir='ltr'><strong>suos,</strong></span> <span class='ocrx_word' id='word_1_192' title='bbox 2758 1302 3229 1381; x_wconf 67' lang='lat' dir='ltr'><strong>apostdlorumque</strong></span> <span class='ocrx_word' id='word_1_193' title='bbox 3257 1327 3473 1368; x_wconf 86' lang='lat' dir='ltr'><strong>succes-</strong></span> 
     </span>
    </p>
   </div>
   <div class='ocr_carea' id='block_1_26' title="bbox 1884 1397 3475 1469">
    <p class='ocr_par' dir='ltr' id='par_1_26' title="bbox 1884 1397 3475 1469">
     <span class='ocr_line' id='line_1_26' title="bbox 1884 1397 3475 1469; baseline 0.003 -19"><span class='ocrx_word' id='word_1_194' title='bbox 1884 1411 2054 1461; x_wconf 86' lang='lat' dir='ltr'><strong>sores,</strong></span> <span class='ocrx_word' id='word_1_195' title='bbox 2082 1397 2291 1452; x_wconf 90' lang='lat' dir='ltr'><strong>cunctis</strong></span> <span class='ocrx_word' id='word_1_196' title='bbox 2318 1397 2628 1452; x_wconf 76' lang='lat' dir='ltr'><strong>natiunibus</strong></span> <span class='ocrx_word' id='word_1_197' title='bbox 2648 1399 3005 1453; x_wconf 85' lang='lat' dir='ltr'><strong>ministranda</strong></span> <span class='ocrx_word' id='word_1_198' title='bbox 3024 1400 3285 1469; x_wconf 79' lang='lat' dir='ltr'><strong>porrexit.</strong></span> <span class='ocrx_word' id='word_1_199' title='bbox 3320 1400 3475 1457; x_wconf 79' lang='lat' dir='ltr'><strong>Unde</strong></span> 
     </span>
    </p>
   </div>
   <div class='ocr_carea' id='block_1_27' title="bbox 1884 1485 3476 1561">
    <p class='ocr_par' dir='ltr' id='par_1_27' title="bbox 1884 1485 3476 1561">
     <span class='ocr_line' id='line_1_27' title="bbox 1884 1485 3476 1561; baseline 0.005 -23"><span class='ocrx_word' id='word_1_200' title='bbox 1884 1485 2021 1541; x_wconf 87' lang='lat' dir='ltr'><strong>bene</strong></span> <span class='ocrx_word' id='word_1_201' title='bbox 2051 1486 2143 1541; x_wconf 85' lang='lat' dir='ltr'><strong>alii</strong></span> <span class='ocrx_word' id='word_1_202' title='bbox 2171 1488 2516 1557; x_wconf 65' lang='lat' dir='ltr'><strong>evangelista:</strong></span> <span class='ocrx_word' id='word_1_203' title='bbox 2545 1487 2806 1554; x_wconf 86' lang='lat' dir='ltr'><strong>referunt,</strong></span> <span class='ocrx_word' id='word_1_204' title='bbox 2852 1489 2978 1558; x_wconf 89' lang='lat' dir='ltr'><strong>quia</strong></span> <span class='ocrx_word' id='word_1_205' title='bbox 3008 1505 3174 1559; x_wconf 89' lang='lat' dir='ltr'><strong>panes</strong></span> <span class='ocrx_word' id='word_1_206' title='bbox 3206 1498 3261 1544; x_wconf 89' lang='lat' dir='ltr'><strong>et</strong></span> <span class='ocrx_word' id='word_1_207' title='bbox 3298 1490 3476 1561; x_wconf 86' lang='lat' dir='ltr'><strong>pisces</strong></span> 
     </span>
    </p>
   </div>
   <div class='ocr_carea' id='block_1_28' title="bbox 1885 1577 3478 1648">
    <p class='ocr_par' dir='ltr' id='par_1_28' title="bbox 1885 1577 3478 1648">
     <span class='ocr_line' id='line_1_28' title="bbox 1885 1577 3478 1648; baseline 0.002 -17"><span class='ocrx_word' id='word_1_208' title='bbox 1885 1577 2144 1632; x_wconf 87' lang='lat' dir='ltr'><strong>Dominus</strong></span> <span class='ocrx_word' id='word_1_209' title='bbox 2187 1577 2483 1648; x_wconf 89' lang='lat' dir='ltr'><strong>discipulis,</strong></span> <span class='ocrx_word' id='word_1_210' title='bbox 2528 1578 2775 1648; x_wconf 89' lang='lat' dir='ltr'><strong>discipuli</strong></span> <span class='ocrx_word' id='word_1_211' title='bbox 2822 1587 3001 1634; x_wconf 91' lang='lat' dir='ltr'><strong>autem</strong></span> <span class='ocrx_word' id='word_1_212' title='bbox 3034 1579 3478 1636; x_wconf 88' lang='lat' dir='ltr'><strong>ministravcruut</strong></span> 
     </span>
    </p>
   </div>
   <div class='ocr_carea' id='block_1_29' title="bbox 1885 1670 3473 1740">
    <p class='ocr_par' dir='ltr' id='par_1_29' title="bbox 1885 1670 3473 1740">
     <span class='ocr_line' id='line_1_29' title="bbox 1885 1670 3473 1740; baseline 0.002 -16"><span class='ocrx_word' id='word_1_213' title='bbox 1885 1671 2059 1725; x_wconf 77' lang='lat' dir='ltr'><strong>turbis</strong></span> <span class='ocrx_word' id='word_1_214' title='bbox 2093 1670 2309 1740; x_wconf 83' lang='lat' dir='ltr'><strong>(Matth.</strong></span> <span class='ocrx_word' id='word_1_215' title='bbox 2351 1686 2478 1737; x_wconf 73' lang='lat' dir='ltr'><strong>nx;</strong></span> <span class='ocrx_word' id='word_1_216' title='bbox 2511 1670 2639 1725; x_wconf 80' lang='lat' dir='ltr'><strong>Luc.</strong></span> <span class='ocrx_word' id='word_1_217' title='bbox 2670 1687 2759 1737; x_wconf 80' lang='lat' dir='ltr'><strong>1x;</strong></span> <span class='ocrx_word' id='word_1_218' title='bbox 2812 1671 2981 1726; x_wconf 80' lang='lat' dir='ltr'><strong>Marc.</strong></span> <span class='ocrx_word' id='word_1_219' title='bbox 3012 1674 3111 1740; x_wconf 70' lang='grc' dir='ltr'><strong>γι).</strong></span> <span class='ocrx_word' id='word_1_220' title='bbox 3161 1672 3295 1727; x_wconf 81' lang='lat' dir='ltr'><strong>Cum</strong></span> <span class='ocrx_word' id='word_1_221' title='bbox 3328 1674 3473 1727; x_wconf 88' lang='lat' dir='ltr'><strong>enim</strong></span> 
     </span>
    </p>
   </div>
   <div class='ocr_carea' id='block_1_30' title="bbox 180 1751 3475 1833">
    <p class='ocr_par' dir='ltr' id='par_1_30' title="bbox 180 1751 3475 1833">
     <span class='ocr_line' id='line_1_30' title="bbox 180 1751 3475 1833; baseline 0 -17"><span class='ocrx_word' id='word_1_222' title='bbox 180 1751 401 1825; x_wconf 63' lang='lat' dir='ltr'><strong>discat?</strong></span> <span class='ocrx_word' id='word_1_223' title='bbox 419 1762 513 1816; x_wconf 90' lang='lat' dir='ltr'><strong>sed</strong></span> <span class='ocrx_word' id='word_1_224' title='bbox 542 1770 604 1815; x_wconf 90' lang='lat' dir='ltr'><strong>ut</strong></span> <span class='ocrx_word' id='word_1_225' title='bbox 632 1762 910 1832; x_wconf 76' lang='lat' dir='ltr'><strong>Philippus</strong></span> <span class='ocrx_word' id='word_1_226' title='bbox 954 1763 1262 1817; x_wconf 84' lang='lat' dir='ltr'><strong>tarditatem</strong></span> <span class='ocrx_word' id='word_1_227' title='bbox 1306 1778 1418 1818; x_wconf 79' lang='lat' dir='ltr'><strong>sua:</strong></span> <span class='ocrx_word' id='word_1_228' title='bbox 1444 1762 1589 1825; x_wconf 90' lang='lat' dir='ltr'><strong>ﬁdei,</strong></span> <span class='ocrx_word' id='word_1_229' title='bbox 1623 1777 1782 1831; x_wconf 85' lang='lat' dir='ltr'><strong>quam</strong></span> <span class='ocrx_word' id='word_1_230' title='bbox 1882 1763 2241 1818; x_wconf 89' lang='lat' dir='ltr'><strong>ministerium</strong></span> <span class='ocrx_word' id='word_1_231' title='bbox 2271 1763 2523 1817; x_wconf 76' lang='lat' dir='ltr'><strong>humana:</strong></span> <span class='ocrx_word' id='word_1_232' title='bbox 2546 1762 2734 1818; x_wconf 90' lang='lat' dir='ltr'><strong>salutis</strong></span> <span class='ocrx_word' id='word_1_233' title='bbox 2762 1762 2973 1817; x_wconf 90' lang='lat' dir='ltr'><strong>initium</strong></span> <span class='ocrx_word' id='word_1_234' title='bbox 2998 1763 3295 1833; x_wconf 84' lang='lat' dir='ltr'><strong>accepisset</strong></span> <span class='ocrx_word' id='word_1_235' title='bbox 3319 1778 3475 1817; x_wconf 83' lang='lat' dir='ltr'><strong>enar-</strong></span> 
     </span>
    </p>
   </div>
   <div class='ocr_carea' id='block_1_31' title="bbox 177 1836 3477 1924">
    <p class='ocr_par' dir='ltr' id='par_1_31' title="bbox 177 1836 3477 1924">
     <span class='ocr_line' id='line_1_31' title="bbox 177 1836 3477 1924; baseline 0 -17"><span class='ocrx_word' id='word_1_236' title='bbox 177 1852 447 1923; x_wconf 85' lang='lat' dir='ltr'><strong>magistro</strong></span> <span class='ocrx_word' id='word_1_237' title='bbox 475 1853 678 1908; x_wconf 87' lang='lat' dir='ltr'><strong>sciente</strong></span> <span class='ocrx_word' id='word_1_238' title='bbox 719 1853 832 1923; x_wconf 81' lang='lat' dir='ltr'><strong>ipse</strong></span> <span class='ocrx_word' id='word_1_239' title='bbox 856 1854 1149 1919; x_wconf 85' lang='lat' dir='ltr'><strong>nesciebat,</strong></span> <span class='ocrx_word' id='word_1_240' title='bbox 1177 1861 1412 1908; x_wconf 91' lang='lat' dir='ltr'><strong>tentatus</strong></span> <span class='ocrx_word' id='word_1_241' title='bbox 1439 1857 1711 1922; x_wconf 83' lang='lat' dir='ltr'><strong>agnOscat,</strong></span> <span class='ocrx_word' id='word_1_242' title='bbox 1740 1860 1795 1906; x_wconf 90' lang='lat' dir='ltr'><strong>et</strong></span> <span class='ocrx_word' id='word_1_243' title='bbox 1829 1836 1866 1891; x_wconf 72' lang='grc' dir='ltr'><strong><em>Β</em></strong></span> <span class='ocrx_word' id='word_1_244' title='bbox 1896 1853 2003 1907; x_wconf 88' lang='lat' dir='ltr'><strong>rari</strong></span> <span class='ocrx_word' id='word_1_245' title='bbox 2035 1868 2133 1923; x_wconf 73' lang='lat' dir='ltr'><strong>per</strong></span> <span class='ocrx_word' id='word_1_246' title='bbox 2157 1852 2463 1917; x_wconf 90' lang='lat' dir='ltr'><strong>Dominum,</strong></span> <span class='ocrx_word' id='word_1_247' title='bbox 2490 1853 2558 1907; x_wconf 92' lang='lat' dir='ltr'><strong>ab</strong></span> <span class='ocrx_word' id='word_1_248' title='bbox 2586 1853 2665 1907; x_wconf 90' lang='lat' dir='ltr'><strong>eis</strong></span> <span class='ocrx_word' id='word_1_249' title='bbox 2703 1853 2793 1924; x_wconf 90' lang='lat' dir='ltr'><strong>qui</strong></span> <span class='ocrx_word' id='word_1_250' title='bbox 2827 1853 3111 1909; x_wconf 82' lang='lat' dir='ltr'><strong>audierunt</strong></span> <span class='ocrx_word' id='word_1_251' title='bbox 3139 1853 3192 1907; x_wconf 91' lang='lat' dir='ltr'><strong>in</strong></span> <span class='ocrx_word' id='word_1_252' title='bbox 3223 1869 3321 1907; x_wconf 90' lang='lat' dir='ltr'><strong>nos</strong></span> <span class='ocrx_word' id='word_1_253' title='bbox 3347 1868 3477 1909; x_wconf 81' lang='lat' dir='ltr'><strong>con-</strong></span> 
     </span>
    </p>
   </div>
   <div class='ocr_carea' id='block_1_32' title="bbox 176 1943 1790 2015">
    <p class='ocr_par' dir='ltr' id='par_1_32' title="bbox 176 1943 1790 2015">
     <span class='ocr_line' id='line_1_32' title="bbox 176 1943 1790 2015; baseline -0.003 -16"><span class='ocrx_word' id='word_1_254' title='bbox 176 1943 450 1999; x_wconf 88' lang='lat' dir='ltr'><strong>miraculo</strong></span> <span class='ocrx_word' id='word_1_255' title='bbox 469 1944 613 1999; x_wconf 84' lang='lat' dir='ltr'><strong>facto</strong></span> <span class='ocrx_word' id='word_1_256' title='bbox 633 1945 878 2015; x_wconf 84' lang='lat' dir='ltr'><strong>castiget.</strong></span> <span class='ocrx_word' id='word_1_257' title='bbox 902 1943 1085 2015; x_wconf 86' lang='lat' dir='ltr'><strong>Neque</strong></span> <span class='ocrx_word' id='word_1_258' title='bbox 1103 1944 1246 1999; x_wconf 88' lang='lat' dir='ltr'><strong>enim</strong></span> <span class='ocrx_word' id='word_1_259' title='bbox 1270 1944 1514 1999; x_wconf 88' lang='lat' dir='ltr'><strong>dubitare</strong></span> <span class='ocrx_word' id='word_1_260' title='bbox 1535 1944 1790 1999; x_wconf 84' lang='lat' dir='ltr'><strong>debuerat</strong></span> 
     </span>
    </p>
   </div>
   <div class='ocr_carea' id='block_1_33' title="bbox 174 2032 1785 2106">
    <p class='ocr_par' dir='ltr' id='par_1_33' title="bbox 174 2032 1785 2106">
     <span class='ocr_line' id='line_1_33' title="bbox 174 2032 1785 2106; baseline -0.003 -15"><span class='ocrx_word' id='word_1_261' title='bbox 174 2043 457 2106; x_wconf 72' lang='lat' dir='ltr'><strong>prtesente</strong></span> <span class='ocrx_word' id='word_1_262' title='bbox 480 2051 663 2090; x_wconf 89' lang='lat' dir='ltr'><strong>rerum</strong></span> <span class='ocrx_word' id='word_1_263' title='bbox 688 2043 959 2098; x_wconf 88' lang='lat' dir='ltr'><strong>creatore,</strong></span> <span class='ocrx_word' id='word_1_264' title='bbox 987 2035 1078 2103; x_wconf 88' lang='lat' dir='ltr'><strong>qui</strong></span> <span class='ocrx_word' id='word_1_265' title='bbox 1100 2034 1280 2090; x_wconf 88' lang='lat' dir='ltr'><strong>educit</strong></span> <span class='ocrx_word' id='word_1_266' title='bbox 1304 2048 1499 2104; x_wconf 88' lang='lat' dir='ltr'><strong>panem</strong></span> <span class='ocrx_word' id='word_1_267' title='bbox 1530 2032 1596 2088; x_wconf 92' lang='lat' dir='ltr'><strong>de</strong></span> <span class='ocrx_word' id='word_1_268' title='bbox 1619 2040 1785 2097; x_wconf 85' lang='lat' dir='ltr'><strong>terra,</strong></span> 
     </span>
    </p>
   </div>
   <div class='ocr_carea' id='block_1_34' title="bbox 168 2125 1782 2201">
    <p class='ocr_par' dir='ltr' id='par_1_34' title="bbox 168 2125 1782 2201">
     <span class='ocr_line' id='line_1_34' title="bbox 168 2125 1782 2201; baseline 0 -19"><span class='ocrx_word' id='word_1_269' title='bbox 168 2136 241 2182; x_wconf 81' lang='lat' dir='ltr'><strong>et</strong></span> <span class='ocrx_word' id='word_1_270' title='bbox 265 2128 447 2181; x_wconf 90' lang='lat' dir='ltr'><strong>vinum</strong></span> <span class='ocrx_word' id='word_1_271' title='bbox 477 2127 669 2201; x_wconf 85' lang='lat' dir='ltr'><strong>[Beda,</strong></span> <span class='ocrx_word' id='word_1_272' title='bbox 706 2127 856 2201; x_wconf 86' lang='lat' dir='ltr'><strong>vino]</strong></span> <span class='ocrx_word' id='word_1_273' title='bbox 903 2129 1139 2183; x_wconf 71' lang='lat' dir='ltr'><strong>lzctilicat</strong></span> <span class='ocrx_word' id='word_1_274' title='bbox 1185 2142 1281 2182; x_wconf 91' lang='lat' dir='ltr'><strong>cor</strong></span> <span class='ocrx_word' id='word_1_275' title='bbox 1326 2127 1560 2182; x_wconf 89' lang='lat' dir='ltr'><strong>hominis</strong></span> <span class='ocrx_word' id='word_1_276' title='bbox 1609 2125 1782 2197; x_wconf 83' lang='lat' dir='ltr'><strong>(Psal.</strong></span> 
     </span>
    </p>
   </div>
   <div class='ocr_carea' id='block_1_35' title="bbox 170 2216 1783 2290">
    <p class='ocr_par' dir='ltr' id='par_1_35' title="bbox 170 2216 1783 2290">
     <span class='ocr_line' id='line_1_35' title="bbox 170 2216 1783 2290; baseline 0.001 -19"><span class='ocrx_word' id='word_1_277' title='bbox 170 2232 307 2281; x_wconf 74' lang='lat' dir='ltr'><strong>cur,</strong></span> <span class='ocrx_word' id='word_1_278' title='bbox 334 2216 449 2284; x_wconf 77' lang='grc'><strong>15),</strong></span> <span class='ocrx_word' id='word_1_279' title='bbox 475 2233 772 2288; x_wconf 81' lang='lat' dir='ltr'><strong>paucorum</strong></span> <span class='ocrx_word' id='word_1_280' title='bbox 819 2219 1167 2274; x_wconf 87' lang='lat' dir='ltr'><strong>denariorum</strong></span> <span class='ocrx_word' id='word_1_281' title='bbox 1193 2235 1360 2290; x_wconf 88' lang='lat' dir='ltr'><strong>panes</strong></span> <span class='ocrx_word' id='word_1_282' title='bbox 1386 2218 1637 2273; x_wconf 86' lang='lat' dir='ltr'><strong>sufﬁcere</strong></span> <span class='ocrx_word' id='word_1_283' title='bbox 1668 2227 1783 2273; x_wconf 91' lang='lat' dir='ltr'><strong>tur-</strong></span> 
     </span>
    </p>
   </div>
   <div class='ocr_carea' id='block_1_36' title="bbox 173 2303 1787 2378">
    <p class='ocr_par' dir='ltr' id='par_1_36' title="bbox 173 2303 1787 2378">
     <span class='ocr_line' id='line_1_36' title="bbox 173 2303 1787 2378; baseline 0.002 -20"><span class='ocrx_word' id='word_1_284' title='bbox 173 2303 386 2361; x_wconf 82' lang='lat' dir='ltr'><strong>barum</strong></span> <span class='ocrx_word' id='word_1_285' title='bbox 411 2307 670 2372; x_wconf 87' lang='lat' dir='ltr'><strong>millibus,</strong></span> <span class='ocrx_word' id='word_1_286' title='bbox 721 2324 825 2363; x_wconf 91' lang='lat' dir='ltr'><strong>non</strong></span> <span class='ocrx_word' id='word_1_287' title='bbox 861 2310 1069 2378; x_wconf 89' lang='lat' dir='ltr'><strong>paucis,</strong></span> <span class='ocrx_word' id='word_1_288' title='bbox 1118 2318 1177 2361; x_wconf 90' lang='lat' dir='ltr'><strong>ut</strong></span> <span class='ocrx_word' id='word_1_289' title='bbox 1224 2309 1592 2378; x_wconf 83' lang='lat' dir='ltr'><strong>unusquisque</strong></span> <span class='ocrx_word' id='word_1_290' title='bbox 1637 2309 1787 2364; x_wconf 86' lang='lat' dir='ltr'><strong>suﬁi-</strong></span> 
     </span>
    </p>
   </div>
   <div class='ocr_carea' id='block_1_37' title="bbox 168 2397 1465 2467">
    <p class='ocr_par' dir='ltr' id='par_1_37' title="bbox 168 2397 1465 2467">
     <span class='ocr_line' id='line_1_37' title="bbox 168 2397 1465 2467; baseline 0 -15"><span class='ocrx_word' id='word_1_291' title='bbox 168 2397 401 2453; x_wconf 89' lang='lat' dir='ltr'><strong>cienter</strong></span> <span class='ocrx_word' id='word_1_292' title='bbox 425 2399 715 2467; x_wconf 88' lang='lat' dir='ltr'><strong>acciperet,</strong></span> <span class='ocrx_word' id='word_1_293' title='bbox 743 2406 798 2453; x_wconf 92' lang='lat' dir='ltr'><strong>et</strong></span> <span class='ocrx_word' id='word_1_294' title='bbox 820 2398 933 2466; x_wconf 90' lang='lat' dir='ltr'><strong>jam</strong></span> <span class='ocrx_word' id='word_1_295' title='bbox 966 2406 1244 2454; x_wconf 91' lang='lat' dir='ltr'><strong>saturatus</strong></span> <span class='ocrx_word' id='word_1_296' title='bbox 1273 2400 1465 2454; x_wconf 87' lang='lat' dir='ltr'><strong>abiret.</strong></span> 
     </span>
    </p>
   </div>
   <div class='ocr_carea' id='block_1_38' title="bbox 258 2487 1785 2561">
    <p class='ocr_par' dir='ltr' id='par_1_38' title="bbox 258 2487 1785 2561">
     <span class='ocr_line' id='line_1_38' title="bbox 258 2487 1785 2561; baseline 0.003 -20"><span class='ocrx_word' id='word_1_297' title='bbox 258 2487 426 2541; x_wconf 75' lang='lat' dir='ltr'><strong>Vens.</strong></span> <span class='ocrx_word' id='word_1_298' title='bbox 457 2488 621 2542; x_wconf 82' lang='lat' dir='ltr'><strong>8-H.</strong></span> <span class='ocrx_word' id='word_1_299' title='bbox 645 2518 716 2529; x_wconf 85' lang='lat'><strong>——</strong></span> <span class='ocrx_word' id='word_1_300' title='bbox 745 2488 882 2542; x_wconf 83' lang='lat' dir='ltr'><strong>Dicit</strong></span> <span class='ocrx_word' id='word_1_301' title='bbox 908 2490 957 2541; x_wconf 86' lang='lat' dir='ltr'><strong>ei</strong></span> <span class='ocrx_word' id='word_1_302' title='bbox 984 2505 1117 2542; x_wconf 88' lang='lat' dir='ltr'><strong>unus</strong></span> <span class='ocrx_word' id='word_1_303' title='bbox 1137 2505 1202 2542; x_wconf 71' lang='lat' dir='ltr'><strong>ex</strong></span> <span class='ocrx_word' id='word_1_304' title='bbox 1221 2488 1493 2559; x_wconf 66' lang='lat' dir='ltr'><strong>discipulis</strong></span> <span class='ocrx_word' id='word_1_305' title='bbox 1519 2490 1652 2561; x_wconf 86' lang='lat' dir='ltr'><strong>ejus,</strong></span> <span class='ocrx_word' id='word_1_306' title='bbox 1678 2490 1785 2545; x_wconf 85' lang='lat' dir='ltr'><strong>An-</strong></span> 
     </span>
    </p>
   </div>
   <div class='ocr_carea' id='block_1_39' title="bbox 160 2574 1785 2649">
    <p class='ocr_par' dir='ltr' id='par_1_39' title="bbox 160 2574 1785 2649">
     <span class='ocr_line' id='line_1_39' title="bbox 160 2574 1785 2649; baseline 0.001 -19"><span class='ocrx_word' id='word_1_307' title='bbox 160 2575 345 2630; x_wconf 62' lang='lat' dir='ltr'><strong>dreas</strong></span> <span class='ocrx_word' id='word_1_308' title='bbox 373 2574 539 2644; x_wconf 79' lang='lat' dir='ltr'><strong>frater</strong></span> <span class='ocrx_word' id='word_1_309' title='bbox 582 2574 809 2631; x_wconf 83' lang='lat' dir='ltr'><strong>Simonis</strong></span> <span class='ocrx_word' id='word_1_310' title='bbox 843 2576 1033 2631; x_wconf 82' lang='lat' dir='ltr'><strong>Petri:</strong></span> <span class='ocrx_word' id='word_1_311' title='bbox 1084 2577 1181 2631; x_wconf 79' lang='lat' dir='ltr'><strong>Est</strong></span> <span class='ocrx_word' id='word_1_312' title='bbox 1207 2594 1339 2648; x_wconf 83' lang='lat' dir='ltr'><strong>puer</strong></span> <span class='ocrx_word' id='word_1_313' title='bbox 1383 2590 1518 2632; x_wconf 84' lang='lat' dir='ltr'><strong>unus</strong></span> <span class='ocrx_word' id='word_1_314' title='bbox 1565 2579 1668 2642; x_wconf 79' lang='lat' dir='ltr'><strong>hic,</strong></span> <span class='ocrx_word' id='word_1_315' title='bbox 1695 2580 1785 2649; x_wconf 80' lang='lat' dir='ltr'><strong>qui</strong></span> 
     </span>
    </p>
   </div>
   <div class='ocr_carea' id='block_1_40' title="bbox 164 2665 1784 2740">
    <p class='ocr_par' dir='ltr' id='par_1_40' title="bbox 164 2665 1784 2740">
     <span class='ocr_line' id='line_1_40' title="bbox 164 2665 1784 2740; baseline 0.001 -19"><span class='ocrx_word' id='word_1_316' title='bbox 164 2665 343 2721; x_wconf 79' lang='lat' dir='ltr'><strong>habet</strong></span> <span class='ocrx_word' id='word_1_317' title='bbox 366 2667 593 2737; x_wconf 86' lang='lat' dir='ltr'><strong>quinque</strong></span> <span class='ocrx_word' id='word_1_318' title='bbox 628 2685 790 2738; x_wconf 85' lang='lat' dir='ltr'><strong>panes</strong></span> <span class='ocrx_word' id='word_1_319' title='bbox 828 2668 1161 2729; x_wconf 76' lang='lat' dir='ltr'><strong>hordeaceus,</strong></span> <span class='ocrx_word' id='word_1_320' title='bbox 1192 2680 1238 2723; x_wconf 88' lang='lat' dir='ltr'><strong>et</strong></span> <span class='ocrx_word' id='word_1_321' title='bbox 1283 2670 1417 2723; x_wconf 86' lang='lat' dir='ltr'><strong>duos</strong></span> <span class='ocrx_word' id='word_1_322' title='bbox 1459 2671 1642 2740; x_wconf 75' lang='lat' dir='ltr'><strong>pisces.</strong></span> <span class='ocrx_word' id='word_1_323' title='bbox 1681 2669 1784 2725; x_wconf 72' lang='lat' dir='ltr'><strong>Sed</strong></span> 
     </span>
    </p>
   </div>
   <div class='ocr_carea' id='block_1_41' title="bbox 164 2755 1785 2827">
    <p class='ocr_par' dir='ltr' id='par_1_41' title="bbox 164 2755 1785 2827">
     <span class='ocr_line' id='line_1_41' title="bbox 164 2755 1785 2827; baseline -0.001 -15"><span class='ocrx_word' id='word_1_324' title='bbox 164 2755 300 2812; x_wconf 71' lang='lat' dir='ltr'><strong>hac</strong></span> <span class='ocrx_word' id='word_1_325' title='bbox 325 2755 452 2826; x_wconf 85' lang='lat' dir='ltr'><strong>quid</strong></span> <span class='ocrx_word' id='word_1_326' title='bbox 477 2767 597 2810; x_wconf 83' lang='lat' dir='ltr'><strong>sunt</strong></span> <span class='ocrx_word' id='word_1_327' title='bbox 624 2758 760 2811; x_wconf 86' lang='lat' dir='ltr'><strong>inter</strong></span> <span class='ocrx_word' id='word_1_328' title='bbox 788 2768 958 2811; x_wconf 82' lang='lat' dir='ltr'><strong>tantos</strong></span> <span class='ocrx_word' id='word_1_329' title='bbox 982 2759 1007 2811; x_wconf 84' lang='lat'><strong><em>?</em></strong></span> <span class='ocrx_word' id='word_1_330' title='bbox 1032 2757 1172 2811; x_wconf 87' lang='lat' dir='ltr'><strong>D.&#39;cit</strong></span> <span class='ocrx_word' id='word_1_331' title='bbox 1198 2774 1326 2827; x_wconf 81' lang='lat' dir='ltr'><strong>ergo</strong></span> <span class='ocrx_word' id='word_1_332' title='bbox 1352 2757 1400 2811; x_wconf 88' lang='lat' dir='ltr'><strong>ei</strong></span> <span class='ocrx_word' id='word_1_333' title='bbox 1433 2758 1628 2812; x_wconf 74' lang='lat' dir='ltr'><strong>Iesus:</strong></span> <span class='ocrx_word' id='word_1_334' title='bbox 1678 2757 1785 2811; x_wconf 71' lang='lat' dir='ltr'><strong>Fa-</strong></span> 
     </span>
    </p>
   </div>
   <div class='ocr_carea' id='block_1_42' title="bbox 116 2846 1783 2918">
    <p class='ocr_par' dir='ltr' id='par_1_42' title="bbox 116 2846 1783 2918">
     <span class='ocr_line' id='line_1_42' title="bbox 116 2846 1783 2918; baseline 0 -16"><span class='ocrx_word' id='word_1_335' title='bbox 116 2875 128 2885; x_wconf 82' lang='lat'><strong>-</strong></span> <span class='ocrx_word' id='word_1_336' title='bbox 168 2847 290 2902; x_wconf 72' lang='lat' dir='ltr'><strong>cite</strong></span> <span class='ocrx_word' id='word_1_337' title='bbox 318 2846 554 2901; x_wconf 83' lang='lat' dir='ltr'><strong>homines</strong></span> <span class='ocrx_word' id='word_1_338' title='bbox 583 2847 924 2901; x_wconf 81' lang='lat' dir='ltr'><strong>discumbere.</strong></span> <span class='ocrx_word' id='word_1_339' title='bbox 958 2848 1091 2903; x_wconf 85' lang='lat' dir='ltr'><strong>Erat</strong></span> <span class='ocrx_word' id='word_1_340' title='bbox 1139 2858 1313 2902; x_wconf 86' lang='lat' dir='ltr'><strong>autem</strong></span> <span class='ocrx_word' id='word_1_341' title='bbox 1356 2848 1535 2918; x_wconf 78' lang='lat' dir='ltr'><strong>fenum</strong></span> <span class='ocrx_word' id='word_1_342' title='bbox 1564 2848 1783 2902; x_wconf 84' lang='lat' dir='ltr'><strong>multum</strong></span> 
     </span>
    </p>
   </div>
   <div class='ocr_carea' id='block_1_43' title="bbox 167 2936 1786 3012">
    <p class='ocr_par' dir='ltr' id='par_1_43' title="bbox 167 2936 1786 3012">
     <span class='ocr_line' id='line_1_43' title="bbox 167 2936 1786 3012; baseline 0 -17"><span class='ocrx_word' id='word_1_343' title='bbox 167 2938 240 2995; x_wconf 77' lang='grc' dir='ltr'>ὺι</span> <span class='ocrx_word' id='word_1_344' title='bbox 271 2936 405 2991; x_wconf 90' lang='lat' dir='ltr'><strong>loco.</strong></span> <span class='ocrx_word' id='word_1_345' title='bbox 448 2937 835 2993; x_wconf 82' lang='lat' dir='ltr'><strong>Discubuerunt</strong></span> <span class='ocrx_word' id='word_1_346' title='bbox 877 2955 999 3009; x_wconf 83' lang='lat' dir='ltr'><strong>ergo</strong></span> <span class='ocrx_word' id='word_1_347' title='bbox 1042 2941 1164 3006; x_wconf 81' lang='lat' dir='ltr'><strong>viri,</strong></span> <span class='ocrx_word' id='word_1_348' title='bbox 1202 2956 1418 2995; x_wconf 84' lang='lat' dir='ltr'><strong>numero</strong></span> <span class='ocrx_word' id='word_1_349' title='bbox 1454 2942 1606 3011; x_wconf 83' lang='lat' dir='ltr'><strong>quasi</strong></span> <span class='ocrx_word' id='word_1_350' title='bbox 1633 2942 1786 3012; x_wconf 80' lang='lat' dir='ltr'><strong>quin-</strong></span> 
     </span>
    </p>
   </div>
   <div class='ocr_carea' id='block_1_44' title="bbox 169 3026 1781 3100">
    <p class='ocr_par' dir='ltr' id='par_1_44' title="bbox 169 3026 1781 3100">
     <span class='ocr_line' id='line_1_44' title="bbox 169 3026 1781 3100; baseline 0.001 -19"><span class='ocrx_word' id='word_1_351' title='bbox 169 3043 287 3099; x_wconf 82' lang='lat' dir='ltr'><strong>que</strong></span> <span class='ocrx_word' id='word_1_352' title='bbox 314 3026 502 3082; x_wconf 86' lang='lat' dir='ltr'><strong>millia.</strong></span> <span class='ocrx_word' id='word_1_353' title='bbox 532 3029 739 3099; x_wconf 79' lang='lat' dir='ltr'><strong>Accepit</strong></span> <span class='ocrx_word' id='word_1_354' title='bbox 769 3046 890 3099; x_wconf 86' lang='lat' dir='ltr'><strong>ergo</strong></span> <span class='ocrx_word' id='word_1_355' title='bbox 930 3046 1090 3100; x_wconf 83' lang='lat' dir='ltr'><strong>panes</strong></span> <span class='ocrx_word' id='word_1_356' title='bbox 1127 3030 1307 3094; x_wconf 85' lang='lat' dir='ltr'><strong>Jesus,</strong></span> <span class='ocrx_word' id='word_1_357' title='bbox 1333 3040 1382 3084; x_wconf 86' lang='lat' dir='ltr'><strong>et</strong></span> <span class='ocrx_word' id='word_1_358' title='bbox 1426 3047 1544 3083; x_wconf 86' lang='lat' dir='ltr'><strong>cunt</strong></span> <span class='ocrx_word' id='word_1_359' title='bbox 1585 3032 1781 3100; x_wconf 73' lang='lat' dir='ltr'><strong>gratias</strong></span> 
     </span>
    </p>
   </div>
   <div class='ocr_carea' id='block_1_45' title="bbox 172 3118 1779 3190">
    <p class='ocr_par' dir='ltr' id='par_1_45' title="bbox 172 3118 1779 3190">
     <span class='ocr_line' id='line_1_45' title="bbox 172 3118 1779 3190; baseline -0.001 -15"><span class='ocrx_word' id='word_1_360' title='bbox 172 3118 397 3188; x_wconf 73' lang='lat' dir='ltr'><strong>egisset,</strong></span> <span class='ocrx_word' id='word_1_361' title='bbox 426 3118 689 3172; x_wconf 80' lang='lat' dir='ltr'><strong>distribuit</strong></span> <span class='ocrx_word' id='word_1_362' title='bbox 739 3119 1199 3174; x_wconf 81' lang='lat' dir='ltr'><strong>discumbentibus.</strong></span> <span class='ocrx_word' id='word_1_363' title='bbox 1248 3118 1500 3174; x_wconf 84' lang='lat' dir='ltr'><strong>Similiter</strong></span> <span class='ocrx_word' id='word_1_364' title='bbox 1537 3131 1584 3174; x_wconf 84' lang='lat' dir='ltr'><strong>et</strong></span> <span class='ocrx_word' id='word_1_365' title='bbox 1612 3137 1676 3173; x_wconf 75' lang='lat' dir='ltr'><strong>ex</strong></span> <span class='ocrx_word' id='word_1_366' title='bbox 1701 3121 1779 3190; x_wconf 77' lang='lat' dir='ltr'><strong>pi-</strong></span> 
     </span>
    </p>
   </div>
   <div class='ocr_carea' id='block_1_46' title="bbox 1891 1942 3477 2013">
    <p class='ocr_par' dir='ltr' id='par_1_46' title="bbox 1891 1942 3477 2013">
     <span class='ocr_line' id='line_1_46' title="bbox 1891 1942 3477 2013; baseline 0.001 -16"><span class='ocrx_word' id='word_1_367' title='bbox 1891 1943 2163 1997; x_wconf 89' lang='lat' dir='ltr'><strong>ﬁrmatum</strong></span> <span class='ocrx_word' id='word_1_368' title='bbox 2183 1951 2283 1998; x_wconf 89' lang='lat' dir='ltr'><strong>est.</strong></span> <span class='ocrx_word' id='word_1_369' title='bbox 2312 1942 2559 2013; x_wconf 81' lang='lat' dir='ltr'><strong>Quinque</strong></span> <span class='ocrx_word' id='word_1_370' title='bbox 2580 1944 2841 2013; x_wconf 78' lang='lat' dir='ltr'><strong>siquidem</strong></span> <span class='ocrx_word' id='word_1_371' title='bbox 2863 1960 3049 2013; x_wconf 83' lang='lat' dir='ltr'><strong>panes,</strong></span> <span class='ocrx_word' id='word_1_372' title='bbox 3075 1950 3130 1996; x_wconf 87' lang='lat' dir='ltr'><strong>ct</strong></span> <span class='ocrx_word' id='word_1_373' title='bbox 3149 1943 3282 1997; x_wconf 89' lang='lat' dir='ltr'><strong>duos</strong></span> <span class='ocrx_word' id='word_1_374' title='bbox 3302 1944 3477 2012; x_wconf 84' lang='lat' dir='ltr'><strong>pisces</strong></span> 
     </span>
    </p>
   </div>
   <div class='ocr_carea' id='block_1_47' title="bbox 1887 2030 3478 2104">
    <p class='ocr_par' dir='ltr' id='par_1_47' title="bbox 1887 2030 3478 2104">
     <span class='ocr_line' id='line_1_47' title="bbox 1887 2030 3478 2104; baseline -0.001 -18"><span class='ocrx_word' id='word_1_375' title='bbox 1887 2031 2064 2104; x_wconf 80' lang='lat' dir='ltr'><strong>fregit,</strong></span> <span class='ocrx_word' id='word_1_376' title='bbox 2111 2041 2166 2087; x_wconf 89' lang='lat' dir='ltr'><strong>et</strong></span> <span class='ocrx_word' id='word_1_377' title='bbox 2207 2032 2482 2087; x_wconf 87' lang='lat' dir='ltr'><strong>distribuit</strong></span> <span class='ocrx_word' id='word_1_378' title='bbox 2517 2032 2813 2101; x_wconf 85' lang='lat' dir='ltr'><strong>discipulis,</strong></span> <span class='ocrx_word' id='word_1_379' title='bbox 2859 2032 3077 2101; x_wconf 80' lang='lat' dir='ltr'><strong>quando</strong></span> <span class='ocrx_word' id='word_1_380' title='bbox 3121 2031 3330 2101; x_wconf 88' lang='lat' dir='ltr'><strong>aperuit</strong></span> <span class='ocrx_word' id='word_1_381' title='bbox 3369 2030 3478 2085; x_wconf 79' lang='lat' dir='ltr'><strong>illis</strong></span> 
     </span>
    </p>
   </div>
   <div class='ocr_carea' id='block_1_48' title="bbox 1886 2120 3475 2194">
    <p class='ocr_par' dir='ltr' id='par_1_48' title="bbox 1886 2120 3475 2194">
     <span class='ocr_line' id='line_1_48' title="bbox 1886 2120 3475 2194; baseline -0.003 -13"><span class='ocrx_word' id='word_1_382' title='bbox 1886 2142 2123 2189; x_wconf 86' lang='lat' dir='ltr'><strong>sensum,</strong></span> <span class='ocrx_word' id='word_1_383' title='bbox 2156 2132 2215 2179; x_wconf 90' lang='lat' dir='ltr'><strong>ut</strong></span> <span class='ocrx_word' id='word_1_384' title='bbox 2244 2120 2603 2194; x_wconf 81' lang='lat' dir='ltr'><strong>intelligerent</strong></span> <span class='ocrx_word' id='word_1_385' title='bbox 2627 2125 2806 2178; x_wconf 86' lang='lat' dir='ltr'><strong>omnia</strong></span> <span class='ocrx_word' id='word_1_386' title='bbox 2834 2140 2955 2194; x_wconf 76' lang='lat' dir='ltr'><strong>quae</strong></span> <span class='ocrx_word' id='word_1_387' title='bbox 2979 2123 3177 2193; x_wconf 88' lang='lat' dir='ltr'><strong>scripta</strong></span> <span class='ocrx_word' id='word_1_388' title='bbox 3202 2131 3385 2179; x_wconf 85' lang='lat' dir='ltr'><strong>essent</strong></span> <span class='ocrx_word' id='word_1_389' title='bbox 3417 2123 3475 2178; x_wconf 86' lang='lat' dir='ltr'><strong>in</strong></span> 
     </span>
    </p>
   </div>
   <div class='ocr_carea' id='block_1_49' title="bbox 1884 2209 3475 2285">
    <p class='ocr_par' dir='ltr' id='par_1_49' title="bbox 1884 2209 3475 2285">
     <span class='ocr_line' id='line_1_49' title="bbox 1884 2209 3475 2285; baseline 0 -18"><span class='ocrx_word' id='word_1_390' title='bbox 1884 2214 2002 2285; x_wconf 87' lang='lat' dir='ltr'><strong>lege</strong></span> <span class='ocrx_word' id='word_1_391' title='bbox 2044 2214 2234 2284; x_wconf 86' lang='lat' dir='ltr'><strong>Moysi,</strong></span> <span class='ocrx_word' id='word_1_392' title='bbox 2263 2221 2319 2268; x_wconf 92' lang='lat' dir='ltr'><strong>et</strong></span> <span class='ocrx_word' id='word_1_393' title='bbox 2361 2211 2668 2282; x_wconf 83' lang='lat' dir='ltr'><strong>Pr0phetis,</strong></span> <span class='ocrx_word' id='word_1_394' title='bbox 2710 2220 2763 2267; x_wconf 89' lang='lat' dir='ltr'><strong>ct</strong></span> <span class='ocrx_word' id='word_1_395' title='bbox 2813 2212 3038 2267; x_wconf 83' lang='lat' dir='ltr'><strong>Psalmis</strong></span> <span class='ocrx_word' id='word_1_396' title='bbox 3082 2211 3146 2266; x_wconf 90' lang='lat' dir='ltr'><strong>de</strong></span> <span class='ocrx_word' id='word_1_397' title='bbox 3177 2213 3291 2281; x_wconf 91' lang='lat' dir='ltr'><strong>ipso</strong></span> <span class='ocrx_word' id='word_1_398' title='bbox 3320 2209 3475 2282; x_wconf 85' lang='lat' dir='ltr'><strong>(Luc.</strong></span> 
     </span>
    </p>
   </div>
   <div class='ocr_carea' id='block_1_50' title="bbox 1886 2302 3476 2376">
    <p class='ocr_par' dir='ltr' id='par_1_50' title="bbox 1886 2302 3476 2376">
     <span class='ocr_line' id='line_1_50' title="bbox 1886 2302 3476 2376; baseline -0.003 -15"><span class='ocrx_word' id='word_1_399' title='bbox 1886 2306 2061 2376; x_wconf 73' lang='lat' dir='ltr'><strong>xxrv).</strong></span> <span class='ocrx_word' id='word_1_400' title='bbox 2092 2304 2349 2376; x_wconf 89' lang='lat' dir='ltr'><strong>Discipuli</strong></span> <span class='ocrx_word' id='word_1_401' title='bbox 2384 2314 2749 2375; x_wconf 85' lang='lat' dir='ltr'><strong>apposuerunt</strong></span> <span class='ocrx_word' id='word_1_402' title='bbox 2786 2304 2979 2369; x_wconf 89' lang='lat' dir='ltr'><strong>turbis,</strong></span> <span class='ocrx_word' id='word_1_403' title='bbox 3006 2304 3219 2375; x_wconf 88' lang='lat' dir='ltr'><strong>quando</strong></span> <span class='ocrx_word' id='word_1_404' title='bbox 3245 2302 3476 2374; x_wconf 82' lang='lat' dir='ltr'><strong>profecti</strong></span> 
     </span>
    </p>
   </div>
   <div class='ocr_carea' id='block_1_51' title="bbox 1884 2394 3479 2468">
    <p class='ocr_par' dir='ltr' id='par_1_51' title="bbox 1884 2394 3479 2468">
     <span class='ocr_line' id='line_1_51' title="bbox 1884 2394 3479 2468; baseline -0.001 -17"><span class='ocrx_word' id='word_1_405' title='bbox 1884 2396 2313 2468; x_wconf 72' lang='lat' dir='ltr'><strong>praedicaverunt</strong></span> <span class='ocrx_word' id='word_1_406' title='bbox 2339 2394 2536 2464; x_wconf 91' lang='lat' dir='ltr'><strong>ubique</strong></span> <span class='ocrx_word' id='word_1_407' title='bbox 2566 2395 2792 2449; x_wconf 91' lang='lat' dir='ltr'><strong>Domino</strong></span> <span class='ocrx_word' id='word_1_408' title='bbox 2821 2404 3164 2462; x_wconf 89' lang='lat' dir='ltr'><strong>cooperante,</strong></span> <span class='ocrx_word' id='word_1_409' title='bbox 3194 2402 3248 2447; x_wconf 87' lang='lat' dir='ltr'><strong>ct</strong></span> <span class='ocrx_word' id='word_1_410' title='bbox 3276 2404 3479 2449; x_wconf 87' lang='lat' dir='ltr'><strong>sermo-</strong></span> 
     </span>
    </p>
   </div>
   <div class='ocr_carea' id='block_1_52' title="bbox 1885 2482 3475 2556">
    <p class='ocr_par' dir='ltr' id='par_1_52' title="bbox 1885 2482 3475 2556">
     <span class='ocr_line' id='line_1_52' title="bbox 1885 2482 3475 2556; baseline -0.003 -13"><span class='ocrx_word' id='word_1_411' title='bbox 1885 2504 2008 2543; x_wconf 85' lang='lat' dir='ltr'><strong>nem</strong></span> <span class='ocrx_word' id='word_1_412' title='bbox 2034 2485 2388 2543; x_wconf 83' lang='lat' dir='ltr'><strong>conﬁrmante</strong></span> <span class='ocrx_word' id='word_1_413' title='bbox 2429 2482 2972 2556; x_wconf 71' lang='lat' dir='ltr'><strong>sequentibus&#39;signis</strong></span> <span class='ocrx_word' id='word_1_414' title='bbox 3000 2482 3195 2552; x_wconf 74' lang='lat' dir='ltr'><strong>(Marc.</strong></span> <span class='ocrx_word' id='word_1_415' title='bbox 3225 2500 3337 2549; x_wconf 76' lang='lat' dir='ltr'><strong>xvr,</strong></span> <span class='ocrx_word' id='word_1_416' title='bbox 3359 2482 3475 2553; x_wconf 70' lang='grc' dir='ltr'><strong>ΞΟ).</strong></span> 
     </span>
    </p>
   </div>
   <div class='ocr_carea' id='block_1_53' title="bbox 1886 2574 3482 2649">
    <p class='ocr_par' dir='ltr' id='par_1_53' title="bbox 1886 2574 3482 2649">
     <span class='ocr_line' id='line_1_53' title="bbox 1886 2574 3482 2649; baseline -0.004 -14"><span class='ocrx_word' id='word_1_417' title='bbox 1886 2581 2113 2645; x_wconf 82' lang='lat' dir='ltr'><strong>Fenum,</strong></span> <span class='ocrx_word' id='word_1_418' title='bbox 2141 2580 2193 2633; x_wconf 93' lang='lat' dir='ltr'><strong>in</strong></span> <span class='ocrx_word' id='word_1_419' title='bbox 2222 2594 2329 2649; x_wconf 91' lang='lat' dir='ltr'><strong>quo</strong></span> <span class='ocrx_word' id='word_1_420' title='bbox 2372 2579 2714 2633; x_wconf 83' lang='lat' dir='ltr'><strong>discumbens</strong></span> <span class='ocrx_word' id='word_1_421' title='bbox 2741 2578 2898 2631; x_wconf 86' lang='lat' dir='ltr'><strong>turba</strong></span> <span class='ocrx_word' id='word_1_422' title='bbox 2943 2575 3198 2639; x_wconf 86' lang='lat' dir='ltr'><strong>reﬁcitur,</strong></span> <span class='ocrx_word' id='word_1_423' title='bbox 3225 2574 3482 2645; x_wconf 76' lang='lat' dir='ltr'><strong>concupi-</strong></span> 
     </span>
    </p>
   </div>
   <div class='ocr_carea' id='block_1_54' title="bbox 1885 2668 3477 2738">
    <p class='ocr_par' dir='ltr' id='par_1_54' title="bbox 1885 2668 3477 2738">
     <span class='ocr_line' id='line_1_54' title="bbox 1885 2668 3477 2738; baseline -0.004 -12"><span class='ocrx_word' id='word_1_424' title='bbox 1885 2671 2090 2726; x_wconf 88' lang='lat' dir='ltr'><strong>scentia</strong></span> <span class='ocrx_word' id='word_1_425' title='bbox 2114 2668 2349 2725; x_wconf 91' lang='lat' dir='ltr'><strong>carnalis</strong></span> <span class='ocrx_word' id='word_1_426' title='bbox 2368 2668 2705 2735; x_wconf 63' lang='lat' dir='ltr'><strong>intelligitur,</strong></span> <span class='ocrx_word' id='word_1_427' title='bbox 2723 2682 2884 2738; x_wconf 89' lang='lat' dir='ltr'><strong>quam</strong></span> <span class='ocrx_word' id='word_1_428' title='bbox 2911 2668 3121 2722; x_wconf 90' lang='lat' dir='ltr'><strong>calcare</strong></span> <span class='ocrx_word' id='word_1_429' title='bbox 3142 2681 3205 2720; x_wconf 91' lang='lat' dir='ltr'><strong>ac</strong></span> <span class='ocrx_word' id='word_1_430' title='bbox 3227 2678 3477 2736; x_wconf 82' lang='lat' dir='ltr'><strong>premere</strong></span> 
     </span>
    </p>
   </div>
   <div class='ocr_carea' id='block_1_55' title="bbox 1885 2755 3478 2831">
    <p class='ocr_par' dir='ltr' id='par_1_55' title="bbox 1885 2755 3478 2831">
     <span class='ocr_line' id='line_1_55' title="bbox 1885 2755 3478 2831; baseline -0.005 -14"><span class='ocrx_word' id='word_1_431' title='bbox 1885 2762 2043 2817; x_wconf 84' lang='lat' dir='ltr'><strong>debet</strong></span> <span class='ocrx_word' id='word_1_432' title='bbox 2069 2762 2245 2816; x_wconf 92' lang='lat' dir='ltr'><strong>omnis</strong></span> <span class='ocrx_word' id='word_1_433' title='bbox 2289 2760 2383 2831; x_wconf 92' lang='lat' dir='ltr'><strong>qui</strong></span> <span class='ocrx_word' id='word_1_434' title='bbox 2412 2759 2743 2831; x_wconf 84' lang='lat' dir='ltr'><strong>spiritalibus</strong></span> <span class='ocrx_word' id='word_1_435' title='bbox 2784 2758 3055 2813; x_wconf 82' lang='lat' dir='ltr'><strong>alimentis</strong></span> <span class='ocrx_word' id='word_1_436' title='bbox 3103 2757 3288 2812; x_wconf 85' lang='lat' dir='ltr'><strong>satiari</strong></span> <span class='ocrx_word' id='word_1_437' title='bbox 3334 2755 3478 2812; x_wconf 83' lang='lat' dir='ltr'><strong>desi-</strong></span> 
     </span>
    </p>
   </div>
   <div class='ocr_carea' id='block_1_56' title="bbox 1886 2846 3475 2919">
    <p class='ocr_par' dir='ltr' id='par_1_56' title="bbox 1886 2846 3475 2919">
     <span class='ocr_line' id='line_1_56' title="bbox 1886 2846 3475 2919; baseline -0.006 -11"><span class='ocrx_word' id='word_1_438' title='bbox 1886 2852 2059 2908; x_wconf 87' lang='lat' dir='ltr'><strong>derat.</strong></span> <span class='ocrx_word' id='word_1_439' title='bbox 2094 2851 2278 2905; x_wconf 81' lang='lat' dir='ltr'><strong>Omnis</strong></span> <span class='ocrx_word' id='word_1_440' title='bbox 2316 2851 2454 2905; x_wconf 89' lang='lat' dir='ltr'><strong>enim</strong></span> <span class='ocrx_word' id='word_1_441' title='bbox 2492 2866 2614 2903; x_wconf 89' lang='lat' dir='ltr'><strong>caro</strong></span> <span class='ocrx_word' id='word_1_442' title='bbox 2644 2848 2843 2919; x_wconf 76' lang='lat' dir='ltr'><strong>fenum,</strong></span> <span class='ocrx_word' id='word_1_443' title='bbox 2871 2857 2920 2903; x_wconf 86' lang='lat' dir='ltr'><strong>et</strong></span> <span class='ocrx_word' id='word_1_444' title='bbox 2949 2848 3117 2902; x_wconf 81' lang='lat' dir='ltr'><strong>omnis</strong></span> <span class='ocrx_word' id='word_1_445' title='bbox 3160 2846 3329 2917; x_wconf 84' lang='lat' dir='ltr'><strong>gloria</strong></span> <span class='ocrx_word' id='word_1_446' title='bbox 3358 2846 3475 2915; x_wconf 85' lang='lat' dir='ltr'><strong>ejus</strong></span> 
     </span>
    </p>
   </div>
   <div class='ocr_carea' id='block_1_57' title="bbox 1884 2938 3481 3016">
    <p class='ocr_par' dir='ltr' id='par_1_57' title="bbox 1884 2938 3481 3016">
     <span class='ocr_line' id='line_1_57' title="bbox 1884 2938 3481 3016; baseline -0.006 -17"><span class='ocrx_word' id='word_1_447' title='bbox 1884 2955 2133 3016; x_wconf 80' lang='lat' dir='ltr'><strong>tanquam</strong></span> <span class='ocrx_word' id='word_1_448' title='bbox 2158 2946 2255 3014; x_wconf 79' lang='lat' dir='ltr'><strong>ﬂos</strong></span> <span class='ocrx_word' id='word_1_449' title='bbox 2305 2942 2412 3013; x_wconf 82' lang='lat' dir='ltr'><strong>feni</strong></span> <span class='ocrx_word' id='word_1_450' title='bbox 2451 2940 2607 3012; x_wconf 81' lang='lat' dir='ltr'><strong>(lsai.</strong></span> <span class='ocrx_word' id='word_1_451' title='bbox 2637 2956 2724 3006; x_wconf 68' lang='lat' dir='ltr'><strong>xc,</strong></span> <span class='ocrx_word' id='word_1_452' title='bbox 2756 2939 2832 3011; x_wconf 83' lang='lat'><strong>6).</strong></span> <span class='ocrx_word' id='word_1_453' title='bbox 2888 2938 3198 2994; x_wconf 88' lang='lat' dir='ltr'><strong>Discumbat</strong></span> <span class='ocrx_word' id='word_1_454' title='bbox 3233 2951 3363 3007; x_wconf 87' lang='lat' dir='ltr'><strong>ergo</strong></span> <span class='ocrx_word' id='word_1_455' title='bbox 3389 2949 3481 2990; x_wconf 83' lang='lat' dir='ltr'><strong>su-</strong></span> 
     </span>
    </p>
   </div>
   <div class='ocr_carea' id='block_1_58' title="bbox 1885 3028 3478 3107">
    <p class='ocr_par' dir='ltr' id='par_1_58' title="bbox 1885 3028 3478 3107">
     <span class='ocr_line' id='line_1_58' title="bbox 1885 3028 3478 3107; baseline -0.007 -16"><span class='ocrx_word' id='word_1_456' title='bbox 1885 3053 1979 3107; x_wconf 88' lang='lat' dir='ltr'><strong>per</strong></span> <span class='ocrx_word' id='word_1_457' title='bbox 2008 3035 2215 3097; x_wconf 88' lang='lat' dir='ltr'><strong>fenum,</strong></span> <span class='ocrx_word' id='word_1_458' title='bbox 2242 3033 2428 3089; x_wconf 86' lang='lat' dir='ltr'><strong>ﬂorem</strong></span> <span class='ocrx_word' id='word_1_459' title='bbox 2466 3031 2570 3086; x_wconf 92' lang='lat' dir='ltr'><strong>feni</strong></span> <span class='ocrx_word' id='word_1_460' title='bbox 2600 3038 2865 3095; x_wconf 86' lang='lat' dir='ltr'><strong>conterat,</strong></span> <span class='ocrx_word' id='word_1_461' title='bbox 2897 3030 2950 3084; x_wconf 84' lang='lat' dir='ltr'><strong>id</strong></span> <span class='ocrx_word' id='word_1_462' title='bbox 2972 3038 3075 3094; x_wconf 92' lang='lat' dir='ltr'><strong>est,</strong></span> <span class='ocrx_word' id='word_1_463' title='bbox 3108 3028 3335 3098; x_wconf 83' lang='lat' dir='ltr'><strong>castiget</strong></span> <span class='ocrx_word' id='word_1_464' title='bbox 3359 3041 3478 3081; x_wconf 50' lang='lat' dir='ltr'><strong>cor.</strong></span> 
     </span>
    </p>
   </div>
   <div class='ocr_carea' id='block_1_59' title="bbox 1886 3120 3482 3206">
    <p class='ocr_par' dir='ltr' id='par_1_59' title="bbox 1886 3120 3482 3206">
     <span class='ocr_line' id='line_1_59' title="bbox 1886 3120 3482 3206; baseline -0.006 -22"><span class='ocrx_word' id='word_1_465' title='bbox 1886 3147 1986 3201; x_wconf 90' lang='lat' dir='ltr'><strong>pus</strong></span> <span class='ocrx_word' id='word_1_466' title='bbox 2012 3145 2188 3192; x_wconf 90' lang='lat' dir='ltr'><strong>suum,</strong></span> <span class='ocrx_word' id='word_1_467' title='bbox 2221 3136 2276 3182; x_wconf 89' lang='lat' dir='ltr'><strong>et</strong></span> <span class='ocrx_word' id='word_1_468' title='bbox 2311 3127 2556 3182; x_wconf 86' lang='lat' dir='ltr'><strong>servituti</strong></span> <span class='ocrx_word' id='word_1_469' title='bbox 2587 3123 2837 3193; x_wconf 83' lang='lat' dir='ltr'><strong>subjiciat</strong></span> <span class='ocrx_word' id='word_1_470' title='bbox 2872 3122 2926 3194; x_wconf 91' lang='lat' dir='ltr'><strong>(l</strong></span> <span class='ocrx_word' id='word_1_471' title='bbox 2947 3121 3070 3177; x_wconf 88' lang='lat' dir='ltr'><strong>Cor.</strong></span> <span class='ocrx_word' id='word_1_472' title='bbox 3103 3138 3181 3185; x_wconf 80' lang='lat' dir='ltr'><strong>ix,</strong></span> <span class='ocrx_word' id='word_1_473' title='bbox 3213 3120 3306 3191; x_wconf 71' lang='lat'><strong>27)</strong></span> <span class='ocrx_word' id='word_1_474' title='bbox 3333 3136 3355 3206; x_wconf 12' lang='lat'><strong>;}</strong></span> <span class='ocrx_word' id='word_1_475' title='bbox 3378 3134 3482 3175; x_wconf 83' lang='lat' dir='ltr'><strong>vo-</strong></span> 
     </span>
    </p>
   </div>
   <div class='ocr_carea' id='block_1_60' title="bbox 174 3191 1802 3291">
    <p class='ocr_par' dir='ltr' id='par_1_60' title="bbox 174 3210 1782 3284">
     <span class='ocr_line' id='line_1_60' title="bbox 174 3210 1782 3284; baseline 0.001 -19"><span class='ocrx_word' id='word_1_476' title='bbox 174 3210 389 3277; x_wconf 78' lang='lat' dir='ltr'><strong>scibus,</strong></span> <span class='ocrx_word' id='word_1_477' title='bbox 438 3222 689 3280; x_wconf 86' lang='lat' dir='ltr'><strong>quantum</strong></span> <span class='ocrx_word' id='word_1_478' title='bbox 745 3210 1004 3266; x_wconf 79' lang='lat' dir='ltr'><strong>volebant.</strong></span> <span class='ocrx_word' id='word_1_479' title='bbox 1058 3212 1305 3283; x_wconf 88' lang='lat' dir='ltr'><strong>Quinque</strong></span> <span class='ocrx_word' id='word_1_480' title='bbox 1361 3222 1539 3269; x_wconf 90' lang='lat' dir='ltr'><strong>autem</strong></span> <span class='ocrx_word' id='word_1_481' title='bbox 1594 3230 1782 3284; x_wconf 88' lang='lat' dir='ltr'><strong>panes,</strong></span> 
     </span>
    </p>
   </div>
   <div class='ocr_carea' id='block_1_61' title="bbox 1886 3191 3483 3291">
    <p class='ocr_par' dir='ltr' id='par_1_61' title="bbox 1887 3191 3483 3291">
     <span class='ocr_line' id='line_1_61' title="bbox 1887 3191 3483 3291; baseline -0.006 -15"><span class='ocrx_word' id='word_1_482' title='bbox 1887 3191 2121 3291; x_wconf 77' lang='lat' dir='ltr'><strong>luptates</strong></span> <span class='ocrx_word' id='word_1_483' title='bbox 2140 3220 2322 3274; x_wconf 89' lang='lat' dir='ltr'><strong>carnis</strong></span> <span class='ocrx_word' id='word_1_484' title='bbox 2342 3218 2572 3280; x_wconf 90' lang='lat' dir='ltr'><strong>edomet,</strong></span> <span class='ocrx_word' id='word_1_485' title='bbox 2598 3217 2822 3271; x_wconf 77' lang='lat' dir='ltr'><strong>luxuriae</strong></span> <span class='ocrx_word' id='word_1_486' title='bbox 2842 3215 2982 3270; x_wconf 76' lang='lat' dir='ltr'><strong>fluxa</strong></span> <span class='ocrx_word' id='word_1_487' title='bbox 3005 3214 3313 3284; x_wconf 82' lang='lat' dir='ltr'><strong>restringat,</strong></span> <span class='ocrx_word' id='word_1_488' title='bbox 3339 3202 3483 3283; x_wconf 84' lang='lat' dir='ltr'><strong>quis-</strong></span> 
     </span>
    </p>
   </div>
   <div class='ocr_carea' id='block_1_62' title="bbox 176 3303 1785 3376">
    <p class='ocr_par' dir='ltr' id='par_1_62' title="bbox 176 3303 1785 3376">
     <span class='ocr_line' id='line_1_62' title="bbox 176 3303 1785 3376; baseline 0.002 -20"><span class='ocrx_word' id='word_1_489' title='bbox 176 3303 389 3372; x_wconf 87' lang='lat' dir='ltr'><strong>quibus</strong></span> <span class='ocrx_word' id='word_1_490' title='bbox 414 3303 808 3359; x_wconf 88' lang='lat' dir='ltr'><strong>multitudinem</strong></span> <span class='ocrx_word' id='word_1_491' title='bbox 848 3304 1031 3375; x_wconf 89' lang='lat' dir='ltr'><strong>populi</strong></span> <span class='ocrx_word' id='word_1_492' title='bbox 1058 3307 1347 3373; x_wconf 87' lang='lat' dir='ltr'><strong>saturavit,</strong></span> <span class='ocrx_word' id='word_1_493' title='bbox 1390 3308 1628 3376; x_wconf 90' lang='lat' dir='ltr'><strong>quinque</strong></span> <span class='ocrx_word' id='word_1_494' title='bbox 1658 3315 1785 3361; x_wconf 91' lang='lat' dir='ltr'><strong>sunt</strong></span> 
     </span>
    </p>
   </div>
   <div class='ocr_carea' id='block_1_63' title="bbox 178 3394 1789 3468">
    <p class='ocr_par' dir='ltr' id='par_1_63' title="bbox 178 3394 1789 3468">
     <span class='ocr_line' id='line_1_63' title="bbox 178 3394 1789 3468; baseline -0.001 -16"><span class='ocrx_word' id='word_1_495' title='bbox 178 3395 319 3453; x_wconf 78' lang='lat' dir='ltr'><strong>libri</strong></span> <span class='ocrx_word' id='word_1_496' title='bbox 351 3394 541 3466; x_wconf 81' lang='lat' dir='ltr'><strong>Moysi,</strong></span> <span class='ocrx_word' id='word_1_497' title='bbox 572 3394 768 3465; x_wconf 87' lang='lat' dir='ltr'><strong>quibus</strong></span> <span class='ocrx_word' id='word_1_498' title='bbox 806 3396 1035 3465; x_wconf 86' lang='lat' dir='ltr'><strong>spiritali</strong></span> <span class='ocrx_word' id='word_1_499' title='bbox 1084 3397 1358 3452; x_wconf 89' lang='lat' dir='ltr'><strong>intellectu</strong></span> <span class='ocrx_word' id='word_1_500' title='bbox 1403 3397 1704 3468; x_wconf 86' lang='lat' dir='ltr'><strong>patefactis,</strong></span> <span class='ocrx_word' id='word_1_501' title='bbox 1734 3404 1789 3451; x_wconf 91' lang='lat' dir='ltr'><strong>et</strong></span> 
     </span>
    </p>
   </div>
   <div class='ocr_carea' id='block_1_64' title="bbox 184 3482 1790 3556">
    <p class='ocr_par' dir='ltr' id='par_1_64' title="bbox 184 3482 1790 3556">
     <span class='ocr_line' id='line_1_64' title="bbox 184 3482 1790 3556; baseline 0 -15"><span class='ocrx_word' id='word_1_502' title='bbox 184 3483 574 3541; x_wconf 80' lang='lat' dir='ltr'><strong>abundantiori</strong></span> <span class='ocrx_word' id='word_1_503' title='bbox 609 3482 723 3551; x_wconf 88' lang='lat' dir='ltr'><strong>jam</strong></span> <span class='ocrx_word' id='word_1_504' title='bbox 768 3498 927 3539; x_wconf 90' lang='lat' dir='ltr'><strong>sensu</strong></span> <span class='ocrx_word' id='word_1_505' title='bbox 960 3484 1347 3556; x_wconf 89' lang='lat' dir='ltr'><strong>multiplicatis,</strong></span> <span class='ocrx_word' id='word_1_506' title='bbox 1393 3489 1697 3543; x_wconf 86' lang='lat' dir='ltr'><strong>auditorum</strong></span> <span class='ocrx_word' id='word_1_507' title='bbox 1729 3487 1790 3541; x_wconf 86' lang='lat' dir='ltr'><strong>li-</strong></span> 
     </span>
    </p>
   </div>
   <div class='ocr_carea' id='block_1_65' title="bbox 181 3575 1789 3644">
    <p class='ocr_par' dir='ltr' id='par_1_65' title="bbox 181 3575 1789 3644">
     <span class='ocr_line' id='line_1_65' title="bbox 181 3575 1789 3644; baseline 0 -13"><span class='ocrx_word' id='word_1_508' title='bbox 181 3575 394 3631; x_wconf 72' lang='lat' dir='ltr'><strong>dclium</strong></span> <span class='ocrx_word' id='word_1_509' title='bbox 424 3575 665 3643; x_wconf 88' lang='lat' dir='ltr'><strong>quotidie</strong></span> <span class='ocrx_word' id='word_1_510' title='bbox 713 3575 877 3631; x_wconf 89' lang='lat' dir='ltr'><strong>corda</strong></span> <span class='ocrx_word' id='word_1_511' title='bbox 927 3575 1121 3630; x_wconf 84' lang='lat' dir='ltr'><strong>reficit.</strong></span> <span class='ocrx_word' id='word_1_512' title='bbox 1172 3576 1273 3644; x_wconf 86' lang='lat' dir='ltr'><strong>Qui</strong></span> <span class='ocrx_word' id='word_1_513' title='bbox 1318 3576 1456 3632; x_wconf 88' lang='lat' dir='ltr'><strong>bene</strong></span> <span class='ocrx_word' id='word_1_514' title='bbox 1501 3577 1789 3633; x_wconf 79' lang='lat' dir='ltr'><strong>hordeacei</strong></span> 
     </span>
    </p>
   </div>
   <div class='ocr_carea' id='block_1_66' title="bbox 182 3665 1789 3740">
    <p class='ocr_par' dir='ltr' id='par_1_66' title="bbox 182 3665 1789 3740">
     <span class='ocr_line' id='line_1_66' title="bbox 182 3665 1789 3740; baseline 0.003 -22"><span class='ocrx_word' id='word_1_515' title='bbox 182 3665 365 3720; x_wconf 84' lang='lat' dir='ltr'><strong>fuisse</strong></span> <span class='ocrx_word' id='word_1_516' title='bbox 408 3665 738 3731; x_wconf 78' lang='lat' dir='ltr'><strong>referuntur,</strong></span> <span class='ocrx_word' id='word_1_517' title='bbox 782 3674 1004 3736; x_wconf 82' lang='lat' dir='ltr'><strong>propter</strong></span> <span class='ocrx_word' id='word_1_518' title='bbox 1032 3668 1286 3722; x_wconf 91' lang='lat' dir='ltr'><strong>nimirum</strong></span> <span class='ocrx_word' id='word_1_519' title='bbox 1331 3669 1629 3723; x_wconf 82' lang='lat' dir='ltr'><strong>austeriora</strong></span> <span class='ocrx_word' id='word_1_520' title='bbox 1656 3668 1789 3740; x_wconf 82' lang='lat' dir='ltr'><strong>legis</strong></span> 
     </span>
    </p>
   </div>
   <div class='ocr_carea' id='block_1_67' title="bbox 184 3754 1790 3836">
    <p class='ocr_par' dir='ltr' id='par_1_67' title="bbox 184 3754 1790 3836">
     <span class='ocr_line' id='line_1_67' title="bbox 184 3754 1790 3836; baseline 0.001 -22"><span class='ocrx_word' id='word_1_521' title='bbox 184 3754 394 3821; x_wconf 78' lang='lat' dir='ltr'><strong>edicta,</strong></span> <span class='ocrx_word' id='word_1_522' title='bbox 422 3764 478 3810; x_wconf 91' lang='lat' dir='ltr'><strong>et</strong></span> <span class='ocrx_word' id='word_1_523' title='bbox 503 3756 871 3836; x_wconf 49' lang='lat' dir='ltr'><strong>integumenta</strong></span> <span class='ocrx_word' id='word_1_524' title='bbox 899 3757 1092 3812; x_wconf 71' lang='lat' dir='ltr'><strong>littera:</strong></span> <span class='ocrx_word' id='word_1_525' title='bbox 1122 3758 1394 3829; x_wconf 87' lang='lat' dir='ltr'><strong>grossiora</strong></span> <span class='ocrx_word' id='word_1_526' title='bbox 1423 3757 1613 3830; x_wconf 80' lang='lat' dir='ltr'><strong>[Bcda,</strong></span> <span class='ocrx_word' id='word_1_527' title='bbox 1636 3775 1790 3830; x_wconf 85' lang='lat' dir='ltr'><strong>gros-</strong></span> 
     </span>
    </p>
   </div>
   <div class='ocr_carea' id='block_1_68' title="bbox 186 3847 1789 3925">
    <p class='ocr_par' dir='ltr' id='par_1_68' title="bbox 186 3847 1789 3925">
     <span class='ocr_line' id='line_1_68' title="bbox 186 3847 1789 3925; baseline 0.001 -19"><span class='ocrx_word' id='word_1_528' title='bbox 186 3847 402 3919; x_wconf 74' lang='lat' dir='ltr'><strong>sioris],</strong></span> <span class='ocrx_word' id='word_1_529' title='bbox 432 3864 552 3918; x_wconf 83' lang='lat' dir='ltr'><strong>quae</strong></span> <span class='ocrx_word' id='word_1_530' title='bbox 590 3849 903 3904; x_wconf 90' lang='lat' dir='ltr'><strong>interiorem</strong></span> <span class='ocrx_word' id='word_1_531' title='bbox 936 3851 1343 3921; x_wconf 77' lang='lat' dir='ltr'><strong>intelligentiam</strong></span> <span class='ocrx_word' id='word_1_532' title='bbox 1382 3853 1639 3925; x_wconf 89' lang='lat' dir='ltr'><strong>spiritalis</strong></span> <span class='ocrx_word' id='word_1_533' title='bbox 1665 3869 1789 3908; x_wconf 89' lang='lat' dir='ltr'><strong>seu-</strong></span> 
     </span>
    </p>
   </div>
   <div class='ocr_carea' id='block_1_69' title="bbox 189 3940 1788 4015">
    <p class='ocr_par' dir='ltr' id='par_1_69' title="bbox 189 3940 1788 4015">
     <span class='ocr_line' id='line_1_69' title="bbox 189 3940 1788 4015; baseline 0.003 -20"><span class='ocrx_word' id='word_1_534' title='bbox 189 3955 291 3995; x_wconf 81' lang='lat' dir='ltr'><strong>sus</strong></span> <span class='ocrx_word' id='word_1_535' title='bbox 318 3940 471 4008; x_wconf 90' lang='lat' dir='ltr'><strong>quasi</strong></span> <span class='ocrx_word' id='word_1_536' title='bbox 494 3940 781 3995; x_wconf 88' lang='lat' dir='ltr'><strong>medullam</strong></span> <span class='ocrx_word' id='word_1_537' title='bbox 812 3940 1081 3997; x_wconf 83' lang='lat' dir='ltr'><strong>celabant.</strong></span> <span class='ocrx_word' id='word_1_538' title='bbox 1108 3943 1224 3997; x_wconf 89' lang='lat' dir='ltr'><strong>Duo</strong></span> <span class='ocrx_word' id='word_1_539' title='bbox 1248 3951 1424 3997; x_wconf 87' lang='lat' dir='ltr'><strong>autem</strong></span> <span class='ocrx_word' id='word_1_540' title='bbox 1447 3945 1624 4014; x_wconf 91' lang='lat' dir='ltr'><strong>pisces</strong></span> <span class='ocrx_word' id='word_1_541' title='bbox 1652 3961 1788 4015; x_wconf 86' lang='lat' dir='ltr'><strong>quos</strong></span> 
     </span>
    </p>
   </div>
   <div class='ocr_carea' id='block_1_70' title="bbox 190 4030 1789 4104">
    <p class='ocr_par' dir='ltr' id='par_1_70' title="bbox 190 4030 1789 4104">
     <span class='ocr_line' id='line_1_70' title="bbox 190 4030 1789 4104; baseline 0.004 -21"><span class='ocrx_word' id='word_1_542' title='bbox 190 4030 422 4091; x_wconf 80' lang='lat' dir='ltr'><strong>addidit,</strong></span> <span class='ocrx_word' id='word_1_543' title='bbox 451 4030 850 4100; x_wconf 87' lang='lat' dir='ltr'><strong>psalmistarmn</strong></span> <span class='ocrx_word' id='word_1_544' title='bbox 876 4047 985 4086; x_wconf 90' lang='lat' dir='ltr'><strong>non</strong></span> <span class='ocrx_word' id='word_1_545' title='bbox 1016 4032 1456 4087; x_wconf 88' lang='lat' dir='ltr'><strong>inconvenienter</strong></span> <span class='ocrx_word' id='word_1_546' title='bbox 1479 4042 1533 4087; x_wconf 92' lang='lat' dir='ltr'><strong>et</strong></span> <span class='ocrx_word' id='word_1_547' title='bbox 1558 4036 1789 4104; x_wconf 87' lang='lat' dir='ltr'><strong>prophe-</strong></span> 
     </span>
    </p>
   </div>
   <div class='ocr_carea' id='block_1_71' title="bbox 186 4122 1790 4194">
    <p class='ocr_par' dir='ltr' id='par_1_71' title="bbox 186 4122 1790 4194">
     <span class='ocr_line' id='line_1_71' title="bbox 186 4122 1790 4194; baseline -0.001 -15"><span class='ocrx_word' id='word_1_548' title='bbox 186 4132 378 4179; x_wconf 60' lang='lat' dir='ltr'><strong>tarum</strong></span> <span class='ocrx_word' id='word_1_549' title='bbox 426 4122 627 4192; x_wconf 89' lang='lat' dir='ltr'><strong>scripta</strong></span> <span class='ocrx_word' id='word_1_550' title='bbox 674 4122 1001 4194; x_wconf 85' lang='lat' dir='ltr'><strong>signiﬁcant,</strong></span> <span class='ocrx_word' id='word_1_551' title='bbox 1041 4137 1270 4192; x_wconf 88' lang='lat' dir='ltr'><strong>quorum</strong></span> <span class='ocrx_word' id='word_1_552' title='bbox 1301 4123 1391 4176; x_wconf 90' lang='lat' dir='ltr'><strong>uni</strong></span> <span class='ocrx_word' id='word_1_553' title='bbox 1423 4125 1682 4189; x_wconf 84' lang='lat' dir='ltr'><strong>canendo,</strong></span> <span class='ocrx_word' id='word_1_554' title='bbox 1712 4124 1790 4179; x_wconf 81' lang='lat' dir='ltr'><strong>al-</strong></span> 
     </span>
    </p>
   </div>
   <div class='ocr_carea' id='block_1_72' title="bbox 189 4209 1789 4285">
    <p class='ocr_par' dir='ltr' id='par_1_72' title="bbox 189 4209 1789 4285">
     <span class='ocr_line' id='line_1_72' title="bbox 189 4209 1789 4285; baseline 0.004 -21"><span class='ocrx_word' id='word_1_555' title='bbox 189 4211 300 4265; x_wconf 87' lang='lat' dir='ltr'><strong>teri</strong></span> <span class='ocrx_word' id='word_1_556' title='bbox 346 4209 537 4282; x_wconf 84' lang='lat' dir='ltr'><strong>[Beda,</strong></span> <span class='ocrx_word' id='word_1_557' title='bbox 567 4227 801 4266; x_wconf 90' lang='lat' dir='ltr'><strong>unum...</strong></span> <span class='ocrx_word' id='word_1_558' title='bbox 831 4212 1087 4285; x_wconf 86' lang='lat' dir='ltr'><strong>alterum]</strong></span> <span class='ocrx_word' id='word_1_559' title='bbox 1133 4213 1509 4283; x_wconf 74' lang='lat' dir='ltr'><strong>colloquendo,</strong></span> <span class='ocrx_word' id='word_1_560' title='bbox 1540 4216 1651 4269; x_wconf 90' lang='lat' dir='ltr'><strong>suis</strong></span> <span class='ocrx_word' id='word_1_561' title='bbox 1693 4232 1789 4271; x_wconf 93' lang='lat' dir='ltr'><strong>au-</strong></span> 
     </span>
    </p>
   </div>
   <div class='ocr_carea' id='block_1_73' title="bbox 184 4302 1788 4368">
    <p class='ocr_par' dir='ltr' id='par_1_73' title="bbox 184 4302 1788 4368">
     <span class='ocr_line' id='line_1_73' title="bbox 184 4302 1788 4368; baseline 0.002 -9"><span class='ocrx_word' id='word_1_562' title='bbox 184 4302 462 4359; x_wconf 88' lang='lat' dir='ltr'><strong>ditoribus</strong></span> <span class='ocrx_word' id='word_1_563' title='bbox 486 4302 666 4357; x_wconf 87' lang='lat' dir='ltr'><strong>futura</strong></span> <span class='ocrx_word' id='word_1_564' title='bbox 696 4303 921 4368; x_wconf 75' lang='lat' dir='ltr'><strong>Christi,</strong></span> <span class='ocrx_word' id='word_1_565' title='bbox 948 4310 1004 4358; x_wconf 88' lang='lat' dir='ltr'><strong>et</strong></span> <span class='ocrx_word' id='word_1_566' title='bbox 1031 4303 1282 4359; x_wconf 76' lang='lat' dir='ltr'><strong>Ecclesiae</strong></span> <span class='ocrx_word' id='word_1_567' title='bbox 1301 4316 1638 4361; x_wconf 83' lang='lat' dir='ltr'><strong>sacramenta</strong></span> <span class='ocrx_word' id='word_1_568' title='bbox 1664 4320 1788 4362; x_wconf 82' lang='lat' dir='ltr'><strong>nar-</strong></span> 
     </span>
    </p>
   </div>
   <div class='ocr_carea' id='block_1_74' title="bbox 187 4389 1785 4467">
    <p class='ocr_par' dir='ltr' id='par_1_74' title="bbox 187 4389 1785 4467">
     <span class='ocr_line' id='line_1_74' title="bbox 187 4389 1785 4467; baseline 0.005 -24"><span class='ocrx_word' id='word_1_569' title='bbox 187 4389 411 4449; x_wconf 75' lang='lat' dir='ltr'><strong>rabant.</strong></span> <span class='ocrx_word' id='word_1_570' title='bbox 459 4391 527 4445; x_wconf 86' lang='lat' dir='ltr'><strong>Et</strong></span> <span class='ocrx_word' id='word_1_571' title='bbox 551 4392 686 4446; x_wconf 87' lang='lat' dir='ltr'><strong>bene</strong></span> <span class='ocrx_word' id='word_1_572' title='bbox 725 4407 824 4461; x_wconf 89' lang='lat' dir='ltr'><strong>per</strong></span> <span class='ocrx_word' id='word_1_573' title='bbox 848 4392 1105 4461; x_wconf 88' lang='lat' dir='ltr'><strong>aquatilia</strong></span> <span class='ocrx_word' id='word_1_574' title='bbox 1133 4392 1427 4449; x_wconf 87' lang='lat' dir='ltr'><strong>animantia</strong></span> <span class='ocrx_word' id='word_1_575' title='bbox 1478 4396 1785 4467; x_wconf 78' lang='lat' dir='ltr'><strong>figurantur</strong></span> 
     </span>
    </p>
   </div>
   <div class='ocr_carea' id='block_1_75' title="bbox 184 4481 1843 4555">
    <p class='ocr_par' dir='ltr' id='par_1_75' title="bbox 184 4481 1843 4555">
     <span class='ocr_line' id='line_1_75' title="bbox 184 4481 1843 4555; baseline 0.005 -19"><span class='ocrx_word' id='word_1_576' title='bbox 184 4481 340 4538; x_wconf 87' lang='lat' dir='ltr'><strong>illius</strong></span> <span class='ocrx_word' id='word_1_577' title='bbox 364 4484 463 4539; x_wconf 65' lang='lat' dir='ltr'><strong>aevi</strong></span> <span class='ocrx_word' id='word_1_578' title='bbox 506 4498 818 4554; x_wconf 82' lang='lat' dir='ltr'><strong>praecones;</strong></span> <span class='ocrx_word' id='word_1_579' title='bbox 866 4484 920 4539; x_wconf 92' lang='lat' dir='ltr'><strong>in</strong></span> <span class='ocrx_word' id='word_1_580' title='bbox 968 4500 1077 4555; x_wconf 88' lang='lat' dir='ltr'><strong>quo</strong></span> <span class='ocrx_word' id='word_1_581' title='bbox 1118 4486 1345 4555; x_wconf 87' lang='lat' dir='ltr'><strong>populus</strong></span> <span class='ocrx_word' id='word_1_582' title='bbox 1395 4486 1629 4542; x_wconf 87' lang='lat' dir='ltr'><strong>ﬁdelium</strong></span> <span class='ocrx_word' id='word_1_583' title='bbox 1667 4489 1784 4544; x_wconf 92' lang='lat' dir='ltr'><strong>sine</strong></span> <span class='ocrx_word' id='word_1_584' title='bbox 1819 4494 1843 4555; x_wconf 76' lang='lat'>,&#39;</span> 
     </span>
    </p>
   </div>
   <div class='ocr_carea' id='block_1_76' title="bbox 185 4573 1783 4648">
    <p class='ocr_par' dir='ltr' id='par_1_76' title="bbox 185 4573 1783 4648">
     <span class='ocr_line' id='line_1_76' title="bbox 185 4573 1783 4648; baseline 0.003 -20"><span class='ocrx_word' id='word_1_585' title='bbox 185 4574 353 4643; x_wconf 82' lang='lat' dir='ltr'><strong>aquis</strong></span> <span class='ocrx_word' id='word_1_586' title='bbox 380 4574 632 4643; x_wconf 86' lang='lat' dir='ltr'><strong>baptismi</strong></span> <span class='ocrx_word' id='word_1_587' title='bbox 660 4575 841 4628; x_wconf 90' lang='lat' dir='ltr'><strong>vivere</strong></span> <span class='ocrx_word' id='word_1_588' title='bbox 877 4573 1181 4629; x_wconf 86' lang='lat' dir='ltr'><strong>nullatenus</strong></span> <span class='ocrx_word' id='word_1_589' title='bbox 1211 4585 1409 4646; x_wconf 88' lang='lat' dir='ltr'><strong>posset.</strong></span> <span class='ocrx_word' id='word_1_590' title='bbox 1433 4597 1451 4629; x_wconf 73' lang='grc' dir='ltr'><strong>ι</strong></span> <span class='ocrx_word' id='word_1_591' title='bbox 1503 4577 1660 4643; x_wconf 89' lang='lat' dir='ltr'><strong>Sunt,</strong></span> <span class='ocrx_word' id='word_1_592' title='bbox 1692 4578 1783 4648; x_wconf 91' lang='lat' dir='ltr'><strong>qui</strong></span> 
     </span>
    </p>
   </div>
   <div class='ocr_carea' id='block_1_77' title="bbox 183 4667 1785 4740">
    <p class='ocr_par' dir='ltr' id='par_1_77' title="bbox 183 4667 1785 4740">
     <span class='ocr_line' id='line_1_77' title="bbox 183 4667 1785 4740; baseline 0.003 -19"><span class='ocrx_word' id='word_1_593' title='bbox 183 4675 408 4739; x_wconf 83' lang='lat' dir='ltr'><strong>putant,</strong></span> <span class='ocrx_word' id='word_1_594' title='bbox 423 4667 557 4722; x_wconf 88' lang='lat' dir='ltr'><strong>duos</strong></span> <span class='ocrx_word' id='word_1_595' title='bbox 585 4668 761 4735; x_wconf 78' lang='lat' dir='ltr'><strong>pisces</strong></span> <span class='ocrx_word' id='word_1_596' title='bbox 781 4668 874 4739; x_wconf 84' lang='lat' dir='ltr'><strong>qui</strong></span> <span class='ocrx_word' id='word_1_597' title='bbox 897 4682 1144 4738; x_wconf 88' lang='lat' dir='ltr'><strong>saporem</strong></span> <span class='ocrx_word' id='word_1_598' title='bbox 1168 4684 1385 4723; x_wconf 86' lang='lat' dir='ltr'><strong>suavem</strong></span> <span class='ocrx_word' id='word_1_599' title='bbox 1409 4671 1535 4740; x_wconf 86' lang='lat' dir='ltr'><strong>pani</strong></span> <span class='ocrx_word' id='word_1_600' title='bbox 1562 4671 1785 4735; x_wconf 86' lang='lat' dir='ltr'><strong>dabant,</strong></span> 
     </span>
    </p>
   </div>
   <div class='ocr_carea' id='block_1_78' title="bbox 186 4761 1788 4834">
    <p class='ocr_par' dir='ltr' id='par_1_78' title="bbox 186 4761 1788 4834">
     <span class='ocr_line' id='line_1_78' title="bbox 186 4761 1788 4834; baseline 0.002 -19"><span class='ocrx_word' id='word_1_601' title='bbox 186 4762 333 4816; x_wconf 88' lang='lat' dir='ltr'><strong>duas</strong></span> <span class='ocrx_word' id='word_1_602' title='bbox 377 4761 497 4815; x_wconf 81' lang='lat' dir='ltr'><strong>illas</strong></span> <span class='ocrx_word' id='word_1_603' title='bbox 538 4777 799 4832; x_wconf 87' lang='lat' dir='ltr'><strong>personas</strong></span> <span class='ocrx_word' id='word_1_604' title='bbox 838 4761 1171 4831; x_wconf 82' lang='lat' dir='ltr'><strong>significare,</strong></span> <span class='ocrx_word' id='word_1_605' title='bbox 1197 4762 1390 4832; x_wconf 89' lang='lat' dir='ltr'><strong>quibus</strong></span> <span class='ocrx_word' id='word_1_606' title='bbox 1429 4761 1659 4834; x_wconf 85' lang='lat' dir='ltr'><strong>populus</strong></span> <span class='ocrx_word' id='word_1_607' title='bbox 1699 4763 1788 4819; x_wconf 90' lang='lat' dir='ltr'><strong>ille</strong></span> 
     </span>
    </p>
   </div>
   <div class='ocr_carea' id='block_1_79' title="bbox 186 4853 1789 4926">
    <p class='ocr_par' dir='ltr' id='par_1_79' title="bbox 186 4853 1789 4926">
     <span class='ocr_line' id='line_1_79' title="bbox 186 4853 1789 4926; baseline 0.001 -18"><span class='ocrx_word' id='word_1_608' title='bbox 186 4854 513 4926; x_wconf 79' lang='lat' dir='ltr'><strong>regebatur,</strong></span> <span class='ocrx_word' id='word_1_609' title='bbox 540 4863 600 4908; x_wconf 92' lang='lat' dir='ltr'><strong>ut</strong></span> <span class='ocrx_word' id='word_1_610' title='bbox 626 4869 723 4923; x_wconf 84' lang='lat' dir='ltr'><strong>per</strong></span> <span class='ocrx_word' id='word_1_611' title='bbox 760 4868 855 4909; x_wconf 90' lang='lat' dir='ltr'><strong>eas</strong></span> <span class='ocrx_word' id='word_1_612' title='bbox 882 4854 1227 4908; x_wconf 87' lang='lat' dir='ltr'><strong>consiliorum</strong></span> <span class='ocrx_word' id='word_1_613' title='bbox 1273 4853 1620 4911; x_wconf 89' lang='lat' dir='ltr'><strong>moderamen</strong></span> <span class='ocrx_word' id='word_1_614' title='bbox 1646 4855 1789 4910; x_wconf 86' lang='lat' dir='ltr'><strong>acci-</strong></span> 
     </span>
    </p>
   </div>
   <div class='ocr_carea' id='block_1_80' title="bbox 186 4944 1786 5018">
    <p class='ocr_par' dir='ltr' id='par_1_80' title="bbox 186 4944 1786 5018">
     <span class='ocr_line' id='line_1_80' title="bbox 186 4944 1786 5018; baseline 0.002 -20"><span class='ocrx_word' id='word_1_615' title='bbox 186 4954 369 5015; x_wconf 83' lang='lat' dir='ltr'><strong>peret,</strong></span> <span class='ocrx_word' id='word_1_616' title='bbox 400 4944 606 5016; x_wconf 78' lang='lat' dir='ltr'><strong>regiam</strong></span> <span class='ocrx_word' id='word_1_617' title='bbox 628 4944 834 5002; x_wconf 87' lang='lat' dir='ltr'><strong>scilicet</strong></span> <span class='ocrx_word' id='word_1_618' title='bbox 856 4953 912 4999; x_wconf 89' lang='lat' dir='ltr'><strong>et</strong></span> <span class='ocrx_word' id='word_1_619' title='bbox 933 4944 1321 5001; x_wconf 77' lang='lat' dir='ltr'><strong>sacerdotalem</strong></span> <span class='ocrx_word' id='word_1_620' title='bbox 1343 4962 1357 5011; x_wconf 91' lang='lat'><strong>;</strong></span> <span class='ocrx_word' id='word_1_621' title='bbox 1383 4945 1448 5000; x_wconf 91' lang='lat' dir='ltr'><strong>ad</strong></span> <span class='ocrx_word' id='word_1_622' title='bbox 1469 4962 1606 5018; x_wconf 86' lang='lat' dir='ltr'><strong>quas</strong></span> <span class='ocrx_word' id='word_1_623' title='bbox 1624 4948 1786 5001; x_wconf 86' lang='lat' dir='ltr'><strong>etiam</strong></span> 
     </span>
    </p>
   </div>
   <div class='ocr_carea' id='block_1_81' title="bbox 186 5035 1786 5105">
    <p class='ocr_par' dir='ltr' id='par_1_81' title="bbox 186 5035 1786 5105">
     <span class='ocr_line' id='line_1_81' title="bbox 186 5035 1786 5105; baseline 0.002 -16"><span class='ocrx_word' id='word_1_624' title='bbox 186 5044 548 5090; x_wconf 84' lang='lat' dir='ltr'><strong>sacrosancta</strong></span> <span class='ocrx_word' id='word_1_625' title='bbox 580 5035 668 5089; x_wconf 90' lang='lat' dir='ltr'><strong>illa</strong></span> <span class='ocrx_word' id='word_1_626' title='bbox 699 5035 881 5091; x_wconf 89' lang='lat' dir='ltr'><strong>unctio</strong></span> <span class='ocrx_word' id='word_1_627' title='bbox 923 5036 1264 5105; x_wconf 84' lang='lat' dir='ltr'><strong>pertinebat;</strong></span> <span class='ocrx_word' id='word_1_628' title='bbox 1297 5052 1523 5105; x_wconf 84' lang='lat' dir='ltr'><strong>quarum</strong></span> <span class='ocrx_word' id='word_1_629' title='bbox 1550 5036 1786 5092; x_wconf 85' lang='lat' dir='ltr'><strong>oﬁicium</strong></span> 
     </span>
    </p>
   </div>
   <div class='ocr_carea' id='block_1_82' title="bbox 186 5123 1786 5201">
    <p class='ocr_par' dir='ltr' id='par_1_82' title="bbox 186 5123 1786 5201">
     <span class='ocr_line' id='line_1_82' title="bbox 186 5123 1786 5201; baseline 0 -22"><span class='ocrx_word' id='word_1_630' title='bbox 186 5132 318 5180; x_wconf 82' lang='lat' dir='ltr'><strong>erat</strong></span> <span class='ocrx_word' id='word_1_631' title='bbox 342 5125 654 5195; x_wconf 58' lang='lat' dir='ltr'><strong>procellisis</strong></span> <span class='ocrx_word' id='word_1_632' title='bbox 683 5123 937 5201; x_wconf 63' lang='lat' dir='ltr'><strong>fluetibus</strong></span> <span class='ocrx_word' id='word_1_633' title='bbox 953 5124 1300 5194; x_wconf 84' lang='lat' dir='ltr'><strong>popularibus</strong></span> <span class='ocrx_word' id='word_1_634' title='bbox 1320 5140 1589 5194; x_wconf 67' lang='lat' dir='ltr'><strong>nunquam</strong></span> <span class='ocrx_word' id='word_1_635' title='bbox 1615 5124 1786 5197; x_wconf 80' lang='lat' dir='ltr'><strong>frangi</strong></span> 
     </span>
    </p>
   </div>
   <div class='ocr_carea' id='block_1_83' title="bbox 188 5216 1790 5288">
    <p class='ocr_par' dir='ltr' id='par_1_83' title="bbox 188 5216 1790 5288">
     <span class='ocr_line' id='line_1_83' title="bbox 188 5216 1790 5288; baseline -0.001 -16"><span class='ocrx_word' id='word_1_636' title='bbox 188 5227 365 5287; x_wconf 82' lang='lat' dir='ltr'><strong>atque</strong></span> <span class='ocrx_word' id='word_1_637' title='bbox 415 5218 730 5288; x_wconf 88' lang='lat' dir='ltr'><strong>corrumpi;</strong></span> <span class='ocrx_word' id='word_1_638' title='bbox 778 5226 833 5272; x_wconf 90' lang='lat' dir='ltr'><strong>et</strong></span> <span class='ocrx_word' id='word_1_639' title='bbox 876 5216 1139 5270; x_wconf 88' lang='lat' dir='ltr'><strong>violentas</strong></span> <span class='ocrx_word' id='word_1_640' title='bbox 1193 5216 1471 5270; x_wconf 84' lang='lat' dir='ltr'><strong>turbarum</strong></span> <span class='ocrx_word' id='word_1_641' title='bbox 1521 5217 1790 5271; x_wconf 88' lang='lat' dir='ltr'><strong>contradi-</strong></span> 
     </span>
    </p>
   </div>
   <div class='ocr_carea' id='block_1_84' title="bbox 187 5307 1790 5378">
    <p class='ocr_par' dir='ltr' id='par_1_84' title="bbox 187 5307 1790 5378">
     <span class='ocr_line' id='line_1_84' title="bbox 187 5307 1790 5378; baseline -0.002 -15"><span class='ocrx_word' id='word_1_642' title='bbox 187 5309 409 5364; x_wconf 84' lang='lat' dir='ltr'><strong>ctiones</strong></span> <span class='ocrx_word' id='word_1_643' title='bbox 456 5318 713 5378; x_wconf 89' lang='lat' dir='ltr'><strong>tanquam</strong></span> <span class='ocrx_word' id='word_1_644' title='bbox 766 5308 1114 5362; x_wconf 83' lang='lat' dir='ltr'><strong>adversantes</strong></span> <span class='ocrx_word' id='word_1_645' title='bbox 1160 5307 1331 5362; x_wconf 87' lang='lat' dir='ltr'><strong>undas</strong></span> <span class='ocrx_word' id='word_1_646' title='bbox 1378 5321 1518 5377; x_wconf 82' lang='lat' dir='ltr'><strong>saepe</strong></span> <span class='ocrx_word' id='word_1_647' title='bbox 1559 5307 1790 5362; x_wconf 87' lang='lat' dir='ltr'><strong>disrum-</strong></span> 
     </span>
    </p>
   </div>
   <div class='ocr_carea' id='block_1_85' title="bbox 183 5398 1781 5473">
    <p class='ocr_par' dir='ltr' id='par_1_85' title="bbox 183 5398 1781 5473">
     <span class='ocr_line' id='line_1_85' title="bbox 183 5398 1781 5473; baseline -0.002 -19"><span class='ocrx_word' id='word_1_648' title='bbox 183 5415 354 5473; x_wconf 86' lang='lat' dir='ltr'><strong>pere,</strong></span> <span class='ocrx_word' id='word_1_649' title='bbox 380 5401 650 5457; x_wconf 82' lang='lat' dir='ltr'><strong>interdum</strong></span> <span class='ocrx_word' id='word_1_650' title='bbox 678 5401 757 5456; x_wconf 88' lang='lat' dir='ltr'><strong>eis</strong></span> <span class='ocrx_word' id='word_1_651' title='bbox 785 5399 1048 5456; x_wconf 75' lang='lat' dir='ltr'><strong>custodita</strong></span> <span class='ocrx_word' id='word_1_652' title='bbox 1076 5414 1173 5454; x_wconf 89' lang='lat' dir='ltr'><strong>sua</strong></span> <span class='ocrx_word' id='word_1_653' title='bbox 1212 5398 1515 5467; x_wconf 80' lang='lat' dir='ltr'><strong>integritate</strong></span> <span class='ocrx_word' id='word_1_654' title='bbox 1552 5398 1781 5462; x_wconf 86' lang='lat' dir='ltr'><strong>cedere;</strong></span> 
     </span>
    </p>
   </div>
   <div class='ocr_carea' id='block_1_86' title="bbox 187 5487 1783 5567">
    <p class='ocr_par' dir='ltr' id='par_1_86' title="bbox 187 5487 1783 5567">
     <span class='ocr_line' id='line_1_86' title="bbox 187 5487 1783 5567; baseline -0.006 -18"><span class='ocrx_word' id='word_1_655' title='bbox 187 5509 427 5567; x_wconf 82' lang='lat' dir='ltr'><strong>prorsus</strong></span> <span class='ocrx_word' id='word_1_656' title='bbox 463 5509 615 5549; x_wconf 77' lang='lat' dir='ltr'><strong>more</strong></span> <span class='ocrx_word' id='word_1_657' title='bbox 642 5493 895 5565; x_wconf 78' lang='lat' dir='ltr'><strong>piscium,</strong></span> <span class='ocrx_word' id='word_1_658' title='bbox 941 5499 1195 5561; x_wconf 83' lang='lat' dir='ltr'><strong>tanquam</strong></span> <span class='ocrx_word' id='word_1_659' title='bbox 1222 5488 1273 5542; x_wconf 91' lang='lat' dir='ltr'><strong>in</strong></span> <span class='ocrx_word' id='word_1_660' title='bbox 1306 5487 1601 5558; x_wconf 89' lang='lat' dir='ltr'><strong>procelloso</strong></span> <span class='ocrx_word' id='word_1_661' title='bbox 1624 5488 1783 5552; x_wconf 88' lang='lat' dir='ltr'><strong>mari,</strong></span> 
     </span>
    </p>
   </div>
   <div class='ocr_carea' id='block_1_87' title="bbox 190 5578 1781 5656">
    <p class='ocr_par' dir='ltr' id='par_1_87' title="bbox 190 5578 1781 5656">
     <span class='ocr_line' id='line_1_87' title="bbox 190 5578 1781 5656; baseline -0.007 -14"><span class='ocrx_word' id='word_1_662' title='bbox 190 5588 286 5643; x_wconf 82' lang='lat' dir='ltr'><strong>sic</strong></span> <span class='ocrx_word' id='word_1_663' title='bbox 333 5587 388 5641; x_wconf 89' lang='lat' dir='ltr'><strong>in</strong></span> <span class='ocrx_word' id='word_1_664' title='bbox 446 5585 751 5641; x_wconf 88' lang='lat' dir='ltr'><strong>turbulenta</strong></span> <span class='ocrx_word' id='word_1_665' title='bbox 805 5584 985 5656; x_wconf 88' lang='lat' dir='ltr'><strong>p0puli</strong></span> <span class='ocrx_word' id='word_1_666' title='bbox 1040 5579 1504 5637; x_wconf 80' lang='lat' dir='ltr'><strong>administratione</strong></span> <span class='ocrx_word' id='word_1_667' title='bbox 1555 5578 1781 5631; x_wconf 82' lang='lat' dir='ltr'><strong>versari.</strong></span> 
     </span>
    </p>
   </div>
   <div class='ocr_carea' id='block_1_88' title="bbox 193 5666 1787 5747">
    <p class='ocr_par' dir='ltr' id='par_1_88' title="bbox 193 5666 1787 5747">
     <span class='ocr_line' id='line_1_88' title="bbox 193 5666 1787 5747; baseline -0.007 -14"><span class='ocrx_word' id='word_1_668' title='bbox 193 5680 337 5745; x_wconf 70' lang='lat' dir='ltr'><strong>Quae</strong></span> <span class='ocrx_word' id='word_1_669' title='bbox 359 5686 539 5733; x_wconf 87' lang='lat' dir='ltr'><strong>tamen</strong></span> <span class='ocrx_word' id='word_1_670' title='bbox 567 5677 685 5731; x_wconf 65' lang='lat' dir='ltr'><strong>dua:</strong></span> <span class='ocrx_word' id='word_1_671' title='bbox 712 5688 955 5747; x_wconf 83' lang='lat' dir='ltr'><strong>personae</strong></span> <span class='ocrx_word' id='word_1_672' title='bbox 1002 5672 1287 5729; x_wconf 91' lang='lat' dir='ltr'><strong>Dominum</strong></span> <span class='ocrx_word' id='word_1_673' title='bbox 1328 5677 1568 5726; x_wconf 90' lang='lat' dir='ltr'><strong>nostrum</strong></span> <span class='ocrx_word' id='word_1_674' title='bbox 1611 5666 1787 5739; x_wconf 68' lang='lat' dir='ltr'><strong>prmﬁ-</strong></span> 
     </span>
    </p>
   </div>
   <div class='ocr_carea' id='block_1_89' title="bbox 198 5752 1788 5842">
    <p class='ocr_par' dir='ltr' id='par_1_89' title="bbox 198 5752 1788 5842">
     <span class='ocr_line' id='line_1_89' title="bbox 198 5752 1788 5842; baseline -0.006 -17"><span class='ocrx_word' id='word_1_675' title='bbox 198 5769 516 5842; x_wconf 66' lang='lat' dir='ltr'><strong>gurahant;</strong></span> <span class='ocrx_word' id='word_1_676' title='bbox 559 5752 746 5824; x_wconf 80' lang='lat' dir='ltr'><strong>ambas</strong></span> <span class='ocrx_word' id='word_1_677' title='bbox 789 5766 932 5824; x_wconf 88' lang='lat' dir='ltr'><strong>enim</strong></span> <span class='ocrx_word' id='word_1_678' title='bbox 979 5766 1122 5822; x_wconf 83' lang='lat' dir='ltr'><strong>solus</strong></span> <span class='ocrx_word' id='word_1_679' title='bbox 1165 5764 1255 5820; x_wconf 88' lang='lat' dir='ltr'><strong>ille</strong></span> <span class='ocrx_word' id='word_1_680' title='bbox 1291 5760 1567 5827; x_wconf 87' lang='lat' dir='ltr'><strong>sustinuit,</strong></span> <span class='ocrx_word' id='word_1_681' title='bbox 1598 5766 1788 5816; x_wconf 86' lang='lat' dir='ltr'><strong>etnon</strong></span> 
     </span>
    </p>
   </div>
   <div class='ocr_carea' id='block_1_90' title="bbox 1890 3304 3477 3383">
    <p class='ocr_par' dir='ltr' id='par_1_90' title="bbox 1890 3304 3477 3383">
     <span class='ocr_line' id='line_1_90' title="bbox 1890 3304 3477 3383; baseline -0.007 -16"><span class='ocrx_word' id='word_1_682' title='bbox 1890 3313 2012 3383; x_wconf 91' lang='lat' dir='ltr'><strong>quis</strong></span> <span class='ocrx_word' id='word_1_683' title='bbox 2053 3312 2210 3382; x_wconf 90' lang='lat' dir='ltr'><strong>panis</strong></span> <span class='ocrx_word' id='word_1_684' title='bbox 2244 3310 2350 3363; x_wconf 88' lang='lat' dir='ltr'><strong>vivi</strong></span> <span class='ocrx_word' id='word_1_685' title='bbox 2394 3308 2541 3379; x_wconf 90' lang='lat' dir='ltr'><strong>cupit</strong></span> <span class='ocrx_word' id='word_1_686' title='bbox 2585 3308 2847 3362; x_wconf 85' lang='lat' dir='ltr'><strong>suavitate</strong></span> <span class='ocrx_word' id='word_1_687' title='bbox 2892 3305 3066 3370; x_wconf 85' lang='lat' dir='ltr'><strong>reﬁci,</strong></span> <span class='ocrx_word' id='word_1_688' title='bbox 3113 3304 3358 3375; x_wconf 89' lang='lat' dir='ltr'><strong>quisquis</strong></span> <span class='ocrx_word' id='word_1_689' title='bbox 3386 3318 3477 3358; x_wconf 88' lang='lat' dir='ltr'><strong>su-</strong></span> 
     </span>
    </p>
   </div>
   <div class='ocr_carea' id='block_1_91' title="bbox 1887 3395 3474 3473">
    <p class='ocr_par' dir='ltr' id='par_1_91' title="bbox 1887 3395 3474 3473">
     <span class='ocr_line' id='line_1_91' title="bbox 1887 3395 3474 3473; baseline -0.005 -17"><span class='ocrx_word' id='word_1_690' title='bbox 1887 3416 2069 3473; x_wconf 67' lang='lat' dir='ltr'><strong>perna:</strong></span> <span class='ocrx_word' id='word_1_691' title='bbox 2108 3401 2295 3472; x_wconf 66' lang='lat' dir='ltr'><strong>gratiae</strong></span> <span class='ocrx_word' id='word_1_692' title='bbox 2321 3400 2546 3469; x_wconf 84' lang='lat' dir='ltr'><strong>dapibus</strong></span> <span class='ocrx_word' id='word_1_693' title='bbox 2582 3397 2854 3463; x_wconf 89' lang='lat' dir='ltr'><strong>renovari,</strong></span> <span class='ocrx_word' id='word_1_694' title='bbox 2884 3412 2952 3451; x_wconf 91' lang='lat' dir='ltr'><strong>ne</strong></span> <span class='ocrx_word' id='word_1_695' title='bbox 2993 3395 3176 3452; x_wconf 88' lang='lat' dir='ltr'><strong>inﬁma</strong></span> <span class='ocrx_word' id='word_1_696' title='bbox 3202 3402 3474 3449; x_wconf 74' lang='lat' dir='ltr'><strong>vetustate</strong></span> 
     </span>
    </p>
   </div>
   <div class='ocr_carea' id='block_1_92' title="bbox 1888 3478 3476 3560">
    <p class='ocr_par' dir='ltr' id='par_1_92' title="bbox 1888 3478 3476 3560">
     <span class='ocr_line' id='line_1_92' title="bbox 1888 3478 3476 3560; baseline -0.006 -11"><span class='ocrx_word' id='word_1_697' title='bbox 1888 3492 2123 3556; x_wconf 71' lang='lat' dir='ltr'><strong>deficiat,</strong></span> <span class='ocrx_word' id='word_1_698' title='bbox 2154 3498 2317 3545; x_wconf 89' lang='lat' dir='ltr'><strong>amet.</strong></span> <span class='ocrx_word' id='word_1_699' title='bbox 2362 3489 2608 3560; x_wconf 85' lang='lat' dir='ltr'><strong>Quinque</strong></span> <span class='ocrx_word' id='word_1_700' title='bbox 2643 3488 2809 3543; x_wconf 84' lang='lat' dir='ltr'><strong>millia</strong></span> <span class='ocrx_word' id='word_1_701' title='bbox 2835 3488 3075 3542; x_wconf 90' lang='lat' dir='ltr'><strong>virorum</strong></span> <span class='ocrx_word' id='word_1_702' title='bbox 3118 3486 3210 3556; x_wconf 90' lang='lat' dir='ltr'><strong>qui</strong></span> <span class='ocrx_word' id='word_1_703' title='bbox 3248 3478 3476 3541; x_wconf 85' lang='lat' dir='ltr'><strong>mandu-</strong></span> 
     </span>
    </p>
   </div>
   <div class='ocr_carea' id='block_1_93' title="bbox 1886 3577 3479 3653">
    <p class='ocr_par' dir='ltr' id='par_1_93' title="bbox 1886 3577 3479 3653">
     <span class='ocr_line' id='line_1_93' title="bbox 1886 3577 3479 3653; baseline -0.004 -13"><span class='ocrx_word' id='word_1_704' title='bbox 1886 3591 2166 3646; x_wconf 88' lang='lat' dir='ltr'><strong>caverunt,</strong></span> <span class='ocrx_word' id='word_1_705' title='bbox 2212 3581 2598 3653; x_wconf 84' lang='lat' dir='ltr'><strong>perfectionem</strong></span> <span class='ocrx_word' id='word_1_706' title='bbox 2636 3581 2759 3634; x_wconf 68' lang='lat' dir='ltr'><strong>vitae</strong></span> <span class='ocrx_word' id='word_1_707' title='bbox 2803 3594 2991 3635; x_wconf 91' lang='lat' dir='ltr'><strong>eorum</strong></span> <span class='ocrx_word' id='word_1_708' title='bbox 3024 3578 3115 3649; x_wconf 84' lang='lat' dir='ltr'><strong>qui</strong></span> <span class='ocrx_word' id='word_1_709' title='bbox 3162 3579 3327 3633; x_wconf 86' lang='lat' dir='ltr'><strong>verbo</strong></span> <span class='ocrx_word' id='word_1_710' title='bbox 3353 3577 3479 3633; x_wconf 86' lang='lat' dir='ltr'><strong>refl-</strong></span> 
     </span>
    </p>
   </div>
   <div class='ocr_carea' id='block_1_94' title="bbox 1886 3669 3476 3745">
    <p class='ocr_par' dir='ltr' id='par_1_94' title="bbox 1886 3669 3476 3745">
     <span class='ocr_line' id='line_1_94' title="bbox 1886 3669 3476 3745; baseline -0.002 -17"><span class='ocrx_word' id='word_1_711' title='bbox 1886 3676 2103 3729; x_wconf 90' lang='lat' dir='ltr'><strong>ciuntur</strong></span> <span class='ocrx_word' id='word_1_712' title='bbox 2132 3672 2323 3745; x_wconf 83' lang='lat' dir='ltr'><strong>[Beda,</strong></span> <span class='ocrx_word' id='word_1_713' title='bbox 2369 3671 2755 3742; x_wconf 85' lang='lat' dir='ltr'><strong>perfectionem</strong></span> <span class='ocrx_word' id='word_1_714' title='bbox 2796 3686 3004 3734; x_wconf 89' lang='lat' dir='ltr'><strong>eorum,</strong></span> <span class='ocrx_word' id='word_1_715' title='bbox 3044 3670 3135 3740; x_wconf 91' lang='lat' dir='ltr'><strong>qui</strong></span> <span class='ocrx_word' id='word_1_716' title='bbox 3162 3670 3327 3724; x_wconf 79' lang='lat' dir='ltr'><strong>verbo</strong></span> <span class='ocrx_word' id='word_1_717' title='bbox 3352 3669 3476 3725; x_wconf 58' lang='lat' dir='ltr'><strong>vita</strong></span> 
     </span>
    </p>
   </div>
   <div class='ocr_carea' id='block_1_95' title="bbox 1885 3756 3482 3835">
    <p class='ocr_par' dir='ltr' id='par_1_95' title="bbox 1885 3756 3482 3835">
     <span class='ocr_line' id='line_1_95' title="bbox 1885 3756 3482 3835; baseline -0.001 -18"><span class='ocrx_word' id='word_1_718' title='bbox 1885 3762 2244 3835; x_wconf 79' lang='lat' dir='ltr'><strong>reﬁciuntur],</strong></span> <span class='ocrx_word' id='word_1_719' title='bbox 2285 3762 2578 3817; x_wconf 89' lang='lat' dir='ltr'><strong>insinuant.</strong></span> <span class='ocrx_word' id='word_1_720' title='bbox 2618 3756 2870 3815; x_wconf 79' lang='lat' dir='ltr'><strong>Virorum</strong></span> <span class='ocrx_word' id='word_1_721' title='bbox 2915 3760 3112 3831; x_wconf 88' lang='lat' dir='ltr'><strong>quippe</strong></span> <span class='ocrx_word' id='word_1_722' title='bbox 3151 3760 3369 3815; x_wconf 88' lang='lat' dir='ltr'><strong>nomine</strong></span> <span class='ocrx_word' id='word_1_723' title='bbox 3395 3775 3482 3815; x_wconf 87' lang='lat' dir='ltr'><strong>so-</strong></span> 
     </span>
    </p>
   </div>
   <div class='ocr_carea' id='block_1_96' title="bbox 1887 3850 3480 3923">
    <p class='ocr_par' dir='ltr' id='par_1_96' title="bbox 1887 3850 3480 3923">
     <span class='ocr_line' id='line_1_96' title="bbox 1887 3850 3480 3923; baseline -0.003 -15"><span class='ocrx_word' id='word_1_724' title='bbox 1887 3854 1998 3908; x_wconf 88' lang='lat' dir='ltr'><strong>lent</strong></span> <span class='ocrx_word' id='word_1_725' title='bbox 2026 3855 2080 3908; x_wconf 91' lang='lat' dir='ltr'><strong>in</strong></span> <span class='ocrx_word' id='word_1_726' title='bbox 2109 3853 2404 3923; x_wconf 89' lang='lat' dir='ltr'><strong>Scripturis</strong></span> <span class='ocrx_word' id='word_1_727' title='bbox 2440 3850 2791 3923; x_wconf 87' lang='lat' dir='ltr'><strong>perfectiores</strong></span> <span class='ocrx_word' id='word_1_728' title='bbox 2831 3851 3031 3919; x_wconf 87' lang='lat' dir='ltr'><strong>quique</strong></span> <span class='ocrx_word' id='word_1_729' title='bbox 3066 3850 3310 3919; x_wconf 83' lang='lat' dir='ltr'><strong>ﬁgurari,</strong></span> <span class='ocrx_word' id='word_1_730' title='bbox 3340 3865 3480 3919; x_wconf 85' lang='lat' dir='ltr'><strong>quos</strong></span> 
     </span>
    </p>
   </div>
   <div class='ocr_carea' id='block_1_97' title="bbox 1888 3938 3481 4008">
    <p class='ocr_par' dir='ltr' id='par_1_97' title="bbox 1888 3938 3481 4008">
     <span class='ocr_line' id='line_1_97' title="bbox 1888 3938 3481 4008; baseline -0.002 -13"><span class='ocrx_word' id='word_1_731' title='bbox 1888 3940 2122 3997; x_wconf 86' lang='lat' dir='ltr'><strong>feminea</strong></span> <span class='ocrx_word' id='word_1_732' title='bbox 2153 3939 2408 3994; x_wconf 90' lang='lat' dir='ltr'><strong>mollities</strong></span> <span class='ocrx_word' id='word_1_733' title='bbox 2438 3939 2582 3993; x_wconf 88' lang='lat' dir='ltr'><strong>nulla</strong></span> <span class='ocrx_word' id='word_1_734' title='bbox 2611 3938 2943 4008; x_wconf 91' lang='lat' dir='ltr'><strong>corrumpit:</strong></span> <span class='ocrx_word' id='word_1_735' title='bbox 2971 3938 3157 4007; x_wconf 89' lang='lat' dir='ltr'><strong>quales</strong></span> <span class='ocrx_word' id='word_1_736' title='bbox 3182 3953 3302 3993; x_wconf 87' lang='lat' dir='ltr'><strong>esse</strong></span> <span class='ocrx_word' id='word_1_737' title='bbox 3330 3938 3481 4008; x_wconf 88' lang='lat' dir='ltr'><strong>cupit</strong></span> 
     </span>
    </p>
   </div>
   <div class='ocr_carea' id='block_1_98' title="bbox 1887 4025 3473 4099">
    <p class='ocr_par' dir='ltr' id='par_1_98' title="bbox 1887 4025 3473 4099">
     <span class='ocr_line' id='line_1_98' title="bbox 1887 4025 3473 4099; baseline -0.003 -13"><span class='ocrx_word' id='word_1_738' title='bbox 1887 4046 2002 4095; x_wconf 91' lang='lat' dir='ltr'><strong>eos,</strong></span> <span class='ocrx_word' id='word_1_739' title='bbox 2049 4029 2245 4099; x_wconf 91' lang='lat' dir='ltr'><strong>quibus</strong></span> <span class='ocrx_word' id='word_1_740' title='bbox 2283 4028 2413 4083; x_wconf 88' lang='lat' dir='ltr'><strong>dicit</strong></span> <span class='ocrx_word' id='word_1_741' title='bbox 2456 4028 2771 4097; x_wconf 89' lang='lat' dir='ltr'><strong>apostolus:</strong></span> <span class='ocrx_word' id='word_1_742' title='bbox 2823 4025 3064 4098; x_wconf 82' lang='lat' dir='ltr'><strong>Vigilatc,</strong></span> <span class='ocrx_word' id='word_1_743' title='bbox 3095 4036 3227 4081; x_wconf 85' lang='lat' dir='ltr'><strong>state</strong></span> <span class='ocrx_word' id='word_1_744' title='bbox 3264 4028 3320 4081; x_wconf 89' lang='lat' dir='ltr'><strong>in</strong></span> <span class='ocrx_word' id='word_1_745' title='bbox 3344 4027 3473 4095; x_wconf 76' lang='lat' dir='ltr'><strong>ﬁde,</strong></span> 
     </span>
    </p>
   </div>
   <div class='ocr_carea' id='block_1_99' title="bbox 1885 4116 3478 4191">
    <p class='ocr_par' dir='ltr' id='par_1_99' title="bbox 1885 4116 3478 4191">
     <span class='ocr_line' id='line_1_99' title="bbox 1885 4116 3478 4191; baseline -0.003 -14"><span class='ocrx_word' id='word_1_746' title='bbox 1885 4122 2108 4178; x_wconf 83' lang='lat' dir='ltr'><strong>viriliter</strong></span> <span class='ocrx_word' id='word_1_747' title='bbox 2135 4121 2293 4191; x_wconf 87' lang='lat' dir='ltr'><strong>agite,</strong></span> <span class='ocrx_word' id='word_1_748' title='bbox 2322 4129 2370 4174; x_wconf 90' lang='lat' dir='ltr'><strong>et</strong></span> <span class='ocrx_word' id='word_1_749' title='bbox 2410 4119 2779 4188; x_wconf 85' lang='lat' dir='ltr'><strong>confortamini</strong></span> <span class='ocrx_word' id='word_1_750' title='bbox 2820 4119 2872 4189; x_wconf 90' lang='lat' dir='ltr'><strong>(l</strong></span> <span class='ocrx_word' id='word_1_751' title='bbox 2903 4118 3026 4174; x_wconf 88' lang='lat' dir='ltr'><strong>Cor.</strong></span> <span class='ocrx_word' id='word_1_752' title='bbox 3059 4135 3168 4184; x_wconf 79' lang='lat' dir='ltr'><strong>xvr,</strong></span> <span class='ocrx_word' id='word_1_753' title='bbox 3199 4119 3308 4189; x_wconf 75' lang='lat' dir='ltr'><strong>l3).</strong></span> <span class='ocrx_word' id='word_1_754' title='bbox 3359 4116 3478 4173; x_wconf 83' lang='lat' dir='ltr'><strong>Mil-</strong></span> 
     </span>
    </p>
   </div>
   <div class='ocr_carea' id='block_1_100' title="bbox 1889 4209 3479 4279">
    <p class='ocr_par' dir='ltr' id='par_1_100' title="bbox 1889 4209 3479 4279">
     <span class='ocr_line' id='line_1_100' title="bbox 1889 4209 3479 4279; baseline -0.002 -13"><span class='ocrx_word' id='word_1_755' title='bbox 1889 4212 2126 4267; x_wconf 84' lang='lat' dir='ltr'><strong>lenarius</strong></span> <span class='ocrx_word' id='word_1_756' title='bbox 2170 4219 2354 4266; x_wconf 90' lang='lat' dir='ltr'><strong>autem</strong></span> <span class='ocrx_word' id='word_1_757' title='bbox 2401 4224 2679 4274; x_wconf 89' lang='lat' dir='ltr'><strong>numerus,</strong></span> <span class='ocrx_word' id='word_1_758' title='bbox 2716 4210 2854 4264; x_wconf 90' lang='lat' dir='ltr'><strong>ultra</strong></span> <span class='ocrx_word' id='word_1_759' title='bbox 2902 4224 3063 4279; x_wconf 89' lang='lat' dir='ltr'><strong>quem</strong></span> <span class='ocrx_word' id='word_1_760' title='bbox 3110 4209 3256 4264; x_wconf 89' lang='lat' dir='ltr'><strong>nulla</strong></span> <span class='ocrx_word' id='word_1_761' title='bbox 3291 4217 3479 4265; x_wconf 79' lang='lat' dir='ltr'><strong>nostra</strong></span> 
     </span>
    </p>
   </div>
   <div class='ocr_carea' id='block_1_101' title="bbox 1889 4300 3479 4372">
    <p class='ocr_par' dir='ltr' id='par_1_101' title="bbox 1889 4300 3479 4372">
     <span class='ocr_line' id='line_1_101' title="bbox 1889 4300 3479 4372; baseline -0.001 -15"><span class='ocrx_word' id='word_1_762' title='bbox 1889 4303 2219 4372; x_wconf 68' lang='lat' dir='ltr'><strong>computatio</strong></span> <span class='ocrx_word' id='word_1_763' title='bbox 2241 4301 2559 4364; x_wconf 87' lang='lat' dir='ltr'><strong>succrescit,</strong></span> <span class='ocrx_word' id='word_1_764' title='bbox 2577 4300 2962 4370; x_wconf 87' lang='lat' dir='ltr'><strong>plenitudinem</strong></span> <span class='ocrx_word' id='word_1_765' title='bbox 2992 4315 3170 4355; x_wconf 89' lang='lat' dir='ltr'><strong>rerum</strong></span> <span class='ocrx_word' id='word_1_766' title='bbox 3194 4300 3261 4356; x_wconf 90' lang='lat' dir='ltr'><strong>de</strong></span> <span class='ocrx_word' id='word_1_767' title='bbox 3281 4301 3479 4372; x_wconf 87' lang='lat' dir='ltr'><strong>quibus</strong></span> 
     </span>
    </p>
   </div>
   <div class='ocr_carea' id='block_1_102' title="bbox 1891 4388 3474 4463">
    <p class='ocr_par' dir='ltr' id='par_1_102' title="bbox 1891 4388 3474 4463">
     <span class='ocr_line' id='line_1_102' title="bbox 1891 4388 3474 4463; baseline 0 -16"><span class='ocrx_word' id='word_1_768' title='bbox 1891 4393 2069 4463; x_wconf 70' lang='lat' dir='ltr'><strong>agitur</strong></span> <span class='ocrx_word' id='word_1_769' title='bbox 2115 4391 2357 4447; x_wconf 86' lang='lat' dir='ltr'><strong>indicare</strong></span> <span class='ocrx_word' id='word_1_770' title='bbox 2405 4388 2701 4446; x_wconf 86' lang='lat' dir='ltr'><strong>consuevit.</strong></span> <span class='ocrx_word' id='word_1_771' title='bbox 2755 4389 3012 4458; x_wconf 88' lang='lat' dir='ltr'><strong>Quinario</strong></span> <span class='ocrx_word' id='word_1_772' title='bbox 3061 4406 3191 4447; x_wconf 89' lang='lat' dir='ltr'><strong>vero</strong></span> <span class='ocrx_word' id='word_1_773' title='bbox 3245 4408 3474 4448; x_wconf 87' lang='lat' dir='ltr'><strong>numero</strong></span> 
     </span>
    </p>
   </div>
   <div class='ocr_carea' id='block_1_103' title="bbox 1889 4479 3478 4552">
    <p class='ocr_par' dir='ltr' id='par_1_103' title="bbox 1889 4479 3478 4552">
     <span class='ocr_line' id='line_1_103' title="bbox 1889 4479 3478 4552; baseline 0 -16"><span class='ocrx_word' id='word_1_774' title='bbox 1889 4483 2128 4552; x_wconf 77' lang='lat' dir='ltr'><strong>quinque</strong></span> <span class='ocrx_word' id='word_1_775' title='bbox 2154 4480 2420 4537; x_wconf 89' lang='lat' dir='ltr'><strong>notissimi</strong></span> <span class='ocrx_word' id='word_1_776' title='bbox 2449 4479 2691 4549; x_wconf 87' lang='lat' dir='ltr'><strong>corporis</strong></span> <span class='ocrx_word' id='word_1_777' title='bbox 2739 4479 2905 4535; x_wconf 86' lang='lat' dir='ltr'><strong>nostri</strong></span> <span class='ocrx_word' id='word_1_778' title='bbox 2951 4493 3142 4535; x_wconf 87' lang='lat' dir='ltr'><strong>sensus</strong></span> <span class='ocrx_word' id='word_1_779' title='bbox 3165 4481 3478 4551; x_wconf 79' lang='lat' dir='ltr'><strong>exprimun-</strong></span> 
     </span>
    </p>
   </div>
   <div class='ocr_carea' id='block_1_104' title="bbox 1890 4570 3476 4643">
    <p class='ocr_par' dir='ltr' id='par_1_104' title="bbox 1890 4570 3476 4643">
     <span class='ocr_line' id='line_1_104' title="bbox 1890 4570 3476 4643; baseline -0.002 -13"><span class='ocrx_word' id='word_1_780' title='bbox 1890 4583 1996 4640; x_wconf 87' lang='lat' dir='ltr'><strong>tur,</strong></span> <span class='ocrx_word' id='word_1_781' title='bbox 2032 4576 2183 4630; x_wconf 90' lang='lat' dir='ltr'><strong>visus</strong></span> <span class='ocrx_word' id='word_1_782' title='bbox 2225 4572 2494 4639; x_wconf 87' lang='lat' dir='ltr'><strong>videlicet,</strong></span> <span class='ocrx_word' id='word_1_783' title='bbox 2539 4572 2777 4637; x_wconf 85' lang='lat' dir='ltr'><strong>auditus,</strong></span> <span class='ocrx_word' id='word_1_784' title='bbox 2806 4578 3011 4643; x_wconf 79' lang='lat' dir='ltr'><strong>gustus,</strong></span> <span class='ocrx_word' id='word_1_785' title='bbox 3051 4570 3282 4627; x_wconf 88' lang='lat' dir='ltr'><strong>olfactus</strong></span> <span class='ocrx_word' id='word_1_786' title='bbox 3309 4580 3365 4627; x_wconf 92' lang='lat' dir='ltr'><strong>et</strong></span> <span class='ocrx_word' id='word_1_787' title='bbox 3395 4579 3476 4627; x_wconf 85' lang='lat' dir='ltr'><strong>ta-</strong></span> 
     </span>
    </p>
   </div>
   <div class='ocr_carea' id='block_1_105' title="bbox 1887 4663 3480 4735">
    <p class='ocr_par' dir='ltr' id='par_1_105' title="bbox 1887 4663 3480 4735">
     <span class='ocr_line' id='line_1_105' title="bbox 1887 4663 3480 4735; baseline -0.002 -14"><span class='ocrx_word' id='word_1_788' title='bbox 1887 4674 2027 4721; x_wconf 90' lang='lat' dir='ltr'><strong>ctus.</strong></span> <span class='ocrx_word' id='word_1_789' title='bbox 2056 4666 2112 4720; x_wconf 88' lang='lat' dir='ltr'><strong>In</strong></span> <span class='ocrx_word' id='word_1_790' title='bbox 2139 4664 2335 4735; x_wconf 88' lang='lat' dir='ltr'><strong>quibus</strong></span> <span class='ocrx_word' id='word_1_791' title='bbox 2365 4663 2597 4735; x_wconf 78' lang='lat' dir='ltr'><strong>singulis</strong></span> <span class='ocrx_word' id='word_1_792' title='bbox 2614 4664 2919 4733; x_wconf 89' lang='lat' dir='ltr'><strong>quicunque</strong></span> <span class='ocrx_word' id='word_1_793' title='bbox 2946 4663 3178 4719; x_wconf 89' lang='lat' dir='ltr'><strong>viriliter</strong></span> <span class='ocrx_word' id='word_1_794' title='bbox 3201 4668 3399 4735; x_wconf 74' lang='lat' dir='ltr'><strong>agere,</strong></span> <span class='ocrx_word' id='word_1_795' title='bbox 3419 4670 3480 4719; x_wconf 86' lang='lat' dir='ltr'><strong>et</strong></span> 
     </span>
    </p>
   </div>
   <div class='ocr_carea' id='block_1_106' title="bbox 1889 4753 3474 4829">
    <p class='ocr_par' dir='ltr' id='par_1_106' title="bbox 1889 4753 3474 4829">
     <span class='ocr_line' id='line_1_106' title="bbox 1889 4753 3474 4829; baseline -0.001 -15"><span class='ocrx_word' id='word_1_796' title='bbox 1889 4757 2179 4814; x_wconf 87' lang='lat' dir='ltr'><strong>confortari</strong></span> <span class='ocrx_word' id='word_1_797' title='bbox 2202 4764 2473 4828; x_wconf 79' lang='lat' dir='ltr'><strong>satagunt,</strong></span> <span class='ocrx_word' id='word_1_798' title='bbox 2511 4756 2711 4822; x_wconf 86' lang='lat' dir='ltr'><strong>sobrie,</strong></span> <span class='ocrx_word' id='word_1_799' title='bbox 2737 4764 2792 4811; x_wconf 90' lang='lat' dir='ltr'><strong>et</strong></span> <span class='ocrx_word' id='word_1_800' title='bbox 2823 4753 2991 4824; x_wconf 87' lang='lat' dir='ltr'><strong>juste,</strong></span> <span class='ocrx_word' id='word_1_801' title='bbox 3021 4765 3079 4812; x_wconf 91' lang='lat' dir='ltr'><strong>et</strong></span> <span class='ocrx_word' id='word_1_802' title='bbox 3100 4757 3187 4829; x_wconf 91' lang='lat' dir='ltr'><strong>pie</strong></span> <span class='ocrx_word' id='word_1_803' title='bbox 3220 4757 3474 4823; x_wconf 84' lang='lat' dir='ltr'><strong>vivendo,</strong></span> 
     </span>
    </p>
   </div>
   <div class='ocr_carea' id='block_1_107' title="bbox 1887 4845 3472 4918">
    <p class='ocr_par' dir='ltr' id='par_1_107' title="bbox 1887 4845 3472 4918">
     <span class='ocr_line' id='line_1_107' title="bbox 1887 4845 3472 4918; baseline -0.004 -12"><span class='ocrx_word' id='word_1_804' title='bbox 1887 4859 1950 4906; x_wconf 90' lang='lat' dir='ltr'><strong>ut</strong></span> <span class='ocrx_word' id='word_1_805' title='bbox 1970 4849 2207 4905; x_wconf 62' lang='lat' dir='ltr'><strong>caelestis</strong></span> <span class='ocrx_word' id='word_1_806' title='bbox 2229 4847 2504 4918; x_wconf 65' lang='lat' dir='ltr'><strong>sapientia:</strong></span> <span class='ocrx_word' id='word_1_807' title='bbox 2530 4853 2839 4902; x_wconf 86' lang='lat' dir='ltr'><strong>mereantur</strong></span> <span class='ocrx_word' id='word_1_808' title='bbox 2872 4845 3153 4902; x_wconf 90' lang='lat' dir='ltr'><strong>dulcedine</strong></span> <span class='ocrx_word' id='word_1_809' title='bbox 3194 4846 3428 4902; x_wconf 85' lang='lat' dir='ltr'><strong>recreari</strong></span> <span class='ocrx_word' id='word_1_810' title='bbox 3454 4863 3472 4912; x_wconf 88' lang='lat'><strong>;</strong></span> 
     </span>
    </p>
   </div>
   <div class='ocr_carea' id='block_1_108' title="bbox 1889 4937 3474 5009">
    <p class='ocr_par' dir='ltr' id='par_1_108' title="bbox 1889 4937 3474 5009">
     <span class='ocr_line' id='line_1_108' title="bbox 1889 4937 3474 5009; baseline -0.001 -14"><span class='ocrx_word' id='word_1_811' title='bbox 1889 4940 1946 4996; x_wconf 87' lang='lat' dir='ltr'><strong>hi</strong></span> <span class='ocrx_word' id='word_1_812' title='bbox 1971 4940 2226 4994; x_wconf 82' lang='lat' dir='ltr'><strong>nimirum</strong></span> <span class='ocrx_word' id='word_1_813' title='bbox 2255 4938 2492 5009; x_wconf 89' lang='lat' dir='ltr'><strong>quinque</strong></span> <span class='ocrx_word' id='word_1_814' title='bbox 2509 4937 2746 4992; x_wconf 89' lang='lat' dir='ltr'><strong>millibus</strong></span> <span class='ocrx_word' id='word_1_815' title='bbox 2766 4938 3030 5004; x_wconf 90' lang='lat' dir='ltr'><strong>virorum,</strong></span> <span class='ocrx_word' id='word_1_816' title='bbox 3054 4950 3190 5008; x_wconf 89' lang='lat' dir='ltr'><strong>quos</strong></span> <span class='ocrx_word' id='word_1_817' title='bbox 3214 4937 3474 4993; x_wconf 84' lang='lat' dir='ltr'><strong>Dominus</strong></span> 
     </span>
    </p>
   </div>
   <div class='ocr_carea' id='block_1_109' title="bbox 1889 5029 3476 5104">
    <p class='ocr_par' dir='ltr' id='par_1_109' title="bbox 1889 5029 3476 5104">
     <span class='ocr_line' id='line_1_109' title="bbox 1889 5029 3476 5104; baseline -0.004 -16"><span class='ocrx_word' id='word_1_818' title='bbox 1889 5032 2134 5104; x_wconf 79' lang='lat' dir='ltr'><strong>mysticis</strong></span> <span class='ocrx_word' id='word_1_819' title='bbox 2183 5030 2411 5102; x_wconf 88' lang='lat' dir='ltr'><strong>dapibus</strong></span> <span class='ocrx_word' id='word_1_820' title='bbox 2457 5029 2691 5095; x_wconf 89' lang='lat' dir='ltr'><strong>satiavit,</strong></span> <span class='ocrx_word' id='word_1_821' title='bbox 2744 5030 3066 5099; x_wconf 85' lang='lat' dir='ltr'><strong>ﬁgurantur.</strong></span> <span class='ocrx_word' id='word_1_822' title='bbox 3112 5029 3221 5085; x_wconf 90' lang='lat' dir='ltr'><strong>Nec</strong></span> <span class='ocrx_word' id='word_1_823' title='bbox 3249 5035 3476 5100; x_wconf 61' lang='lat' dir='ltr'><strong>praster-</strong></span> 
     </span>
    </p>
   </div>
   <div class='ocr_carea' id='block_1_110' title="bbox 1887 5107 3471 5195">
    <p class='ocr_par' dir='ltr' id='par_1_110' title="bbox 1887 5107 3471 5195">
     <span class='ocr_line' id='line_1_110' title="bbox 1887 5107 3471 5195; baseline -0.003 -16"><span class='ocrx_word' id='word_1_824' title='bbox 1887 5124 2121 5179; x_wconf 82' lang='lat' dir='ltr'><strong>euntlum</strong></span> <span class='ocrx_word' id='word_1_825' title='bbox 2159 5122 2301 5195; x_wconf 90' lang='lat' dir='ltr'><strong>quod</strong></span> <span class='ocrx_word' id='word_1_826' title='bbox 2330 5118 2629 5176; x_wconf 79' lang='lat' dir='ltr'><strong>refectums</strong></span> <span class='ocrx_word' id='word_1_827' title='bbox 2657 5120 3050 5176; x_wconf 87' lang='lat' dir='ltr'><strong>multitudinem</strong></span> <span class='ocrx_word' id='word_1_828' title='bbox 3097 5107 3308 5192; x_wconf 0' lang='lat' dir='ltr'><strong>gratiast</strong></span> <span class='ocrx_word' id='word_1_829' title='bbox 3340 5120 3471 5190; x_wconf 86' lang='lat' dir='ltr'><strong>egit.</strong></span> 
     </span>
    </p>
   </div>
   <div class='ocr_carea' id='block_1_111' title="bbox 1888 5209 3474 5287">
    <p class='ocr_par' dir='ltr' id='par_1_111' title="bbox 1888 5209 3474 5287">
     <span class='ocr_line' id='line_1_111' title="bbox 1888 5209 3474 5287; baseline -0.002 -17"><span class='ocrx_word' id='word_1_830' title='bbox 1888 5216 2021 5287; x_wconf 65' lang='lat' dir='ltr'><strong>Egit</strong></span> <span class='ocrx_word' id='word_1_831' title='bbox 2044 5215 2239 5284; x_wconf 81' lang='lat' dir='ltr'><strong>quippe</strong></span> <span class='ocrx_word' id='word_1_832' title='bbox 2282 5212 2506 5284; x_wconf 86' lang='lat' dir='ltr'><strong>gratias,</strong></span> <span class='ocrx_word' id='word_1_833' title='bbox 2538 5218 2680 5266; x_wconf 86' lang='lat' dir='ltr'><strong>utet</strong></span> <span class='ocrx_word' id='word_1_834' title='bbox 2719 5227 2817 5267; x_wconf 92' lang='lat' dir='ltr'><strong>nos</strong></span> <span class='ocrx_word' id='word_1_835' title='bbox 2858 5213 2922 5267; x_wconf 90' lang='lat' dir='ltr'><strong>de</strong></span> <span class='ocrx_word' id='word_1_836' title='bbox 2946 5211 3214 5282; x_wconf 87' lang='lat' dir='ltr'><strong>perceptis</strong></span> <span class='ocrx_word' id='word_1_837' title='bbox 3260 5209 3474 5267; x_wconf 80' lang='lat' dir='ltr'><strong>etelitus</strong></span> 
     </span>
    </p>
   </div>
   <div class='ocr_carea' id='block_1_112' title="bbox 1890 5304 3470 5376">
    <p class='ocr_par' dir='ltr' id='par_1_112' title="bbox 1890 5304 3470 5376">
     <span class='ocr_line' id='line_1_112' title="bbox 1890 5304 3470 5376; baseline -0.003 -14"><span class='ocrx_word' id='word_1_838' title='bbox 1890 5306 2206 5364; x_wconf 80' lang='lat' dir='ltr'><strong>muneribus</strong></span> <span class='ocrx_word' id='word_1_839' title='bbox 2249 5305 2450 5375; x_wconf 88' lang='lat' dir='ltr'><strong>gratias</strong></span> <span class='ocrx_word' id='word_1_840' title='bbox 2497 5320 2710 5374; x_wconf 89' lang='lat' dir='ltr'><strong>semper</strong></span> <span class='ocrx_word' id='word_1_841' title='bbox 2757 5320 2913 5376; x_wconf 84' lang='lat' dir='ltr'><strong>agere</strong></span> <span class='ocrx_word' id='word_1_842' title='bbox 2963 5304 3198 5369; x_wconf 88' lang='lat' dir='ltr'><strong>doceret,</strong></span> <span class='ocrx_word' id='word_1_843' title='bbox 3248 5312 3303 5358; x_wconf 90' lang='lat' dir='ltr'><strong>et</strong></span> <span class='ocrx_word' id='word_1_844' title='bbox 3356 5304 3470 5374; x_wconf 88' lang='lat' dir='ltr'><strong>ipse</strong></span> 
     </span>
    </p>
   </div>
   <div class='ocr_carea' id='block_1_113' title="bbox 1891 5394 3468 5468">
    <p class='ocr_par' dir='ltr' id='par_1_113' title="bbox 1891 5394 3468 5468">
     <span class='ocr_line' id='line_1_113' title="bbox 1891 5394 3468 5468; baseline -0.002 -15"><span class='ocrx_word' id='word_1_845' title='bbox 1891 5405 2148 5468; x_wconf 88' lang='lat' dir='ltr'><strong>quantum</strong></span> <span class='ocrx_word' id='word_1_846' title='bbox 2177 5394 2243 5450; x_wconf 87' lang='lat' dir='ltr'><strong>de</strong></span> <span class='ocrx_word' id='word_1_847' title='bbox 2278 5395 2478 5450; x_wconf 78' lang='lat' dir='ltr'><strong>nostris</strong></span> <span class='ocrx_word' id='word_1_848' title='bbox 2500 5394 2829 5465; x_wconf 89' lang='lat' dir='ltr'><strong>profectibus</strong></span> <span class='ocrx_word' id='word_1_849' title='bbox 2855 5394 3169 5464; x_wconf 82' lang='lat' dir='ltr'><strong>gratuletur,</strong></span> <span class='ocrx_word' id='word_1_850' title='bbox 3194 5395 3261 5450; x_wconf 90' lang='lat' dir='ltr'><strong>de</strong></span> <span class='ocrx_word' id='word_1_851' title='bbox 3280 5403 3468 5451; x_wconf 86' lang='lat' dir='ltr'><strong>nostra</strong></span> 
     </span>
    </p>
   </div>
   <div class='ocr_carea' id='block_1_114' title="bbox 1893 5484 3468 5560">
    <p class='ocr_par' dir='ltr' id='par_1_114' title="bbox 1893 5484 3468 5560">
     <span class='ocr_line' id='line_1_114' title="bbox 1893 5484 3468 5560; baseline -0.003 -15"><span class='ocrx_word' id='word_1_852' title='bbox 1893 5486 2119 5560; x_wconf 80' lang='lat' dir='ltr'><strong>Spiritali</strong></span> <span class='ocrx_word' id='word_1_853' title='bbox 2150 5484 2440 5541; x_wconf 90' lang='lat' dir='ltr'><strong>refectione</strong></span> <span class='ocrx_word' id='word_1_854' title='bbox 2464 5488 2709 5556; x_wconf 87' lang='lat' dir='ltr'><strong>gaudeat,</strong></span> <span class='ocrx_word' id='word_1_855' title='bbox 2743 5485 3035 5539; x_wconf 87' lang='lat' dir='ltr'><strong>intimaret.</strong></span> <span class='ocrx_word' id='word_1_856' title='bbox 3064 5484 3239 5541; x_wconf 77' lang='lat' dir='ltr'><strong>Vultis</strong></span> <span class='ocrx_word' id='word_1_857' title='bbox 3267 5486 3468 5540; x_wconf 86' lang='lat' dir='ltr'><strong>etenim</strong></span> 
     </span>
    </p>
   </div>
   <div class='ocr_carea' id='block_1_115' title="bbox 1895 5574 3472 5647">
    <p class='ocr_par' dir='ltr' id='par_1_115' title="bbox 1895 5574 3472 5647">
     <span class='ocr_line' id='line_1_115' title="bbox 1895 5574 3472 5647; baseline -0.003 -12"><span class='ocrx_word' id='word_1_858' title='bbox 1895 5593 2070 5642; x_wconf 90' lang='lat' dir='ltr'><strong>nosse,</strong></span> <span class='ocrx_word' id='word_1_859' title='bbox 2097 5575 2312 5640; x_wconf 87' lang='lat' dir='ltr'><strong>fratres,</strong></span> <span class='ocrx_word' id='word_1_860' title='bbox 2340 5586 2600 5645; x_wconf 87' lang='lat' dir='ltr'><strong>quantum</strong></span> <span class='ocrx_word' id='word_1_861' title='bbox 2633 5574 2881 5630; x_wconf 82' lang='lat' dir='ltr'><strong>Salvator</strong></span> <span class='ocrx_word' id='word_1_862' title='bbox 2902 5583 3087 5630; x_wconf 90' lang='lat' dir='ltr'><strong>noster</strong></span> <span class='ocrx_word' id='word_1_863' title='bbox 3114 5581 3312 5631; x_wconf 72' lang='lat' dir='ltr'><strong>nostra:</strong></span> <span class='ocrx_word' id='word_1_864' title='bbox 3338 5589 3472 5647; x_wconf 83' lang='lat' dir='ltr'><strong>gau-</strong></span> 
     </span>
    </p>
   </div>
   <div class='ocr_carea' id='block_1_116' title="bbox 1895 5664 3470 5736">
    <p class='ocr_par' dir='ltr' id='par_1_116' title="bbox 1895 5664 3470 5736">
     <span class='ocr_line' id='line_1_116' title="bbox 1895 5664 3470 5736; baseline -0.003 -10"><span class='ocrx_word' id='word_1_865' title='bbox 1895 5671 2018 5726; x_wconf 84' lang='lat' dir='ltr'><strong>deat</strong></span> <span class='ocrx_word' id='word_1_866' title='bbox 2050 5667 2249 5724; x_wconf 83' lang='lat' dir='ltr'><strong>saluti?</strong></span> <span class='ocrx_word' id='word_1_867' title='bbox 2276 5666 2471 5721; x_wconf 84' lang='lat' dir='ltr'><strong>Narrat</strong></span> <span class='ocrx_word' id='word_1_868' title='bbox 2499 5665 2826 5736; x_wconf 83' lang='lat' dir='ltr'><strong>evangelista</strong></span> <span class='ocrx_word' id='word_1_869' title='bbox 2869 5664 3066 5730; x_wconf 86' lang='lat' dir='ltr'><strong>Lucas,</strong></span> <span class='ocrx_word' id='word_1_870' title='bbox 3095 5664 3308 5720; x_wconf 85' lang='lat' dir='ltr'><strong>dedisse</strong></span> <span class='ocrx_word' id='word_1_871' title='bbox 3344 5679 3470 5721; x_wconf 75' lang='lat' dir='ltr'><strong>eum</strong></span> 
     </span>
    </p>
   </div>
   <div class='ocr_carea' id='block_1_117' title="bbox 1862 5752 3474 5841">
    <p class='ocr_par' dir='ltr' id='par_1_117' title="bbox 1862 5752 3474 5841">
     <span class='ocr_line' id='line_1_117' title="bbox 1862 5752 3474 5841; baseline -0.003 -25"><span class='ocrx_word' id='word_1_872' title='bbox 1862 5758 2173 5841; x_wconf 36' lang='lat' dir='ltr'><strong>.discipulis</strong></span> <span class='ocrx_word' id='word_1_873' title='bbox 2213 5764 2544 5830; x_wconf 79' lang='lat' dir='ltr'><strong>potestatem</strong></span> <span class='ocrx_word' id='word_1_874' title='bbox 2577 5753 2813 5811; x_wconf 84' lang='lat' dir='ltr'><strong>ealcandi</strong></span> <span class='ocrx_word' id='word_1_875' title='bbox 2861 5769 3023 5826; x_wconf 83' lang='lat' dir='ltr'><strong>supra</strong></span> <span class='ocrx_word' id='word_1_876' title='bbox 3063 5767 3279 5809; x_wconf 89' lang='lat' dir='ltr'><strong>omnem</strong></span> <span class='ocrx_word' id='word_1_877' title='bbox 3301 5752 3474 5811; x_wconf 81' lang='lat' dir='ltr'><strong>virtu-</strong></span> 
     </span>
    </p>
   </div>
   <div class='ocr_carea' id='block_1_118' title="bbox 3354 361 3579 422">
    <p class='ocr_par' dir='ltr' id='par_1_118' title="bbox 3354 361 3579 422">
     <span class='ocr_line' id='line_1_118' title="bbox 3354 361 3579 422; baseline -0.009 0"><span class='ocrx_word' id='word_1_878' title='bbox 3354 361 3469 422; x_wconf 60' lang='lat'><strong>82)</strong></span> <span class='ocrx_word' id='word_1_879' title='bbox 3568 362 3579 369; x_wconf 82' lang='grc'><strong>’</strong></span> 
     </span>
    </p>
   </div>
  </div>
