4074 6462
640 368 749 433 823

1492 367 1554 422 Β.
1594 368 1657 428 Ε.
1694 366 1920 432 ΑΕΒῘΝΙ
1959 366 2091 432 SEU
2125 366 2399 432 ALCUINI
2435 367 2716 424 OPERUM
2752 368 2932 424 PARS
2967 371 3029 424 lt.
3065 394 3083 431 ,-

3788 370 3885 427 821

642 492 755 545 tem
779 480 1003 547 inimici,
1033 492 1325 549 eorumque
1369 479 1585 539 nomina
1628 479 1829 550 scripta
1875 479 2139 537 indicasse
2158 479 2215 534 in
2244 484 2286 538 Α
2314 486 2433 540 erat
2459 476 2649 552 [Beda,
2675 479 2769 549 qui
2802 481 3061 536 mundum
3088 479 3296 553 implet]
3324 481 3626 550 divinitate,
3656 480 3885 541 etman-

640 576 795 637 caelis
823 574 973 646 (Luc.
1006 589 1062 639 χ,
1086 572 1170 637 19,
1195 570 1285 641 20)
1309 587 1325 637 ;
1352 578 1406 624 et
1427 569 1608 629 statim
1631 568 1823 633 infert:
1860 568 1929 624 In
1956 570 2067 640 ipsa
2086 570 2217 633 hora

640 666 918 727 exsultavit
947 665 1148 736 Spiritu
1171 673 1372 728 sancto,
1401 671 1450 717 et
1474 662 1649 725 dixit:
1676 660 1941 731 Confiteor
1966 663 2082 727 tibi,
2111 662 2219 717 Pa-

637 766 738 822 ter,
761 757 980 812 Domine
1015 753 1126 811 creti
1150 763 1200 808 et
1223 762 1393 815 terrce,
1422 752 1547 823 quia
1574 750 1891 815 abscondisti
1930 752 2042 808 hwc
2071 769 2104 804 a
2130 768 2218 805 sa-

635 848 894 919 pientibus
915 855 963 899 et
991 844 1350 917 prudentibus,
1369 854 1417 898 et
1447 841 1684 901 revelain
1706 859 1767 896 ea
1791 840 2023 912 paruulis
2062 841 2211 913 (Luc,

640 955 696 1004 ι,
718 939 780 992 21
801 956 816 1003 ;
848 935 1037 1003 Matth.
1062 952 1136 1001 χι,
1166 935 1280 1007 9.5).
1302 935 1480 995 Claret
1501 951 1646 1005 ergo,
1675 935 1799 1004 quia
1821 933 1979 989 saluti
2007 949 2071 988 ac
2092 934 2215 987 vitae

639 1026 878 1091 ﬁdelium
925 1025 1345 1095 congratulatur,
1378 1024 1470 1095 qui
1508 1023 1724 1078 Patrem
1768 1022 1974 1094 gratias
2011 1023 2214 1093 agendo

640 1118 924 1182 collaudat,
972 1115 1113 1188 quod
1156 1132 1221 1171 ea
1264 1130 1385 1187 quae
1438 1115 1872 1194 superbientibus
1909 1114 2209 1178 abscondit,

636 1207 928 1263 humilibus
949 1206 1142 1277 spiritu
1168 1214 1376 1261 secreta
1410 1205 1688 1266 revelavit,

703 1299 866 1359 Vnus.
898 1298 983 1352 12.
1006 1328 1081 1338 —
1102 1295 1173 1352 Ut
1194 1307 1368 1352 autem
1397 1295 1593 1368 impleti
1617 1305 1755 1361 sunt,
1785 1296 1919 1367 dixit
1945 1296 2215 1368 discipulis

629 1388 772 1451 suis;
793 1387 1032 1459 Colligite
1048 1404 1165 1458 quw
1183 1399 1552 1460 superaverunt
1571 1389 1885 1460 fragmenta,
1900 1406 1963 1445 ne
1981 1397 2211 1459 pereant.

630 1477 784 1551 Quod
811 1485 992 1543 autem
1038 1485 1274 1540 saturata
1318 1476 1680 1567 multitudine,
1724 1475 1888 1555 jussit
1925 1476 2217 1547 discipulos

627 1567 886 1638 colligere
909 1583 1030 1637 quae
1065 1575 1454 1637 superaverunt
1494 1566 1936 1638 fragmentorum,
1970 1582 2038 1625 ne
2073 1568 2217 1636 peri-

628 1668 771 1722 rent,
800 1660 903 1715 boc
945 1658 1187 1729 profecto
1213 1658 1389 1729 signat
1426 1658 1550 1729 quia
1577 1658 1835 1730 pleraque
1863 1666 1990 1713 sunt
2015 1674 2213 1713 arcana

627 1748 933 1811 divinorum
963 1749 1320 1820 eloquiorum,
1352 1764 1476 1820 qua:
1503 1748 1645 1819 vulgi
1671 1764 1862 1804 sensus
1882 1764 1989 1803 non
2029 1749 2173 1818 capit
2197 1765 2211 1813 ;

2316 568 2417 624 dus
2440 584 2539 643 per
2575 570 2748 642 ipsum
2778 570 2950 630 factus
2987 579 3098 639 est;
3137 572 3230 641 qui
3270 574 3327 627 in
3361 576 3764 647 propnarvenit
3795 577 3885 632 bu-

2315 662 2594 749 manitate,
2615 676 2857 731 quzerere
2882 670 2937 717 et
2964 662 3176 718 salvare
3196 664 3339 733 quod
3364 665 3601 735 perierat
3620 666 3805 738 (Joan.
3825 668 3885 741 ι),

2315 762 2379 809 ac
2403 763 2646 805 recreare
2674 749 2934 813 mundum
2962 766 3122 829 quem
3152 750 3383 819 fecerat;
3413 755 3506 824 qui
3532 770 3657 809 cum
3686 759 3803 812 suis
3826 758 3885 813 ii-

2315 838 2523 894 delibus
2546 855 2644 909 per
2671 841 3011 910 pensentiam
3031 842 3326 904 divinitatis
3344 852 3427 899 est
3447 846 3500 899 in
3530 849 3759 909 mundo.
3778 863 3883 903 om-

2316 930 2474 985 nibus
2500 929 2737 1004 [diebus]
2766 947 2935 1001 usque
2967 932 3033 989 ad
3056 935 3574 997 consummationem
3596 937 3784 991 seculi
3808 951 3880 991 ι.»

2317 1018 2503 1090 (Vens.
2537 1019 2651 1091 15.)
2676 1020 2831 1076 Jcsus
2858 1030 3030 1076 autem
3058 1039 3175 1079 cum
3210 1026 3525 1094 cognovisset
3543 1029 3671 1097 quia
3694 1038 3888 1083 venturi

2314 1118 2479 1166 essent
2503 1119 2559 1163 ut
2585 1120 2822 1181 raperent
2848 1129 2963 1174 eum
2979 1122 3027 1166 et
3051 1113 3278 1182 facerent
3299 1132 3418 1170 eum
3436 1134 3630 1188 regem,
3648 1118 3781 1189 fugit
3800 1122 3885 1175 ite-

2315 1215 2431 1253 rum
2458 1200 2512 1253 in
2535 1202 2887 1284 montemipse
2903 1201 3097 1258 solus.«
3118 1205 3145 1243 δ
3159 1205 3325 1261 Datur
3349 1223 3476 1277 ergo
3500 1209 3727 1281 intelligi
3756 1214 3887 1281 quod

2315 1291 2575 1349 Dominus
2597 1308 2718 1351 cum
2745 1296 2955 1353 sederet
2976 1294 3031 1348 in
3046 1304 3237 1350 monte
3259 1312 3382 1352 cum
3411 1298 3688 1369 discipulis
3712 1302 3825 1355 suis
3841 1311 3888 1357 et

2316 1381 2523 1443 videret
2548 1382 2733 1439 turbas
2760 1384 2827 1439 ad
2850 1400 2908 1440 se
2932 1386 3230 1451 venientes,
3254 1388 3603 1444 descenderat
3624 1392 3692 1447 de
3716 1403 3889 1449 monte

2316 1480 2371 1530 et
2397 1474 2538 1530 circa
2569 1473 2825 1535 inferiora
2854 1475 2969 1530 loca
3001 1477 3186 1531 turbas
3211 1486 3451 1547 paverat.
3474 1479 3608 1533 Nam
3631 1485 3888 1550 quomodo

2316 1563 2432 1620 ﬁeri
2459 1573 2634 1634 potest
2657 1573 2717 1620 ut
2740 1582 2929 1621 rursus
2953 1566 3080 1621 illuc
3104 1565 3330 1637 fugeret,
3355 1568 3458 1623 nisi
3480 1578 3607 1631 ante
3633 1570 3698 1626 de
3720 1582 3890 1628 ruente

2318 1657 2700 1713 descenderet?
2729 1657 3008 1729 Signiﬁcat
3044 1674 3172 1730 ergo
3206 1659 3428 1729 aliquid,
3455 1663 3600 1729 quod
3641 1662 3887 1719 Dominus

2317 1745 2384 1801 de
2404 1747 2513 1803 alto
2531 1748 2894 1804 descenditad
2915 1751 3210 1818 pascendos
3230 1751 3435 1805 turbas.
3460 1750 3619 1806 Parit
3638 1744 3886 1815 etoseen-

628 1843 901 1907 nonnulla,
943 1859 1064 1913 quas
1103 1859 1200 1914 per
1238 1857 1297 1898 se
1341 1842 1556 1912 quidem
1601 1842 1781 1898 minus
1827 1842 1971 1898 docti
1998 1842 2209 1912 assequi
2246 1825 2284 1881 Β
2312 1837 2410 1892 dit.
2450 1840 2629 1906 Quare
2664 1841 2926 1906 ascendit,
2973 1857 3096 1897 cum
3139 1842 3476 1911 cognovisset
3517 1845 3664 1913 quod
3701 1845 3886 1901 vellent

627 1943 924 2005 nequeunt,
955 1935 1049 1996 sed
1079 1950 1112 1988 a
1145 1932 1457 1989 doctoribus
1484 1933 1725 2002 exposita
1763 1948 1885 1988 mox
1916 1933 2213 2003 intelligere

629 2031 852 2097 queunt.
904 2023 1034 2087 Haec
1067 2038 1198 2094 ergo
1232 2040 1453 2079 necesse
1493 2031 1598 2089 est,
1646 2032 1709 2078 ut
1742 2024 1835 2094 qui
1862 2023 2064 2090 valent,
2095 2023 2214 2079 dili-

629 2122 818 2188 genter
853 2116 1143 2170 scrutando
1171 2115 1439 2184 colligant,
1482 2123 1538 2170 et
1558 2115 1624 2169 ad
1652 2116 2009 2172 eruditionem
2040 2116 2213 2171 mino-

628 2220 749 2271 rum
779 2220 876 2261 suo
903 2207 1045 2262 dicto
1087 2205 1172 2261 vel
1200 2207 1401 2275 scripto
1442 2205 1646 2265 faciant
1674 2208 1977 2277 pervenire,
2022 2222 2091 2261 ne
2115 2207 2215 2263 ali-

626 2301 809 2354 menta
854 2295 1006 2351 verbi
1054 2294 1268 2359 illorum
1320 2295 1524 2351 desidia
1571 2304 1818 2365 pereant,
1862 2296 2214 2366 plebibusque

625 2385 902 2451 tollantur,
946 2386 1037 2461 qui
1090 2387 1207 2441 hcce
1250 2387 1477 2441 Domino
1524 2386 1757 2445 donante
1803 2388 2212 2461 interpretando

626 2477 878 2550 colligere
910 2485 1126 2532 norunt.
1176 2476 1468 2548 Sequitur:
1510 2476 1694 2550 (Vens.
1750 2478 1837 2549 15)
1883 2477 2211 2549 Collegcrunt

625 2583 767 2637 ergo,
800 2566 994 2636 inquit,
1023 2576 1072 2621 et
1100 2566 1438 2638 impleverunt
1480 2567 1754 2621 duodecim
1792 2568 2038 2638 cophinos
2068 2568 2214 2639 frag-

624 2671 917 2714 mentorum
937 2675 1002 2713 ea:
1024 2661 1251 2731 quinque
1292 2659 1512 2730 panibus
1538 2658 1859 2725 hordeaceis,
1883 2676 2001 2731 quae
2030 2676 2213 2730 super—

623 2747 838 2817 fuerunt
866 2748 948 2802 his
972 2750 1062 2820 qui
1092 2748 1554 2803 manducaverant.
1594 2749 1730 2816 Quia
1758 2749 2088 2806 duodenario
2111 2768 2211 2805 nu-

628 2855 782 2909 mero
820 2839 956 2896 solet
997 2837 1343 2909 perfectionis
1386 2838 1671 2907 cujuslibet
1712 2855 1920 2894 summa
1967 2840 2208 2909 ﬁgurari,

626 2938 774 2984 recte
802 2945 902 3000 per
924 2930 1202 2992 duodecim
1240 2929 1499 3001 cophinos
1539 2929 1961 3000 fragmentorum
2001 2930 2208 2999 plenos,

625 3021 803 3081 omnis
833 3022 1107 3085 doctorum
1154 3021 1472 3091 spiritalium
1503 3020 1703 3074 chorus
1747 3019 2089 3090 exprimitur,
2117 3019 2209 3090 qui

624 3114 854 3176 obscura
880 3111 1305 3181 Seripturarum,
1328 3126 1447 3181 quas
1469 3109 1588 3183 [per
1607 3109 1689 3181 se]
1717 3111 1887 3172 turbae
1914 3116 2205 3179 nequeunt,

625 3212 682 3273 et
707 3204 1016 3260 meditando
1040 3204 1313 3274 colligere,
1357 3203 1435 3275 [et
1457 3202 1736 3275 meditata]
1763 3211 1819 3258 et
1844 3203 2093 3260 mandata
2125 3201 2214 3256 lit-
2237 3186 2281 3245 Ο

627 3295 760 3359 teris
789 3312 885 3351 suo
907 3297 1110 3365 pariter
1140 3312 1204 3351 ac
1232 3297 1508 3353 turbarum
1532 3295 1653 3350 usui
1680 3311 2002 3351 conservare
2024 3293 2214 3369 juben-

633 3395 745 3441 tur.
795 3385 909 3440 Hoc
950 3386 1048 3455 ipsi
1098 3388 1275 3442 iecere
1320 3387 1546 3457 apostoli
1591 3395 1647 3441 et
1693 3387 2050 3457 evaiigelistm,
2103 3403 2210 3443 non

626 3488 802 3544 pauca
826 3473 958 3542 legis
983 3483 1036 3528 et
1057 3476 1439 3545 prophetarum
1462 3475 1623 3540 dicta,
1652 3477 1879 3546 mystica
1910 3477 2023 3532 suis
2046 3477 2212 3533 inter-

628 3562 930 3633 pretatione
954 3564 1135 3640 addita
1167 3564 1448 3622 inserendo
1473 3565 1778 3635 opusculis;
1812 3565 1912 3623 hoc
1951 3581 2211 3635 sequaces

633 3668 821 3711 eorum
866 3654 1117 3711 Ecclesia)
1158 3664 1269 3711 toto
1306 3655 1437 3713 orbe
1465 3656 1729 3727 magistri,
1762 3656 1925 3711 etiam
1972 3657 2211 3728 integros

629 3746 869 3813 nonnulli
892 3747 1174 3816 utriusque
1202 3746 1359 3819 521
1403 3747 1729 3811 Testamenti
1758 3749 1942 3815 libros,
1986 3749 2212 3822 diligen-

631 3845 754 3900 tiori
785 3842 1157 3915 explanatione
1183 3841 1555 3897 diseutiendo:
1589 3842 1679 3911 qui
1707 3842 1997 3911 quamlibet
2038 3844 2209 3900 homi-

633 3936 794 3990 nibus
818 3932 1076 4002 despecti,
1108 3931 1343 3988 ccelestis
1372 3939 1550 3985 tamen
1589 3931 1776 4000 gratia:
1811 3938 1937 3986 sunt
1966 3946 2103 4013 pane
2131 3931 2210 3987 fe~

636 4024 822 4095 eundi.
849 4024 983 4079 Nam
1006 4022 1220 4077 servilia
1249 4021 1493 4099 cepbinis
1520 4020 1694 4075 solent
1715 4036 1879 4090 opera
1908 4022 2045 4087 ﬁeri,
2067 4023 2208 4081 unde

632 4120 697 4178 de
725 4116 940 4190 populo,
962 4115 1053 4187 qui
1084 4116 1136 4170 in
1167 4114 1280 4169 luto
1304 4129 1367 4168 ac
1397 4114 1656 4168 lateribus
1678 4115 1944 4169 serviebat
1970 4115 2024 4170 in
2046 4115 2209 4186 Aigy-

629 4221 743 4283 pto,
772 4211 902 4282 dicit
937 4206 1215 4267 Psu‘imisia
1243 4223 1257 4262 :
1304 4203 1497 4261 Manus
1525 4205 1638 4275 ejus
1678 4206 1734 4259 in
1758 4206 1975 4277 cophino
2013 4209 2207 4263 servie-

634 4309 755 4355 runt
785 4299 957 4372 (Psal,
985 4314 1145 4367 Lxxx,
1178 4298 1252 4371 '7).

703 4392 866 4459 Vens.
909 4390 996 4456 14.
1031 4420 1101 4433 -σ
1137 4388 1226 4449 Ιέιὶ
1248 4405 1367 4463 ergo
1393 4388 1622 4445 homines
1650 4403 1768 4443 cum
1802 4387 2042 4442 vidissent
2067 4387 2207 4458 quod

633 4484 824 4551 fecerat
847 4482 1075 4554 signant,
1101 4479 1338 4537 dicebant
1365 4494 1382 4531 :
1412 4478 1549 4544 Quia
1578 4478 1660 4541 hic
1687 4487 1761 4532 est
1796 4495 1910 4533 vere
1933 4476 2200 4548 propheta,

628 4568 718 4640 qui
742 4578 987 4636 venturus
1016 4576 1089 4620 est
1124 4567 1176 4620 In
1202 4564 1472 4623 mundum.
1512 4565 1676 4622 Recte
1710 4566 1925 4636 quidem
1958 4565 2205 4621 dicebant

634 4658 919 4723 Dominum
951 4657 1263 4727 prophetam
1307 4669 1579 4724 magnum,
1611 4670 1818 4724 magna:
1848 4655 2035 4712 salutis
2071 4671 2207 4733 pr:e-.

631 4754 819 4811 cenem
849 4748 960 4825 jam
989 4750 1185 4803 mundo
1214 4747 1471 4811 futurum.
1505 4747 1635 4815 Nam
1663 4756 1715 4802 et
1749 4749 1861 4818 ipse
1889 4750 2204 4820 prophetam

629 4859 689 4898 se
710 4855 905 4903 vocare
926 4840 1196 4911 dignatur,
1219 4838 1307 4896 ubi
1329 4839 1405 4892 ait
1427 4853 1441 4895 :
1469 4837 1605 4903 Quia
1628 4855 1729 4893 non
1749 4840 1884 4909 capit
1902 4841 2206 4911 prophetam

628 4933 797 5007 perire
829 4941 974 4998 extra
1012 4911 1304 4995 Jerusalem
1335 4926 1485 4999 (Luc.
1520 4944 1637 4993 Xlll,
1670 4928 1781 4997 55).
1833 4927 1938 4983 Sed
1975 4930 2204 5016 necdum

629 5024 785 5094 plena
812 5021 915 5076 ﬁde
940 5019 1308 5090 proﬁciebant,
1342 5018 1433 5087 qui
1472 5018 1611 5073 hunc
1641 5019 1803 5081 etiam
1832 5019 1995 5073 Deum
2023 5019 2203 5074 dicere

628 5113 957 5179 nesciebant.
994 5110 1134 5179 Ergo
1174 5108 1249 5162 illi
1294 5108 1534 5170 videntes
1570 5107 1778 5177 signum
1823 5107 1963 5177 quod
2000 5106 2204 5162 fecerat

628 5203 805 5269 Iesus,
834 5203 1125 5269 dixerunt:
1153 5199 1291 5267 Quia
1317 5199 1400 5251 hic
1423 5208 1495 5253 est
1526 5214 1640 5257 nere
1670 5198 1937 5271 propheta,
1959 5199 2047 5269 qui
2076 5213 2199 5253 υεη..

628 5306 779 5360 turus
804 5302 878 5361 est
904 5294 958 5350 in
989 5292 1259 5356 mundum.
1287 5291 1396 5353 Nos
1421 5291 1635 5347 certiori
1666 5291 1937 5360 agnitione
1961 5284 2203 5357 veritatis

630 5393 684 5442 et
709 5383 854 5449 ﬁdei,
880 5382 1123 5443 videntes
1150 5383 1405 5436 mundum
1431 5397 1590 5459 quem
1619 5380 1941 5469 f3cit1esus,
1966 5388 2020 5436 et
2046 5380 2199 5453 signa

629 5477 824 5546 quibus
863 5474 1011 5535 illum
1046 5473 1289 5545 replevit,
1330 5472 1570 5529 dicamus
1614 5487 1627 5526 :
1663 5472 1797 5547 Quia
1836 5473 1924 5527 hic
1960 5482 2042 5529 est
2079 5488 2205 5531 vere

628 5567 892 5629 mediator
911 5565 1005 5618 Dei
1027 5574 1083 5619 et
1100 5564 1377 5623 hominum
1401 5560 1453 5632 (Ι
1478 5561 1609 5615 Tim.
1630 5579 1692 5628 ιι,
1710 5562 1789 5634 5),
1810 5562 1902 5633 qui
1927 5562 1982 5622 in
2006 5564 2204 5631 mundo

698 5689 729 5728 ι
764 5676 1052 5744 ﬂuensque
1073 5676 1236 5731 Beda.

702 5745 732 5799 lt
770 5745 828 5811 S,
859 5743 1018 5811 Aug},
1045 5752 1201 5803 tract.
1230 5758 1355 5809 xxv,
1384 5759 1531 5805 num.
1562 5744 1613 5810 l,
1638 5743 1695 5809 2,

2314 1944 2438 1984 cum
2467 1946 2656 2000 rapere
2696 1940 2751 1987 et
2785 1947 2964 2005 regem
3005 1932 3216 1991 facere?
3256 1933 3395 2002 Quid
3431 1934 3611 1991 enim?
3642 1935 3761 1991 Non
3785 1947 3886 1992 erat

2314 2037 2433 2087 rex,
2459 2024 2552 2094 qui
2595 2024 2816 2080 timebat
2863 2024 2979 2081 ﬁeri
3022 2024 3151 2079 rex?
3178 2026 3307 2080 Erat
3338 2027 3589 2093 omnino;
3641 2044 3743 2085 nec
3780 2031 3888 2085 talis

2314 2128 2408 2168 rex
2439 2113 2531 2182 qui
2559 2115 2626 2169 ab
2648 2115 2959 2171 hominibus
2982 2115 3155 2181 ﬁeret,
3186 2116 3280 2172 sed
3305 2117 3430 2181 talis
3463 2119 3558 2188 qui
3590 2120 3888 2177 hominibus

2313 2218 2538 2274 regnum
2566 2205 2740 2260 daret.
2771 2206 3018 2275 Nunquid
3050 2206 3186 2261 forte
3210 2216 3265 2263 et
3291 2208 3380 2267 hic
3399 2209 3604 2278 aliquid
3635 2211 3891 2281 signiﬁcat

2313 2293 2468 2347 nobis
2488 2291 2664 2359 Iesus,
2691 2294 2843 2363 cujus
2864 2294 3003 2350 facta
3025 2296 3189 2350 verba
3208 2298 3366 2351 sunt?
3392 2296 3534 2367 Ergo
3558 2299 3610 2352 in
3634 2300 3738 2355 hoc
3758 2302 3887 2370 quod

2314 2386 2598 2440 voluerunt
2620 2402 2741 2441 eum
2767 2402 2955 2457 rapere
2977 2398 3032 2442 et
3052 2404 3231 2458 regem
3255 2389 3451 2456 facere,
3477 2400 3533 2447 et
3552 2401 3779 2468 propter
3799 2395 3886 2449 hoc

2312 2474 2448 2546 fugit
2488 2478 2542 2535 in
2583 2485 2820 2533 montem
2855 2480 2969 2548 ipse
3003 2480 3182 2545 solus,
3214 2481 3318 2537 hoc
3346 2482 3400 2536 in
3435 2482 3526 2537 illo
3564 2482 3723 2555 [Ms.,
3760 2485 3885 2558 ipso}

2312 2564 2511 2625 factum
2542 2575 2701 2632 tacet,
2726 2569 2858 2623 nibil
2885 2569 3138 2639 loquitur,
3165 2571 3300 2626 nihil
3320 2572 3623 2643 signiﬁcat?
3648 2575 3732 2629 An
3762 2576 3890 2630 forte

2313 2660 2416 2713 hoc
2441 2672 2560 2713 erat
2584 2676 2773 2731 rapere
2813 2677 2967 2725 eum,
2999 2664 3295 2733 praevenire
3330 2665 3465 2719 velle
3494 2674 3710 2736 tempus
3748 2666 3887 2738 mgni

2311 2750 2464 2819 ejus?
2499 2751 2706 2809 Etenim
2741 2761 2959 2807 venerat
2996 2754 3174 2819 modo,
3206 2770 3311 2821 non
3335 2752 3446 2821 jam
3474 2770 3729 2826 regnare,
3758 2771 3888 2825 quo-

2312 2841 2470 2896 modo
2496 2850 2818 2911 regnaturus
2844 2851 2928 2898 est
2961 2843 3017 2898 in
3057 2858 3125 2903 eo
3159 2845 3303 2913 quod
3338 2846 3564 2900 dicimus
3596 2864 3611 2900 :
3639 2847 3887 2905 Adveniet

2314 2947 2525 3002 regnum
2550 2942 2717 2988 tuum.
2749 2932 2973 3013 Semper
2992 2936 3208 3004 quidem
3233 2936 3319 2991 ille
3348 2952 3469 2990 cum
3491 2936 3653 2992 Patre
3682 2946 3887 3008 regnat.

2312 3023 2604 3079 secundum
2633 3025 2774 3103 quod
2798 3033 2881 3079 est
2910 3024 3076 3080 Filius
3102 3026 3219 3092 Dei,
3246 3028 3480 3083 Verbum
3507 3029 3622 3093 Dei,
3658 3030 3891 3085 Verbum

2313 3127 2411 3183 per
2436 3116 2577 3188 quod
2612 3114 2753 3171 facta
2778 3125 2905 3175 sunt
2928 3119 3126 3175 omnia.
3165 3117 3529 3177 Prmdixerunt
3552 3130 3729 3174 autem
3772 3137 3890 3191 pro-

2314 3209 2490 3285 pheta:
2519 3225 2741 3281 regnum
2786 3210 2919 3280 ejus,
2963 3214 3124 3273 etiam
3155 3216 3449 3293 secundum
3478 3216 3530 3274 id
3559 3218 3701 3285 quod
3731 3218 3891 3273 homo

2314 3295 2488 3353 factus
2519 3309 2602 3354 est
2629 3299 2905 3368 Christus,
2930 3312 2986 3357 et
3013 3302 3141 3379 fecit
3165 3306 3350 3365 ﬁdeles
3372 3321 3500 3361 suos
3532 3306 3887 3363 Christianos.

2313 3385 2432 3451 Erit
2463 3403 2590 3459 ergo
2612 3404 2833 3462 regnum
2859 3391 3308 3467 Christianorum,
3330 3396 3472 3468 quod
3500 3398 3658 3451 modo
3688 3398 3890 3469 colligi-

2315 3485 2420 3541 tur,
2459 3478 2601 3551 quod
2630 3480 2788 3535 modo
2817 3491 3184 3539 commoratur
3210 3483 3317 3557 [Αἰ.
3344 3495 3393 3539 et
3425 3486 3578 3557 Aug.,
3608 3502 3891 3557 compara-

2312 3567 2443 3641 tur],
2479 3571 2622 3638 quod
2662 3572 2820 3627 modo
2854 3574 3055 3629 emitur
3091 3577 3349 3645 sanguine
3386 3577 3614 3642 Christi;
3647 3580 3752 3633 erit
3794 3580 3891 3634 ali-

2311 3659 2525 3728 quando
2576 3660 2918 3719 manifestum
2970 3679 3235 3734 regnum,
3291 3668 3505 3735 quando
3554 3669 3658 3723 erit
3706 3679 3889 3738 aperta
3935 3699 3947 3707 ~

2311 3750 2409 3808 cla:
2425 3752 2529 3806 itas
2554 3760 2859 3808 sanctorum
2881 3754 3018 3824 ejus,
3039 3765 3159 3826 post
3174 3757 3433 3827 judicium
3465 3761 3532 3815 ab
3556 3775 3619 3816 eo
3640 3759 3846 3815 factum
3869 3776 3887 3814 :

2310 3842 2452 3909 quod
2472 3840 2730 3911 judicium
2761 3847 3007 3916 superius
3032 3848 3144 3921 ipse
3172 3849 3324 3911 dixit,
3350 3851 3495 3925 quod
3518 3844 3694 3906 Filius
3718 3852 3888 3907 homi-

2308 3931 2394 3985 nis
2417 3931 2658 3987 facturus
2684 3934 2787 4001 sit;
2818 3936 2884 3989 de
2908 3951 3014 4005 quo
3036 3952 3201 4007 regno
3219 3939 3379 3991 etiam
3401 3927 3694 4009 Apostolus
3715 3941 3843 3995 dicit
3868 3954 3886 3992 :

2310 4018 2440 4073 Cum
2466 4018 2741 4073 tradiderit
2772 4038 2984 4092 regnum
3010 4023 3119 4079 Deo
3152 4032 3197 4081 et
3229 4023 3379 4079 Patri
3417 4026 3470 4094 (Ι
3501 4025 3620 4080 Cor.
3660 4043 3751 4093 xv,
3773 4027 3885 4098 24).

2311 4109 2461 4166 Unde
2498 4110 2659 4165 etiam
2693 4111 2804 4180 ipse
2839 4112 2966 4167 dicit
2996 4127 3011 4166 :
3052 4111 3224 4170 Venite
3260 4113 3511 4175 benedicti
3551 4115 3728 4170 Patris
3765 4118 3890 4181 mei,

2306 4202 2549 4273 percipite
2597 4220 2810 4275 regnum
2848 4204 2988 4275 quod
3029 4204 3170 4264 vobis
3224 4217 3470 4276 paratum
3512 4217 3586 4261 est
3633 4208 3699 4262 ab
3743 4210 3887 4264 initio

2306 4295 2491 4349 mundi
2520 4292 2731 4367 (Matth.
2769 4312 2895 4361 xxv,
2932 4296 3045 4367 54).
3093 4297 3350 4367 Discipuli
3393 4307 3576 4354 autem
3623 4307 3678 4353 et
3722 4301 3888 4354 turba:

2306 4388 2593 4443 credentes
2614 4389 2666 4442 in
2690 4403 2831 4454 eum,
2855 4385 3178 4463 putaverunt
3200 4390 3347 4445 illum
3370 4391 3449 4452 sic
3473 4392 3685 4445 venisse
3706 4400 3762 4446 ut
3772 4406 3889 4461 ,ιω

2307 4486 2555 4548 regnaret
2583 4497 2596 4532 ε
2628 4480 2731 4534 hoc
2750 4489 2833 4534 est
2854 4479 2989 4534 velle
3017 4495 3204 4549 rapere
3232 4487 3287 4537 et
3315 4496 3496 4551 regem
3525 4480 3721 4545 facere,
3750 4497 3889 4551 prus:

2305 4567 2488 4621 venire
2516 4567 2654 4623 velle
2680 4576 2887 4639 tempus
2909 4566 3046 4638 ejus,
3079 4569 3219 4637 quod
3246 4568 3361 4641 ipse
3385 4569 3523 4637 apud
3559 4584 3618 4623 se
3645 4569 3886 4623 occulta-

2304 4657 2415 4722 bat,
2442 4664 2503 4711 ut
2526 4666 2824 4727 opportune
2848 4659 3100 4726 proderet
3133 4666 3189 4713 et
3224 4665 3524 4727 opportune
3562 4658 3615 4712 in
3656 4657 3758 4712 ﬁne
3787 4675 3887 4713 sa:-

2305 4746 2412 4800 culi
2465 4747 2785 4802 declararet.
2820 4758 2841 4785 ο
2872 4746 3050 4812 Quare
3103 4756 3282 4802 autem
3327 4747 3528 4802 dictum
3565 4758 3669 4813 est,
3708 4750 3887 4819 fugit!

2304 4833 2486 4905 Neque
2517 4838 2660 4891 enim
2688 4837 2733 4892 si
2766 4836 2929 4891 nollet
2958 4845 3251 4901 teneretur,
3288 4837 3333 4892 si
3379 4839 3547 4893 nollet
3586 4848 3882 4908 raperetur,

2305 4912 2470 5003 quisi
2502 4926 2685 4992 nollet,
2717 4943 2816 4989 nec
2848 4936 3248 4997 agnosceretur.
3282 4946 3301 4979 ι
3338 4927 3444 4982 Sed
3482 4929 3585 4984 hoc
3622 4929 3886 5000 signiﬁca-

2310 5016 2415 5085 tive
2440 5015 2640 5073 factum
2674 5026 2776 5072 est.
2823 5018 2980 5081 Solus
3017 5018 3173 5090 fugit,
3200 5034 3267 5073 ne
3296 5020 3587 5073 carnaliter
3616 5028 3880 5090 regnaret,

2306 5104 2431 5173 quia
2466 5106 2611 5163 solus
2648 5108 2890 5167 ascendit
2924 5110 2974 5161 in
3014 5108 3240 5172 caelum,
3274 5109 3414 5162 unde
3451 5109 3762 5177 spiritaliter
3801 5125 3887 5162 re-

2307 5206 2495 5276 gnaret
2523 5197 2576 5252 in
2604 5199 2805 5254 sanctis
2827 5201 2938 5259 suis
2966 5198 3167 5272 (Hebrt
3192 5200 3289 5272 Ix).
3324 5218 3342 5251 ‹
3379 5200 3538 5272 Fugit
3573 5203 3627 5257 in
3660 5212 3881 5256 montem

2306 5287 2413 5358 ipse
2440 5287 2606 5356 solus,
2632 5290 3017 5361 primogenitus
3049 5307 3079 5345 a
3105 5292 3358 5355 mortuis,
3395 5294 3691 5348 ascendens
3722 5306 3886 5361 super

2306 5391 2495 5443 omnes
2506 5378 2687 5444 caelos,
2701 5388 2753 5434 et
2768 5380 3109 5456 interpellans
3118 5396 3220 5450 pro
3241 5382 3411 5436 nobis.
3427 5381 3623 5449 sQuem
3634 5382 3887 5437 sacerdos

2305 5471 2572 5541 signiﬁcat
2592 5473 2757 5536 semel
2778 5473 2830 5527 in
2853 5489 2993 5528 anno
3015 5482 3200 5530 sancta
3220 5483 3533 5537 sanctorum
3554 5473 3889 5546 ingrediens,

2306 5579 2414 5627 non
2436 5565 2551 5619 sine
2565 5565 2841 5636 sanguine,
2855 5566 3398 5637 utinterpella’retpro
3415 5567 3633 5638 populo.
3649 5565 3733 5622 Sic
3754 5580 3888 5619 rnr~

2382 5688 2403 5720 ο
2441 5676 2662 5743 ibidem,
2690 5693 2845 5741 num.
2871 5676 2922 5731 4.
