  <div class='ocr_page' id='page_1' title='image "/cluster/home/n/w/nwhite01/storage/ocr_20150623/100/hvd.32044024239972/418.png"; bbox 0 0 4088 6340; ppageno 0'>
   <div class='ocr_carea' id='block_1_1' title="bbox 226 398 334 457">
    <p class='ocr_par' dir='ltr' id='par_1_1' title="bbox 226 398 334 457">
     <span class='ocr_line' id='line_1_1' title="bbox 226 398 334 457; baseline -0.065 0"><span class='ocrx_word' id='word_1_1' title='bbox 226 398 334 457; x_wconf 68' lang='grc' dir='ltr'><strong>8Ξ3</strong></span> 
     </span>
    </p>
   </div>
   <div class='ocr_carea' id='block_1_2' title="bbox 1041 358 2649 438">
    <p class='ocr_par' dir='ltr' id='par_1_2' title="bbox 1041 358 2649 438">
     <span class='ocr_line' id='line_1_2' title="bbox 1041 358 2649 438; baseline -0.015 0"><span class='ocrx_word' id='word_1_2' title='bbox 1041 374 1450 438; x_wconf 75' lang='lat' dir='ltr'><strong>EXEGETlCA.</strong></span> <span class='ocrx_word' id='word_1_3' title='bbox 1478 403 1548 412; x_wconf 90' lang='lat'><strong>—</strong></span> <span class='ocrx_word' id='word_1_4' title='bbox 1584 364 1936 427; x_wconf 70' lang='lat' dir='ltr'><strong>COMMENT.</strong></span> <span class='ocrx_word' id='word_1_5' title='bbox 1977 365 2043 422; x_wconf 75' lang='grc' dir='ltr'><strong>ΙΝ</strong></span> <span class='ocrx_word' id='word_1_6' title='bbox 2080 361 2272 420; x_wconf 76' lang='lat' dir='ltr'><strong>JOAN.</strong></span> <span class='ocrx_word' id='word_1_7' title='bbox 2300 392 2370 403; x_wconf 91' lang='lat'><strong>—</strong></span> <span class='ocrx_word' id='word_1_8' title='bbox 2394 360 2523 416; x_wconf 82' lang='lat' dir='ltr'><strong>LIB.</strong></span> <span class='ocrx_word' id='word_1_9' title='bbox 2565 358 2649 415; x_wconf 86' lang='grc' dir='ltr'><strong>Ιῐῐ.</strong></span> 
     </span>
    </p>
   </div>
   <div class='ocr_carea' id='block_1_3' title="bbox 3341 352 3480 426">
    <p class='ocr_par' dir='ltr' id='par_1_3' title="bbox 3341 352 3480 426">
     <span class='ocr_line' id='line_1_3' title="bbox 3341 352 3480 426; baseline -0.022 -15"><span class='ocrx_word' id='word_1_10' title='bbox 3341 352 3480 426; x_wconf 50' lang='grc' dir='ltr'><strong> 826</strong></span> 
     </span>
    </p>
   </div>
   <div class='ocr_carea' id='block_1_4' title="bbox 227 463 3480 585">
    <p class='ocr_par' dir='ltr' id='par_1_4' title="bbox 227 463 3480 585">
     <span class='ocr_line' id='line_1_4' title="bbox 227 463 3480 585; baseline -0.014 -21"><span class='ocrx_word' id='word_1_11' title='bbox 227 532 321 572; x_wconf 69' lang='lat' dir='ltr'><strong>sus</strong></span> <span class='ocrx_word' id='word_1_12' title='bbox 344 510 498 585; x_wconf 79' lang='lat' dir='ltr'><strong>[Ms.,</strong></span> <span class='ocrx_word' id='word_1_13' title='bbox 516 501 753 575; x_wconf 84' lang='lat' dir='ltr'><strong>sursum]</strong></span> <span class='ocrx_word' id='word_1_14' title='bbox 770 499 942 573; x_wconf 82' lang='lat' dir='ltr'><strong>posito</strong></span> <span class='ocrx_word' id='word_1_15' title='bbox 961 496 1074 552; x_wconf 89' lang='lat' dir='ltr'><strong>solo</strong></span> <span class='ocrx_word' id='word_1_16' title='bbox 1100 497 1154 549; x_wconf 89' lang='lat' dir='ltr'><strong>in</strong></span> <span class='ocrx_word' id='word_1_17' title='bbox 1175 502 1357 549; x_wconf 91' lang='lat' dir='ltr'><strong>monte</strong></span> <span class='ocrx_word' id='word_1_18' title='bbox 1378 502 1592 559; x_wconf 84' lang='lat' dir='ltr'><strong>magno,</strong></span> <span class='ocrx_word' id='word_1_19' title='bbox 1605 483 1694 553; x_wconf 89' lang='lat' dir='ltr'><strong>qui</strong></span> <span class='ocrx_word' id='word_1_20' title='bbox 1717 482 1803 536; x_wconf 91' lang='lat' dir='ltr'><strong>in-</strong></span> <span class='ocrx_word' id='word_1_21' title='bbox 1834 489 1879 543; x_wconf 83' lang='grc' dir='ltr'>Α</span> <span class='ocrx_word' id='word_1_22' title='bbox 1908 474 2188 548; x_wconf 85' lang='lat' dir='ltr'><strong>peraddito</strong></span> <span class='ocrx_word' id='word_1_23' title='bbox 2214 471 2343 545; x_wconf 82' lang='lat' dir='ltr'><strong>[Ms.</strong></span> <span class='ocrx_word' id='word_1_24' title='bbox 2369 481 2416 526; x_wconf 85' lang='lat' dir='ltr'><strong>et</strong></span> <span class='ocrx_word' id='word_1_25' title='bbox 2438 472 2594 540; x_wconf 83' lang='lat' dir='ltr'><strong>Aug.,</strong></span> <span class='ocrx_word' id='word_1_26' title='bbox 2622 465 2825 522; x_wconf 83' lang='lat' dir='ltr'><strong>faciunt</strong></span> <span class='ocrx_word' id='word_1_27' title='bbox 2848 463 3035 534; x_wconf 90' lang='lat' dir='ltr'><strong>viginti</strong></span> <span class='ocrx_word' id='word_1_28' title='bbox 3063 463 3316 533; x_wconf 90' lang='lat' dir='ltr'><strong>quinque,</strong></span> <span class='ocrx_word' id='word_1_29' title='bbox 3347 479 3480 532; x_wconf 86' lang='lat' dir='ltr'><strong>qna-</strong></span> 
     </span>
     <span class='ocr_line' id='line_1_5' title="bbox 1422 556 3450 585; baseline 0 0"><span class='ocrx_word' id='word_1_30' title='bbox 1422 584 1429 585; x_wconf 58' lang='lat'><strong><em>,</em></strong></span> <span class='ocrx_word' id='word_1_31' title='bbox 1597 577 1627 585; x_wconf 85' lang='grc'><strong>..</strong></span> <span class='ocrx_word' id='word_1_32' title='bbox 1683 576 1698 585; x_wconf 84' lang='grc'>.</span> <span class='ocrx_word' id='word_1_33' title='bbox 1757 574 1770 585; x_wconf 81' lang='grc'><strong>.</strong></span> <span class='ocrx_word' id='word_1_34' title='bbox 1921 569 1937 585; x_wconf 71' lang='grc' dir='ltr'><strong>ι</strong></span> <span class='ocrx_word' id='word_1_35' title='bbox 2008 577 2020 585; x_wconf 86' lang='grc'><strong>.</strong></span> <span class='ocrx_word' id='word_1_36' title='bbox 2100 584 2105 585; x_wconf 62' lang='lat'><strong><em>,</em></strong></span> <span class='ocrx_word' id='word_1_37' title='bbox 2153 582 2179 585; x_wconf 30' lang='grc' dir='ltr'><strong>ς</strong></span> <span class='ocrx_word' id='word_1_38' title='bbox 2218 561 2472 585; x_wconf 58' lang='lat'><strong>9,-_.9__..1</strong></span> <span class='ocrx_word' id='word_1_39' title='bbox 2527 561 2633 585; x_wconf 56' lang='lat' dir='ltr'><strong>ﬂ-)</strong></span> <span class='ocrx_word' id='word_1_40' title='bbox 2664 560 2792 585; x_wconf 54' lang='lat' dir='ltr'><strong>1.--:l.</strong></span> <span class='ocrx_word' id='word_1_41' title='bbox 2828 559 2928 585; x_wconf 74' lang='grc' dir='ltr'><strong>1,....ε</strong></span> <span class='ocrx_word' id='word_1_42' title='bbox 2988 565 3274 585; x_wconf 59' lang='lat' dir='ltr'><strong>nmina-unm</strong></span> <span class='ocrx_word' id='word_1_43' title='bbox 3304 556 3450 585; x_wconf 64' lang='grc' dir='ltr'><strong>Πνηη</strong></span> 
     </span>
    </p>
   </div>
   <div class='ocr_carea' id='block_1_5' title="bbox 227 574 1802 663">
    <p class='ocr_par' dir='ltr' id='par_1_5' title="bbox 227 574 1802 663">
     <span class='ocr_line' id='line_1_6' title="bbox 227 574 1802 663; baseline -0.022 0"><span class='ocrx_word' id='word_1_44' title='bbox 227 574 393 663; x_wconf 82' lang='lat' dir='ltr'><strong>travit</strong></span> <span class='ocrx_word' id='word_1_45' title='bbox 414 603 470 658; x_wconf 91' lang='lat' dir='ltr'><strong>in</strong></span> <span class='ocrx_word' id='word_1_46' title='bbox 486 574 749 655; x_wconf 86' lang='lat' dir='ltr'><strong>interiora</strong></span> <span class='ocrx_word' id='word_1_47' title='bbox 758 592 881 657; x_wconf 89' lang='lat' dir='ltr'><strong>veli,</strong></span> <span class='ocrx_word' id='word_1_48' title='bbox 896 589 1028 647; x_wconf 87' lang='lat' dir='ltr'><strong>foris</strong></span> <span class='ocrx_word' id='word_1_49' title='bbox 1046 587 1241 659; x_wconf 89' lang='lat' dir='ltr'><strong>populo</strong></span> <span class='ocrx_word' id='word_1_50' title='bbox 1261 584 1575 641; x_wconf 89' lang='lat' dir='ltr'><strong>constituto.</strong></span> <span class='ocrx_word' id='word_1_51' title='bbox 1594 576 1702 633; x_wconf 86' lang='lat' dir='ltr'><strong>Sed</strong></span> <span class='ocrx_word' id='word_1_52' title='bbox 1723 574 1802 629; x_wconf 88' lang='lat' dir='ltr'><strong>vi-</strong></span> 
     </span>
    </p>
   </div>
   <div class='ocr_carea' id='block_1_6' title="bbox 231 668 1805 762">
    <p class='ocr_par' dir='ltr' id='par_1_6' title="bbox 231 668 1805 762">
     <span class='ocr_line' id='line_1_7' title="bbox 231 668 1805 762; baseline -0.023 -8"><span class='ocrx_word' id='word_1_53' title='bbox 231 699 456 755; x_wconf 84' lang='lat' dir='ltr'><strong>deamus</strong></span> <span class='ocrx_word' id='word_1_54' title='bbox 485 690 615 762; x_wconf 89' lang='lat' dir='ltr'><strong>quid</strong></span> <span class='ocrx_word' id='word_1_55' title='bbox 642 688 733 744; x_wconf 91' lang='lat' dir='ltr'><strong>illo</strong></span> <span class='ocrx_word' id='word_1_56' title='bbox 754 687 895 741; x_wconf 88' lang='lat' dir='ltr'><strong>intra</strong></span> <span class='ocrx_word' id='word_1_57' title='bbox 916 682 1091 737; x_wconf 80' lang='lat' dir='ltr'><strong>velum</strong></span> <span class='ocrx_word' id='word_1_58' title='bbox 1116 676 1353 734; x_wconf 81' lang='lat' dir='ltr'><strong>caelestis</strong></span> <span class='ocrx_word' id='word_1_59' title='bbox 1377 668 1674 728; x_wconf 90' lang='lat' dir='ltr'><strong>altitudinis</strong></span> <span class='ocrx_word' id='word_1_60' title='bbox 1695 680 1805 720; x_wconf 88' lang='lat' dir='ltr'><strong>mo-</strong></span> 
     </span>
    </p>
   </div>
   <div class='ocr_carea' id='block_1_7' title="bbox 232 757 1807 854">
    <p class='ocr_par' dir='ltr' id='par_1_7' title="bbox 232 757 1807 854">
     <span class='ocr_line' id='line_1_8' title="bbox 232 757 1807 854; baseline -0.023 -10"><span class='ocrx_word' id='word_1_61' title='bbox 232 797 409 847; x_wconf 88' lang='lat' dir='ltr'><strong>rante,</strong></span> <span class='ocrx_word' id='word_1_62' title='bbox 434 757 560 854; x_wconf 80' lang='lat' dir='ltr'><strong>quid</strong></span> <span class='ocrx_word' id='word_1_63' title='bbox 579 778 820 849; x_wconf 84' lang='lat' dir='ltr'><strong>discipuli</strong></span> <span class='ocrx_word' id='word_1_64' title='bbox 839 776 893 830; x_wconf 91' lang='lat' dir='ltr'><strong>in</strong></span> <span class='ocrx_word' id='word_1_65' title='bbox 913 770 1158 828; x_wconf 79' lang='lat' dir='ltr'><strong>navicula</strong></span> <span class='ocrx_word' id='word_1_66' title='bbox 1172 762 1547 838; x_wconf 88' lang='lat' dir='ltr'><strong>patiebantur?</strong></span> <span class='ocrx_word' id='word_1_67' title='bbox 1567 757 1704 826; x_wconf 85' lang='lat' dir='ltr'><strong>Quid</strong></span> <span class='ocrx_word' id='word_1_68' title='bbox 1723 762 1807 811; x_wconf 90' lang='lat' dir='ltr'><strong>est</strong></span> 
     </span>
    </p>
   </div>
   <div class='ocr_carea' id='block_1_8' title="bbox 233 849 1807 949">
    <p class='ocr_par' dir='ltr' id='par_1_8' title="bbox 233 849 1807 949">
     <span class='ocr_line' id='line_1_9' title="bbox 233 849 1807 949; baseline -0.024 -15"><span class='ocrx_word' id='word_1_69' title='bbox 233 849 481 935; x_wconf 76' lang='lat' dir='ltr'><strong>navicula</strong></span> <span class='ocrx_word' id='word_1_70' title='bbox 501 887 622 949; x_wconf 64' lang='lat' dir='ltr'><strong>qua:</strong></span> <span class='ocrx_word' id='word_1_71' title='bbox 638 886 667 923; x_wconf 88' lang='lat' dir='ltr'><strong>a</strong></span> <span class='ocrx_word' id='word_1_72' title='bbox 685 861 1264 931; x_wconf 82' lang='lat' dir='ltr'><strong>ﬂuctibusjactabatur,</strong></span> <span class='ocrx_word' id='word_1_73' title='bbox 1287 855 1391 910; x_wconf 89' lang='lat' dir='ltr'><strong>nisi</strong></span> <span class='ocrx_word' id='word_1_74' title='bbox 1412 849 1672 913; x_wconf 85' lang='lat' dir='ltr'><strong>Ecclesia,</strong></span> <span class='ocrx_word' id='word_1_75' title='bbox 1689 859 1807 915; x_wconf 66' lang='lat' dir='ltr'><strong>quae</strong></span> 
     </span>
    </p>
   </div>
   <div class='ocr_carea' id='block_1_9' title="bbox 232 944 1811 1045">
    <p class='ocr_par' dir='ltr' id='par_1_9' title="bbox 232 944 1811 1045">
     <span class='ocr_line' id='line_1_10' title="bbox 232 944 1811 1045; baseline -0.022 -17"><span class='ocrx_word' id='word_1_76' title='bbox 232 944 699 1045; x_wconf 84' lang='lat' dir='ltr'><strong>persecutionibus</strong></span> <span class='ocrx_word' id='word_1_77' title='bbox 719 946 971 1032; x_wconf 79' lang='lat' dir='ltr'><strong>fatigatur</strong></span> <span class='ocrx_word' id='word_1_78' title='bbox 988 964 1042 1011; x_wconf 92' lang='lat' dir='ltr'><strong>et</strong></span> <span class='ocrx_word' id='word_1_79' title='bbox 1063 955 1193 1011; x_wconf 88' lang='lat' dir='ltr'><strong>foris</strong></span> <span class='ocrx_word' id='word_1_80' title='bbox 1210 960 1262 1008; x_wconf 92' lang='lat' dir='ltr'><strong>et</strong></span> <span class='ocrx_word' id='word_1_81' title='bbox 1282 948 1458 1006; x_wconf 86' lang='lat' dir='ltr'><strong>intus?</strong></span> <span class='ocrx_word' id='word_1_82' title='bbox 1479 944 1633 1000; x_wconf 82' lang='lat' dir='ltr'><strong>Foris</strong></span> <span class='ocrx_word' id='word_1_83' title='bbox 1658 959 1690 997; x_wconf 90' lang='lat' dir='ltr'><strong>a</strong></span> <span class='ocrx_word' id='word_1_84' title='bbox 1717 956 1811 1011; x_wconf 83' lang='lat' dir='ltr'><strong>pa-</strong></span> 
     </span>
    </p>
   </div>
   <div class='ocr_carea' id='block_1_10' title="bbox 1904 556 3481 637">
    <p class='ocr_par' dir='ltr' id='par_1_10' title="bbox 1904 556 3481 637">
     <span class='ocr_line' id='line_1_11' title="bbox 1904 556 3481 637; baseline -0.009 -12"><span class='ocrx_word' id='word_1_85' title='bbox 1904 569 2119 624; x_wconf 87' lang='lat' dir='ltr'><strong>dratum</strong></span> <span class='ocrx_word' id='word_1_86' title='bbox 2144 561 2494 637; x_wconf 90' lang='lat' dir='ltr'><strong>quinarium].</strong></span> <span class='ocrx_word' id='word_1_87' title='bbox 2527 561 2635 617; x_wconf 86' lang='lat' dir='ltr'><strong>Sed</strong></span> <span class='ocrx_word' id='word_1_88' title='bbox 2664 560 2793 615; x_wconf 89' lang='lat' dir='ltr'><strong>huic</strong></span> <span class='ocrx_word' id='word_1_89' title='bbox 2828 559 2952 629; x_wconf 85' lang='lat' dir='ltr'><strong>legi,</strong></span> <span class='ocrx_word' id='word_1_90' title='bbox 2988 565 3276 626; x_wconf 91' lang='lat' dir='ltr'><strong>antequam</strong></span> <span class='ocrx_word' id='word_1_91' title='bbox 3304 556 3481 611; x_wconf 86' lang='lat' dir='ltr'><strong>Evan-</strong></span> 
     </span>
    </p>
   </div>
   <div class='ocr_carea' id='block_1_11' title="bbox 1906 648 3486 733">
    <p class='ocr_par' dir='ltr' id='par_1_11' title="bbox 1906 648 3486 733">
     <span class='ocr_line' id='line_1_12' title="bbox 1906 648 3486 733; baseline -0.007 -18"><span class='ocrx_word' id='word_1_92' title='bbox 1906 660 2103 733; x_wconf 86' lang='lat' dir='ltr'><strong>gelium</strong></span> <span class='ocrx_word' id='word_1_93' title='bbox 2124 659 2361 723; x_wconf 83' lang='lat' dir='ltr'><strong>veniret,</strong></span> <span class='ocrx_word' id='word_1_94' title='bbox 2390 659 2574 711; x_wconf 89' lang='lat' dir='ltr'><strong>deerat</strong></span> <span class='ocrx_word' id='word_1_95' title='bbox 2602 650 2880 723; x_wconf 75' lang='lat' dir='ltr'><strong>perfectio.</strong></span> <span class='ocrx_word' id='word_1_96' title='bbox 2920 648 3189 704; x_wconf 81' lang='lat' dir='ltr'><strong>Perfectio</strong></span> <span class='ocrx_word' id='word_1_97' title='bbox 3222 656 3400 702; x_wconf 88' lang='lat' dir='ltr'><strong>autem</strong></span> <span class='ocrx_word' id='word_1_98' title='bbox 3426 648 3486 704; x_wconf 90' lang='lat' dir='ltr'><strong>in</strong></span> 
     </span>
    </p>
   </div>
   <div class='ocr_carea' id='block_1_12' title="bbox 1907 738 3490 813">
    <p class='ocr_par' dir='ltr' id='par_1_12' title="bbox 1907 738 3490 813">
     <span class='ocr_line' id='line_1_13' title="bbox 1907 738 3490 813; baseline -0.008 -6"><span class='ocrx_word' id='word_1_99' title='bbox 1907 751 2122 807; x_wconf 84' lang='lat' dir='ltr'><strong>senario</strong></span> <span class='ocrx_word' id='word_1_100' title='bbox 2170 762 2397 805; x_wconf 91' lang='lat' dir='ltr'><strong>numero</strong></span> <span class='ocrx_word' id='word_1_101' title='bbox 2442 743 2935 813; x_wconf 80' lang='lat' dir='ltr'><strong>comprehenditur.</strong></span> <span class='ocrx_word' id='word_1_102' title='bbox 2987 759 3006 791; x_wconf 75' lang='grc' dir='ltr'><strong>ι</strong></span> <span class='ocrx_word' id='word_1_103' title='bbox 3059 738 3196 794; x_wconf 88' lang='lat' dir='ltr'><strong>Nam</strong></span> <span class='ocrx_word' id='word_1_104' title='bbox 3240 738 3490 795; x_wconf 84' lang='lat' dir='ltr'><strong>senarius</strong></span> 
     </span>
    </p>
   </div>
   <div class='ocr_carea' id='block_1_13' title="bbox 1908 823 3493 909">
    <p class='ocr_par' dir='ltr' id='par_1_13' title="bbox 1908 823 3493 909">
     <span class='ocr_line' id='line_1_14' title="bbox 1908 823 3493 909; baseline -0.008 -14"><span class='ocrx_word' id='word_1_105' title='bbox 1908 855 2166 896; x_wconf 89' lang='lat' dir='ltr'><strong>numerus</strong></span> <span class='ocrx_word' id='word_1_106' title='bbox 2198 836 2472 909; x_wconf 86' lang='lat' dir='ltr'><strong>perfectus</strong></span> <span class='ocrx_word' id='word_1_107' title='bbox 2505 845 2619 898; x_wconf 88' lang='lat' dir='ltr'><strong>est,</strong></span> <span class='ocrx_word' id='word_1_108' title='bbox 2643 823 2715 887; x_wconf 52' lang='lat' dir='ltr'><strong>&#39;et</strong></span> <span class='ocrx_word' id='word_1_109' title='bbox 2750 832 2992 902; x_wconf 90' lang='lat' dir='ltr'><strong>partibus</strong></span> <span class='ocrx_word' id='word_1_110' title='bbox 3030 830 3142 885; x_wconf 90' lang='lat' dir='ltr'><strong>suis</strong></span> <span class='ocrx_word' id='word_1_111' title='bbox 3183 828 3493 898; x_wconf 83' lang='lat' dir='ltr'><strong>implebitur</strong></span> 
     </span>
    </p>
   </div>
   <div class='ocr_carea' id='block_1_14' title="bbox 1911 917 3491 1003">
    <p class='ocr_par' dir='ltr' id='par_1_14' title="bbox 1911 917 3491 1003">
     <span class='ocr_line' id='line_1_15' title="bbox 1911 917 3491 1003; baseline -0.008 -18"><span class='ocrx_word' id='word_1_112' title='bbox 1911 930 2066 1003; x_wconf 80' lang='lat' dir='ltr'><strong>[Ms.,</strong></span> <span class='ocrx_word' id='word_1_113' title='bbox 2113 926 2406 999; x_wconf 82' lang='lat' dir='ltr'><strong>impletur].</strong></span> <span class='ocrx_word' id='word_1_114' title='bbox 2449 926 2504 980; x_wconf 89' lang='lat' dir='ltr'><strong>ld</strong></span> <span class='ocrx_word' id='word_1_115' title='bbox 2542 933 2646 989; x_wconf 89' lang='lat' dir='ltr'><strong>est,</strong></span> <span class='ocrx_word' id='word_1_116' title='bbox 2684 938 2870 986; x_wconf 88' lang='lat' dir='ltr'><strong>unum,</strong></span> <span class='ocrx_word' id='word_1_117' title='bbox 2912 921 3037 985; x_wconf 88' lang='lat' dir='ltr'><strong>duo,</strong></span> <span class='ocrx_word' id='word_1_118' title='bbox 3069 928 3199 974; x_wconf 89' lang='lat' dir='ltr'><strong>tres.</strong></span> <span class='ocrx_word' id='word_1_119' title='bbox 3231 917 3340 974; x_wconf 88' lang='lat' dir='ltr'><strong>Nec</strong></span> <span class='ocrx_word' id='word_1_120' title='bbox 3371 918 3491 973; x_wconf 66' lang='lat' dir='ltr'><strong>aliae</strong></span> 
     </span>
    </p>
   </div>
   <div class='ocr_carea' id='block_1_15' title="bbox 236 1010 3494 1136">
    <p class='ocr_par' dir='ltr' id='par_1_15' title="bbox 236 1010 3494 1136">
     <span class='ocr_line' id='line_1_16' title="bbox 236 1010 1731 1045; baseline -0.022 -17"><span class='ocrx_word' id='word_1_121' title='bbox 236 1010 698 1045; x_wconf 57' lang='grc' dir='ltr'><strong>μυ.οιυ....υ....,..-</strong></span> <span class='ocrx_word' id='word_1_122' title='bbox 720 1010 960 1032; x_wconf 36' lang='grc' dir='ltr'><strong>---Ὅτῳ</strong></span> <span class='ocrx_word' id='word_1_123' title='bbox 996 1010 1011 1011; x_wconf 56' lang='lat'><strong><em>,</em></strong></span> <span class='ocrx_word' id='word_1_124' title='bbox 1094 1010 1101 1011; x_wconf 54' lang='lat'><strong><em>,</em></strong></span> <span class='ocrx_word' id='word_1_125' title='bbox 1720 1010 1731 1011; x_wconf 18' lang='grc' dir='ltr'>ί</span> 
     </span>
     <span class='ocr_line' id='line_1_17' title="bbox 236 1010 3494 1136; baseline -0.018 -16"><span class='ocrx_word' id='word_1_126' title='bbox 236 1064 391 1136; x_wconf 79' lang='lat' dir='ltr'><strong>ganis</strong></span> <span class='ocrx_word' id='word_1_127' title='bbox 425 1067 611 1132; x_wconf 87' lang='lat' dir='ltr'><strong>aperta</strong></span> <span class='ocrx_word' id='word_1_128' title='bbox 651 1052 1067 1126; x_wconf 86' lang='lat' dir='ltr'><strong>persecutione:</strong></span> <span class='ocrx_word' id='word_1_129' title='bbox 1101 1047 1245 1100; x_wconf 85' lang='lat' dir='ltr'><strong>intus</strong></span> <span class='ocrx_word' id='word_1_130' title='bbox 1282 1058 1313 1097; x_wconf 90' lang='lat' dir='ltr'><strong>a</strong></span> <span class='ocrx_word' id='word_1_131' title='bbox 1360 1038 1510 1096; x_wconf 84' lang='lat' dir='ltr'><strong>falsis</strong></span> <span class='ocrx_word' id='word_1_132' title='bbox 1556 1033 1811 1090; x_wconf 78' lang='lat' dir='ltr'><strong>fratribus</strong></span> <span class='ocrx_word' id='word_1_133' title='bbox 1909 1031 2093 1093; x_wconf 82' lang='lat' dir='ltr'><strong>partes</strong></span> <span class='ocrx_word' id='word_1_134' title='bbox 2132 1021 2188 1075; x_wconf 92' lang='lat' dir='ltr'><strong>in</strong></span> <span class='ocrx_word' id='word_1_135' title='bbox 2227 1035 2293 1074; x_wconf 91' lang='lat' dir='ltr'><strong>eo</strong></span> <span class='ocrx_word' id='word_1_136' title='bbox 2333 1016 2559 1073; x_wconf 80' lang='lat' dir='ltr'><strong>inveniri</strong></span> <span class='ocrx_word' id='word_1_137' title='bbox 2600 1021 2842 1086; x_wconf 82' lang='lat' dir='ltr'><strong>possunt,</strong></span> <span class='ocrx_word' id='word_1_138' title='bbox 2880 1026 2977 1066; x_wconf 88' lang='lat' dir='ltr'><strong>nec</strong></span> <span class='ocrx_word' id='word_1_139' title='bbox 3016 1010 3120 1065; x_wconf 54' lang='lat' dir='ltr'><strong>illa?</strong></span> <span class='ocrx_word' id='word_1_140' title='bbox 3157 1017 3338 1080; x_wconf 87' lang='lat' dir='ltr'><strong>partes</strong></span> <span class='ocrx_word' id='word_1_141' title='bbox 3365 1024 3494 1064; x_wconf 85' lang='lat' dir='ltr'><strong>con—</strong></span> 
     </span>
     <span class='ocr_line' id='line_1_18' title="bbox 1913 1102 3468 1136; baseline -0.01 3"><span class='ocrx_word' id='word_1_142' title='bbox 1913 1117 1927 1136; x_wconf 72' lang='lat'><strong><em>9</em></strong></span> <span class='ocrx_word' id='word_1_143' title='bbox 1953 1123 2102 1136; x_wconf 42' lang='lat'><strong>._,-._</strong></span> <span class='ocrx_word' id='word_1_144' title='bbox 2139 1113 2281 1136; x_wconf 59' lang='lat'><strong>-12--)</strong></span> <span class='ocrx_word' id='word_1_145' title='bbox 2321 1111 2444 1136; x_wconf 65' lang='grc' dir='ltr'><strong>--.ελ</strong></span> <span class='ocrx_word' id='word_1_146' title='bbox 2481 1107 2569 1136; x_wconf 79' lang='lat' dir='ltr'><strong>ru</strong></span> <span class='ocrx_word' id='word_1_147' title='bbox 2667 1103 2888 1136; x_wconf 65' lang='grc' dir='ltr'><strong>ηιὲηηίιη</strong></span> <span class='ocrx_word' id='word_1_148' title='bbox 2936 1102 3203 1136; x_wconf 51' lang='lat' dir='ltr'><strong>“annnam,</strong></span> <span class='ocrx_word' id='word_1_149' title='bbox 3248 1108 3468 1136; x_wconf 50' lang='lat' dir='ltr'><strong>manu&quot;</strong></span> 
     </span>
    </p>
   </div>
   <div class='ocr_carea' id='block_1_16' title="bbox 236 1136 1189 1209">
    <p class='ocr_par' dir='ltr' id='par_1_16' title="bbox 236 1136 1189 1209">
     <span class='ocr_line' id='line_1_19' title="bbox 236 1136 1189 1209; baseline -0.022 0"><span class='ocrx_word' id='word_1_150' title='bbox 236 1152 449 1209; x_wconf 86' lang='lat' dir='ltr'><strong>occulta</strong></span> <span class='ocrx_word' id='word_1_151' title='bbox 480 1142 769 1203; x_wconf 68' lang='lat' dir='ltr'><strong>seditione.</strong></span> <span class='ocrx_word' id='word_1_152' title='bbox 791 1140 915 1197; x_wconf 87' lang='lat' dir='ltr'><strong>ideo</strong></span> <span class='ocrx_word' id='word_1_153' title='bbox 942 1136 1147 1193; x_wconf 79' lang='lat' dir='ltr'><strong>addidit</strong></span> <span class='ocrx_word' id='word_1_154' title='bbox 1177 1152 1189 1188; x_wconf 91' lang='lat'>:</span> 
     </span>
    </p>
   </div>
   <div class='ocr_carea' id='block_1_17' title="bbox 312 1217 1811 1315">
    <p class='ocr_par' dir='ltr' id='par_1_17' title="bbox 312 1217 1811 1315">
     <span class='ocr_line' id='line_1_20' title="bbox 312 1217 1811 1315; baseline -0.023 -14"><span class='ocrx_word' id='word_1_155' title='bbox 312 1243 472 1315; x_wconf 77' lang='lat'><strong>522</strong></span> <span class='ocrx_word' id='word_1_156' title='bbox 510 1240 674 1295; x_wconf 71' lang='lat' dir='ltr'><strong>Vnus.</strong></span> <span class='ocrx_word' id='word_1_157' title='bbox 712 1234 801 1299; x_wconf 76' lang='lat' dir='ltr'><strong>l6,</strong></span> <span class='ocrx_word' id='word_1_158' title='bbox 837 1230 925 1286; x_wconf 81' lang='grc'><strong>17.</strong></span> <span class='ocrx_word' id='word_1_159' title='bbox 962 1258 1034 1270; x_wconf 88' lang='lat'><strong>—-—</strong></span> <span class='ocrx_word' id='word_1_160' title='bbox 1073 1225 1140 1280; x_wconf 90' lang='lat' dir='ltr'><strong>Ut</strong></span> <span class='ocrx_word' id='word_1_161' title='bbox 1164 1232 1334 1279; x_wconf 88' lang='lat' dir='ltr'><strong>autem</strong></span> <span class='ocrx_word' id='word_1_162' title='bbox 1359 1236 1472 1275; x_wconf 91' lang='lat' dir='ltr'><strong>sero</strong></span> <span class='ocrx_word' id='word_1_163' title='bbox 1502 1217 1697 1287; x_wconf 80' lang='lat' dir='ltr'><strong>factum</strong></span> <span class='ocrx_word' id='word_1_164' title='bbox 1716 1222 1811 1279; x_wconf 87' lang='lat' dir='ltr'><strong>est,</strong></span> 
     </span>
    </p>
   </div>
   <div class='ocr_carea' id='block_1_18' title="bbox 239 1304 1816 1395">
    <p class='ocr_par' dir='ltr' id='par_1_18' title="bbox 239 1304 1816 1395">
     <span class='ocr_line' id='line_1_21' title="bbox 239 1304 1816 1395; baseline -0.022 -5"><span class='ocrx_word' id='word_1_165' title='bbox 239 1330 616 1395; x_wconf 83' lang='lat' dir='ltr'><strong>descenderunt</strong></span> <span class='ocrx_word' id='word_1_166' title='bbox 641 1320 884 1394; x_wconf 75' lang='lat' dir='ltr'><strong>discipuli</strong></span> <span class='ocrx_word' id='word_1_167' title='bbox 909 1319 1021 1391; x_wconf 87' lang='lat' dir='ltr'><strong>ejus</strong></span> <span class='ocrx_word' id='word_1_168' title='bbox 1050 1314 1118 1370; x_wconf 87' lang='lat' dir='ltr'><strong>ad</strong></span> <span class='ocrx_word' id='word_1_169' title='bbox 1146 1329 1308 1377; x_wconf 87' lang='lat' dir='ltr'><strong>mare,</strong></span> <span class='ocrx_word' id='word_1_170' title='bbox 1332 1319 1378 1365; x_wconf 88' lang='lat' dir='ltr'><strong>et</strong></span> <span class='ocrx_word' id='word_1_171' title='bbox 1406 1325 1523 1362; x_wconf 87' lang='lat' dir='ltr'><strong>cum</strong></span> <span class='ocrx_word' id='word_1_172' title='bbox 1550 1304 1816 1361; x_wconf 87' lang='lat' dir='ltr'><strong>ascendis-</strong></span> 
     </span>
    </p>
   </div>
   <div class='ocr_carea' id='block_1_19' title="bbox 236 1396 1813 1479">
    <p class='ocr_par' dir='ltr' id='par_1_19' title="bbox 236 1396 1813 1479">
     <span class='ocr_line' id='line_1_22' title="bbox 236 1396 1813 1479; baseline -0.022 -1"><span class='ocrx_word' id='word_1_173' title='bbox 236 1431 356 1479; x_wconf 84' lang='lat' dir='ltr'><strong>sent</strong></span> <span class='ocrx_word' id='word_1_174' title='bbox 378 1416 694 1479; x_wconf 78' lang='lat' dir='ltr'><strong>naviculam,</strong></span> <span class='ocrx_word' id='word_1_175' title='bbox 722 1417 968 1469; x_wconf 85' lang='lat' dir='ltr'><strong>venerunt</strong></span> <span class='ocrx_word' id='word_1_176' title='bbox 995 1416 1139 1460; x_wconf 89' lang='lat' dir='ltr'><strong>trans</strong></span> <span class='ocrx_word' id='word_1_177' title='bbox 1165 1417 1309 1457; x_wconf 88' lang='lat' dir='ltr'><strong>mare</strong></span> <span class='ocrx_word' id='word_1_178' title='bbox 1340 1400 1395 1453; x_wconf 85' lang='lat' dir='ltr'><strong>in</strong></span> <span class='ocrx_word' id='word_1_179' title='bbox 1424 1396 1813 1467; x_wconf 85' lang='lat' dir='ltr'><strong>Capharnaum.</strong></span> 
     </span>
    </p>
   </div>
   <div class='ocr_carea' id='block_1_20' title="bbox 245 1481 1823 1570">
    <p class='ocr_par' dir='ltr' id='par_1_20' title="bbox 245 1481 1823 1570">
     <span class='ocr_line' id='line_1_23' title="bbox 245 1481 1823 1570; baseline -0.022 0"><span class='ocrx_word' id='word_1_180' title='bbox 245 1532 273 1570; x_wconf 71' lang='grc' dir='ltr'><strong><em>ο</em></strong></span> <span class='ocrx_word' id='word_1_181' title='bbox 308 1527 336 1556; x_wconf 79' lang='grc' dir='ltr'>ι</span> <span class='ocrx_word' id='word_1_182' title='bbox 364 1512 484 1568; x_wconf 88' lang='lat' dir='ltr'><strong>Cito</strong></span> <span class='ocrx_word' id='word_1_183' title='bbox 507 1509 643 1563; x_wconf 83' lang='lat' dir='ltr'><strong>dixit</strong></span> <span class='ocrx_word' id='word_1_184' title='bbox 670 1506 908 1565; x_wconf 81' lang='lat' dir='ltr'><strong>finitum,</strong></span> <span class='ocrx_word' id='word_1_185' title='bbox 938 1499 1079 1569; x_wconf 91' lang='lat' dir='ltr'><strong>quod</strong></span> <span class='ocrx_word' id='word_1_186' title='bbox 1122 1503 1306 1565; x_wconf 91' lang='lat' dir='ltr'><strong>postea</strong></span> <span class='ocrx_word' id='word_1_187' title='bbox 1349 1491 1548 1545; x_wconf 88' lang='lat' dir='ltr'><strong>factum</strong></span> <span class='ocrx_word' id='word_1_188' title='bbox 1583 1494 1683 1541; x_wconf 88' lang='lat' dir='ltr'><strong>est.</strong></span> <span class='ocrx_word' id='word_1_189' title='bbox 1727 1481 1823 1537; x_wconf 82' lang='lat' dir='ltr'><strong>Ve-</strong></span> 
     </span>
    </p>
   </div>
   <div class='ocr_carea' id='block_1_21' title="bbox 242 1577 1853 1662">
    <p class='ocr_par' dir='ltr' id='par_1_21' title="bbox 242 1577 1853 1662">
     <span class='ocr_line' id='line_1_24' title="bbox 242 1577 1853 1662; baseline -0.025 -1"><span class='ocrx_word' id='word_1_190' title='bbox 242 1611 432 1662; x_wconf 80' lang='lat' dir='ltr'><strong>nerunt</strong></span> <span class='ocrx_word' id='word_1_191' title='bbox 452 1609 597 1654; x_wconf 86' lang='lat' dir='ltr'><strong>trans</strong></span> <span class='ocrx_word' id='word_1_192' title='bbox 621 1612 763 1653; x_wconf 84' lang='lat' dir='ltr'><strong>mare</strong></span> <span class='ocrx_word' id='word_1_193' title='bbox 786 1595 840 1647; x_wconf 87' lang='lat' dir='ltr'><strong>in</strong></span> <span class='ocrx_word' id='word_1_194' title='bbox 864 1590 1253 1662; x_wconf 82' lang='lat' dir='ltr'><strong>Capltarnaum.</strong></span> <span class='ocrx_word' id='word_1_195' title='bbox 1281 1582 1349 1636; x_wconf 83' lang='lat' dir='ltr'><strong>Et</strong></span> <span class='ocrx_word' id='word_1_196' title='bbox 1377 1577 1534 1642; x_wconf 84' lang='lat' dir='ltr'><strong>redit,</strong></span> <span class='ocrx_word' id='word_1_197' title='bbox 1572 1584 1634 1630; x_wconf 88' lang='lat' dir='ltr'><strong>ut</strong></span> <span class='ocrx_word' id='word_1_198' title='bbox 1659 1587 1824 1642; x_wconf 78' lang='lat' dir='ltr'><strong>expo—</strong></span> <span class='ocrx_word' id='word_1_199' title='bbox 1842 1608 1853 1619; x_wconf 88' lang='lat'><strong>.</strong></span> 
     </span>
    </p>
   </div>
   <div class='ocr_carea' id='block_1_22' title="bbox 242 1666 1824 1763">
    <p class='ocr_par' dir='ltr' id='par_1_22' title="bbox 242 1666 1824 1763">
     <span class='ocr_line' id='line_1_25' title="bbox 242 1666 1824 1763; baseline -0.021 -14"><span class='ocrx_word' id='word_1_200' title='bbox 242 1702 341 1757; x_wconf 82' lang='lat' dir='ltr'><strong>nat</strong></span> <span class='ocrx_word' id='word_1_201' title='bbox 367 1690 635 1763; x_wconf 90' lang='lat' dir='ltr'><strong>quomodo</strong></span> <span class='ocrx_word' id='word_1_202' title='bbox 657 1691 938 1747; x_wconf 81' lang='lat' dir='ltr'><strong>venerunt,</strong></span> <span class='ocrx_word' id='word_1_203' title='bbox 963 1680 1087 1750; x_wconf 89' lang='lat' dir='ltr'><strong>quia</strong></span> <span class='ocrx_word' id='word_1_204' title='bbox 1114 1691 1212 1751; x_wconf 89' lang='lat' dir='ltr'><strong>per</strong></span> <span class='ocrx_word' id='word_1_205' title='bbox 1233 1682 1480 1742; x_wconf 81' lang='lat' dir='ltr'><strong>stagnum</strong></span> <span class='ocrx_word' id='word_1_206' title='bbox 1510 1666 1824 1736; x_wconf 79' lang='lat' dir='ltr'><strong>navigantes</strong></span> 
     </span>
    </p>
   </div>
   <div class='ocr_carea' id='block_1_23' title="bbox 244 1760 1825 1841">
    <p class='ocr_par' dir='ltr' id='par_1_23' title="bbox 244 1760 1825 1841">
     <span class='ocr_line' id='line_1_26' title="bbox 244 1760 1825 1841; baseline -0.022 0"><span class='ocrx_word' id='word_1_207' title='bbox 244 1784 600 1841; x_wconf 86' lang='lat' dir='ltr'><strong>transierunt.</strong></span> <span class='ocrx_word' id='word_1_208' title='bbox 646 1779 716 1833; x_wconf 86' lang='lat' dir='ltr'><strong>Et</strong></span> <span class='ocrx_word' id='word_1_209' title='bbox 753 1791 876 1831; x_wconf 92' lang='lat' dir='ltr'><strong>cum</strong></span> <span class='ocrx_word' id='word_1_210' title='bbox 914 1771 1229 1839; x_wconf 83' lang='lat' dir='ltr'><strong>navigarent</strong></span> <span class='ocrx_word' id='word_1_211' title='bbox 1259 1765 1325 1819; x_wconf 89' lang='lat' dir='ltr'><strong>ad</strong></span> <span class='ocrx_word' id='word_1_212' title='bbox 1353 1776 1475 1817; x_wconf 89' lang='lat' dir='ltr'><strong>eum</strong></span> <span class='ocrx_word' id='word_1_213' title='bbox 1499 1760 1688 1813; x_wconf 65' lang='lat' dir='ltr'><strong>“locum</strong></span> <span class='ocrx_word' id='word_1_214' title='bbox 1717 1770 1825 1825; x_wconf 89' lang='lat' dir='ltr'><strong>quo</strong></span> 
     </span>
    </p>
   </div>
   <div class='ocr_carea' id='block_1_24' title="bbox 246 1848 1826 1941">
    <p class='ocr_par' dir='ltr' id='par_1_24' title="bbox 246 1848 1826 1941">
     <span class='ocr_line' id='line_1_27' title="bbox 246 1848 1826 1941; baseline -0.022 -8"><span class='ocrx_word' id='word_1_215' title='bbox 246 1894 342 1935; x_wconf 80' lang='lat' dir='ltr'><strong>eos</strong></span> <span class='ocrx_word' id='word_1_216' title='bbox 364 1869 591 1930; x_wconf 80' lang='lat' dir='ltr'><strong>venisse</strong></span> <span class='ocrx_word' id='word_1_217' title='bbox 601 1869 713 1941; x_wconf 84' lang='lat' dir='ltr'><strong>jam</strong></span> <span class='ocrx_word' id='word_1_218' title='bbox 739 1869 891 1928; x_wconf 81' lang='lat' dir='ltr'><strong>dixit,</strong></span> <span class='ocrx_word' id='word_1_219' title='bbox 923 1858 1324 1933; x_wconf 86' lang='lat' dir='ltr'><strong>recapitulando</strong></span> <span class='ocrx_word' id='word_1_220' title='bbox 1344 1853 1563 1923; x_wconf 79' lang='lat' dir='ltr'><strong>exponit</strong></span> <span class='ocrx_word' id='word_1_221' title='bbox 1580 1848 1707 1920; x_wconf 90' lang='lat' dir='ltr'><strong>quid</strong></span> <span class='ocrx_word' id='word_1_222' title='bbox 1737 1862 1826 1901; x_wconf 85' lang='lat' dir='ltr'><strong>ac-</strong></span> 
     </span>
    </p>
   </div>
   <div class='ocr_carea' id='block_1_25' title="bbox 247 1938 1843 2039">
    <p class='ocr_par' dir='ltr' id='par_1_25' title="bbox 247 1938 1843 2039">
     <span class='ocr_line' id='line_1_28' title="bbox 247 1938 1843 2039; baseline -0.022 -13"><span class='ocrx_word' id='word_1_223' title='bbox 247 1970 439 2025; x_wconf 88' lang='lat' dir='ltr'><strong>ciderit</strong></span> <span class='ocrx_word' id='word_1_224' title='bbox 474 1983 489 2022; x_wconf 89' lang='lat'><strong>:</strong></span> <span class='ocrx_word' id='word_1_225' title='bbox 522 1938 709 2039; x_wconf 61' lang='lat' dir='ltr'><strong>(Vtilis.</strong></span> <span class='ocrx_word' id='word_1_226' title='bbox 740 1962 827 2031; x_wconf 80' lang='lat' dir='ltr'><strong>l8)</strong></span> <span class='ocrx_word' id='word_1_227' title='bbox 862 1956 1106 2014; x_wconf 76' lang='lat' dir='ltr'><strong>Tenebra:</strong></span> <span class='ocrx_word' id='word_1_228' title='bbox 1124 1954 1239 2025; x_wconf 81' lang='lat' dir='ltr'><strong>jam</strong></span> <span class='ocrx_word' id='word_1_229' title='bbox 1271 1950 1423 2020; x_wconf 74' lang='lat' dir='ltr'><strong>facta:</strong></span> <span class='ocrx_word' id='word_1_230' title='bbox 1448 1952 1613 2008; x_wconf 84' lang='lat' dir='ltr'><strong>erant,</strong></span> <span class='ocrx_word' id='word_1_231' title='bbox 1637 1949 1683 1995; x_wconf 86' lang='lat' dir='ltr'><strong>et</strong></span> <span class='ocrx_word' id='word_1_232' title='bbox 1724 1938 1843 1994; x_wconf 71' lang='lat' dir='ltr'><strong>non&#39;</strong></span> 
     </span>
    </p>
   </div>
   <div class='ocr_carea' id='block_1_26' title="bbox 244 2031 1831 2116">
    <p class='ocr_par' dir='ltr' id='par_1_26' title="bbox 244 2031 1831 2116">
     <span class='ocr_line' id='line_1_29' title="bbox 244 2031 1831 2116; baseline -0.02 0"><span class='ocrx_word' id='word_1_233' title='bbox 244 2069 459 2116; x_wconf 88' lang='lat' dir='ltr'><strong>venerat</strong></span> <span class='ocrx_word' id='word_1_234' title='bbox 479 2058 547 2113; x_wconf 89' lang='lat' dir='ltr'><strong>ad</strong></span> <span class='ocrx_word' id='word_1_235' title='bbox 568 2055 685 2109; x_wconf 91' lang='lat' dir='ltr'><strong>illos</strong></span> <span class='ocrx_word' id='word_1_236' title='bbox 711 2054 885 2108; x_wconf 77' lang='lat' dir='ltr'><strong>Iesus.</strong></span> <span class='ocrx_word' id='word_1_237' title='bbox 914 2050 1063 2105; x_wconf 74' lang='lat' dir='ltr'><strong>Mare</strong></span> <span class='ocrx_word' id='word_1_238' title='bbox 1086 2056 1256 2102; x_wconf 84' lang='lat' dir='ltr'><strong>autem</strong></span> <span class='ocrx_word' id='word_1_239' title='bbox 1285 2052 1428 2098; x_wconf 87' lang='lat' dir='ltr'><strong>vento</strong></span> <span class='ocrx_word' id='word_1_240' title='bbox 1456 2053 1641 2110; x_wconf 79' lang='lat' dir='ltr'><strong>magno</strong></span> <span class='ocrx_word' id='word_1_241' title='bbox 1671 2031 1831 2104; x_wconf 81' lang='lat' dir='ltr'><strong>ﬂante</strong></span> 
     </span>
    </p>
   </div>
   <div class='ocr_carea' id='block_1_27' title="bbox 246 2133 1828 2222">
    <p class='ocr_par' dir='ltr' id='par_1_27' title="bbox 246 2133 1828 2222">
     <span class='ocr_line' id='line_1_30' title="bbox 246 2133 1828 2222; baseline -0.019 -15"><span class='ocrx_word' id='word_1_242' title='bbox 246 2151 574 2222; x_wconf 74' lang='lat' dir='ltr'><strong>exsurgebat.</strong></span> <span class='ocrx_word' id='word_1_243' title='bbox 607 2147 797 2202; x_wconf 86' lang='lat' dir='ltr'><strong>Merito</strong></span> <span class='ocrx_word' id='word_1_244' title='bbox 844 2145 1099 2206; x_wconf 66' lang='lat' dir='ltr'><strong>tenehrm,</strong></span> <span class='ocrx_word' id='word_1_245' title='bbox 1148 2139 1272 2210; x_wconf 83' lang='lat' dir='ltr'><strong>quia</strong></span> <span class='ocrx_word' id='word_1_246' title='bbox 1320 2136 1410 2192; x_wconf 90' lang='lat' dir='ltr'><strong>lux</strong></span> <span class='ocrx_word' id='word_1_247' title='bbox 1446 2149 1549 2188; x_wconf 91' lang='lat' dir='ltr'><strong>non</strong></span> <span class='ocrx_word' id='word_1_248' title='bbox 1590 2133 1828 2184; x_wconf 85' lang='lat' dir='ltr'><strong>venerat.</strong></span> 
     </span>
    </p>
   </div>
   <div class='ocr_carea' id='block_1_28' title="bbox 249 2212 1835 2306">
    <p class='ocr_par' dir='ltr' id='par_1_28' title="bbox 249 2212 1835 2306">
     <span class='ocr_line' id='line_1_31' title="bbox 249 2212 1835 2306; baseline -0.019 -8"><span class='ocrx_word' id='word_1_249' title='bbox 249 2242 510 2305; x_wconf 62' lang='lat' dir='ltr'><strong>Tenebrae</strong></span> <span class='ocrx_word' id='word_1_250' title='bbox 528 2236 644 2306; x_wconf 84' lang='lat' dir='ltr'><strong>jam</strong></span> <span class='ocrx_word' id='word_1_251' title='bbox 673 2236 827 2291; x_wconf 73' lang='lat' dir='ltr'><strong>factze</strong></span> <span class='ocrx_word' id='word_1_252' title='bbox 854 2242 1029 2299; x_wconf 89' lang='lat' dir='ltr'><strong>erant,</strong></span> <span class='ocrx_word' id='word_1_253' title='bbox 1058 2240 1112 2287; x_wconf 91' lang='lat' dir='ltr'><strong>et</strong></span> <span class='ocrx_word' id='word_1_254' title='bbox 1140 2245 1244 2284; x_wconf 91' lang='lat' dir='ltr'><strong>non</strong></span> <span class='ocrx_word' id='word_1_255' title='bbox 1266 2230 1489 2281; x_wconf 78' lang='lat' dir='ltr'><strong>venerat</strong></span> <span class='ocrx_word' id='word_1_256' title='bbox 1517 2222 1583 2276; x_wconf 90' lang='lat' dir='ltr'><strong>ad</strong></span> <span class='ocrx_word' id='word_1_257' title='bbox 1604 2212 1723 2273; x_wconf 86' lang='lat' dir='ltr'><strong>illos</strong></span> <span class='ocrx_word' id='word_1_258' title='bbox 1746 2214 1835 2270; x_wconf 83' lang='lat' dir='ltr'><strong>Je-</strong></span> 
     </span>
    </p>
   </div>
   <div class='ocr_carea' id='block_1_29' title="bbox 250 2309 1836 2402">
    <p class='ocr_par' dir='ltr' id='par_1_29' title="bbox 250 2309 1836 2402">
     <span class='ocr_line' id='line_1_32' title="bbox 250 2309 1836 2402; baseline -0.02 -14"><span class='ocrx_word' id='word_1_259' title='bbox 250 2349 374 2397; x_wconf 84' lang='lat' dir='ltr'><strong>sus;</strong></span> <span class='ocrx_word' id='word_1_260' title='bbox 399 2331 545 2402; x_wconf 86' lang='lat' dir='ltr'><strong>quia,</strong></span> <span class='ocrx_word' id='word_1_261' title='bbox 568 2335 827 2398; x_wconf 86' lang='lat' dir='ltr'><strong>quantum</strong></span> <span class='ocrx_word' id='word_1_262' title='bbox 853 2322 1074 2395; x_wconf 89' lang='lat' dir='ltr'><strong>propius</strong></span> <span class='ocrx_word' id='word_1_263' title='bbox 1094 2317 1301 2373; x_wconf 84' lang='lat' dir='ltr'><strong>accedit</strong></span> <span class='ocrx_word' id='word_1_264' title='bbox 1329 2314 1447 2367; x_wconf 87' lang='lat' dir='ltr'><strong>linis</strong></span> <span class='ocrx_word' id='word_1_265' title='bbox 1468 2309 1672 2371; x_wconf 83' lang='lat' dir='ltr'><strong>mundi,</strong></span> <span class='ocrx_word' id='word_1_266' title='bbox 1689 2313 1836 2360; x_wconf 89' lang='lat' dir='ltr'><strong>tanto</strong></span> 
     </span>
    </p>
   </div>
   <div class='ocr_carea' id='block_1_30' title="bbox 249 2406 1833 2481">
    <p class='ocr_par' dir='ltr' id='par_1_30' title="bbox 249 2406 1833 2481">
     <span class='ocr_line' id='line_1_33' title="bbox 249 2406 1833 2481; baseline -0.02 -2"><span class='ocrx_word' id='word_1_267' title='bbox 249 2422 627 2481; x_wconf 78' lang='lat' dir='ltr'><strong>vehementius</strong></span> <span class='ocrx_word' id='word_1_268' title='bbox 654 2423 905 2473; x_wconf 89' lang='lat' dir='ltr'><strong>crescunt</strong></span> <span class='ocrx_word' id='word_1_269' title='bbox 934 2425 1170 2474; x_wconf 89' lang='lat' dir='ltr'><strong>errores,</strong></span> <span class='ocrx_word' id='word_1_270' title='bbox 1201 2406 1554 2463; x_wconf 85' lang='lat' dir='ltr'><strong>crebrescunt</strong></span> <span class='ocrx_word' id='word_1_271' title='bbox 1580 2409 1833 2458; x_wconf 88' lang='lat' dir='ltr'><strong>terrores,</strong></span> 
     </span>
    </p>
   </div>
   <div class='ocr_carea' id='block_1_31' title="bbox 253 2575 1842 2672">
    <p class='ocr_par' dir='ltr' id='par_1_31' title="bbox 253 2575 1842 2672">
     <span class='ocr_line' id='line_1_34' title="bbox 253 2575 1842 2672; baseline -0.023 -8"><span class='ocrx_word' id='word_1_272' title='bbox 253 2607 499 2664; x_wconf 80' lang='lat' dir='ltr'><strong>Charitas</strong></span> <span class='ocrx_word' id='word_1_273' title='bbox 539 2601 678 2672; x_wconf 89' lang='lat' dir='ltr'><strong>apud</strong></span> <span class='ocrx_word' id='word_1_274' title='bbox 730 2597 993 2653; x_wconf 80' lang='lat' dir='ltr'><strong>Joannem</strong></span> <span class='ocrx_word' id='word_1_275' title='bbox 1046 2593 1219 2662; x_wconf 85' lang='lat' dir='ltr'><strong>ipsum</strong></span> <span class='ocrx_word' id='word_1_276' title='bbox 1278 2582 1662 2655; x_wconf 77' lang='lat' dir='ltr'><strong>evangelistam</strong></span> <span class='ocrx_word' id='word_1_277' title='bbox 1708 2575 1842 2633; x_wconf 87' lang='lat' dir='ltr'><strong>satis</strong></span> 
     </span>
    </p>
   </div>
   <div class='ocr_carea' id='block_1_32' title="bbox 257 2666 1844 2772">
    <p class='ocr_par' dir='ltr' id='par_1_32' title="bbox 257 2666 1844 2772">
     <span class='ocr_line' id='line_1_35' title="bbox 257 2666 1844 2772; baseline -0.026 -15"><span class='ocrx_word' id='word_1_278' title='bbox 257 2706 554 2772; x_wconf 85' lang='lat' dir='ltr'><strong>aperteque</strong></span> <span class='ocrx_word' id='word_1_279' title='bbox 574 2666 942 2751; x_wconf 43' lang='lat' dir='ltr'><strong>.monstratur,</strong></span> <span class='ocrx_word' id='word_1_280' title='bbox 985 2686 1057 2739; x_wconf 90' lang='lat' dir='ltr'><strong>ita</strong></span> <span class='ocrx_word' id='word_1_281' title='bbox 1092 2690 1151 2737; x_wconf 87' lang='lat' dir='ltr'><strong>ut</strong></span> <span class='ocrx_word' id='word_1_282' title='bbox 1188 2680 1392 2735; x_wconf 87' lang='lat' dir='ltr'><strong>diceret</strong></span> <span class='ocrx_word' id='word_1_283' title='bbox 1420 2693 1432 2728; x_wconf 90' lang='lat'>:</span> <span class='ocrx_word' id='word_1_284' title='bbox 1466 2673 1569 2740; x_wconf 72' lang='lat' dir='ltr'><strong>Qui</strong></span> <span class='ocrx_word' id='word_1_285' title='bbox 1596 2670 1703 2723; x_wconf 86' lang='lat' dir='ltr'><strong>odit</strong></span> <span class='ocrx_word' id='word_1_286' title='bbox 1733 2666 1844 2736; x_wconf 80' lang='lat' dir='ltr'><strong>fra-</strong></span> 
     </span>
    </p>
   </div>
   <div class='ocr_carea' id='block_1_33' title="bbox 258 2757 1844 2855">
    <p class='ocr_par' dir='ltr' id='par_1_33' title="bbox 258 2757 1844 2855">
     <span class='ocr_line' id='line_1_36' title="bbox 258 2757 1844 2855; baseline -0.024 -8"><span class='ocrx_word' id='word_1_287' title='bbox 258 2804 391 2855; x_wconf 86' lang='lat' dir='ltr'><strong>trem</strong></span> <span class='ocrx_word' id='word_1_288' title='bbox 420 2805 593 2850; x_wconf 88' lang='lat' dir='ltr'><strong>suum,</strong></span> <span class='ocrx_word' id='word_1_289' title='bbox 615 2786 671 2839; x_wconf 90' lang='lat' dir='ltr'><strong>in</strong></span> <span class='ocrx_word' id='word_1_290' title='bbox 698 2780 919 2838; x_wconf 81' lang='lat' dir='ltr'><strong>tenebris</strong></span> <span class='ocrx_word' id='word_1_291' title='bbox 943 2786 1015 2831; x_wconf 88' lang='lat' dir='ltr'><strong>est</strong></span> <span class='ocrx_word' id='word_1_292' title='bbox 1038 2772 1089 2848; x_wconf 91' lang='grc'><strong>(1</strong></span> <span class='ocrx_word' id='word_1_293' title='bbox 1110 2773 1269 2828; x_wconf 85' lang='lat' dir='ltr'><strong>Joan.</strong></span> <span class='ocrx_word' id='word_1_294' title='bbox 1295 2785 1356 2833; x_wconf 86' lang='grc' dir='ltr'><strong>ιι,</strong></span> <span class='ocrx_word' id='word_1_295' title='bbox 1383 2764 1492 2833; x_wconf 85' lang='lat' dir='ltr'><strong>ll),</strong></span> <span class='ocrx_word' id='word_1_296' title='bbox 1516 2757 1844 2818; x_wconf 88' lang='lat' dir='ltr'><strong>creberrime</strong></span> 
     </span>
    </p>
   </div>
   <div class='ocr_carea' id='block_1_34' title="bbox 260 2847 1847 2951">
    <p class='ocr_par' dir='ltr' id='par_1_34' title="bbox 260 2847 1847 2951">
     <span class='ocr_line' id='line_1_37' title="bbox 260 2847 1847 2951; baseline -0.025 -13"><span class='ocrx_word' id='word_1_297' title='bbox 260 2879 625 2951; x_wconf 81' lang='lat' dir='ltr'><strong>exstinguitur</strong></span> <span class='ocrx_word' id='word_1_298' title='bbox 644 2897 661 2929; x_wconf 77' lang='grc' dir='ltr'><strong><em>ι</em></strong></span> <span class='ocrx_word' id='word_1_299' title='bbox 683 2847 1067 2942; x_wconf 83' lang='lat' dir='ltr'><strong>refrigesccnte</strong></span> <span class='ocrx_word' id='word_1_300' title='bbox 1094 2861 1383 2923; x_wconf 86' lang='lat' dir='ltr'><strong>cbaritate,</strong></span> <span class='ocrx_word' id='word_1_301' title='bbox 1414 2852 1720 2910; x_wconf 85' lang='lat' dir='ltr'><strong>abundante</strong></span> <span class='ocrx_word' id='word_1_302' title='bbox 1744 2847 1847 2901; x_wconf 84' lang='lat' dir='ltr'><strong>ini-</strong></span> 
     </span>
    </p>
   </div>
   <div class='ocr_carea' id='block_1_35' title="bbox 262 2947 1847 3046">
    <p class='ocr_par' dir='ltr' id='par_1_35' title="bbox 262 2947 1847 3046">
     <span class='ocr_line' id='line_1_38' title="bbox 262 2947 1847 3046; baseline -0.026 -16"><span class='ocrx_word' id='word_1_303' title='bbox 262 2947 489 3046; x_wconf 76' lang='lat' dir='ltr'><strong>quitate.</strong></span> <span class='ocrx_word' id='word_1_304' title='bbox 521 2969 625 3039; x_wconf 85' lang='lat' dir='ltr'><strong>Ipsi</strong></span> <span class='ocrx_word' id='word_1_305' title='bbox 652 2972 780 3021; x_wconf 91' lang='lat' dir='ltr'><strong>sunt</strong></span> <span class='ocrx_word' id='word_1_306' title='bbox 810 2962 1001 3015; x_wconf 82' lang='lat' dir='ltr'><strong>ﬂuetus</strong></span> <span class='ocrx_word' id='word_1_307' title='bbox 1047 2966 1239 3009; x_wconf 87' lang='lat' dir='ltr'><strong>navem</strong></span> <span class='ocrx_word' id='word_1_308' title='bbox 1284 2947 1565 3003; x_wconf 89' lang='lat' dir='ltr'><strong>turbantes</strong></span> <span class='ocrx_word' id='word_1_309' title='bbox 1596 2958 1607 2993; x_wconf 95' lang='lat'>:</span> <span class='ocrx_word' id='word_1_310' title='bbox 1643 2948 1847 3006; x_wconf 86' lang='lat' dir='ltr'><strong>tempe-</strong></span> 
     </span>
    </p>
   </div>
   <div class='ocr_carea' id='block_1_36' title="bbox 263 3026 1847 3124">
    <p class='ocr_par' dir='ltr' id='par_1_36' title="bbox 263 3026 1847 3124">
     <span class='ocr_line' id='line_1_39' title="bbox 266 3026 560 3046; baseline -0.024 0"><span class='ocrx_word' id='word_1_311' title='bbox 266 3026 399 3046; x_wconf 46' lang='lat'><strong>1&quot;&quot;*</strong></span> <span class='ocrx_word' id='word_1_312' title='bbox 545 3026 560 3039; x_wconf 90' lang='lat'><strong>.</strong></span> 
     </span>
     <span class='ocr_line' id='line_1_40' title="bbox 263 3026 1847 3124; baseline -0.03 0"><span class='ocrx_word' id='word_1_313' title='bbox 263 3077 380 3124; x_wconf 88' lang='lat' dir='ltr'><strong>stas</strong></span> <span class='ocrx_word' id='word_1_314' title='bbox 400 3073 455 3119; x_wconf 83' lang='lat' dir='ltr'><strong>et</strong></span> <span class='ocrx_word' id='word_1_315' title='bbox 474 3059 616 3116; x_wconf 86' lang='lat' dir='ltr'><strong>venti</strong></span> <span class='ocrx_word' id='word_1_316' title='bbox 643 3057 909 3112; x_wconf 85' lang='lat' dir='ltr'><strong>clamores</strong></span> <span class='ocrx_word' id='word_1_317' title='bbox 928 3056 1053 3104; x_wconf 91' lang='lat' dir='ltr'><strong>sunt</strong></span> <span class='ocrx_word' id='word_1_318' title='bbox 1070 3040 1498 3099; x_wconf 90' lang='lat' dir='ltr'><strong>maledictorum.</strong></span> <span class='ocrx_word' id='word_1_319' title='bbox 1522 3032 1647 3087; x_wconf 90' lang='lat' dir='ltr'><strong>Inde</strong></span> <span class='ocrx_word' id='word_1_320' title='bbox 1671 3026 1847 3083; x_wconf 87' lang='lat' dir='ltr'><strong>chari-</strong></span> 
     </span>
    </p>
   </div>
   <div class='ocr_carea' id='block_1_37' title="bbox 265 3138 1455 3224">
    <p class='ocr_par' dir='ltr' id='par_1_37' title="bbox 265 3138 1455 3224">
     <span class='ocr_line' id='line_1_41' title="bbox 265 3138 1455 3224; baseline -0.032 -6"><span class='ocrx_word' id='word_1_321' title='bbox 265 3170 354 3217; x_wconf 83' lang='lat' dir='ltr'><strong>tas</strong></span> <span class='ocrx_word' id='word_1_322' title='bbox 403 3150 728 3224; x_wconf 79' lang='lat' dir='ltr'><strong>refrigescit,</strong></span> <span class='ocrx_word' id='word_1_323' title='bbox 772 3144 894 3202; x_wconf 77' lang='lat' dir='ltr'><strong>inde</strong></span> <span class='ocrx_word' id='word_1_324' title='bbox 938 3139 1130 3196; x_wconf 79' lang='lat' dir='ltr'><strong>ﬂuctus</strong></span> <span class='ocrx_word' id='word_1_325' title='bbox 1177 3138 1455 3203; x_wconf 88' lang='lat' dir='ltr'><strong>augentur.</strong></span> 
     </span>
    </p>
   </div>
   <div class='ocr_carea' id='block_1_38' title="bbox 1907 1102 3492 1188">
    <p class='ocr_par' dir='ltr' id='par_1_38' title="bbox 1907 1102 3492 1188">
     <span class='ocr_line' id='line_1_42' title="bbox 1907 1102 3492 1188; baseline -0.009 -20"><span class='ocrx_word' id='word_1_326' title='bbox 1907 1117 2108 1188; x_wconf 77' lang='lat' dir='ltr'><strong>junctae</strong></span> <span class='ocrx_word' id='word_1_327' title='bbox 2137 1113 2281 1168; x_wconf 87' lang='lat' dir='ltr'><strong>aliud</strong></span> <span class='ocrx_word' id='word_1_328' title='bbox 2318 1111 2446 1181; x_wconf 92' lang='lat' dir='ltr'><strong>quid</strong></span> <span class='ocrx_word' id='word_1_329' title='bbox 2481 1107 2616 1181; x_wconf 82' lang='lat' dir='ltr'><strong>[Al.,</strong></span> <span class='ocrx_word' id='word_1_330' title='bbox 2665 1103 2888 1176; x_wconf 89' lang='lat' dir='ltr'><strong>aliquid]</strong></span> <span class='ocrx_word' id='word_1_331' title='bbox 2935 1102 3203 1159; x_wconf 79' lang='lat' dir='ltr'><strong>coniicere</strong></span> <span class='ocrx_word' id='word_1_332' title='bbox 3248 1108 3492 1172; x_wconf 90' lang='lat' dir='ltr'><strong>possunt,</strong></span> 
     </span>
    </p>
   </div>
   <div class='ocr_carea' id='block_1_39' title="bbox 1915 1192 3499 1266">
    <p class='ocr_par' dir='ltr' id='par_1_39' title="bbox 1915 1192 3499 1266">
     <span class='ocr_line' id='line_1_43' title="bbox 1915 1192 3499 1266; baseline -0.01 -4"><span class='ocrx_word' id='word_1_333' title='bbox 1915 1207 2020 1262; x_wconf 88' lang='lat' dir='ltr'><strong>nisi</strong></span> <span class='ocrx_word' id='word_1_334' title='bbox 2044 1204 2313 1261; x_wconf 89' lang='lat' dir='ltr'><strong>senarium</strong></span> <span class='ocrx_word' id='word_1_335' title='bbox 2344 1214 2648 1255; x_wconf 88' lang='lat' dir='ltr'><strong>numerum.</strong></span> <span class='ocrx_word' id='word_1_336' title='bbox 2689 1196 2979 1266; x_wconf 88' lang='lat' dir='ltr'><strong>Propterea</strong></span> <span class='ocrx_word' id='word_1_337' title='bbox 3008 1209 3102 1248; x_wconf 89' lang='lat' dir='ltr'><strong>sex</strong></span> <span class='ocrx_word' id='word_1_338' title='bbox 3131 1193 3320 1247; x_wconf 91' lang='lat' dir='ltr'><strong>diebus</strong></span> <span class='ocrx_word' id='word_1_339' title='bbox 3354 1192 3499 1246; x_wconf 85' lang='lat' dir='ltr'><strong>Deus</strong></span> 
     </span>
    </p>
   </div>
   <div class='ocr_carea' id='block_1_40' title="bbox 1916 1279 3497 1363">
    <p class='ocr_par' dir='ltr' id='par_1_40' title="bbox 1916 1279 3497 1363">
     <span class='ocr_line' id='line_1_44' title="bbox 1916 1279 3497 1363; baseline -0.011 -13"><span class='ocrx_word' id='word_1_340' title='bbox 1916 1294 2174 1350; x_wconf 90' lang='lat' dir='ltr'><strong>mundum</strong></span> <span class='ocrx_word' id='word_1_341' title='bbox 2202 1289 2448 1363; x_wconf 83' lang='lat' dir='ltr'><strong>perfecit,</strong></span> <span class='ocrx_word' id='word_1_342' title='bbox 2480 1296 2532 1343; x_wconf 87' lang='lat' dir='ltr'><strong>et</strong></span> <span class='ocrx_word' id='word_1_343' title='bbox 2572 1288 2809 1358; x_wconf 88' lang='lat' dir='ltr'><strong>quinque</strong></span> <span class='ocrx_word' id='word_1_344' title='bbox 2846 1285 2945 1355; x_wconf 86' lang='lat' dir='ltr'><strong>ipsi</strong></span> <span class='ocrx_word' id='word_1_345' title='bbox 2978 1299 3076 1354; x_wconf 89' lang='lat' dir='ltr'><strong>per</strong></span> <span class='ocrx_word' id='word_1_346' title='bbox 3103 1297 3199 1337; x_wconf 89' lang='lat' dir='ltr'><strong>sex</strong></span> <span class='ocrx_word' id='word_1_347' title='bbox 3238 1279 3497 1350; x_wconf 88' lang='lat' dir='ltr'><strong>multipli-</strong></span> 
     </span>
    </p>
   </div>
   <div class='ocr_carea' id='block_1_41' title="bbox 1918 1372 3503 1452">
    <p class='ocr_par' dir='ltr' id='par_1_41' title="bbox 1918 1372 3503 1452">
     <span class='ocr_line' id='line_1_45' title="bbox 1918 1372 3503 1452; baseline -0.011 -9"><span class='ocrx_word' id='word_1_348' title='bbox 1918 1395 2128 1450; x_wconf 85' lang='lat' dir='ltr'><strong>cantur,</strong></span> <span class='ocrx_word' id='word_1_349' title='bbox 2155 1392 2216 1439; x_wconf 93' lang='lat' dir='ltr'><strong>ut</strong></span> <span class='ocrx_word' id='word_1_350' title='bbox 2249 1383 2335 1438; x_wconf 94' lang='lat' dir='ltr'><strong>lex</strong></span> <span class='ocrx_word' id='word_1_351' title='bbox 2370 1397 2467 1452; x_wconf 89' lang='lat' dir='ltr'><strong>per</strong></span> <span class='ocrx_word' id='word_1_352' title='bbox 2494 1378 2843 1449; x_wconf 86' lang='lat' dir='ltr'><strong>Evangelium</strong></span> <span class='ocrx_word' id='word_1_353' title='bbox 2875 1375 3248 1445; x_wconf 89' lang='lat' dir='ltr'><strong>adimpleatur,</strong></span> <span class='ocrx_word' id='word_1_354' title='bbox 3280 1380 3341 1428; x_wconf 92' lang='lat' dir='ltr'><strong>ut</strong></span> <span class='ocrx_word' id='word_1_355' title='bbox 3368 1372 3503 1426; x_wconf 84' lang='lat' dir='ltr'><strong>tiant</strong></span> 
     </span>
    </p>
   </div>
   <div class='ocr_carea' id='block_1_42' title="bbox 1922 1462 3504 1546">
    <p class='ocr_par' dir='ltr' id='par_1_42' title="bbox 1922 1462 3504 1546">
     <span class='ocr_line' id='line_1_46' title="bbox 1922 1462 3504 1546; baseline -0.01 -13"><span class='ocrx_word' id='word_1_356' title='bbox 1922 1478 2097 1534; x_wconf 87' lang='lat' dir='ltr'><strong>sexies</strong></span> <span class='ocrx_word' id='word_1_357' title='bbox 2121 1475 2290 1546; x_wconf 91' lang='lat' dir='ltr'><strong>quini,</strong></span> <span class='ocrx_word' id='word_1_358' title='bbox 2330 1473 2567 1543; x_wconf 82' lang='lat' dir='ltr'><strong>triginta.</strong></span> <span class='ocrx_word' id='word_1_359' title='bbox 2605 1469 2685 1524; x_wconf 86' lang='lat' dir='ltr'><strong>Ad</strong></span> <span class='ocrx_word' id='word_1_360' title='bbox 2725 1484 2820 1524; x_wconf 92' lang='lat' dir='ltr'><strong>eos</strong></span> <span class='ocrx_word' id='word_1_361' title='bbox 2851 1481 2980 1537; x_wconf 89' lang='lat' dir='ltr'><strong>ergo</strong></span> <span class='ocrx_word' id='word_1_362' title='bbox 3015 1464 3144 1538; x_wconf 84' lang='grc' dir='ltr'><strong>[Αι.,</strong></span> <span class='ocrx_word' id='word_1_363' title='bbox 3174 1462 3378 1536; x_wconf 82' lang='lat' dir='ltr'><strong>igitur],</strong></span> <span class='ocrx_word' id='word_1_364' title='bbox 3408 1462 3504 1533; x_wconf 89' lang='lat' dir='ltr'><strong>qui</strong></span> 
     </span>
    </p>
   </div>
   <div class='ocr_carea' id='block_1_43' title="bbox 1922 1554 3553 1640">
    <p class='ocr_par' dir='ltr' id='par_1_43' title="bbox 1922 1554 3553 1640">
     <span class='ocr_line' id='line_1_47' title="bbox 1922 1554 3553 1640; baseline -0.011 -15"><span class='ocrx_word' id='word_1_365' title='bbox 1922 1569 2147 1640; x_wconf 90' lang='lat' dir='ltr'><strong>implent</strong></span> <span class='ocrx_word' id='word_1_366' title='bbox 2184 1568 2378 1637; x_wconf 83' lang='lat' dir='ltr'><strong>legem,</strong></span> <span class='ocrx_word' id='word_1_367' title='bbox 2405 1564 2553 1619; x_wconf 85' lang='lat' dir='ltr'><strong>venit</strong></span> <span class='ocrx_word' id='word_1_368' title='bbox 2575 1561 2751 1617; x_wconf 86' lang='lat' dir='ltr'><strong>Jesus.</strong></span> <span class='ocrx_word' id='word_1_369' title='bbox 2782 1561 2850 1615; x_wconf 88' lang='lat' dir='ltr'><strong>Et</strong></span> <span class='ocrx_word' id='word_1_370' title='bbox 2873 1557 3138 1628; x_wconf 88' lang='lat' dir='ltr'><strong>quomodo</strong></span> <span class='ocrx_word' id='word_1_371' title='bbox 3165 1557 3347 1611; x_wconf 82' lang='lat' dir='ltr'><strong>venit?</strong></span> <span class='ocrx_word' id='word_1_372' title='bbox 3384 1554 3507 1610; x_wconf 79' lang='lat' dir='ltr'><strong>Cal—</strong></span> <span class='ocrx_word' id='word_1_373' title='bbox 3548 1603 3553 1608; x_wconf 82' lang='lat'><strong>.</strong></span> 
     </span>
    </p>
   </div>
   <div class='ocr_carea' id='block_1_44' title="bbox 1923 1646 3508 1721">
    <p class='ocr_par' dir='ltr' id='par_1_44' title="bbox 1923 1646 3508 1721">
     <span class='ocr_line' id='line_1_48' title="bbox 1923 1646 3508 1721; baseline -0.009 -7"><span class='ocrx_word' id='word_1_374' title='bbox 1923 1676 2053 1717; x_wconf 89' lang='lat' dir='ltr'><strong>cans</strong></span> <span class='ocrx_word' id='word_1_375' title='bbox 2081 1658 2293 1721; x_wconf 79' lang='lat' dir='ltr'><strong>fluctus,</strong></span> <span class='ocrx_word' id='word_1_376' title='bbox 2323 1670 2514 1709; x_wconf 85' lang='lat' dir='ltr'><strong>omnes</strong></span> <span class='ocrx_word' id='word_1_377' title='bbox 2545 1662 2783 1711; x_wconf 85' lang='lat' dir='ltr'><strong>tumores</strong></span> <span class='ocrx_word' id='word_1_378' title='bbox 2820 1649 3005 1706; x_wconf 91' lang='lat' dir='ltr'><strong>mundi</strong></span> <span class='ocrx_word' id='word_1_379' title='bbox 3039 1647 3140 1703; x_wconf 89' lang='lat' dir='ltr'><strong>sub</strong></span> <span class='ocrx_word' id='word_1_380' title='bbox 3165 1646 3390 1718; x_wconf 87' lang='lat' dir='ltr'><strong>pedibus</strong></span> <span class='ocrx_word' id='word_1_381' title='bbox 3411 1646 3508 1700; x_wconf 89' lang='lat' dir='ltr'><strong>ha-</strong></span> 
     </span>
    </p>
   </div>
   <div class='ocr_carea' id='block_1_45' title="bbox 1918 1737 3512 1819">
    <p class='ocr_par' dir='ltr' id='par_1_45' title="bbox 1918 1737 3512 1819">
     <span class='ocr_line' id='line_1_49' title="bbox 1918 1737 3512 1819; baseline -0.009 -13"><span class='ocrx_word' id='word_1_382' title='bbox 1918 1753 2077 1819; x_wconf 80' lang='lat' dir='ltr'><strong>bens,</strong></span> <span class='ocrx_word' id='word_1_383' title='bbox 2104 1737 2293 1805; x_wconf 80' lang='lat' dir='ltr'><strong>omnes</strong></span> <span class='ocrx_word' id='word_1_384' title='bbox 2320 1746 2662 1802; x_wconf 85' lang='lat' dir='ltr'><strong>celsitudines</strong></span> <span class='ocrx_word' id='word_1_385' title='bbox 2691 1744 2870 1798; x_wconf 83' lang='lat' dir='ltr'><strong>saeculi</strong></span> <span class='ocrx_word' id='word_1_386' title='bbox 2905 1756 3175 1813; x_wconf 89' lang='lat' dir='ltr'><strong>premens.</strong></span> <span class='ocrx_word' id='word_1_387' title='bbox 3219 1758 3237 1791; x_wconf 71' lang='grc' dir='ltr'>ι</span> <span class='ocrx_word' id='word_1_388' title='bbox 3273 1750 3295 1779; x_wconf 73' lang='grc' dir='ltr'><em>ε</em></span> <span class='ocrx_word' id='word_1_389' title='bbox 3322 1737 3392 1793; x_wconf 86' lang='grc' dir='ltr'><strong>Ει</strong></span> <span class='ocrx_word' id='word_1_390' title='bbox 3429 1746 3512 1793; x_wconf 89' lang='lat' dir='ltr'><strong>ta-</strong></span> 
     </span>
    </p>
   </div>
   <div class='ocr_carea' id='block_1_46' title="bbox 1860 1810 3527 1899">
    <p class='ocr_par' dir='ltr' id='par_1_46' title="bbox 1860 1810 3527 1899">
     <span class='ocr_line' id='line_1_50' title="bbox 1860 1810 3527 1899; baseline -0.01 -2"><span class='ocrx_word' id='word_1_391' title='bbox 1860 1835 1900 1893; x_wconf 80' lang='grc' dir='ltr'><strong>Β</strong></span> <span class='ocrx_word' id='word_1_392' title='bbox 1930 1858 2051 1897; x_wconf 89' lang='lat' dir='ltr'><strong>men</strong></span> <span class='ocrx_word' id='word_1_393' title='bbox 2078 1849 2241 1895; x_wconf 75' lang='lat' dir='ltr'><strong>tanta:</strong></span> <span class='ocrx_word' id='word_1_394' title='bbox 2274 1846 2399 1893; x_wconf 91' lang='lat' dir='ltr'><strong>sunt</strong></span> <span class='ocrx_word' id='word_1_395' title='bbox 2428 1836 2831 1897; x_wconf 84' lang='lat' dir='ltr'><strong>tribuiationes,</strong></span> <span class='ocrx_word' id='word_1_396' title='bbox 2862 1810 2923 1887; x_wconf 78' lang='lat' dir='ltr'><strong>ut</strong></span> <span class='ocrx_word' id='word_1_397' title='bbox 2947 1832 3109 1886; x_wconf 90' lang='lat' dir='ltr'><strong>etiam</strong></span> <span class='ocrx_word' id='word_1_398' title='bbox 3137 1828 3237 1899; x_wconf 89' lang='lat' dir='ltr'><strong>ipsi</strong></span> <span class='ocrx_word' id='word_1_399' title='bbox 3272 1827 3363 1897; x_wconf 91' lang='lat' dir='ltr'><strong>qui</strong></span> <span class='ocrx_word' id='word_1_400' title='bbox 3394 1810 3527 1883; x_wconf 25' lang='lat' dir='ltr'><strong>cre—V</strong></span> 
     </span>
    </p>
   </div>
   <div class='ocr_carea' id='block_1_47' title="bbox 1927 1924 3511 1994">
    <p class='ocr_par' dir='ltr' id='par_1_47' title="bbox 1927 1924 3511 1994">
     <span class='ocr_line' id='line_1_51' title="bbox 1927 1924 3511 1994; baseline -0.013 -5"><span class='ocrx_word' id='word_1_401' title='bbox 1927 1932 2182 1989; x_wconf 89' lang='lat' dir='ltr'><strong>diderunt</strong></span> <span class='ocrx_word' id='word_1_402' title='bbox 2230 1930 2283 1984; x_wconf 91' lang='lat' dir='ltr'><strong>in</strong></span> <span class='ocrx_word' id='word_1_403' title='bbox 2319 1927 2532 1988; x_wconf 84' lang='lat' dir='ltr'><strong>Jesum,</strong></span> <span class='ocrx_word' id='word_1_404' title='bbox 2583 1934 2637 1980; x_wconf 92' lang='lat' dir='ltr'><strong>et</strong></span> <span class='ocrx_word' id='word_1_405' title='bbox 2680 1924 2773 1994; x_wconf 87' lang='lat' dir='ltr'><strong>qui</strong></span> <span class='ocrx_word' id='word_1_406' title='bbox 2813 1930 3078 1979; x_wconf 89' lang='lat' dir='ltr'><strong>conantur</strong></span> <span class='ocrx_word' id='word_1_407' title='bbox 3129 1930 3511 1990; x_wconf 88' lang='lat' dir='ltr'><strong>perseverare,</strong></span> 
     </span>
    </p>
   </div>
   <div class='ocr_carea' id='block_1_48' title="bbox 1928 2008 3516 2095">
    <p class='ocr_par' dir='ltr' id='par_1_48' title="bbox 1928 2008 3516 2095">
     <span class='ocr_line' id='line_1_52' title="bbox 1928 2008 3516 2095; baseline -0.008 -18"><span class='ocrx_word' id='word_1_408' title='bbox 1928 2029 2289 2095; x_wconf 88' lang='lat' dir='ltr'><strong>expavescant</strong></span> <span class='ocrx_word' id='word_1_409' title='bbox 2315 2036 2416 2075; x_wconf 92' lang='lat' dir='ltr'><strong>nec</strong></span> <span class='ocrx_word' id='word_1_410' title='bbox 2443 2017 2572 2090; x_wconf 85' lang='lat' dir='ltr'><strong>[Ms.</strong></span> <span class='ocrx_word' id='word_1_411' title='bbox 2604 2027 2649 2071; x_wconf 86' lang='lat' dir='ltr'><strong>et</strong></span> <span class='ocrx_word' id='word_1_412' title='bbox 2686 2016 2845 2088; x_wconf 74' lang='lat' dir='ltr'><strong>Aug.,</strong></span> <span class='ocrx_word' id='word_1_413' title='bbox 2881 2013 2971 2095; x_wconf 85' lang='lat' dir='ltr'><strong>ne]</strong></span> <span class='ocrx_word' id='word_1_414' title='bbox 3003 2012 3271 2075; x_wconf 83' lang='lat' dir='ltr'><strong>deﬁciant,</strong></span> <span class='ocrx_word' id='word_1_415' title='bbox 3298 2008 3516 2065; x_wconf 88' lang='lat' dir='ltr'><strong>Christo</strong></span> 
     </span>
    </p>
   </div>
   <div class='ocr_carea' id='block_1_49' title="bbox 1930 2092 3517 2171">
    <p class='ocr_par' dir='ltr' id='par_1_49' title="bbox 1930 2092 3517 2171">
     <span class='ocr_line' id='line_1_53' title="bbox 1930 2092 3517 2171; baseline -0.012 -1"><span class='ocrx_word' id='word_1_416' title='bbox 1930 2116 2124 2170; x_wconf 82' lang='lat' dir='ltr'><strong>ﬂuctus</strong></span> <span class='ocrx_word' id='word_1_417' title='bbox 2158 2113 2402 2171; x_wconf 89' lang='lat' dir='ltr'><strong>calcante</strong></span> <span class='ocrx_word' id='word_1_418' title='bbox 2438 2108 2640 2164; x_wconf 72' lang='lat' dir='ltr'><strong>s&#39;eculi.</strong></span> <span class='ocrx_word' id='word_1_419' title='bbox 2674 2107 2789 2160; x_wconf 83' lang='lat' dir='ltr'><strong>‘Cur</strong></span> <span class='ocrx_word' id='word_1_420' title='bbox 2818 2092 2970 2159; x_wconf 89' lang='lat' dir='ltr'><strong>timet</strong></span> <span class='ocrx_word' id='word_1_421' title='bbox 2998 2100 3357 2159; x_wconf 85' lang='lat' dir='ltr'><strong>Christianus,</strong></span> <span class='ocrx_word' id='word_1_422' title='bbox 3387 2097 3517 2152; x_wconf 89' lang='lat' dir='ltr'><strong>dum</strong></span> 
     </span>
    </p>
   </div>
   <div class='ocr_carea' id='block_1_50' title="bbox 1933 2186 3517 2271">
    <p class='ocr_par' dir='ltr' id='par_1_50' title="bbox 1933 2186 3517 2271">
     <span class='ocr_line' id='line_1_54' title="bbox 1933 2186 3517 2271; baseline -0.015 -10"><span class='ocrx_word' id='word_1_423' title='bbox 1933 2205 2181 2261; x_wconf 83' lang='lat' dir='ltr'><strong>Christus</strong></span> <span class='ocrx_word' id='word_1_424' title='bbox 2208 2200 2481 2271; x_wconf 89' lang='lat' dir='ltr'><strong>loquitur?</strong></span> <span class='ocrx_word' id='word_1_425' title='bbox 2509 2198 2620 2268; x_wconf 87' lang='lat' dir='ltr'><strong>Ego</strong></span> <span class='ocrx_word' id='word_1_426' title='bbox 2650 2213 2790 2260; x_wconf 87' lang='lat' dir='ltr'><strong>sum,</strong></span> <span class='ocrx_word' id='word_1_427' title='bbox 2824 2193 2982 2250; x_wconf 84' lang='lat' dir='ltr'><strong>nolite</strong></span> <span class='ocrx_word' id='word_1_428' title='bbox 3005 2192 3205 2247; x_wconf 88' lang='lat' dir='ltr'><strong>timere.</strong></span> <span class='ocrx_word' id='word_1_429' title='bbox 3238 2186 3517 2256; x_wconf 83' lang='lat' dir='ltr'><strong>Couﬁdite,</strong></span> 
     </span>
    </p>
   </div>
   <div class='ocr_carea' id='block_1_51' title="bbox 1934 2284 2808 2366">
    <p class='ocr_par' dir='ltr' id='par_1_51' title="bbox 1934 2284 2808 2366">
     <span class='ocr_line' id='line_1_55' title="bbox 1934 2284 2808 2366; baseline -0.014 -17"><span class='ocrx_word' id='word_1_430' title='bbox 1934 2311 2025 2366; x_wconf 82' lang='lat' dir='ltr'><strong>ego</strong></span> <span class='ocrx_word' id='word_1_431' title='bbox 2056 2294 2153 2348; x_wconf 86' lang='lat' dir='ltr'><strong>vici</strong></span> <span class='ocrx_word' id='word_1_432' title='bbox 2175 2290 2427 2345; x_wconf 79' lang='lat' dir='ltr'><strong>mundum</strong></span> <span class='ocrx_word' id='word_1_433' title='bbox 2463 2287 2644 2359; x_wconf 79' lang='lat' dir='ltr'><strong>(Joan.</strong></span> <span class='ocrx_word' id='word_1_434' title='bbox 2665 2284 2808 2355; x_wconf 83' lang='lat' dir='ltr'><strong>.xvi).</strong></span> 
     </span>
    </p>
   </div>
   <div class='ocr_carea' id='block_1_52' title="bbox 2007 2361 3521 2444">
    <p class='ocr_par' dir='ltr' id='par_1_52' title="bbox 2007 2361 3521 2444">
     <span class='ocr_line' id='line_1_56' title="bbox 2007 2361 3521 2444; baseline -0.015 -6"><span class='ocrx_word' id='word_1_435' title='bbox 2007 2383 2172 2438; x_wconf 71' lang='lat' dir='ltr'><strong>Vens.</strong></span> <span class='ocrx_word' id='word_1_436' title='bbox 2207 2379 2300 2433; x_wconf 75' lang='lat' dir='ltr'><strong>2i.</strong></span> <span class='ocrx_word' id='word_1_437' title='bbox 2335 2408 2409 2418; x_wconf 88' lang='lat'><strong><em>—</em></strong></span> <span class='ocrx_word' id='word_1_438' title='bbox 2457 2375 2740 2430; x_wconf 83' lang='lat' dir='ltr'><strong>Voluerunt</strong></span> <span class='ocrx_word' id='word_1_439' title='bbox 2766 2388 2886 2444; x_wconf 86' lang='lat' dir='ltr'><strong>ergo</strong></span> <span class='ocrx_word' id='word_1_440' title='bbox 2911 2386 3027 2425; x_wconf 86' lang='lat' dir='ltr'><strong>eum</strong></span> <span class='ocrx_word' id='word_1_441' title='bbox 3047 2368 3278 2436; x_wconf 87' lang='lat' dir='ltr'><strong>accipere</strong></span> <span class='ocrx_word' id='word_1_442' title='bbox 3300 2366 3355 2419; x_wconf 85' lang='lat' dir='ltr'><strong>in</strong></span> <span class='ocrx_word' id='word_1_443' title='bbox 3377 2361 3521 2418; x_wconf 85' lang='lat' dir='ltr'><strong>navi.</strong></span> 
     </span>
    </p>
   </div>
   <div class='ocr_carea' id='block_1_53' title="bbox 1827 2442 3521 2543">
    <p class='ocr_par' dir='ltr' id='par_1_53' title="bbox 1827 2442 3521 2543">
     <span class='ocr_line' id='line_1_57' title="bbox 1827 2442 3521 2543; baseline -0.017 -12"><span class='ocrx_word' id='word_1_444' title='bbox 1827 2500 1840 2538; x_wconf 61' lang='grc' dir='ltr'><em>ς</em></span> <span class='ocrx_word' id='word_1_445' title='bbox 1936 2472 2303 2543; x_wconf 82' lang='lat' dir='ltr'><strong>Agnoscenles</strong></span> <span class='ocrx_word' id='word_1_446' title='bbox 2324 2481 2388 2522; x_wconf 90' lang='lat' dir='ltr'><strong>ac</strong></span> <span class='ocrx_word' id='word_1_447' title='bbox 2411 2465 2723 2536; x_wconf 84' lang='lat' dir='ltr'><strong>gaudentes,</strong></span> <span class='ocrx_word' id='word_1_448' title='bbox 2750 2442 2925 2515; x_wconf 85' lang='lat' dir='ltr'><strong>securi</strong></span> <span class='ocrx_word' id='word_1_449' title='bbox 2951 2456 3098 2512; x_wconf 88' lang='lat' dir='ltr'><strong>facti.</strong></span> <span class='ocrx_word' id='word_1_450' title='bbox 3125 2455 3193 2509; x_wconf 84' lang='lat' dir='ltr'><strong>Et</strong></span> <span class='ocrx_word' id='word_1_451' title='bbox 3220 2442 3398 2508; x_wconf 77' lang='lat' dir='ltr'><strong>statim</strong></span> <span class='ocrx_word' id='word_1_452' title='bbox 3420 2450 3521 2521; x_wconf 78' lang='lat' dir='ltr'><strong>fuit</strong></span> 
     </span>
    </p>
   </div>
   <div class='ocr_carea' id='block_1_54' title="bbox 1941 2541 3528 2625">
    <p class='ocr_par' dir='ltr' id='par_1_54' title="bbox 1941 2541 3528 2625">
     <span class='ocr_line' id='line_1_58' title="bbox 1941 2541 3528 2625; baseline -0.016 -6"><span class='ocrx_word' id='word_1_453' title='bbox 1941 2541 2087 2620; x_wconf 79' lang='lat' dir='ltr'><strong>navis</strong></span> <span class='ocrx_word' id='word_1_454' title='bbox 2119 2561 2189 2615; x_wconf 87' lang='lat' dir='ltr'><strong>ad</strong></span> <span class='ocrx_word' id='word_1_455' title='bbox 2216 2570 2440 2622; x_wconf 90' lang='lat' dir='ltr'><strong>terram,</strong></span> <span class='ocrx_word' id='word_1_456' title='bbox 2483 2557 2538 2609; x_wconf 86' lang='lat' dir='ltr'><strong>in</strong></span> <span class='ocrx_word' id='word_1_457' title='bbox 2565 2571 2720 2625; x_wconf 89' lang='lat' dir='ltr'><strong>quam</strong></span> <span class='ocrx_word' id='word_1_458' title='bbox 2758 2553 2920 2606; x_wconf 83' lang='lat' dir='ltr'><strong>ibant.</strong></span> <span class='ocrx_word' id='word_1_459' title='bbox 2954 2548 3151 2603; x_wconf 86' lang='lat' dir='ltr'><strong>Factus</strong></span> <span class='ocrx_word' id='word_1_460' title='bbox 3187 2552 3271 2599; x_wconf 88' lang='lat' dir='ltr'><strong>est</strong></span> <span class='ocrx_word' id='word_1_461' title='bbox 3305 2543 3427 2597; x_wconf 83' lang='lat' dir='ltr'><strong>finis</strong></span> <span class='ocrx_word' id='word_1_462' title='bbox 3458 2541 3528 2595; x_wconf 88' lang='lat' dir='ltr'><strong>ad</strong></span> 
     </span>
    </p>
   </div>
   <div class='ocr_carea' id='block_1_55' title="bbox 1941 2632 3529 2720">
    <p class='ocr_par' dir='ltr' id='par_1_55' title="bbox 1941 2632 3529 2720">
     <span class='ocr_line' id='line_1_59' title="bbox 1941 2632 3529 2720; baseline -0.018 -7"><span class='ocrx_word' id='word_1_463' title='bbox 1941 2667 2175 2720; x_wconf 89' lang='lat' dir='ltr'><strong>terram,</strong></span> <span class='ocrx_word' id='word_1_464' title='bbox 2213 2653 2280 2708; x_wconf 93' lang='lat' dir='ltr'><strong>de</strong></span> <span class='ocrx_word' id='word_1_465' title='bbox 2322 2650 2542 2706; x_wconf 86' lang='lat' dir='ltr'><strong>humido</strong></span> <span class='ocrx_word' id='word_1_466' title='bbox 2583 2648 2652 2702; x_wconf 88' lang='lat' dir='ltr'><strong>ad</strong></span> <span class='ocrx_word' id='word_1_467' title='bbox 2696 2636 2923 2713; x_wconf 83' lang='lat' dir='ltr'><strong>sulidum</strong></span> <span class='ocrx_word' id='word_1_468' title='bbox 2945 2683 2965 2711; x_wconf 33' lang='lat'><strong>,.</strong></span> <span class='ocrx_word' id='word_1_469' title='bbox 2999 2641 3065 2695; x_wconf 87' lang='lat' dir='ltr'><strong>de</strong></span> <span class='ocrx_word' id='word_1_470' title='bbox 3089 2640 3306 2693; x_wconf 89' lang='lat' dir='ltr'><strong>turbato</strong></span> <span class='ocrx_word' id='word_1_471' title='bbox 3334 2634 3400 2688; x_wconf 91' lang='lat' dir='ltr'><strong>ad</strong></span> <span class='ocrx_word' id='word_1_472' title='bbox 3436 2632 3529 2685; x_wconf 84' lang='lat' dir='ltr'><strong>tir-</strong></span> 
     </span>
    </p>
   </div>
   <div class='ocr_carea' id='block_1_56' title="bbox 1943 2721 3529 2808">
    <p class='ocr_par' dir='ltr' id='par_1_56' title="bbox 1943 2721 3529 2808">
     <span class='ocr_line' id='line_1_60' title="bbox 1943 2721 3529 2808; baseline -0.019 -7"><span class='ocrx_word' id='word_1_473' title='bbox 1943 2760 2122 2808; x_wconf 86' lang='lat' dir='ltr'><strong>inum,</strong></span> <span class='ocrx_word' id='word_1_474' title='bbox 2155 2744 2220 2796; x_wconf 81' lang='lat' dir='ltr'><strong>de</strong></span> <span class='ocrx_word' id='word_1_475' title='bbox 2266 2740 2459 2795; x_wconf 85' lang='lat' dir='ltr'><strong>itinere</strong></span> <span class='ocrx_word' id='word_1_476' title='bbox 2505 2737 2572 2794; x_wconf 89' lang='lat' dir='ltr'><strong>ad</strong></span> <span class='ocrx_word' id='word_1_477' title='bbox 2619 2735 2810 2799; x_wconf 84' lang='lat' dir='ltr'><strong>linem,</strong></span> <span class='ocrx_word' id='word_1_478' title='bbox 2848 2752 2867 2783; x_wconf 72' lang='grc' dir='ltr'><strong>ι</strong></span> <span class='ocrx_word' id='word_1_479' title='bbox 2900 2728 2951 2785; x_wconf 92' lang='lat' dir='ltr'><strong>id</strong></span> <span class='ocrx_word' id='word_1_480' title='bbox 2987 2735 3097 2793; x_wconf 90' lang='lat' dir='ltr'><strong>est,</strong></span> <span class='ocrx_word' id='word_1_481' title='bbox 3129 2726 3195 2780; x_wconf 90' lang='lat' dir='ltr'><strong>ad</strong></span> <span class='ocrx_word' id='word_1_482' title='bbox 3233 2721 3529 2796; x_wconf 88' lang='lat' dir='ltr'><strong>perfectam</strong></span> 
     </span>
    </p>
   </div>
   <div class='ocr_carea' id='block_1_57' title="bbox 1947 2821 3535 2907">
    <p class='ocr_par' dir='ltr' id='par_1_57' title="bbox 1947 2821 3535 2907">
     <span class='ocr_line' id='line_1_61' title="bbox 1947 2821 3535 2907; baseline -0.018 -13"><span class='ocrx_word' id='word_1_483' title='bbox 1947 2829 2412 2907; x_wconf 78' lang='lat' dir='ltr'><strong>tranquillitatem,</strong></span> <span class='ocrx_word' id='word_1_484' title='bbox 2449 2845 2568 2901; x_wconf 62' lang='lat' dir='ltr'><strong>qua:</strong></span> <span class='ocrx_word' id='word_1_485' title='bbox 2595 2844 2700 2883; x_wconf 88' lang='lat' dir='ltr'><strong>non</strong></span> <span class='ocrx_word' id='word_1_486' title='bbox 2741 2825 2845 2880; x_wconf 91' lang='lat' dir='ltr'><strong>erit</strong></span> <span class='ocrx_word' id='word_1_487' title='bbox 2889 2823 2993 2877; x_wconf 88' lang='lat' dir='ltr'><strong>nisi</strong></span> <span class='ocrx_word' id='word_1_488' title='bbox 3030 2821 3084 2875; x_wconf 91' lang='lat' dir='ltr'><strong>in</strong></span> <span class='ocrx_word' id='word_1_489' title='bbox 3122 2826 3282 2897; x_wconf 87' lang='lat' dir='ltr'><strong>portu</strong></span> <span class='ocrx_word' id='word_1_490' title='bbox 3319 2821 3535 2869; x_wconf 69' lang='lat' dir='ltr'><strong>aeternio</strong></span> 
     </span>
    </p>
   </div>
   <div class='ocr_carea' id='block_1_58' title="bbox 1946 2908 3531 2988">
    <p class='ocr_par' dir='ltr' id='par_1_58' title="bbox 1946 2908 3531 2988">
     <span class='ocr_line' id='line_1_62' title="bbox 1946 2908 3531 2988; baseline -0.02 -1"><span class='ocrx_word' id='word_1_491' title='bbox 1946 2928 2271 2988; x_wconf 86' lang='lat' dir='ltr'><strong>serenitatis.</strong></span> <span class='ocrx_word' id='word_1_492' title='bbox 2298 2925 2373 2980; x_wconf 90' lang='lat' dir='ltr'><strong>lbi</strong></span> <span class='ocrx_word' id='word_1_493' title='bbox 2394 2932 2508 2978; x_wconf 87' lang='lat' dir='ltr'><strong>tota</strong></span> <span class='ocrx_word' id='word_1_494' title='bbox 2528 2919 2783 2988; x_wconf 77' lang='lat' dir='ltr'><strong>chariias,</strong></span> <span class='ocrx_word' id='word_1_495' title='bbox 2816 2924 2871 2970; x_wconf 88' lang='lat' dir='ltr'><strong>et</strong></span> <span class='ocrx_word' id='word_1_496' title='bbox 2910 2912 3053 2967; x_wconf 90' lang='lat' dir='ltr'><strong>nuila</strong></span> <span class='ocrx_word' id='word_1_497' title='bbox 3093 2908 3383 2978; x_wconf 90' lang='lat' dir='ltr'><strong>iniquitas,</strong></span> <span class='ocrx_word' id='word_1_498' title='bbox 3420 2911 3531 2959; x_wconf 87' lang='lat' dir='ltr'><strong>tota</strong></span> 
     </span>
    </p>
   </div>
   <div class='ocr_carea' id='block_1_59' title="bbox 1947 2998 3577 3083">
    <p class='ocr_par' dir='ltr' id='par_1_59' title="bbox 1947 2998 3577 3083">
     <span class='ocr_line' id='line_1_63' title="bbox 1947 2998 3577 3083; baseline -0.02 -7"><span class='ocrx_word' id='word_1_499' title='bbox 1947 3022 2204 3082; x_wconf 89' lang='lat' dir='ltr'><strong>felicitas,</strong></span> <span class='ocrx_word' id='word_1_500' title='bbox 2246 3026 2301 3072; x_wconf 91' lang='lat' dir='ltr'><strong>et</strong></span> <span class='ocrx_word' id='word_1_501' title='bbox 2335 3013 2480 3070; x_wconf 89' lang='lat' dir='ltr'><strong>nulla</strong></span> <span class='ocrx_word' id='word_1_502' title='bbox 2520 3007 2889 3083; x_wconf 85' lang='lat' dir='ltr'><strong>perturbatio,</strong></span> <span class='ocrx_word' id='word_1_503' title='bbox 2920 3004 3012 3058; x_wconf 89' lang='lat' dir='ltr'><strong>ubi</strong></span> <span class='ocrx_word' id='word_1_504' title='bbox 3049 3002 3165 3055; x_wconf 91' lang='lat' dir='ltr'><strong>sine</strong></span> <span class='ocrx_word' id='word_1_505' title='bbox 3196 2998 3300 3052; x_wconf 86' lang='lat' dir='ltr'><strong>ﬁne</strong></span> <span class='ocrx_word' id='word_1_506' title='bbox 3342 3009 3535 3065; x_wconf 85' lang='lat' dir='ltr'><strong>regna-</strong></span> <span class='ocrx_word' id='word_1_507' title='bbox 3574 3040 3577 3041; x_wconf 34' lang='grc' dir='ltr'><em>ν</em></span> 
     </span>
    </p>
   </div>
   <div class='ocr_carea' id='block_1_60' title="bbox 1506 3085 3534 3181">
    <p class='ocr_par' dir='ltr' id='par_1_60' title="bbox 1506 3085 3534 3181">
     <span class='ocr_line' id='line_1_64' title="bbox 1506 3085 3534 3181; baseline -0.021 -4"><span class='ocrx_word' id='word_1_508' title='bbox 1506 3119 1847 3179; x_wconf 89' lang='lat' dir='ltr'><strong>Turbabatur</strong></span> <span class='ocrx_word' id='word_1_509' title='bbox 1946 3114 2099 3177; x_wconf 87' lang='lat' dir='ltr'><strong>bunt,</strong></span> <span class='ocrx_word' id='word_1_510' title='bbox 2115 3112 2207 3181; x_wconf 89' lang='lat' dir='ltr'><strong>qui</strong></span> <span class='ocrx_word' id='word_1_511' title='bbox 2223 3110 2309 3165; x_wconf 91' lang='lat' dir='ltr'><strong>hic</strong></span> <span class='ocrx_word' id='word_1_512' title='bbox 2327 3106 2534 3160; x_wconf 83' lang='lat' dir='ltr'><strong>fortiter</strong></span> <span class='ocrx_word' id='word_1_513' title='bbox 2552 3115 2717 3170; x_wconf 90' lang='lat' dir='ltr'><strong>usque</strong></span> <span class='ocrx_word' id='word_1_514' title='bbox 2734 3099 2787 3152; x_wconf 90' lang='lat' dir='ltr'><strong>in</strong></span> <span class='ocrx_word' id='word_1_515' title='bbox 2811 3096 2970 3150; x_wconf 79' lang='lat' dir='ltr'><strong>linem</strong></span> <span class='ocrx_word' id='word_1_516' title='bbox 2992 3091 3116 3145; x_wconf 78' lang='lat' dir='ltr'><strong>vitae</strong></span> <span class='ocrx_word' id='word_1_517' title='bbox 3141 3103 3249 3145; x_wconf 68' lang='lat' dir='ltr'><strong>sua:</strong></span> <span class='ocrx_word' id='word_1_518' title='bbox 3263 3085 3534 3169; x_wconf 78' lang='lat' dir='ltr'><strong>laborant.</strong></span> 
     </span>
    </p>
   </div>
   <div class='ocr_carea' id='block_1_61' title="bbox 266 3185 3557 3311">
    <p class='ocr_par' dir='ltr' id='par_1_61' title="bbox 266 3185 3557 3311">
     <span class='ocr_line' id='line_1_65' title="bbox 267 3185 1278 3224; baseline -0.031 -7"><span class='ocrx_word' id='word_1_519' title='bbox 267 3185 354 3217; x_wconf 76' lang='lat' dir='ltr'><strong>ws</strong></span> <span class='ocrx_word' id='word_1_520' title='bbox 407 3185 728 3224; x_wconf 65' lang='grc' dir='ltr'><strong>ι’σιιιδυδυιιρ,</strong></span> <span class='ocrx_word' id='word_1_521' title='bbox 772 3185 894 3202; x_wconf 66' lang='lat' dir='ltr'><strong>num</strong></span> <span class='ocrx_word' id='word_1_522' title='bbox 939 3185 1128 3196; x_wconf 63' lang='grc' dir='ltr'><strong>..ι-ν-..-</strong></span> <span class='ocrx_word' id='word_1_523' title='bbox 1179 3185 1278 3203; x_wconf 48' lang='grc' dir='ltr'><strong>,πυ</strong></span> 
     </span>
     <span class='ocr_line' id='line_1_66' title="bbox 266 3185 3557 3311; baseline -0.03 -4"><span class='ocrx_word' id='word_1_524' title='bbox 266 3248 443 3311; x_wconf 88' lang='lat' dir='ltr'><strong>navis,</strong></span> <span class='ocrx_word' id='word_1_525' title='bbox 474 3251 634 3299; x_wconf 88' lang='lat' dir='ltr'><strong>vento</strong></span> <span class='ocrx_word' id='word_1_526' title='bbox 663 3250 857 3307; x_wconf 86' lang='lat' dir='ltr'><strong>magno</strong></span> <span class='ocrx_word' id='word_1_527' title='bbox 884 3232 1042 3286; x_wconf 58' lang='lat' dir='ltr'><strong>ﬂante</strong></span> <span class='ocrx_word' id='word_1_528' title='bbox 1068 3240 1217 3280; x_wconf 91' lang='lat' dir='ltr'><strong>mare</strong></span> <span class='ocrx_word' id='word_1_529' title='bbox 1242 3216 1590 3289; x_wconf 84' lang='lat' dir='ltr'><strong>exsurgebat;</strong></span> <span class='ocrx_word' id='word_1_530' title='bbox 1615 3208 1848 3265; x_wconf 81' lang='lat' dir='ltr'><strong>tenebrae</strong></span> <span class='ocrx_word' id='word_1_531' title='bbox 1875 3185 1924 3251; x_wconf 64' lang='grc' dir='ltr'><strong>(ἶ</strong></span> <span class='ocrx_word' id='word_1_532' title='bbox 2021 3225 2186 3280; x_wconf 45' lang='grc' dir='ltr'><strong>γης.</strong></span> <span class='ocrx_word' id='word_1_533' title='bbox 2212 3220 2301 3283; x_wconf 56' lang='grc' dir='ltr'><strong>Ἡ,</strong></span> <span class='ocrx_word' id='word_1_534' title='bbox 2328 3218 2419 3273; x_wconf 48' lang='grc' dir='ltr'><strong>π.</strong></span> <span class='ocrx_word' id='word_1_535' title='bbox 2451 3244 2523 3256; x_wconf 89' lang='lat'><em>_</em></span> <span class='ocrx_word' id='word_1_536' title='bbox 2559 3211 2733 3266; x_wconf 60' lang='lat' dir='ltr'><strong>Altera</strong></span> <span class='ocrx_word' id='word_1_537' title='bbox 2761 3208 2845 3261; x_wconf 59' lang='lat' dir='ltr'><strong>die</strong></span> <span class='ocrx_word' id='word_1_538' title='bbox 2870 3202 3021 3258; x_wconf 47' lang='lat' dir='ltr'><strong><em>turba</em></strong></span> <span class='ocrx_word' id='word_1_539' title='bbox 3046 3213 3164 3271; x_wconf 66' lang='lat' dir='ltr'><strong>qua,</strong></span> <span class='ocrx_word' id='word_1_540' title='bbox 3192 3195 3364 3252; x_wconf 51' lang='lat' dir='ltr'><strong>“ab”</strong></span> <span class='ocrx_word' id='word_1_541' title='bbox 3390 3204 3557 3267; x_wconf 39' lang='lat' dir='ltr'><strong>&quot;an&quot;</strong></span> 
     </span>
     <span class='ocr_line' id='line_1_67' title="bbox 2372 3287 3540 3311; baseline -0.025 21"><span class='ocrx_word' id='word_1_542' title='bbox 2372 3308 2381 3311; x_wconf 86' lang='lat'><em>‘</em></span> <span class='ocrx_word' id='word_1_543' title='bbox 2484 3304 2514 3311; x_wconf 87' lang='grc'><strong>··</strong></span> <span class='ocrx_word' id='word_1_544' title='bbox 2682 3301 2692 3311; x_wconf 92' lang='grc'>·</span> <span class='ocrx_word' id='word_1_545' title='bbox 2767 3296 2779 3311; x_wconf 77' lang='grc' dir='ltr'><strong><em>ι</em></strong></span> <span class='ocrx_word' id='word_1_546' title='bbox 3061 3301 3093 3311; x_wconf 44' lang='grc' dir='ltr'><strong>Α.</strong></span> <span class='ocrx_word' id='word_1_547' title='bbox 3121 3289 3188 3311; x_wconf 77' lang='lat' dir='ltr'><strong>:L:</strong></span> <span class='ocrx_word' id='word_1_548' title='bbox 3214 3287 3312 3311; x_wconf 44' lang='grc' dir='ltr'><strong>..με</strong></span> <span class='ocrx_word' id='word_1_549' title='bbox 3342 3301 3446 3311; x_wconf 62' lang='grc' dir='ltr'><strong>η..-</strong></span> <span class='ocrx_word' id='word_1_550' title='bbox 3493 3291 3540 3311; x_wconf 51' lang='grc' dir='ltr'><strong><em>Α,</em></strong></span> 
     </span>
    </p>
   </div>
   <div class='ocr_carea' id='block_1_62' title="bbox 266 3303 1852 3395">
    <p class='ocr_par' dir='ltr' id='par_1_62' title="bbox 266 3303 1852 3395">
     <span class='ocr_line' id='line_1_68' title="bbox 266 3303 1852 3395; baseline -0.028 -2"><span class='ocrx_word' id='word_1_551' title='bbox 266 3333 612 3395; x_wconf 85' lang='lat' dir='ltr'><strong>crescebant,</strong></span> <span class='ocrx_word' id='word_1_552' title='bbox 640 3303 985 3394; x_wconf 71' lang='lat' dir='ltr'><strong>intelligentia</strong></span> <span class='ocrx_word' id='word_1_553' title='bbox 1017 3313 1378 3373; x_wconf 88' lang='lat' dir='ltr'><strong>minuebatur,</strong></span> <span class='ocrx_word' id='word_1_554' title='bbox 1412 3303 1663 3375; x_wconf 87' lang='lat' dir='ltr'><strong>iniquitas</strong></span> <span class='ocrx_word' id='word_1_555' title='bbox 1690 3312 1852 3367; x_wconf 86' lang='lat' dir='ltr'><strong>auge-</strong></span> 
     </span>
    </p>
   </div>
   <div class='ocr_carea' id='block_1_63' title="bbox 268 3392 1850 3484">
    <p class='ocr_par' dir='ltr' id='par_1_63' title="bbox 268 3392 1850 3484">
     <span class='ocr_line' id='line_1_69' title="bbox 268 3392 1850 3484; baseline -0.029 -1"><span class='ocrx_word' id='word_1_556' title='bbox 268 3431 454 3484; x_wconf 79' lang='lat' dir='ltr'><strong>batur.</strong></span> <span class='ocrx_word' id='word_1_557' title='bbox 486 3422 691 3477; x_wconf 89' lang='lat' dir='ltr'><strong>Tamen</strong></span> <span class='ocrx_word' id='word_1_558' title='bbox 720 3416 859 3470; x_wconf 90' lang='lat' dir='ltr'><strong>inter</strong></span> <span class='ocrx_word' id='word_1_559' title='bbox 880 3412 996 3466; x_wconf 61' lang='lat' dir='ltr'><strong>haec</strong></span> <span class='ocrx_word' id='word_1_560' title='bbox 1015 3406 1193 3462; x_wconf 91' lang='lat' dir='ltr'><strong>omnia</strong></span> <span class='ocrx_word' id='word_1_561' title='bbox 1224 3400 1378 3457; x_wconf 88' lang='lat' dir='ltr'><strong>navis</strong></span> <span class='ocrx_word' id='word_1_562' title='bbox 1401 3398 1511 3452; x_wconf 84' lang='lat' dir='ltr'><strong>ibat</strong></span> <span class='ocrx_word' id='word_1_563' title='bbox 1539 3392 1606 3447; x_wconf 90' lang='lat' dir='ltr'><strong>ad</strong></span> <span class='ocrx_word' id='word_1_564' title='bbox 1632 3397 1850 3448; x_wconf 89' lang='lat' dir='ltr'><strong>terram,</strong></span> 
     </span>
    </p>
   </div>
   <div class='ocr_carea' id='block_1_64' title="bbox 270 3480 1858 3591">
    <p class='ocr_par' dir='ltr' id='par_1_64' title="bbox 270 3480 1858 3591">
     <span class='ocr_line' id='line_1_70' title="bbox 270 3480 1858 3591; baseline -0.031 -17"><span class='ocrx_word' id='word_1_565' title='bbox 270 3512 617 3591; x_wconf 87' lang='lat' dir='ltr'><strong>properabat,</strong></span> <span class='ocrx_word' id='word_1_566' title='bbox 642 3515 860 3580; x_wconf 85' lang='lat' dir='ltr'><strong>portum</strong></span> <span class='ocrx_word' id='word_1_567' title='bbox 890 3496 1183 3571; x_wconf 79' lang='lat' dir='ltr'><strong>qtuercbat.</strong></span> <span class='ocrx_word' id='word_1_568' title='bbox 1210 3491 1287 3547; x_wconf 86' lang='lat' dir='ltr'><strong>Ita</strong></span> <span class='ocrx_word' id='word_1_569' title='bbox 1318 3490 1457 3543; x_wconf 90' lang='lat' dir='ltr'><strong>inter</strong></span> <span class='ocrx_word' id='word_1_570' title='bbox 1475 3480 1657 3537; x_wconf 90' lang='lat' dir='ltr'><strong>omnia</strong></span> <span class='ocrx_word' id='word_1_571' title='bbox 1685 3482 1858 3530; x_wconf 87' lang='lat' dir='ltr'><strong>tenta-</strong></span> 
     </span>
     <span class='ocr_line' id='line_1_71' title="bbox 956 3567 1854 3591; baseline -0.029 13"><span class='ocrx_word' id='word_1_572' title='bbox 956 3590 965 3591; x_wconf 43' lang='grc' dir='ltr'><em>κ</em></span> <span class='ocrx_word' id='word_1_573' title='bbox 1034 3587 1043 3591; x_wconf 82' lang='grc'><strong><em>-</em></strong></span> <span class='ocrx_word' id='word_1_574' title='bbox 1214 3583 1238 3591; x_wconf 74' lang='lat'><strong>-</strong></span> <span class='ocrx_word' id='word_1_575' title='bbox 1278 3581 1312 3591; x_wconf 25' lang='grc' dir='ltr'><strong>,Α</strong></span> <span class='ocrx_word' id='word_1_576' title='bbox 1378 3576 1392 3591; x_wconf 87' lang='grc'>.</span> <span class='ocrx_word' id='word_1_577' title='bbox 1431 3575 1446 3591; x_wconf 74' lang='grc' dir='ltr'>ι</span> <span class='ocrx_word' id='word_1_578' title='bbox 1640 3567 1854 3591; x_wconf 49' lang='lat' dir='ltr'><strong>“Amm</strong></span> 
     </span>
    </p>
   </div>
   <div class='ocr_carea' id='block_1_65' title="bbox 274 3567 1858 3670">
    <p class='ocr_par' dir='ltr' id='par_1_65' title="bbox 274 3567 1858 3670">
     <span class='ocr_line' id='line_1_72' title="bbox 311 3567 924 3587; baseline -0.029 -15"><span class='ocrx_word' id='word_1_579' title='bbox 311 3567 326 3572; x_wconf 88' lang='lat'>_</span> <span class='ocrx_word' id='word_1_580' title='bbox 345 3567 402 3587; x_wconf 56' lang='grc' dir='ltr'><strong>,τ</strong></span> <span class='ocrx_word' id='word_1_581' title='bbox 606 3567 615 3575; x_wconf 68' lang='grc'>,</span> <span class='ocrx_word' id='word_1_582' title='bbox 645 3567 663 3580; x_wconf 82' lang='lat'>_</span> <span class='ocrx_word' id='word_1_583' title='bbox 909 3567 924 3571; x_wconf 94' lang='lat'>_</span> 
     </span>
     <span class='ocr_line' id='line_1_73' title="bbox 274 3567 1858 3670; baseline -0.03 -6"><span class='ocrx_word' id='word_1_584' title='bbox 274 3567 582 3663; x_wconf 67' lang='lat' dir='ltr'><strong>incntorum</strong></span> <span class='ocrx_word' id='word_1_585' title='bbox 607 3611 822 3670; x_wconf 88' lang='lat' dir='ltr'><strong>genera,</strong></span> <span class='ocrx_word' id='word_1_586' title='bbox 846 3587 1082 3651; x_wconf 89' lang='lat' dir='ltr'><strong>Ecclesia</strong></span> <span class='ocrx_word' id='word_1_587' title='bbox 1109 3581 1348 3655; x_wconf 82' lang='lat' dir='ltr'><strong>proﬁcit;</strong></span> <span class='ocrx_word' id='word_1_588' title='bbox 1378 3575 1610 3635; x_wconf 86' lang='lat' dir='ltr'><strong>laborat,</strong></span> <span class='ocrx_word' id='word_1_589' title='bbox 1639 3567 1730 3623; x_wconf 91' lang='lat' dir='ltr'><strong>sed</strong></span> <span class='ocrx_word' id='word_1_590' title='bbox 1751 3580 1858 3618; x_wconf 91' lang='lat' dir='ltr'><strong>non</strong></span> 
     </span>
    </p>
   </div>
   <div class='ocr_carea' id='block_1_66' title="bbox 274 3659 1861 3768">
    <p class='ocr_par' dir='ltr' id='par_1_66' title="bbox 274 3659 1861 3768">
     <span class='ocr_line' id='line_1_74' title="bbox 274 3659 1861 3768; baseline -0.025 -14"><span class='ocrx_word' id='word_1_591' title='bbox 274 3697 562 3768; x_wconf 83' lang='lat' dir='ltr'><strong>mergitur.</strong></span> <span class='ocrx_word' id='word_1_592' title='bbox 609 3690 885 3747; x_wconf 78' lang='lat' dir='ltr'><strong>Christum</strong></span> <span class='ocrx_word' id='word_1_593' title='bbox 921 3685 1231 3752; x_wconf 82' lang='lat' dir='ltr'><strong>exspectat,</strong></span> <span class='ocrx_word' id='word_1_594' title='bbox 1262 3671 1477 3746; x_wconf 88' lang='lat' dir='ltr'><strong>quando</strong></span> <span class='ocrx_word' id='word_1_595' title='bbox 1514 3682 1612 3739; x_wconf 89' lang='lat' dir='ltr'><strong>per</strong></span> <span class='ocrx_word' id='word_1_596' title='bbox 1641 3678 1762 3718; x_wconf 87' lang='lat' dir='ltr'><strong>cum</strong></span> <span class='ocrx_word' id='word_1_597' title='bbox 1794 3659 1861 3714; x_wconf 89' lang='lat' dir='ltr'><strong>ad</strong></span> 
     </span>
    </p>
   </div>
   <div class='ocr_carea' id='block_1_67' title="bbox 277 3768 1251 3861">
    <p class='ocr_par' dir='ltr' id='par_1_67' title="bbox 277 3768 1251 3861">
     <span class='ocr_line' id='line_1_75' title="bbox 277 3768 1251 3861; baseline -0.025 -17"><span class='ocrx_word' id='word_1_598' title='bbox 277 3798 497 3861; x_wconf 87' lang='lat' dir='ltr'><strong>portum</strong></span> <span class='ocrx_word' id='word_1_599' title='bbox 526 3781 803 3858; x_wconf 83' lang='lat' dir='ltr'><strong>perveniat</strong></span> <span class='ocrx_word' id='word_1_600' title='bbox 829 3768 1251 3843; x_wconf 82' lang='lat' dir='ltr'><strong>tranquillitatis.</strong></span> 
     </span>
    </p>
   </div>
   <div class='ocr_carea' id='block_1_68' title="bbox 356 3839 1862 3936">
    <p class='ocr_par' dir='ltr' id='par_1_68' title="bbox 356 3839 1862 3936">
     <span class='ocr_line' id='line_1_76' title="bbox 356 3839 1862 3936; baseline -0.028 -3"><span class='ocrx_word' id='word_1_601' title='bbox 356 3839 546 3934; x_wconf 40' lang='lat' dir='ltr'><strong>Vens:</strong></span> <span class='ocrx_word' id='word_1_602' title='bbox 566 3872 652 3936; x_wconf 80' lang='lat' dir='ltr'><strong>l9,</strong></span> <span class='ocrx_word' id='word_1_603' title='bbox 690 3868 780 3924; x_wconf 72' lang='grc' dir='ltr'><strong>ΞΟ.</strong></span> <span class='ocrx_word' id='word_1_604' title='bbox 809 3896 879 3907; x_wconf 86' lang='grc'><strong><em>--</em></strong></span> <span class='ocrx_word' id='word_1_605' title='bbox 900 3839 1032 3919; x_wconf 45' lang='grc' dir='ltr'><strong>Οτι-ιη</strong></span> <span class='ocrx_word' id='word_1_606' title='bbox 1059 3876 1179 3929; x_wconf 88' lang='lat' dir='ltr'><strong>ergo</strong></span> <span class='ocrx_word' id='word_1_607' title='bbox 1210 3854 1569 3923; x_wconf 78' lang='lat' dir='ltr'><strong>remigrassent</strong></span> <span class='ocrx_word' id='word_1_608' title='bbox 1591 3843 1763 3899; x_wconf 83' lang='lat' dir='ltr'><strong>stadia</strong></span> <span class='ocrx_word' id='word_1_609' title='bbox 1783 3839 1862 3893; x_wconf 92' lang='lat' dir='ltr'><strong>vi-</strong></span> 
     </span>
    </p>
   </div>
   <div class='ocr_carea' id='block_1_69' title="bbox 282 3934 1866 4042">
    <p class='ocr_par' dir='ltr' id='par_1_69' title="bbox 282 3934 1866 4042">
     <span class='ocr_line' id='line_1_77' title="bbox 282 3934 1866 4042; baseline -0.027 -17"><span class='ocrx_word' id='word_1_610' title='bbox 282 3969 415 4042; x_wconf 87' lang='lat' dir='ltr'><strong>ginti</strong></span> <span class='ocrx_word' id='word_1_611' title='bbox 448 3967 672 4037; x_wconf 83' lang='lat' dir='ltr'><strong>quinque</strong></span> <span class='ocrx_word' id='word_1_612' title='bbox 707 3968 798 4014; x_wconf 86' lang='lat' dir='ltr'><strong>aut</strong></span> <span class='ocrx_word' id='word_1_613' title='bbox 840 3956 1073 4026; x_wconf 87' lang='lat' dir='ltr'><strong>triginta,</strong></span> <span class='ocrx_word' id='word_1_614' title='bbox 1101 3949 1270 4004; x_wconf 83' lang='lat' dir='ltr'><strong>vident</strong></span> <span class='ocrx_word' id='word_1_615' title='bbox 1306 3946 1487 3998; x_wconf 74' lang='lat' dir='ltr'><strong>Iesum</strong></span> <span class='ocrx_word' id='word_1_616' title='bbox 1518 3934 1866 3992; x_wconf 79' lang='lat' dir='ltr'><strong>ambulantem</strong></span> 
     </span>
    </p>
   </div>
   <div class='ocr_carea' id='block_1_70' title="bbox 283 4029 1866 4131">
    <p class='ocr_par' dir='ltr' id='par_1_70' title="bbox 283 4029 1866 4131">
     <span class='ocr_line' id='line_1_78' title="bbox 283 4029 1866 4131; baseline -0.027 -14"><span class='ocrx_word' id='word_1_617' title='bbox 283 4075 445 4131; x_wconf 83' lang='lat' dir='ltr'><strong>super</strong></span> <span class='ocrx_word' id='word_1_618' title='bbox 484 4071 656 4120; x_wconf 85' lang='lat' dir='ltr'><strong>mare,</strong></span> <span class='ocrx_word' id='word_1_619' title='bbox 700 4061 747 4105; x_wconf 93' lang='lat' dir='ltr'><strong>et</strong></span> <span class='ocrx_word' id='word_1_620' title='bbox 785 4048 1079 4120; x_wconf 71' lang='lat' dir='ltr'><strong>proximum</strong></span> <span class='ocrx_word' id='word_1_621' title='bbox 1116 4041 1235 4094; x_wconf 88' lang='lat' dir='ltr'><strong>navi</strong></span> <span class='ocrx_word' id='word_1_622' title='bbox 1274 4035 1412 4105; x_wconf 81' lang='lat' dir='ltr'><strong>ﬁeri.</strong></span> <span class='ocrx_word' id='word_1_623' title='bbox 1457 4031 1522 4095; x_wconf 85' lang='lat' dir='ltr'><strong>Et</strong></span> <span class='ocrx_word' id='word_1_624' title='bbox 1555 4029 1866 4094; x_wconf 75' lang='lat' dir='ltr'><strong>timuerunt.</strong></span> 
     </span>
     <span class='ocr_line' id='line_1_79' title="bbox 1314 4111 1839 4131; baseline -0.027 14"><span class='ocrx_word' id='word_1_625' title='bbox 1314 4126 1342 4131; x_wconf 84' lang='lat'>“</span> <span class='ocrx_word' id='word_1_626' title='bbox 1439 4123 1450 4131; x_wconf 77' lang='grc'><strong>⁵</strong></span> <span class='ocrx_word' id='word_1_627' title='bbox 1693 4114 1716 4131; x_wconf 75' lang='lat' dir='ltr'>L</span> <span class='ocrx_word' id='word_1_628' title='bbox 1744 4111 1839 4131; x_wconf 70' lang='grc' dir='ltr'>Π..-</span> 
     </span>
    </p>
   </div>
   <div class='ocr_carea' id='block_1_71' title="bbox 290 4111 1871 4207">
    <p class='ocr_par' dir='ltr' id='par_1_71' title="bbox 290 4111 1871 4207">
     <span class='ocr_line' id='line_1_80' title="bbox 290 4111 1871 4207; baseline -0.029 0"><span class='ocrx_word' id='word_1_629' title='bbox 290 4111 395 4207; x_wconf 72' lang='lat' dir='ltr'><strong>Ille</strong></span> <span class='ocrx_word' id='word_1_630' title='bbox 447 4158 621 4203; x_wconf 83' lang='lat' dir='ltr'><strong>autem</strong></span> <span class='ocrx_word' id='word_1_631' title='bbox 643 4144 767 4198; x_wconf 84' lang='lat' dir='ltr'><strong>dicit</strong></span> <span class='ocrx_word' id='word_1_632' title='bbox 794 4141 868 4195; x_wconf 89' lang='lat' dir='ltr'><strong>eis</strong></span> <span class='ocrx_word' id='word_1_633' title='bbox 888 4154 907 4192; x_wconf 91' lang='lat'><strong><em>:</em></strong></span> <span class='ocrx_word' id='word_1_634' title='bbox 936 4136 1045 4206; x_wconf 85' lang='lat' dir='ltr'><strong>Ego</strong></span> <span class='ocrx_word' id='word_1_635' title='bbox 1071 4147 1206 4194; x_wconf 86' lang='lat' dir='ltr'><strong>sum,</strong></span> <span class='ocrx_word' id='word_1_636' title='bbox 1235 4126 1392 4184; x_wconf 90' lang='lat' dir='ltr'><strong>nolite</strong></span> <span class='ocrx_word' id='word_1_637' title='bbox 1412 4123 1610 4181; x_wconf 84' lang='lat' dir='ltr'><strong>timere.</strong></span> <span class='ocrx_word' id='word_1_638' title='bbox 1645 4134 1663 4165; x_wconf 84' lang='grc'><strong>‹</strong></span> <span class='ocrx_word' id='word_1_639' title='bbox 1693 4114 1719 4152; x_wconf 65' lang='grc' dir='ltr'><strong>ιι</strong></span> <span class='ocrx_word' id='word_1_640' title='bbox 1742 4111 1871 4166; x_wconf 88' lang='lat' dir='ltr'><strong>Crc-</strong></span> 
     </span>
    </p>
   </div>
   <div class='ocr_carea' id='block_1_72' title="bbox 289 4209 1871 4303">
    <p class='ocr_par' dir='ltr' id='par_1_72' title="bbox 289 4209 1871 4303">
     <span class='ocr_line' id='line_1_81' title="bbox 289 4209 1871 4303; baseline -0.032 -1"><span class='ocrx_word' id='word_1_641' title='bbox 289 4240 675 4301; x_wconf 80' lang='lat' dir='ltr'><strong>scuntlluctus,</strong></span> <span class='ocrx_word' id='word_1_642' title='bbox 692 4241 956 4303; x_wconf 88' lang='lat' dir='ltr'><strong>augentur</strong></span> <span class='ocrx_word' id='word_1_643' title='bbox 979 4221 1231 4282; x_wconf 63' lang='lat' dir='ltr'><strong>tenebrae,</strong></span> <span class='ocrx_word' id='word_1_644' title='bbox 1250 4214 1475 4271; x_wconf 73' lang='lat' dir='ltr'><strong>smviunt</strong></span> <span class='ocrx_word' id='word_1_645' title='bbox 1498 4209 1871 4275; x_wconf 80' lang='lat' dir='ltr'><strong>tempestates;</strong></span> 
     </span>
    </p>
   </div>
   <div class='ocr_carea' id='block_1_73' title="bbox 1955 3287 3540 3379">
    <p class='ocr_par' dir='ltr' id='par_1_73' title="bbox 1955 3287 3540 3379">
     <span class='ocr_line' id='line_1_82' title="bbox 1955 3287 3540 3379; baseline -0.022 -9"><span class='ocrx_word' id='word_1_646' title='bbox 1955 3330 2117 3377; x_wconf 80' lang='lat' dir='ltr'><strong>mare,</strong></span> <span class='ocrx_word' id='word_1_647' title='bbox 2144 3311 2272 3366; x_wconf 82' lang='lat' dir='ltr'><strong>vidit</strong></span> <span class='ocrx_word' id='word_1_648' title='bbox 2294 3308 2417 3379; x_wconf 85' lang='lat' dir='ltr'><strong>quia</strong></span> <span class='ocrx_word' id='word_1_649' title='bbox 2442 3304 2548 3359; x_wconf 86' lang='lat' dir='ltr'><strong>alia</strong></span> <span class='ocrx_word' id='word_1_650' title='bbox 2574 3296 2813 3358; x_wconf 78' lang='lat' dir='ltr'><strong>navicula</strong></span> <span class='ocrx_word' id='word_1_651' title='bbox 2844 3311 2948 3350; x_wconf 90' lang='lat' dir='ltr'><strong>non</strong></span> <span class='ocrx_word' id='word_1_652' title='bbox 2968 3301 3093 3347; x_wconf 85' lang='lat' dir='ltr'><strong>esset</strong></span> <span class='ocrx_word' id='word_1_653' title='bbox 3117 3289 3188 3343; x_wconf 88' lang='lat' dir='ltr'><strong>ibi</strong></span> <span class='ocrx_word' id='word_1_654' title='bbox 3212 3287 3312 3341; x_wconf 85' lang='lat' dir='ltr'><strong>nisi</strong></span> <span class='ocrx_word' id='word_1_655' title='bbox 3341 3301 3468 3349; x_wconf 86' lang='lat' dir='ltr'><strong>una,</strong></span> <span class='ocrx_word' id='word_1_656' title='bbox 3490 3291 3540 3336; x_wconf 85' lang='lat' dir='ltr'><strong>ct</strong></span> 
     </span>
    </p>
   </div>
   <div class='ocr_carea' id='block_1_74' title="bbox 1954 3372 3540 3474">
    <p class='ocr_par' dir='ltr' id='par_1_74' title="bbox 1954 3372 3540 3474">
     <span class='ocr_line' id='line_1_83' title="bbox 1954 3372 3540 3474; baseline -0.023 -16"><span class='ocrx_word' id='word_1_657' title='bbox 1954 3404 2079 3474; x_wconf 87' lang='lat' dir='ltr'><strong>quia</strong></span> <span class='ocrx_word' id='word_1_658' title='bbox 2118 3416 2221 3455; x_wconf 89' lang='lat' dir='ltr'><strong>non</strong></span> <span class='ocrx_word' id='word_1_659' title='bbox 2257 3395 2538 3457; x_wconf 75' lang='lat' dir='ltr'><strong>introiisset</strong></span> <span class='ocrx_word' id='word_1_660' title='bbox 2568 3391 2722 3445; x_wconf 80' lang='lat' dir='ltr'><strong>Jesus</strong></span> <span class='ocrx_word' id='word_1_661' title='bbox 2757 3401 2875 3440; x_wconf 87' lang='lat' dir='ltr'><strong>cum</strong></span> <span class='ocrx_word' id='word_1_662' title='bbox 2906 3378 3176 3450; x_wconf 85' lang='lat' dir='ltr'><strong>discipulis</strong></span> <span class='ocrx_word' id='word_1_663' title='bbox 3213 3374 3322 3429; x_wconf 84' lang='lat' dir='ltr'><strong>suis</strong></span> <span class='ocrx_word' id='word_1_664' title='bbox 3350 3372 3405 3425; x_wconf 91' lang='lat' dir='ltr'><strong>in</strong></span> <span class='ocrx_word' id='word_1_665' title='bbox 3440 3385 3540 3424; x_wconf 89' lang='lat' dir='ltr'><strong>na-</strong></span> 
     </span>
    </p>
   </div>
   <div class='ocr_carea' id='block_1_75' title="bbox 1956 3466 3541 3556">
    <p class='ocr_par' dir='ltr' id='par_1_75' title="bbox 1956 3466 3541 3556">
     <span class='ocr_line' id='line_1_84' title="bbox 1956 3466 3541 3556; baseline -0.024 -7"><span class='ocrx_word' id='word_1_666' title='bbox 1956 3466 2088 3556; x_wconf 78' lang='lat' dir='ltr'><strong>vem,</strong></span> <span class='ocrx_word' id='word_1_667' title='bbox 2120 3490 2208 3546; x_wconf 85' lang='lat' dir='ltr'><strong>sed</strong></span> <span class='ocrx_word' id='word_1_668' title='bbox 2229 3488 2328 3543; x_wconf 88' lang='lat' dir='ltr'><strong>soli</strong></span> <span class='ocrx_word' id='word_1_669' title='bbox 2358 3481 2599 3553; x_wconf 84' lang='lat' dir='ltr'><strong>discipuli</strong></span> <span class='ocrx_word' id='word_1_670' title='bbox 2629 3479 2742 3549; x_wconf 79' lang='lat' dir='ltr'><strong>ejus</strong></span> <span class='ocrx_word' id='word_1_671' title='bbox 2770 3466 3183 3529; x_wconf 70' lang='lat' dir='ltr'><strong>abiissent.Alia2</strong></span> <span class='ocrx_word' id='word_1_672' title='bbox 3210 3480 3329 3519; x_wconf 90' lang='lat' dir='ltr'><strong>vero</strong></span> <span class='ocrx_word' id='word_1_673' title='bbox 3355 3476 3541 3532; x_wconf 87' lang='lat' dir='ltr'><strong>super-</strong></span> 
     </span>
    </p>
   </div>
   <div class='ocr_carea' id='block_1_76' title="bbox 1958 3550 3560 3639">
    <p class='ocr_par' dir='ltr' id='par_1_76' title="bbox 1958 3550 3560 3639">
     <span class='ocr_line' id='line_1_85' title="bbox 1958 3550 3560 3639; baseline -0.022 0"><span class='ocrx_word' id='word_1_674' title='bbox 1958 3591 2203 3639; x_wconf 86' lang='lat' dir='ltr'><strong>venerunt</strong></span> <span class='ocrx_word' id='word_1_675' title='bbox 2237 3594 2390 3635; x_wconf 86' lang='lat' dir='ltr'><strong>naves</strong></span> <span class='ocrx_word' id='word_1_676' title='bbox 2425 3593 2457 3628; x_wconf 93' lang='lat' dir='ltr'><strong>a</strong></span> <span class='ocrx_word' id='word_1_677' title='bbox 2492 3550 2791 3631; x_wconf 26' lang='lat' dir='ltr'><strong>&#39;Tiberiadc,</strong></span> <span class='ocrx_word' id='word_1_678' title='bbox 2823 3565 2979 3637; x_wconf 74' lang='lat' dir='ltr'><strong>juxta</strong></span> <span class='ocrx_word' id='word_1_679' title='bbox 3005 3560 3179 3615; x_wconf 86' lang='lat' dir='ltr'><strong>locum</strong></span> <span class='ocrx_word' id='word_1_680' title='bbox 3206 3556 3291 3611; x_wconf 82' lang='lat' dir='ltr'><strong>ubi</strong></span> <span class='ocrx_word' id='word_1_681' title='bbox 3319 3550 3560 3609; x_wconf 82' lang='lat' dir='ltr'><strong>ntandtt—.</strong></span> 
     </span>
    </p>
   </div>
   <div class='ocr_carea' id='block_1_77' title="bbox 1962 3656 3045 3742">
    <p class='ocr_par' dir='ltr' id='par_1_77' title="bbox 1962 3656 3045 3742">
     <span class='ocr_line' id='line_1_86' title="bbox 1962 3656 3045 3742; baseline -0.021 -11"><span class='ocrx_word' id='word_1_682' title='bbox 1962 3682 2204 3737; x_wconf 79' lang='lat' dir='ltr'><strong>caverunt</strong></span> <span class='ocrx_word' id='word_1_683' title='bbox 2231 3686 2438 3742; x_wconf 84' lang='lat' dir='ltr'><strong>panem,</strong></span> <span class='ocrx_word' id='word_1_684' title='bbox 2467 3665 2665 3737; x_wconf 84' lang='lat' dir='ltr'><strong>gratias</strong></span> <span class='ocrx_word' id='word_1_685' title='bbox 2689 3668 2894 3731; x_wconf 79' lang='lat' dir='ltr'><strong>agentes</strong></span> <span class='ocrx_word' id='word_1_686' title='bbox 2915 3656 3045 3711; x_wconf 80' lang='lat' dir='ltr'><strong>Deo.</strong></span> 
     </span>
    </p>
   </div>
   <div class='ocr_carea' id='block_1_78' title="bbox 2444 3803 3044 3887">
    <p class='ocr_par' dir='ltr' id='par_1_78' title="bbox 2444 3803 3044 3887">
     <span class='ocr_line' id='line_1_87' title="bbox 2444 3803 3044 3887; baseline -0.025 -16"><span class='ocrx_word' id='word_1_687' title='bbox 2444 3814 2603 3887; x_wconf 74' lang='lat'><strong>523</strong></span> <span class='ocrx_word' id='word_1_688' title='bbox 2643 3807 2869 3867; x_wconf 75' lang='lat' dir='ltr'><strong>CAPUT</strong></span> <span class='ocrx_word' id='word_1_689' title='bbox 2906 3803 3044 3862; x_wconf 82' lang='lat' dir='ltr'><strong>xui.</strong></span> 
     </span>
    </p>
   </div>
   <div class='ocr_carea' id='block_1_79' title="bbox 1968 3923 3548 4020">
    <p class='ocr_par' dir='ltr' id='par_1_79' title="bbox 1968 3923 3548 4020">
     <span class='ocr_line' id='line_1_88' title="bbox 1968 3923 3548 4020; baseline -0.022 -11"><span class='ocrx_word' id='word_1_690' title='bbox 1968 3955 2010 4009; x_wconf 82' lang='grc' dir='ltr'><em>Α</em></span> <span class='ocrx_word' id='word_1_691' title='bbox 2042 3951 2205 4007; x_wconf 83' lang='lat' dir='ltr'><strong>turbis</strong></span> <span class='ocrx_word' id='word_1_692' title='bbox 2226 3948 2504 4020; x_wconf 72' lang='lat' dir='ltr'><strong>qttarsitus,</strong></span> <span class='ocrx_word' id='word_1_693' title='bbox 2523 3953 2572 4020; x_wconf 76' lang='lat' dir='ltr'><strong>et</strong></span> <span class='ocrx_word' id='word_1_694' title='bbox 2601 3944 2839 4020; x_wconf 77' lang='lat' dir='ltr'><strong>inventus</strong></span> <span class='ocrx_word' id='word_1_695' title='bbox 2863 3937 2937 3990; x_wconf 85' lang='lat' dir='ltr'><strong>ait</strong></span> <span class='ocrx_word' id='word_1_696' title='bbox 2964 3951 2982 3989; x_wconf 93' lang='lat'><strong><em>:</em></strong></span> <span class='ocrx_word' id='word_1_697' title='bbox 3009 3925 3317 4014; x_wconf 74' lang='lat' dir='ltr'><strong>Operamini</strong></span> <span class='ocrx_word' id='word_1_698' title='bbox 3344 3923 3548 3989; x_wconf 85' lang='lat' dir='ltr'><strong>cibum,</strong></span> 
     </span>
    </p>
   </div>
   <div class='ocr_carea' id='block_1_80' title="bbox 2039 4001 3550 4089">
    <p class='ocr_par' dir='ltr' id='par_1_80' title="bbox 2039 4001 3550 4089">
     <span class='ocr_line' id='line_1_89' title="bbox 2039 4001 3550 4089; baseline -0.021 -14"><span class='ocrx_word' id='word_1_699' title='bbox 2039 4038 2142 4076; x_wconf 85' lang='lat' dir='ltr'><strong>non</strong></span> <span class='ocrx_word' id='word_1_700' title='bbox 2175 4001 2265 4089; x_wconf 68' lang='lat' dir='ltr'><strong>qui</strong></span> <span class='ocrx_word' id='word_1_701' title='bbox 2291 4001 2447 4089; x_wconf 81' lang='lat' dir='ltr'><strong>perit,</strong></span> <span class='ocrx_word' id='word_1_702' title='bbox 2472 4001 2564 4089; x_wconf 71' lang='lat' dir='ltr'><strong>sed</strong></span> <span class='ocrx_word' id='word_1_703' title='bbox 2595 4013 2992 4089; x_wconf 61' lang='lat' dir='ltr'><strong>quipqrmanet</strong></span> <span class='ocrx_word' id='word_1_704' title='bbox 3013 4001 3253 4082; x_wconf 73' lang='lat' dir='ltr'><strong>invitam</strong></span> <span class='ocrx_word' id='word_1_705' title='bbox 3273 4004 3550 4089; x_wconf 54' lang='lat' dir='ltr'><strong>internum.</strong></span> 
     </span>
    </p>
   </div>
   <div class='ocr_carea' id='block_1_81' title="bbox 2041 4059 3551 4159">
    <p class='ocr_par' dir='ltr' id='par_1_81' title="bbox 2041 4059 3551 4159">
     <span class='ocr_line' id='line_1_90' title="bbox 2041 4059 3551 4159; baseline -0.02 -14"><span class='ocrx_word' id='word_1_706' title='bbox 2041 4091 2109 4145; x_wconf 80' lang='lat' dir='ltr'><strong>Et</strong></span> <span class='ocrx_word' id='word_1_707' title='bbox 2129 4059 2324 4159; x_wconf 41' lang='lat' dir='ltr'><strong>pa‘n‘enil</strong></span> <span class='ocrx_word' id='word_1_708' title='bbox 2336 4086 2399 4139; x_wconf 89' lang='lat' dir='ltr'><strong>de</strong></span> <span class='ocrx_word' id='word_1_709' title='bbox 2425 4059 2564 4138; x_wconf 64' lang='lat' dir='ltr'><strong>caelis</strong></span> <span class='ocrx_word' id='word_1_710' title='bbox 2599 4059 2652 4134; x_wconf 64' lang='grc' dir='ltr'><strong>έε</strong></span> <span class='ocrx_word' id='word_1_711' title='bbox 2677 4059 3028 4137; x_wconf 16' lang='grc' dir='ltr'><strong>ιλῖσῖὶίύεηιηι,</strong></span> <span class='ocrx_word' id='word_1_712' title='bbox 3066 4071 3327 4137; x_wconf 80' lang='lat' dir='ltr'><strong>vitamque</strong></span> <span class='ocrx_word' id='word_1_713' title='bbox 3350 4059 3551 4117; x_wconf 87' lang='lat' dir='ltr'><strong>mundi.</strong></span> 
     </span>
    </p>
   </div>
   <div class='ocr_carea' id='block_1_82' title="bbox 2042 4188 3555 4279">
    <p class='ocr_par' dir='ltr' id='par_1_82' title="bbox 2042 4188 3555 4279">
     <span class='ocr_line' id='line_1_91' title="bbox 2042 4188 3555 4279; baseline -0.021 -4"><span class='ocrx_word' id='word_1_714' title='bbox 2042 4220 2205 4275; x_wconf 72' lang='lat' dir='ltr'><strong>Vsus.</strong></span> <span class='ocrx_word' id='word_1_715' title='bbox 2228 4188 2334 4273; x_wconf 56' lang='lat'><strong>&quot;:25.</strong></span> <span class='ocrx_word' id='word_1_716' title='bbox 2372 4242 2444 4254; x_wconf 90' lang='lat'><strong>—-</strong></span> <span class='ocrx_word' id='word_1_717' title='bbox 2474 4209 2614 4271; x_wconf 84' lang='lat' dir='ltr'><strong>Cum</strong></span> <span class='ocrx_word' id='word_1_718' title='bbox 2638 4224 2758 4279; x_wconf 89' lang='lat' dir='ltr'><strong>ergo</strong></span> <span class='ocrx_word' id='word_1_719' title='bbox 2784 4204 2993 4260; x_wconf 87' lang='lat' dir='ltr'><strong>vidisset</strong></span> <span class='ocrx_word' id='word_1_720' title='bbox 3027 4198 3178 4255; x_wconf 86' lang='lat' dir='ltr'><strong>turba</strong></span> <span class='ocrx_word' id='word_1_721' title='bbox 3199 4238 3214 4262; x_wconf 93' lang='lat'><strong>,</strong></span> <span class='ocrx_word' id='word_1_722' title='bbox 3246 4195 3370 4267; x_wconf 88' lang='lat' dir='ltr'><strong>quia</strong></span> <span class='ocrx_word' id='word_1_723' title='bbox 3399 4191 3555 4247; x_wconf 70' lang='lat' dir='ltr'><strong>Iesus</strong></span> 
     </span>
    </p>
   </div>
   <div class='ocr_carea' id='block_1_83' title="bbox 291 4284 1867 4400">
    <p class='ocr_par' dir='ltr' id='par_1_83' title="bbox 291 4284 1867 4393">
     <span class='ocr_line' id='line_1_92' title="bbox 291 4284 819 4303; baseline -0.025 -2"><span class='ocrx_word' id='word_1_724' title='bbox 291 4284 675 4301; x_wconf 67' lang='grc' dir='ltr'><strong>ηννυ-....ν---,</strong></span> <span class='ocrx_word' id='word_1_725' title='bbox 693 4284 819 4303; x_wconf 34' lang='grc' dir='ltr'><strong>ηυγ</strong></span> 
     </span>
     <span class='ocr_line' id='line_1_93' title="bbox 291 4289 1867 4393; baseline -0.029 -1"><span class='ocrx_word' id='word_1_726' title='bbox 291 4336 391 4393; x_wconf 81' lang='lat' dir='ltr'><strong>sed</strong></span> <span class='ocrx_word' id='word_1_727' title='bbox 421 4344 599 4388; x_wconf 85' lang='lat' dir='ltr'><strong>tamen</strong></span> <span class='ocrx_word' id='word_1_728' title='bbox 628 4325 784 4382; x_wconf 88' lang='lat' dir='ltr'><strong>navis</strong></span> <span class='ocrx_word' id='word_1_729' title='bbox 811 4318 1068 4379; x_wconf 85' lang='lat' dir='ltr'><strong>ambulat,</strong></span> <span class='ocrx_word' id='word_1_730' title='bbox 1096 4313 1221 4384; x_wconf 91' lang='lat' dir='ltr'><strong>quia</strong></span> <span class='ocrx_word' id='word_1_731' title='bbox 1251 4307 1341 4379; x_wconf 87' lang='lat' dir='ltr'><strong>qui</strong></span> <span class='ocrx_word' id='word_1_732' title='bbox 1369 4293 1791 4376; x_wconf 83' lang='lat' dir='ltr'><strong>perseveraverit</strong></span> <span class='ocrx_word' id='word_1_733' title='bbox 1820 4289 1867 4346; x_wconf 82' lang='lat' dir='ltr'><strong>in</strong></span> 
     </span>
    </p>
   </div>
   <div class='ocr_carea' id='block_1_84' title="bbox 1939 4284 3559 4400">
    <p class='ocr_par' dir='ltr' id='par_1_84' title="bbox 1975 4284 3559 4400">
     <span class='ocr_line' id='line_1_94' title="bbox 1975 4284 3559 4374; baseline -0.021 -8"><span class='ocrx_word' id='word_1_734' title='bbox 1975 4327 2077 4366; x_wconf 91' lang='lat' dir='ltr'><strong>non</strong></span> <span class='ocrx_word' id='word_1_735' title='bbox 2108 4317 2238 4363; x_wconf 84' lang='lat' dir='ltr'><strong>esset</strong></span> <span class='ocrx_word' id='word_1_736' title='bbox 2268 4306 2358 4370; x_wconf 90' lang='lat' dir='ltr'><strong>ibi,</strong></span> <span class='ocrx_word' id='word_1_737' title='bbox 2384 4319 2545 4374; x_wconf 85' lang='lat' dir='ltr'><strong>neque</strong></span> <span class='ocrx_word' id='word_1_738' title='bbox 2577 4295 2819 4369; x_wconf 87' lang='lat' dir='ltr'><strong>discipuli</strong></span> <span class='ocrx_word' id='word_1_739' title='bbox 2842 4296 2980 4365; x_wconf 86' lang='lat' dir='ltr'><strong>ejus,</strong></span> <span class='ocrx_word' id='word_1_740' title='bbox 3011 4287 3352 4346; x_wconf 83' lang='lat' dir='ltr'><strong>ascenderunt</strong></span> <span class='ocrx_word' id='word_1_741' title='bbox 3381 4284 3436 4336; x_wconf 87' lang='lat' dir='ltr'><strong>ln</strong></span> <span class='ocrx_word' id='word_1_742' title='bbox 3463 4297 3559 4335; x_wconf 76' lang='lat' dir='ltr'><strong>na-</strong></span> 
     </span>
     <span class='ocr_line' id='line_1_95' title="bbox 2570 4374 3535 4400; baseline -0.019 17"><span class='ocrx_word' id='word_1_743' title='bbox 2570 4394 2580 4400; x_wconf 82' lang='grc'><strong><em>⁵</em></strong></span> <span class='ocrx_word' id='word_1_744' title='bbox 2654 4390 2685 4400; x_wconf 74' lang='grc'><strong>’⁸</strong></span> <span class='ocrx_word' id='word_1_745' title='bbox 2765 4389 2776 4400; x_wconf 90' lang='grc'><strong><em>¹</em></strong></span> <span class='ocrx_word' id='word_1_746' title='bbox 3129 4388 3330 4400; x_wconf 47' lang='grc' dir='ltr'><strong>Αη--..ιΑ-</strong></span> <span class='ocrx_word' id='word_1_747' title='bbox 3370 4374 3535 4400; x_wconf 58' lang='grc' dir='ltr'><strong>1--.....Α</strong></span> 
     </span>
    </p>
   </div>
   <div class='ocr_carea' id='block_1_85' title="bbox 294 4374 1867 4486">
    <p class='ocr_par' dir='ltr' id='par_1_85' title="bbox 294 4374 1867 4486">
     <span class='ocr_line' id='line_1_96' title="bbox 294 4374 1867 4486; baseline -0.031 -5"><span class='ocrx_word' id='word_1_748' title='bbox 294 4425 485 4486; x_wconf 84' lang='lat' dir='ltr'><strong>tinem,</strong></span> <span class='ocrx_word' id='word_1_749' title='bbox 514 4420 600 4476; x_wconf 90' lang='lat' dir='ltr'><strong>hic</strong></span> <span class='ocrx_word' id='word_1_750' title='bbox 628 4416 813 4481; x_wconf 69' lang='lat' dir='ltr'><strong>salvus</strong></span> <span class='ocrx_word' id='word_1_751' title='bbox 849 4410 955 4467; x_wconf 90' lang='lat' dir='ltr'><strong>erit</strong></span> <span class='ocrx_word' id='word_1_752' title='bbox 993 4374 1208 4481; x_wconf 68' lang='lat' dir='ltr'><strong>(Halm.</strong></span> <span class='ocrx_word' id='word_1_753' title='bbox 1239 4374 1289 4462; x_wconf 60' lang='lat' dir='ltr'><strong>x,</strong></span> <span class='ocrx_word' id='word_1_754' title='bbox 1319 4374 1430 4467; x_wconf 51' lang='grc' dir='ltr'><strong>εἳ).</strong></span> <span class='ocrx_word' id='word_1_755' title='bbox 1468 4391 1579 4445; x_wconf 72' lang='lat' dir='ltr'><strong>Nec</strong></span> <span class='ocrx_word' id='word_1_756' title='bbox 1614 4388 1727 4455; x_wconf 89' lang='lat' dir='ltr'><strong>ipse</strong></span> <span class='ocrx_word' id='word_1_757' title='bbox 1767 4387 1867 4436; x_wconf 89' lang='lat' dir='ltr'><strong>sta-</strong></span> 
     </span>
    </p>
   </div>
   <div class='ocr_carea' id='block_1_86' title="bbox 1939 4374 3560 4486">
    <p class='ocr_par' dir='ltr' id='par_1_86' title="bbox 1975 4374 3560 4463">
     <span class='ocr_line' id='line_1_97' title="bbox 1975 4374 3560 4463; baseline -0.02 -6"><span class='ocrx_word' id='word_1_758' title='bbox 1975 4401 2197 4463; x_wconf 83' lang='lat' dir='ltr'><strong>viculas,</strong></span> <span class='ocrx_word' id='word_1_759' title='bbox 2222 4408 2268 4453; x_wconf 85' lang='lat' dir='ltr'><strong>et</strong></span> <span class='ocrx_word' id='word_1_760' title='bbox 2290 4404 2535 4452; x_wconf 86' lang='lat' dir='ltr'><strong>venerunt</strong></span> <span class='ocrx_word' id='word_1_761' title='bbox 2564 4394 2617 4446; x_wconf 83' lang='lat' dir='ltr'><strong>in</strong></span> <span class='ocrx_word' id='word_1_762' title='bbox 2646 4389 3017 4460; x_wconf 78' lang='lat' dir='ltr'><strong>Capliarnaum</strong></span> <span class='ocrx_word' id='word_1_763' title='bbox 3042 4388 3330 4454; x_wconf 76' lang='lat' dir='ltr'><strong>quwrentes</strong></span> <span class='ocrx_word' id='word_1_764' title='bbox 3355 4374 3560 4430; x_wconf 71' lang='lat' dir='ltr'><strong>Iesum.</strong></span> 
     </span>
    </p>
   </div>
   <div class='ocr_carea' id='block_1_87' title="bbox 295 4464 3567 4577">
    <p class='ocr_par' dir='ltr' id='par_1_87' title="bbox 295 4464 3567 4577">
     <span class='ocr_line' id='line_1_98' title="bbox 295 4464 1399 4486; baseline -0.024 -6"><span class='ocrx_word' id='word_1_765' title='bbox 295 4464 485 4486; x_wconf 72' lang='lat'><strong>.....,...,</strong></span> <span class='ocrx_word' id='word_1_766' title='bbox 514 4464 600 4476; x_wconf 70' lang='grc' dir='ltr'><strong>...ν</strong></span> <span class='ocrx_word' id='word_1_767' title='bbox 630 4464 810 4481; x_wconf 50' lang='grc' dir='ltr'><strong>,πη</strong></span> <span class='ocrx_word' id='word_1_768' title='bbox 858 4464 875 4467; x_wconf 72' lang='lat'><strong>-</strong></span> <span class='ocrx_word' id='word_1_769' title='bbox 998 4464 1012 4481; x_wconf 34' lang='grc' dir='ltr'><strong>κ</strong></span> <span class='ocrx_word' id='word_1_770' title='bbox 1392 4464 1399 4467; x_wconf 90' lang='lat'>_</span> 
     </span>
     <span class='ocr_line' id='line_1_99' title="bbox 295 4464 3567 4577; baseline -0.028 -2"><span class='ocrx_word' id='word_1_771' title='bbox 295 4520 514 4575; x_wconf 87' lang='lat' dir='ltr'><strong>diorum</strong></span> <span class='ocrx_word' id='word_1_772' title='bbox 535 4524 789 4577; x_wconf 83' lang='lat' dir='ltr'><strong>numerus</strong></span> <span class='ocrx_word' id='word_1_773' title='bbox 802 4497 1224 4563; x_wconf 89' lang='lat' dir='ltr'><strong>contemnendus</strong></span> <span class='ocrx_word' id='word_1_774' title='bbox 1241 4506 1361 4549; x_wconf 88' lang='lat' dir='ltr'><strong>esse</strong></span> <span class='ocrx_word' id='word_1_775' title='bbox 1380 4479 1691 4542; x_wconf 85' lang='lat' dir='ltr'><strong>videtur.Et</strong></span> <span class='ocrx_word' id='word_1_776' title='bbox 1908 4552 1954 4577; x_wconf 54' lang='grc' dir='ltr'>ἢ</span> <span class='ocrx_word' id='word_1_777' title='bbox 1989 4511 2006 4543; x_wconf 53' lang='grc' dir='ltr'><strong>ε</strong></span> <span class='ocrx_word' id='word_1_778' title='bbox 2041 4490 2067 4531; x_wconf 70' lang='grc' dir='ltr'><strong>ἀ</strong></span> <span class='ocrx_word' id='word_1_779' title='bbox 2099 4490 2430 4545; x_wconf 57' lang='lat' dir='ltr'><strong>[nsinuatum</strong></span> <span class='ocrx_word' id='word_1_780' title='bbox 2456 4492 2540 4539; x_wconf 48' lang='lat' dir='ltr'><strong>est</strong></span> <span class='ocrx_word' id='word_1_781' title='bbox 2569 4490 2746 4535; x_wconf 50' lang='lat' dir='ltr'><strong>tamen</strong></span> <span class='ocrx_word' id='word_1_782' title='bbox 2776 4476 2882 4531; x_wconf 61' lang='lat' dir='ltr'><strong>mis</strong></span> <span class='ocrx_word' id='word_1_783' title='bbox 2914 4483 3027 4528; x_wconf 64' lang='lat' dir='ltr'><strong>mm</strong></span> <span class='ocrx_word' id='word_1_784' title='bbox 3052 4483 3304 4540; x_wconf 63' lang='lat' dir='ltr'><strong>magnum</strong></span> <span class='ocrx_word' id='word_1_785' title='bbox 3331 4464 3567 4519; x_wconf 67' lang='lat' dir='ltr'><strong>mimcu_</strong></span> 
     </span>
     <span class='ocr_line' id='line_1_100' title="bbox 2726 4557 3563 4577; baseline -0.024 7"><span class='ocrx_word' id='word_1_786' title='bbox 2726 4572 2739 4577; x_wconf 90' lang='lat'><strong>-</strong></span> <span class='ocrx_word' id='word_1_787' title='bbox 2797 4568 2830 4577; x_wconf 92' lang='lat'><strong>-.</strong></span> <span class='ocrx_word' id='word_1_788' title='bbox 2899 4567 2910 4577; x_wconf 91' lang='lat'><strong>.</strong></span> <span class='ocrx_word' id='word_1_789' title='bbox 2990 4566 3023 4577; x_wconf 91' lang='lat'><strong>..</strong></span> <span class='ocrx_word' id='word_1_790' title='bbox 3122 4562 3156 4577; x_wconf 88' lang='lat'><strong>..</strong></span> <span class='ocrx_word' id='word_1_791' title='bbox 3206 4557 3563 4577; x_wconf 23' lang='lat' dir='ltr'><strong>“manu.</strong></span> 
     </span>
    </p>
   </div>
   <div class='ocr_carea' id='block_1_88' title="bbox 298 4552 3567 4679">
    <p class='ocr_par' dir='ltr' id='par_1_88' title="bbox 298 4552 3567 4679">
     <span class='ocr_line' id='line_1_101' title="bbox 298 4552 1881 4577; baseline -0.028 -1"><span class='ocrx_word' id='word_1_792' title='bbox 298 4552 410 4575; x_wconf 87' lang='grc' dir='ltr'>υιυι</span> <span class='ocrx_word' id='word_1_793' title='bbox 426 4552 514 4570; x_wconf 74' lang='lat' dir='ltr'><strong>uu-</strong></span> <span class='ocrx_word' id='word_1_794' title='bbox 535 4552 712 4577; x_wconf 56' lang='lat' dir='ltr'><strong>uussuv.</strong></span> <span class='ocrx_word' id='word_1_795' title='bbox 728 4552 789 4563; x_wconf 72' lang='grc' dir='ltr'><strong>..υ</strong></span> <span class='ocrx_word' id='word_1_796' title='bbox 804 4552 1079 4563; x_wconf 45' lang='grc' dir='ltr'><strong>..κη---μηή</strong></span> <span class='ocrx_word' id='word_1_797' title='bbox 1878 4552 1881 4553; x_wconf 14' lang='grc' dir='ltr'><em>ν</em></span> 
     </span>
     <span class='ocr_line' id='line_1_102' title="bbox 298 4552 3567 4679; baseline -0.027 16"><span class='ocrx_word' id='word_1_798' title='bbox 298 4609 441 4675; x_wconf 59' lang='lat' dir='ltr'><strong>dim</strong></span> <span class='ocrx_word' id='word_1_799' title='bbox 461 4605 612 4679; x_wconf 59' lang='lat' dir='ltr'><strong>W8&quot;</strong></span> <span class='ocrx_word' id='word_1_800' title='bbox 637 4595 883 4676; x_wconf 55' lang='grc' dir='ltr'><strong>ἀίιίεδεί]</strong></span> <span class='ocrx_word' id='word_1_801' title='bbox 903 4588 1231 4671; x_wconf 49' lang='lat' dir='ltr'><strong>“angelis”</strong></span> <span class='ocrx_word' id='word_1_802' title='bbox 1259 4578 1468 4679; x_wconf 58' lang='lat' dir='ltr'><strong>{Quasi</strong></span> <span class='ocrx_word' id='word_1_803' title='bbox 1491 4561 1877 4676; x_wconf 55' lang='grc' dir='ltr'><strong>δττξάξίδ-Ρίθίξιίί</strong></span> <span class='ocrx_word' id='word_1_804' title='bbox 1906 4552 1955 4610; x_wconf 76' lang='lat' dir='ltr'><strong>D</strong></span> <span class='ocrx_word' id='word_1_805' title='bbox 1980 4584 2110 4638; x_wconf 87' lang='lat' dir='ltr'><strong>lum.</strong></span> <span class='ocrx_word' id='word_1_806' title='bbox 2140 4580 2405 4635; x_wconf 81' lang='lat' dir='ltr'><strong>Viderunt</strong></span> <span class='ocrx_word' id='word_1_807' title='bbox 2427 4576 2569 4633; x_wconf 88' lang='lat' dir='ltr'><strong>enim</strong></span> <span class='ocrx_word' id='word_1_808' title='bbox 2599 4572 2743 4642; x_wconf 88' lang='lat' dir='ltr'><strong>quod</strong></span> <span class='ocrx_word' id='word_1_809' title='bbox 2781 4566 3026 4636; x_wconf 89' lang='lat' dir='ltr'><strong>discipuli</strong></span> <span class='ocrx_word' id='word_1_810' title='bbox 3061 4562 3160 4619; x_wconf 90' lang='lat' dir='ltr'><strong>soli</strong></span> <span class='ocrx_word' id='word_1_811' title='bbox 3198 4557 3567 4615; x_wconf 86' lang='lat' dir='ltr'><strong>ascendissent</strong></span> 
     </span>
     <span class='ocr_line' id='line_1_103' title="bbox 1664 4653 3565 4679; baseline -0.027 41"><span class='ocrx_word' id='word_1_812' title='bbox 1664 4672 1674 4679; x_wconf 68' lang='grc'><em>’</em></span> <span class='ocrx_word' id='word_1_813' title='bbox 1734 4674 1844 4679; x_wconf 33' lang='grc' dir='ltr'><strong>μω*</strong></span> <span class='ocrx_word' id='word_1_814' title='bbox 1983 4675 1994 4679; x_wconf 82' lang='grc'><strong><em>“</em></strong></span> <span class='ocrx_word' id='word_1_815' title='bbox 2346 4677 2352 4679; x_wconf 50' lang='grc' dir='ltr'>λ</span> <span class='ocrx_word' id='word_1_816' title='bbox 2466 4667 2477 4679; x_wconf 85' lang='grc'><strong><em>⁸</em></strong></span> <span class='ocrx_word' id='word_1_817' title='bbox 2654 4665 2663 4675; x_wconf 94' lang='grc'><strong>·</strong></span> <span class='ocrx_word' id='word_1_818' title='bbox 2748 4676 2831 4679; x_wconf 38' lang='lat' dir='ltr'><strong>un</strong></span> <span class='ocrx_word' id='word_1_819' title='bbox 2885 4665 2993 4679; x_wconf 55' lang='grc' dir='ltr'><strong>-..η</strong></span> <span class='ocrx_word' id='word_1_820' title='bbox 3033 4655 3101 4679; x_wconf 75' lang='lat' dir='ltr'><strong>2L:</strong></span> <span class='ocrx_word' id='word_1_821' title='bbox 3162 4653 3434 4679; x_wconf 62' lang='grc' dir='ltr'><strong>ιτηηηηηη,</strong></span> <span class='ocrx_word' id='word_1_822' title='bbox 3466 4661 3565 4679; x_wconf 54' lang='lat' dir='ltr'><strong>m,‘</strong></span> 
     </span>
    </p>
   </div>
   <div class='ocr_carea' id='block_1_89' title="bbox 296 4653 1867 4775">
    <p class='ocr_par' dir='ltr' id='par_1_89' title="bbox 296 4653 1867 4775">
     <span class='ocr_line' id='line_1_104' title="bbox 298 4653 1069 4675; baseline -0.032 11"><span class='ocrx_word' id='word_1_823' title='bbox 298 4653 440 4675; x_wconf 61' lang='lat'><strong>“9“”</strong></span> <span class='ocrx_word' id='word_1_824' title='bbox 488 4653 612 4669; x_wconf 62' lang='lat' dir='ltr'><strong>&quot;&#39;W</strong></span> <span class='ocrx_word' id='word_1_825' title='bbox 645 4653 770 4657; x_wconf 35' lang='grc' dir='ltr'><strong>τηκτά</strong></span> <span class='ocrx_word' id='word_1_826' title='bbox 865 4653 883 4668; x_wconf 71' lang='grc' dir='ltr'><em>δ</em></span> <span class='ocrx_word' id='word_1_827' title='bbox 928 4662 929 4665; x_wconf 50' lang='grc' dir='ltr'><strong>η</strong></span> <span class='ocrx_word' id='word_1_828' title='bbox 1042 4653 1069 4661; x_wconf 76' lang='grc'><strong><em>-</em></strong></span> 
     </span>
     <span class='ocr_line' id='line_1_105' title="bbox 296 4653 1867 4775; baseline -0.031 -19"><span class='ocrx_word' id='word_1_829' title='bbox 296 4653 530 4775; x_wconf 55' lang='lat' dir='ltr'><strong>quinque</strong></span> <span class='ocrx_word' id='word_1_830' title='bbox 558 4703 649 4748; x_wconf 84' lang='lat' dir='ltr'><strong>aut</strong></span> <span class='ocrx_word' id='word_1_831' title='bbox 684 4673 936 4762; x_wconf 76' lang='lat' dir='ltr'><strong>triginta?</strong></span> <span class='ocrx_word' id='word_1_832' title='bbox 963 4666 1245 4740; x_wconf 79' lang='lat' dir='ltr'><strong>Sullicerct</strong></span> <span class='ocrx_word' id='word_1_833' title='bbox 1268 4675 1445 4729; x_wconf 89' lang='lat' dir='ltr'><strong>dicere</strong></span> <span class='ocrx_word' id='word_1_834' title='bbox 1477 4686 1490 4721; x_wconf 90' lang='lat'>:</span> <span class='ocrx_word' id='word_1_835' title='bbox 1516 4663 1698 4735; x_wconf 87' lang='lat' dir='ltr'><strong>viginti</strong></span> <span class='ocrx_word' id='word_1_836' title='bbox 1722 4659 1867 4731; x_wconf 89' lang='lat' dir='ltr'><strong>quin-</strong></span> 
     </span>
    </p>
   </div>
   <div class='ocr_carea' id='block_1_90' title="bbox 1939 4653 3565 4775">
    <p class='ocr_par' dir='ltr' id='par_1_90' title="bbox 1982 4653 3565 4775">
     <span class='ocr_line' id='line_1_106' title="bbox 1982 4653 3565 4738; baseline -0.02 -10"><span class='ocrx_word' id='word_1_837' title='bbox 1982 4675 2037 4729; x_wconf 90' lang='lat' dir='ltr'><strong>in</strong></span> <span class='ocrx_word' id='word_1_838' title='bbox 2066 4687 2280 4737; x_wconf 82' lang='lat' dir='ltr'><strong>navem,</strong></span> <span class='ocrx_word' id='word_1_839' title='bbox 2306 4677 2362 4727; x_wconf 86' lang='lat' dir='ltr'><strong>et</strong></span> <span class='ocrx_word' id='word_1_840' title='bbox 2389 4667 2515 4738; x_wconf 89' lang='lat' dir='ltr'><strong>quia</strong></span> <span class='ocrx_word' id='word_1_841' title='bbox 2546 4665 2698 4718; x_wconf 91' lang='lat' dir='ltr'><strong>navis</strong></span> <span class='ocrx_word' id='word_1_842' title='bbox 2731 4676 2837 4714; x_wconf 90' lang='lat' dir='ltr'><strong>non</strong></span> <span class='ocrx_word' id='word_1_843' title='bbox 2878 4665 2998 4713; x_wconf 88' lang='lat' dir='ltr'><strong>erat</strong></span> <span class='ocrx_word' id='word_1_844' title='bbox 3033 4655 3127 4718; x_wconf 85' lang='lat' dir='ltr'><strong>ibi.</strong></span> <span class='ocrx_word' id='word_1_845' title='bbox 3162 4653 3440 4708; x_wconf 76' lang='lat' dir='ltr'><strong>Venerunt</strong></span> <span class='ocrx_word' id='word_1_846' title='bbox 3465 4661 3565 4700; x_wconf 81' lang='lat' dir='ltr'><strong>au-</strong></span> 
     </span>
     <span class='ocr_line' id='line_1_107' title="bbox 1990 4737 3565 4775; baseline -0.017 16"><span class='ocrx_word' id='word_1_847' title='bbox 1990 4773 1997 4775; x_wconf 52' lang='grc' dir='ltr'>λ</span> <span class='ocrx_word' id='word_1_848' title='bbox 2125 4762 2136 4773; x_wconf 93' lang='grc'><strong>·</strong></span> <span class='ocrx_word' id='word_1_849' title='bbox 2195 4760 2209 4775; x_wconf 79' lang='grc' dir='ltr'><strong>ι</strong></span> <span class='ocrx_word' id='word_1_850' title='bbox 2332 4766 2345 4775; x_wconf 63' lang='grc' dir='ltr'><strong><em>λ</em></strong></span> <span class='ocrx_word' id='word_1_851' title='bbox 2384 4770 2543 4775; x_wconf 55' lang='grc' dir='ltr'><strong>ηη---</strong></span> <span class='ocrx_word' id='word_1_852' title='bbox 2582 4751 2727 4775; x_wconf 67' lang='lat'><strong>2---..-</strong></span> <span class='ocrx_word' id='word_1_853' title='bbox 2774 4749 2946 4775; x_wconf 54' lang='lat'><strong>1..-...“</strong></span> <span class='ocrx_word' id='word_1_854' title='bbox 2977 4745 3122 4775; x_wconf 57' lang='lat' dir='ltr'><strong>in...“</strong></span> <span class='ocrx_word' id='word_1_855' title='bbox 3156 4741 3243 4775; x_wconf 68' lang='grc' dir='ltr'><strong>..Μ</strong></span> <span class='ocrx_word' id='word_1_856' title='bbox 3276 4737 3565 4775; x_wconf 46' lang='lat' dir='ltr'><strong>mundum“</strong></span> 
     </span>
    </p>
   </div>
   <div class='ocr_carea' id='block_1_91' title="bbox 299 4737 1867 4861">
    <p class='ocr_par' dir='ltr' id='par_1_91' title="bbox 299 4737 1867 4861">
     <span class='ocr_line' id='line_1_108' title="bbox 299 4737 1037 4775; baseline -0.027 -1"><span class='ocrx_word' id='word_1_857' title='bbox 299 4737 529 4775; x_wconf 59' lang='lat'><strong>‘5‘&quot;&quot;1&#39;&quot;</strong></span> <span class='ocrx_word' id='word_1_858' title='bbox 558 4737 647 4748; x_wconf 81' lang='lat'><strong>“&quot;&#39;</strong></span> <span class='ocrx_word' id='word_1_859' title='bbox 684 4737 719 4745; x_wconf 89' lang='lat'>&quot;</span> <span class='ocrx_word' id='word_1_860' title='bbox 736 4737 894 4762; x_wconf 68' lang='lat' dir='ltr'><strong>&#39;U&quot;&quot;&quot;</strong></span> <span class='ocrx_word' id='word_1_861' title='bbox 914 4737 922 4739; x_wconf 29' lang='lat' dir='ltr'>V</span> <span class='ocrx_word' id='word_1_862' title='bbox 1032 4737 1037 4740; x_wconf 85' lang='lat'><strong>~</strong></span> 
     </span>
     <span class='ocr_line' id='line_1_109' title="bbox 299 4751 1867 4861; baseline -0.031 -9"><span class='ocrx_word' id='word_1_863' title='bbox 299 4812 423 4861; x_wconf 81' lang='lat' dir='ltr'><strong>aue,</strong></span> <span class='ocrx_word' id='word_1_864' title='bbox 452 4799 546 4847; x_wconf 90' lang='lat' dir='ltr'><strong>aut</strong></span> <span class='ocrx_word' id='word_1_865' title='bbox 577 4788 822 4858; x_wconf 84' lang='lat' dir='ltr'><strong>triginta;</strong></span> <span class='ocrx_word' id='word_1_866' title='bbox 852 4780 953 4839; x_wconf 87' lang='lat' dir='ltr'><strong>nisi</strong></span> <span class='ocrx_word' id='word_1_867' title='bbox 988 4775 1130 4849; x_wconf 87' lang='lat' dir='ltr'><strong>quod</strong></span> <span class='ocrx_word' id='word_1_868' title='bbox 1158 4774 1257 4827; x_wconf 91' lang='lat' dir='ltr'><strong>hos</strong></span> <span class='ocrx_word' id='word_1_869' title='bbox 1284 4777 1536 4824; x_wconf 84' lang='lat' dir='ltr'><strong>numeros</strong></span> <span class='ocrx_word' id='word_1_870' title='bbox 1562 4751 1867 4814; x_wconf 63' lang='lat' dir='ltr'><strong>aestimanti:</strong></span> 
     </span>
     <span class='ocr_line' id='line_1_110' title="bbox 1566 4841 1858 4861; baseline -0.027 0"><span class='ocrx_word' id='word_1_871' title='bbox 1566 4849 1599 4861; x_wconf 88' lang='lat'><strong>..</strong></span> <span class='ocrx_word' id='word_1_872' title='bbox 1639 4855 1649 4861; x_wconf 78' lang='grc'><strong><em>,</em></strong></span> <span class='ocrx_word' id='word_1_873' title='bbox 1736 4841 1858 4861; x_wconf 44' lang='grc' dir='ltr'><strong>,κω</strong></span> 
     </span>
    </p>
   </div>
   <div class='ocr_carea' id='block_1_92' title="bbox 1939 4737 3569 4861">
    <p class='ocr_par' dir='ltr' id='par_1_92' title="bbox 1983 4737 3569 4861">
     <span class='ocr_line' id='line_1_111' title="bbox 1983 4737 3569 4826; baseline -0.02 -7"><span class='ocrx_word' id='word_1_874' title='bbox 1983 4773 2092 4819; x_wconf 88' lang='lat' dir='ltr'><strong>tem</strong></span> <span class='ocrx_word' id='word_1_875' title='bbox 2124 4760 2266 4826; x_wconf 90' lang='lat' dir='ltr'><strong>inde,</strong></span> <span class='ocrx_word' id='word_1_876' title='bbox 2296 4766 2352 4813; x_wconf 89' lang='lat' dir='ltr'><strong>et</strong></span> <span class='ocrx_word' id='word_1_877' title='bbox 2383 4770 2548 4811; x_wconf 88' lang='lat' dir='ltr'><strong>naves</strong></span> <span class='ocrx_word' id='word_1_878' title='bbox 2577 4751 2732 4821; x_wconf 80' lang='lat' dir='ltr'><strong>juxta</strong></span> <span class='ocrx_word' id='word_1_879' title='bbox 2774 4749 2948 4803; x_wconf 90' lang='lat' dir='ltr'><strong>locum</strong></span> <span class='ocrx_word' id='word_1_880' title='bbox 2977 4745 3125 4799; x_wconf 89' lang='lat' dir='ltr'><strong>illum</strong></span> <span class='ocrx_word' id='word_1_881' title='bbox 3156 4741 3245 4796; x_wconf 89' lang='lat' dir='ltr'><strong>ubi</strong></span> <span class='ocrx_word' id='word_1_882' title='bbox 3276 4737 3569 4794; x_wconf 79' lang='lat' dir='ltr'><strong>manduca-</strong></span> 
     </span>
     <span class='ocr_line' id='line_1_112' title="bbox 2166 4832 3542 4861; baseline -0.019 17"><span class='ocrx_word' id='word_1_883' title='bbox 2166 4858 2172 4861; x_wconf 88' lang='lat'><em>‘</em></span> <span class='ocrx_word' id='word_1_884' title='bbox 2465 4845 2476 4857; x_wconf 78' lang='lat'><strong>’</strong></span> <span class='ocrx_word' id='word_1_885' title='bbox 2553 4842 2738 4861; x_wconf 57' lang='lat'><strong>—~5‘---—</strong></span> <span class='ocrx_word' id='word_1_886' title='bbox 2794 4852 2909 4861; x_wconf 72' lang='grc' dir='ltr'><strong>ιι---ι-</strong></span> <span class='ocrx_word' id='word_1_887' title='bbox 2961 4834 3130 4861; x_wconf 58' lang='lat' dir='ltr'><strong>iuni&quot;...</strong></span> <span class='ocrx_word' id='word_1_888' title='bbox 3174 4838 3372 4861; x_wconf 59' lang='grc' dir='ltr'><strong>ροηηίω</strong></span> <span class='ocrx_word' id='word_1_889' title='bbox 3418 4832 3542 4861; x_wconf 60' lang='lat' dir='ltr'><strong>cn&quot;.</strong></span> 
     </span>
    </p>
   </div>
   <div class='ocr_carea' id='block_1_93' title="bbox 301 4832 1867 4947">
    <p class='ocr_par' dir='ltr' id='par_1_93' title="bbox 301 4832 1867 4947">
     <span class='ocr_line' id='line_1_113' title="bbox 301 4832 1025 4861; baseline -0.032 -8"><span class='ocrx_word' id='word_1_890' title='bbox 301 4832 423 4861; x_wconf 64' lang='grc' dir='ltr'><strong>ιεμι,</strong></span> <span class='ocrx_word' id='word_1_891' title='bbox 452 4832 546 4847; x_wconf 72' lang='grc' dir='ltr'><strong>ι...-</strong></span> <span class='ocrx_word' id='word_1_892' title='bbox 577 4832 820 4858; x_wconf 57' lang='grc' dir='ltr'><strong>...υημη</strong></span> <span class='ocrx_word' id='word_1_893' title='bbox 1007 4832 1025 4849; x_wconf 53' lang='grc' dir='ltr'>ι</span> 
     </span>
     <span class='ocr_line' id='line_1_114' title="bbox 301 4841 1867 4947; baseline -0.028 -10"><span class='ocrx_word' id='word_1_894' title='bbox 301 4898 459 4947; x_wconf 66' lang='grc' dir='ltr'><strong>τοευ,</strong></span> <span class='ocrx_word' id='word_1_895' title='bbox 484 4896 588 4936; x_wconf 90' lang='lat' dir='ltr'><strong>non</strong></span> <span class='ocrx_word' id='word_1_896' title='bbox 614 4871 929 4930; x_wconf 76' lang='lat' dir='ltr'><strong>adirmantis</strong></span> <span class='ocrx_word' id='word_1_897' title='bbox 950 4865 1169 4939; x_wconf 88' lang='lat' dir='ltr'><strong>protulit</strong></span> <span class='ocrx_word' id='word_1_898' title='bbox 1193 4861 1335 4916; x_wconf 84' lang='lat' dir='ltr'><strong>idem</strong></span> <span class='ocrx_word' id='word_1_899' title='bbox 1362 4849 1710 4923; x_wconf 82' lang='lat' dir='ltr'><strong>evangelista.</strong></span> <span class='ocrx_word' id='word_1_900' title='bbox 1733 4841 1867 4910; x_wconf 56' lang='lat' dir='ltr'><strong>Quas</strong></span> 
     </span>
    </p>
   </div>
   <div class='ocr_carea' id='block_1_94' title="bbox 1939 4832 3565 4947">
    <p class='ocr_par' dir='ltr' id='par_1_94' title="bbox 1985 4832 3565 4947">
     <span class='ocr_line' id='line_1_115' title="bbox 1985 4832 3565 4920; baseline -0.02 -12"><span class='ocrx_word' id='word_1_901' title='bbox 1985 4858 2180 4908; x_wconf 87' lang='lat' dir='ltr'><strong>verunt</strong></span> <span class='ocrx_word' id='word_1_902' title='bbox 2209 4863 2422 4920; x_wconf 86' lang='lat' dir='ltr'><strong>panem,</strong></span> <span class='ocrx_word' id='word_1_903' title='bbox 2464 4845 2519 4898; x_wconf 92' lang='lat' dir='ltr'><strong>in</strong></span> <span class='ocrx_word' id='word_1_904' title='bbox 2546 4842 2743 4912; x_wconf 89' lang='lat' dir='ltr'><strong>quibus</strong></span> <span class='ocrx_word' id='word_1_905' title='bbox 2789 4852 2911 4893; x_wconf 89' lang='lat' dir='ltr'><strong>eum</strong></span> <span class='ocrx_word' id='word_1_906' title='bbox 2961 4834 3130 4889; x_wconf 81' lang='lat' dir='ltr'><strong>turba:</strong></span> <span class='ocrx_word' id='word_1_907' title='bbox 3174 4838 3373 4886; x_wconf 63' lang='lat' dir='ltr'><strong>secutis</strong></span> <span class='ocrx_word' id='word_1_908' title='bbox 3418 4832 3565 4880; x_wconf 91' lang='lat' dir='ltr'><strong>sunt.</strong></span> 
     </span>
     <span class='ocr_line' id='line_1_116' title="bbox 2008 4918 3565 4947; baseline -0.02 29"><span class='ocrx_word' id='word_1_909' title='bbox 2008 4946 2011 4947; x_wconf 56' lang='grc'><strong><em>⁷</em></strong></span> <span class='ocrx_word' id='word_1_910' title='bbox 2164 4944 2196 4947; x_wconf 60' lang='grc'><strong>““</strong></span> <span class='ocrx_word' id='word_1_911' title='bbox 2268 4943 2278 4947; x_wconf 84' lang='grc'><strong><em>“</em></strong></span> <span class='ocrx_word' id='word_1_912' title='bbox 2358 4940 2391 4947; x_wconf 74' lang='grc'><strong>’⁸</strong></span> <span class='ocrx_word' id='word_1_913' title='bbox 2919 4932 2957 4947; x_wconf 39' lang='grc' dir='ltr'><strong>Ἀ</strong></span> <span class='ocrx_word' id='word_1_914' title='bbox 2990 4937 3049 4947; x_wconf 42' lang='grc' dir='ltr'><strong>γι·</strong></span> <span class='ocrx_word' id='word_1_915' title='bbox 3092 4946 3095 4947; x_wconf 51' lang='grc' dir='ltr'><em>ν</em></span> <span class='ocrx_word' id='word_1_916' title='bbox 3136 4927 3234 4947; x_wconf 60' lang='grc' dir='ltr'><strong>-1ει</strong></span> <span class='ocrx_word' id='word_1_917' title='bbox 3282 4922 3427 4947; x_wconf 70' lang='grc' dir='ltr'><strong>..ι--.2η</strong></span> <span class='ocrx_word' id='word_1_918' title='bbox 3460 4918 3565 4947; x_wconf 63' lang='grc' dir='ltr'>ξηιλ.</span> 
     </span>
    </p>
   </div>
   <div class='ocr_carea' id='block_1_95' title="bbox 305 4945 1903 5040">
    <p class='ocr_par' dir='ltr' id='par_1_95' title="bbox 305 4945 1903 5040">
     <span class='ocr_line' id='line_1_117' title="bbox 305 4945 1903 5040; baseline -0.026 -10"><span class='ocrx_word' id='word_1_919' title='bbox 305 4987 492 5030; x_wconf 87' lang='lat' dir='ltr'><strong>ramus</strong></span> <span class='ocrx_word' id='word_1_920' title='bbox 510 4982 639 5040; x_wconf 89' lang='lat' dir='ltr'><strong>ergo</strong></span> <span class='ocrx_word' id='word_1_921' title='bbox 655 4976 954 5025; x_wconf 87' lang='lat' dir='ltr'><strong>numerum.</strong></span> <span class='ocrx_word' id='word_1_922' title='bbox 971 4955 1171 5027; x_wconf 76' lang='lat' dir='ltr'><strong>Viginti</strong></span> <span class='ocrx_word' id='word_1_923' title='bbox 1195 4951 1429 5025; x_wconf 90' lang='lat' dir='ltr'><strong>quinque</strong></span> <span class='ocrx_word' id='word_1_924' title='bbox 1450 4946 1590 5005; x_wconf 84' lang='lat' dir='ltr'><strong>unde</strong></span> <span class='ocrx_word' id='word_1_925' title='bbox 1614 4945 1903 5001; x_wconf 48' lang='lat' dir='ltr'><strong>constant,</strong></span> 
     </span>
    </p>
   </div>
   <div class='ocr_carea' id='block_1_96' title="bbox 306 5030 1886 5131">
    <p class='ocr_par' dir='ltr' id='par_1_96' title="bbox 306 5030 1886 5131">
     <span class='ocr_line' id='line_1_118' title="bbox 306 5030 1886 5131; baseline -0.023 -11"><span class='ocrx_word' id='word_1_926' title='bbox 306 5064 454 5131; x_wconf 81' lang='lat' dir='ltr'><strong>unde</strong></span> <span class='ocrx_word' id='word_1_927' title='bbox 477 5030 642 5118; x_wconf 61' lang='lat' dir='ltr'><strong>ﬁunt?</strong></span> <span class='ocrx_word' id='word_1_928' title='bbox 658 5058 733 5111; x_wconf 89' lang='lat' dir='ltr'><strong>De</strong></span> <span class='ocrx_word' id='word_1_929' title='bbox 753 5040 1018 5126; x_wconf 88' lang='lat' dir='ltr'><strong>quinario.</strong></span> <span class='ocrx_word' id='word_1_930' title='bbox 1038 5044 1325 5114; x_wconf 84' lang='lat' dir='ltr'><strong>Quinarius</strong></span> <span class='ocrx_word' id='word_1_931' title='bbox 1346 5040 1432 5095; x_wconf 88' lang='lat' dir='ltr'><strong>ille</strong></span> <span class='ocrx_word' id='word_1_932' title='bbox 1449 5050 1703 5092; x_wconf 90' lang='lat' dir='ltr'><strong>numerus</strong></span> <span class='ocrx_word' id='word_1_933' title='bbox 1726 5032 1790 5086; x_wconf 86' lang='lat' dir='ltr'><strong>ad</strong></span> <span class='ocrx_word' id='word_1_934' title='bbox 1812 5030 1886 5084; x_wconf 86' lang='lat' dir='ltr'><strong>le-</strong></span> 
     </span>
    </p>
   </div>
   <div class='ocr_carea' id='block_1_97' title="bbox 310 5123 1889 5225">
    <p class='ocr_par' dir='ltr' id='par_1_97' title="bbox 310 5123 1889 5225">
     <span class='ocr_line' id='line_1_119' title="bbox 310 5123 1889 5225; baseline -0.023 -17"><span class='ocrx_word' id='word_1_935' title='bbox 310 5123 435 5225; x_wconf 78' lang='lat' dir='ltr'><strong>gem</strong></span> <span class='ocrx_word' id='word_1_936' title='bbox 458 5150 708 5224; x_wconf 85' lang='lat' dir='ltr'><strong>pertinet.</strong></span> <span class='ocrx_word' id='word_1_937' title='bbox 729 5123 834 5215; x_wconf 85' lang='lat' dir='ltr'><strong>Ipsi</strong></span> <span class='ocrx_word' id='word_1_938' title='bbox 854 5147 978 5197; x_wconf 89' lang='lat' dir='ltr'><strong>sunt</strong></span> <span class='ocrx_word' id='word_1_939' title='bbox 1006 5138 1240 5207; x_wconf 90' lang='lat' dir='ltr'><strong>quinque</strong></span> <span class='ocrx_word' id='word_1_940' title='bbox 1269 5132 1385 5186; x_wconf 88' lang='lat' dir='ltr'><strong>libri</strong></span> <span class='ocrx_word' id='word_1_941' title='bbox 1415 5127 1602 5198; x_wconf 79' lang='lat' dir='ltr'><strong>Moysi,</strong></span> <span class='ocrx_word' id='word_1_942' title='bbox 1634 5123 1733 5194; x_wconf 86' lang='lat' dir='ltr'><strong>ipsi</strong></span> <span class='ocrx_word' id='word_1_943' title='bbox 1764 5128 1889 5175; x_wconf 83' lang='lat' dir='ltr'><strong>sunt</strong></span> 
     </span>
    </p>
   </div>
   <div class='ocr_carea' id='block_1_98' title="bbox 311 5215 1891 5313">
    <p class='ocr_par' dir='ltr' id='par_1_98' title="bbox 311 5215 1891 5313">
     <span class='ocr_line' id='line_1_120' title="bbox 311 5215 1891 5313; baseline -0.02 -17"><span class='ocrx_word' id='word_1_944' title='bbox 311 5215 553 5313; x_wconf 66' lang='lat' dir='ltr'><strong>quinque</strong></span> <span class='ocrx_word' id='word_1_945' title='bbox 579 5236 818 5309; x_wconf 87' lang='lat' dir='ltr'><strong>porticus</strong></span> <span class='ocrx_word' id='word_1_946' title='bbox 856 5231 929 5311; x_wconf 85' lang='lat' dir='ltr'><strong>illi</strong></span> <span class='ocrx_word' id='word_1_947' title='bbox 974 5227 1125 5300; x_wconf 75' lang='lat' dir='ltr'><strong>[Ms.,</strong></span> <span class='ocrx_word' id='word_1_948' title='bbox 1162 5223 1286 5295; x_wconf 78' lang='lat' dir='ltr'><strong>illae]</strong></span> <span class='ocrx_word' id='word_1_949' title='bbox 1314 5220 1592 5290; x_wconf 86' lang='lat' dir='ltr'><strong>languidos</strong></span> <span class='ocrx_word' id='word_1_950' title='bbox 1612 5215 1891 5271; x_wconf 88' lang='lat' dir='ltr'><strong>continen-</strong></span> 
     </span>
    </p>
   </div>
   <div class='ocr_carea' id='block_1_99' title="bbox 315 5308 1892 5402">
    <p class='ocr_par' dir='ltr' id='par_1_99' title="bbox 315 5308 1892 5402">
     <span class='ocr_line' id='line_1_121' title="bbox 315 5308 1892 5402; baseline -0.023 -11"><span class='ocrx_word' id='word_1_951' title='bbox 315 5308 418 5398; x_wconf 78' lang='lat' dir='ltr'><strong>tes,</strong></span> <span class='ocrx_word' id='word_1_952' title='bbox 449 5308 550 5402; x_wconf 75' lang='lat' dir='ltr'><strong>ipsi</strong></span> <span class='ocrx_word' id='word_1_953' title='bbox 579 5308 816 5399; x_wconf 82' lang='lat' dir='ltr'><strong>quinque</strong></span> <span class='ocrx_word' id='word_1_954' title='bbox 840 5308 1007 5392; x_wconf 84' lang='lat' dir='ltr'><strong>panes</strong></span> <span class='ocrx_word' id='word_1_955' title='bbox 1031 5316 1268 5386; x_wconf 89' lang='lat' dir='ltr'><strong>quinque</strong></span> <span class='ocrx_word' id='word_1_956' title='bbox 1295 5310 1461 5369; x_wconf 89' lang='lat' dir='ltr'><strong>millia</strong></span> <span class='ocrx_word' id='word_1_957' title='bbox 1495 5308 1772 5364; x_wconf 89' lang='lat' dir='ltr'><strong>hominum</strong></span> <span class='ocrx_word' id='word_1_958' title='bbox 1799 5317 1892 5372; x_wconf 85' lang='lat' dir='ltr'><strong>pa-</strong></span> 
     </span>
    </p>
   </div>
   <div class='ocr_carea' id='block_1_100' title="bbox 316 5394 1893 5489">
    <p class='ocr_par' dir='ltr' id='par_1_100' title="bbox 316 5394 1893 5489">
     <span class='ocr_line' id='line_1_122' title="bbox 316 5394 1893 5489; baseline -0.022 -8"><span class='ocrx_word' id='word_1_959' title='bbox 316 5430 550 5489; x_wconf 86' lang='lat' dir='ltr'><strong>scentes.</strong></span> <span class='ocrx_word' id='word_1_960' title='bbox 582 5419 722 5488; x_wconf 86' lang='lat' dir='ltr'><strong>Ergo</strong></span> <span class='ocrx_word' id='word_1_961' title='bbox 747 5416 922 5485; x_wconf 84' lang='lat' dir='ltr'><strong>legem</strong></span> <span class='ocrx_word' id='word_1_962' title='bbox 948 5406 1214 5480; x_wconf 81' lang='lat' dir='ltr'><strong>signiﬁcat</strong></span> <span class='ocrx_word' id='word_1_963' title='bbox 1237 5416 1492 5457; x_wconf 89' lang='lat' dir='ltr'><strong>numerus</strong></span> <span class='ocrx_word' id='word_1_964' title='bbox 1522 5396 1708 5468; x_wconf 82' lang='lat' dir='ltr'><strong>viginti</strong></span> <span class='ocrx_word' id='word_1_965' title='bbox 1733 5394 1893 5465; x_wconf 89' lang='lat' dir='ltr'><strong>quin-</strong></span> 
     </span>
    </p>
   </div>
   <div class='ocr_carea' id='block_1_101' title="bbox 321 5486 1900 5591">
    <p class='ocr_par' dir='ltr' id='par_1_101' title="bbox 321 5486 1900 5591">
     <span class='ocr_line' id='line_1_123' title="bbox 321 5486 1900 5591; baseline -0.02 -20"><span class='ocrx_word' id='word_1_966' title='bbox 321 5530 451 5588; x_wconf 83' lang='lat' dir='ltr'><strong>que,</strong></span> <span class='ocrx_word' id='word_1_967' title='bbox 471 5486 725 5591; x_wconf 72' lang='lat' dir='ltr'><strong>quoniam</strong></span> <span class='ocrx_word' id='word_1_968' title='bbox 747 5507 980 5577; x_wconf 89' lang='lat' dir='ltr'><strong>quinque</strong></span> <span class='ocrx_word' id='word_1_969' title='bbox 1011 5516 1108 5572; x_wconf 89' lang='lat' dir='ltr'><strong>per</strong></span> <span class='ocrx_word' id='word_1_970' title='bbox 1135 5498 1391 5568; x_wconf 88' lang='lat' dir='ltr'><strong>quinque,</strong></span> <span class='ocrx_word' id='word_1_971' title='bbox 1415 5493 1469 5547; x_wconf 92' lang='lat' dir='ltr'><strong>id</strong></span> <span class='ocrx_word' id='word_1_972' title='bbox 1492 5500 1593 5557; x_wconf 90' lang='lat' dir='ltr'><strong>est,</strong></span> <span class='ocrx_word' id='word_1_973' title='bbox 1615 5486 1900 5563; x_wconf 88' lang='lat' dir='ltr'><strong>quinquies</strong></span> 
     </span>
    </p>
   </div>
   <div class='ocr_carea' id='block_1_102' title="bbox 322 5581 1897 5685">
    <p class='ocr_par' dir='ltr' id='par_1_102' title="bbox 322 5581 1897 5685">
     <span class='ocr_line' id='line_1_124' title="bbox 322 5581 1897 5685; baseline -0.019 -24"><span class='ocrx_word' id='word_1_974' title='bbox 322 5586 505 5685; x_wconf 65' lang='lat' dir='ltr'><strong>quini,</strong></span> <span class='ocrx_word' id='word_1_975' title='bbox 526 5602 729 5658; x_wconf 88' lang='lat' dir='ltr'><strong>faciunt</strong></span> <span class='ocrx_word' id='word_1_976' title='bbox 754 5597 943 5669; x_wconf 85' lang='lat' dir='ltr'><strong>viginti</strong></span> <span class='ocrx_word' id='word_1_977' title='bbox 973 5592 1235 5665; x_wconf 81' lang='lat' dir='ltr'><strong>quadrato</strong></span> <span class='ocrx_word' id='word_1_978' title='bbox 1263 5598 1506 5652; x_wconf 87' lang='lat' dir='ltr'><strong>numero,</strong></span> <span class='ocrx_word' id='word_1_979' title='bbox 1536 5581 1783 5654; x_wconf 85' lang='lat' dir='ltr'><strong>quinario</strong></span> <span class='ocrx_word' id='word_1_980' title='bbox 1807 5595 1897 5635; x_wconf 89' lang='lat' dir='ltr'><strong>su-</strong></span> 
     </span>
    </p>
   </div>
   <div class='ocr_carea' id='block_1_103' title="bbox 398 5698 1420 5781">
    <p class='ocr_par' dir='ltr' id='par_1_103' title="bbox 398 5698 1420 5781">
     <span class='ocr_line' id='line_1_125' title="bbox 398 5698 1420 5781; baseline -0.021 -9"><span class='ocrx_word' id='word_1_981' title='bbox 398 5727 423 5772; x_wconf 60' lang='lat' dir='ltr'><strong>e</strong></span> <span class='ocrx_word' id='word_1_982' title='bbox 465 5715 524 5770; x_wconf 88' lang='lat' dir='ltr'><strong>S.</strong></span> <span class='ocrx_word' id='word_1_983' title='bbox 566 5711 911 5781; x_wconf 80' lang='lat' dir='ltr'><strong>Augustinus,</strong></span> <span class='ocrx_word' id='word_1_984' title='bbox 942 5708 1046 5762; x_wconf 83' lang='lat' dir='ltr'><strong>loc.</strong></span> <span class='ocrx_word' id='word_1_985' title='bbox 1077 5704 1167 5761; x_wconf 87' lang='lat' dir='ltr'><strong>cit.</strong></span> <span class='ocrx_word' id='word_1_986' title='bbox 1192 5717 1341 5758; x_wconf 87' lang='lat' dir='ltr'><strong>num.</strong></span> <span class='ocrx_word' id='word_1_987' title='bbox 1368 5698 1420 5752; x_wconf 80' lang='grc'><strong>5.</strong></span> 
     </span>
    </p>
   </div>
   <div class='ocr_carea' id='block_1_104' title="bbox 403 5781 858 5842">
    <p class='ocr_par' dir='ltr' id='par_1_104' title="bbox 403 5781 858 5842">
     <span class='ocr_line' id='line_1_126' title="bbox 403 5781 858 5842; baseline -0.024 2"><span class='ocrx_word' id='word_1_988' title='bbox 403 5789 427 5827; x_wconf 66' lang='lat' dir='ltr'><strong>l‘</strong></span> <span class='ocrx_word' id='word_1_989' title='bbox 466 5786 597 5842; x_wconf 70' lang='lat' dir='ltr'><strong>Ibid.</strong></span> <span class='ocrx_word' id='word_1_990' title='bbox 626 5798 773 5837; x_wconf 91' lang='lat' dir='ltr'><strong>num.</strong></span> <span class='ocrx_word' id='word_1_991' title='bbox 806 5781 858 5833; x_wconf 78' lang='lat'><strong>6.</strong></span> 
     </span>
    </p>
   </div>
   <div class='ocr_carea' id='block_1_105' title="bbox 1987 4918 3569 5012">
    <p class='ocr_par' dir='ltr' id='par_1_105' title="bbox 1987 4918 3569 5012">
     <span class='ocr_line' id='line_1_127' title="bbox 1987 4918 3569 5012; baseline -0.019 -10"><span class='ocrx_word' id='word_1_992' title='bbox 1987 4946 2123 5002; x_wconf 89' lang='lat' dir='ltr'><strong>Cum</strong></span> <span class='ocrx_word' id='word_1_993' title='bbox 2149 4940 2424 5012; x_wconf 89' lang='lat' dir='ltr'><strong>discipulis</strong></span> <span class='ocrx_word' id='word_1_994' title='bbox 2448 4952 2575 5008; x_wconf 88' lang='lat' dir='ltr'><strong>ergo</strong></span> <span class='ocrx_word' id='word_1_995' title='bbox 2600 4951 2706 4990; x_wconf 89' lang='lat' dir='ltr'><strong>non</strong></span> <span class='ocrx_word' id='word_1_996' title='bbox 2738 4932 3057 4988; x_wconf 89' lang='lat' dir='ltr'><strong>ascenderat</strong></span> <span class='ocrx_word' id='word_1_997' title='bbox 3086 4946 3099 4982; x_wconf 90' lang='lat'><strong>:</strong></span> <span class='ocrx_word' id='word_1_998' title='bbox 3132 4927 3239 4980; x_wconf 88' lang='lat' dir='ltr'><strong>alia</strong></span> <span class='ocrx_word' id='word_1_999' title='bbox 3281 4922 3435 4976; x_wconf 86' lang='lat' dir='ltr'><strong>navis</strong></span> <span class='ocrx_word' id='word_1_1000' title='bbox 3460 4918 3569 4972; x_wconf 87' lang='lat' dir='ltr'><strong>illic</strong></span> 
     </span>
    </p>
   </div>
   <div class='ocr_carea' id='block_1_106' title="bbox 1990 5011 3587 5093">
    <p class='ocr_par' dir='ltr' id='par_1_106' title="bbox 1990 5011 3587 5093">
     <span class='ocr_line' id='line_1_128' title="bbox 1990 5011 3587 5093; baseline -0.015 0"><span class='ocrx_word' id='word_1_1001' title='bbox 1990 5053 2095 5093; x_wconf 88' lang='lat' dir='ltr'><strong>non</strong></span> <span class='ocrx_word' id='word_1_1002' title='bbox 2121 5042 2256 5090; x_wconf 86' lang='lat' dir='ltr'><strong>erat.</strong></span> <span class='ocrx_word' id='word_1_1003' title='bbox 2293 5032 2442 5089; x_wconf 89' lang='lat' dir='ltr'><strong>Unde</strong></span> <span class='ocrx_word' id='word_1_1004' title='bbox 2478 5028 2656 5085; x_wconf 86' lang='lat' dir='ltr'><strong>subito</strong></span> <span class='ocrx_word' id='word_1_1005' title='bbox 2695 5035 2842 5080; x_wconf 90' lang='lat' dir='ltr'><strong>trans</strong></span> <span class='ocrx_word' id='word_1_1006' title='bbox 2882 5037 3033 5078; x_wconf 88' lang='lat' dir='ltr'><strong>mare</strong></span> <span class='ocrx_word' id='word_1_1007' title='bbox 3066 5019 3241 5074; x_wconf 85' lang='lat' dir='ltr'><strong>factus</strong></span> <span class='ocrx_word' id='word_1_1008' title='bbox 3277 5023 3361 5070; x_wconf 89' lang='lat' dir='ltr'><strong>est</strong></span> <span class='ocrx_word' id='word_1_1009' title='bbox 3387 5011 3587 5075; x_wconf 60' lang='lat' dir='ltr'><strong>Iesus...</strong></span> 
     </span>
    </p>
   </div>
   <div class='ocr_carea' id='block_1_107' title="bbox 1993 5106 3571 5197">
    <p class='ocr_par' dir='ltr' id='par_1_107' title="bbox 1993 5106 3571 5197">
     <span class='ocr_line' id='line_1_129' title="bbox 1993 5106 3571 5197; baseline -0.018 -14"><span class='ocrx_word' id='word_1_1010' title='bbox 1993 5129 2095 5184; x_wconf 89' lang='lat' dir='ltr'><strong>nisi</strong></span> <span class='ocrx_word' id='word_1_1011' title='bbox 2125 5126 2251 5197; x_wconf 88' lang='lat' dir='ltr'><strong>quia</strong></span> <span class='ocrx_word' id='word_1_1012' title='bbox 2282 5138 2443 5192; x_wconf 89' lang='lat' dir='ltr'><strong>super</strong></span> <span class='ocrx_word' id='word_1_1013' title='bbox 2470 5135 2620 5176; x_wconf 90' lang='lat' dir='ltr'><strong>mare</strong></span> <span class='ocrx_word' id='word_1_1014' title='bbox 2647 5115 2961 5180; x_wconf 89' lang='lat' dir='ltr'><strong>ambulavit,</strong></span> <span class='ocrx_word' id='word_1_1015' title='bbox 2990 5120 3050 5166; x_wconf 89' lang='lat' dir='ltr'><strong>ut</strong></span> <span class='ocrx_word' id='word_1_1016' title='bbox 3072 5106 3388 5165; x_wconf 87' lang='lat' dir='ltr'><strong>miraculum</strong></span> <span class='ocrx_word' id='word_1_1017' title='bbox 3417 5117 3571 5157; x_wconf 84' lang='lat' dir='ltr'><strong>mon-</strong></span> 
     </span>
    </p>
   </div>
   <div class='ocr_carea' id='block_1_108' title="bbox 1993 5200 3577 5276">
    <p class='ocr_par' dir='ltr' id='par_1_108' title="bbox 1993 5200 3577 5276">
     <span class='ocr_line' id='line_1_130' title="bbox 1993 5200 3577 5276; baseline -0.017 -2"><span class='ocrx_word' id='word_1_1018' title='bbox 1993 5218 2224 5276; x_wconf 87' lang='lat' dir='ltr'><strong>strarct?</strong></span> <span class='ocrx_word' id='word_1_1019' title='bbox 2246 5215 2444 5269; x_wconf 86' lang='lat' dir='ltr'><strong>Etcum</strong></span> <span class='ocrx_word' id='word_1_1020' title='bbox 2465 5211 2777 5267; x_wconf 88' lang='lat' dir='ltr'><strong>invenissent</strong></span> <span class='ocrx_word' id='word_1_1021' title='bbox 2799 5225 2915 5262; x_wconf 87' lang='lat' dir='ltr'><strong>eum</strong></span> <span class='ocrx_word' id='word_1_1022' title='bbox 2930 5203 3112 5259; x_wconf 66' lang='lat' dir='ltr'><strong>turbas.</strong></span> <span class='ocrx_word' id='word_1_1023' title='bbox 3129 5201 3267 5256; x_wconf 88' lang='lat' dir='ltr'><strong>Ecce</strong></span> <span class='ocrx_word' id='word_1_1024' title='bbox 3285 5200 3577 5268; x_wconf 82' lang='lat' dir='ltr'><strong>praesentat</strong></span> 
     </span>
    </p>
   </div>
   <div class='ocr_carea' id='block_1_109' title="bbox 1996 5282 3589 5375">
    <p class='ocr_par' dir='ltr' id='par_1_109' title="bbox 1996 5282 3589 5375">
     <span class='ocr_line' id='line_1_131' title="bbox 1996 5282 3589 5375; baseline -0.02 -8"><span class='ocrx_word' id='word_1_1025' title='bbox 1996 5326 2054 5368; x_wconf 88' lang='lat' dir='ltr'><strong>se</strong></span> <span class='ocrx_word' id='word_1_1026' title='bbox 2081 5309 2270 5373; x_wconf 90' lang='lat' dir='ltr'><strong>turbis,</strong></span> <span class='ocrx_word' id='word_1_1027' title='bbox 2306 5321 2337 5360; x_wconf 91' lang='lat' dir='ltr'><strong>a</strong></span> <span class='ocrx_word' id='word_1_1028' title='bbox 2380 5304 2576 5375; x_wconf 89' lang='lat' dir='ltr'><strong>quibus</strong></span> <span class='ocrx_word' id='word_1_1029' title='bbox 2600 5302 2717 5372; x_wconf 88' lang='lat' dir='ltr'><strong>rapi</strong></span> <span class='ocrx_word' id='word_1_1030' title='bbox 2743 5300 3027 5359; x_wconf 88' lang='lat' dir='ltr'><strong>timuerat,</strong></span> <span class='ocrx_word' id='word_1_1031' title='bbox 3055 5300 3111 5348; x_wconf 90' lang='lat' dir='ltr'><strong>et</strong></span> <span class='ocrx_word' id='word_1_1032' title='bbox 3144 5292 3198 5347; x_wconf 91' lang='lat' dir='ltr'><strong>in</strong></span> <span class='ocrx_word' id='word_1_1033' title='bbox 3227 5294 3462 5344; x_wconf 89' lang='lat' dir='ltr'><strong>montem</strong></span> <span class='ocrx_word' id='word_1_1034' title='bbox 3491 5282 3589 5337; x_wconf 70' lang='grc' dir='ltr'><strong>ΐιι-Δ</strong></span> 
     </span>
    </p>
   </div>
   <div class='ocr_carea' id='block_1_110' title="bbox 1997 5377 3576 5472">
    <p class='ocr_par' dir='ltr' id='par_1_110' title="bbox 1997 5377 3576 5472">
     <span class='ocr_line' id='line_1_132' title="bbox 1997 5377 3576 5472; baseline -0.019 -16"><span class='ocrx_word' id='word_1_1035' title='bbox 1997 5409 2149 5472; x_wconf 88' lang='lat' dir='ltr'><strong>gerat</strong></span> <span class='ocrx_word' id='word_1_1036' title='bbox 2165 5379 2430 5466; x_wconf 62' lang='lat' dir='ltr'><strong>;.omnino</strong></span> <span class='ocrx_word' id='word_1_1037' title='bbox 2455 5392 2783 5450; x_wconf 81' lang='lat' dir='ltr'><strong>conﬁrmans</strong></span> <span class='ocrx_word' id='word_1_1038' title='bbox 2806 5397 2861 5444; x_wconf 89' lang='lat' dir='ltr'><strong>et</strong></span> <span class='ocrx_word' id='word_1_1039' title='bbox 2895 5387 3174 5442; x_wconf 86' lang='lat' dir='ltr'><strong>insinuans</strong></span> <span class='ocrx_word' id='word_1_1040' title='bbox 3201 5378 3356 5438; x_wconf 88' lang='lat' dir='ltr'><strong>nobis</strong></span> <span class='ocrx_word' id='word_1_1041' title='bbox 3382 5377 3436 5430; x_wconf 87' lang='lat' dir='ltr'><strong>in</strong></span> <span class='ocrx_word' id='word_1_1042' title='bbox 3458 5389 3576 5445; x_wconf 80' lang='lat' dir='ltr'><strong>my-</strong></span> 
     </span>
    </p>
   </div>
   <div class='ocr_carea' id='block_1_111' title="bbox 1995 5472 3593 5545">
    <p class='ocr_par' dir='ltr' id='par_1_111' title="bbox 1995 5472 3593 5545">
     <span class='ocr_line' id='line_1_133' title="bbox 1995 5472 3593 5545; baseline -0.019 -1"><span class='ocrx_word' id='word_1_1043' title='bbox 1995 5488 2160 5545; x_wconf 88' lang='lat' dir='ltr'><strong>sterio</strong></span> <span class='ocrx_word' id='word_1_1044' title='bbox 2197 5487 2340 5541; x_wconf 88' lang='lat' dir='ltr'><strong>dicta</strong></span> <span class='ocrx_word' id='word_1_1045' title='bbox 2377 5498 2496 5538; x_wconf 89' lang='lat' dir='ltr'><strong>esse</strong></span> <span class='ocrx_word' id='word_1_1046' title='bbox 2534 5481 2623 5536; x_wconf 88' lang='lat' dir='ltr'><strong>illa</strong></span> <span class='ocrx_word' id='word_1_1047' title='bbox 2664 5478 2886 5535; x_wconf 88' lang='lat' dir='ltr'><strong>omnia:</strong></span> <span class='ocrx_word' id='word_1_1048' title='bbox 2915 5484 2970 5531; x_wconf 92' lang='lat' dir='ltr'><strong>et</strong></span> <span class='ocrx_word' id='word_1_1049' title='bbox 3007 5472 3147 5528; x_wconf 82' lang='lat' dir='ltr'><strong>facta</strong></span> <span class='ocrx_word' id='word_1_1050' title='bbox 3178 5472 3230 5525; x_wconf 88' lang='lat' dir='ltr'><strong>in</strong></span> <span class='ocrx_word' id='word_1_1051' title='bbox 3269 5480 3461 5536; x_wconf 83' lang='lat' dir='ltr'><strong>magno</strong></span> <span class='ocrx_word' id='word_1_1052' title='bbox 3489 5477 3593 5517; x_wconf 79' lang='lat' dir='ltr'><strong>sa—.</strong></span> 
     </span>
    </p>
   </div>
   <div class='ocr_carea' id='block_1_112' title="bbox 1997 5548 3577 5645">
    <p class='ocr_par' dir='ltr' id='par_1_112' title="bbox 1997 5548 3577 5645">
     <span class='ocr_line' id='line_1_134' title="bbox 1997 5548 3577 5645; baseline -0.021 -7"><span class='ocrx_word' id='word_1_1053' title='bbox 1997 5587 2290 5644; x_wconf 81' lang='lat' dir='ltr'><strong>cramento,</strong></span> <span class='ocrx_word' id='word_1_1054' title='bbox 2318 5584 2378 5631; x_wconf 92' lang='lat' dir='ltr'><strong>ut</strong></span> <span class='ocrx_word' id='word_1_1055' title='bbox 2399 5573 2600 5645; x_wconf 86' lang='lat' dir='ltr'><strong>aliquid</strong></span> <span class='ocrx_word' id='word_1_1056' title='bbox 2620 5568 3003 5641; x_wconf 83' lang='lat' dir='ltr'><strong>significarent.</strong></span> <span class='ocrx_word' id='word_1_1057' title='bbox 3032 5564 3172 5618; x_wconf 84' lang='lat' dir='ltr'><strong>Ecce</strong></span> <span class='ocrx_word' id='word_1_1058' title='bbox 3198 5562 3350 5615; x_wconf 85' lang='lat' dir='ltr'><strong>adest</strong></span> <span class='ocrx_word' id='word_1_1059' title='bbox 3378 5554 3462 5612; x_wconf 87' lang='lat' dir='ltr'><strong>ille</strong></span> <span class='ocrx_word' id='word_1_1060' title='bbox 3484 5548 3577 5623; x_wconf 87' lang='lat' dir='ltr'><strong>qui</strong></span> 
     </span>
    </p>
   </div>
   <div class='ocr_carea' id='block_1_113' title="bbox 2074 5683 2526 5744">
    <p class='ocr_par' dir='ltr' id='par_1_113' title="bbox 2074 5683 2526 5744">
     <span class='ocr_line' id='line_1_135' title="bbox 2074 5683 2526 5744; baseline -0.024 1"><span class='ocrx_word' id='word_1_1061' title='bbox 2074 5704 2093 5731; x_wconf 67' lang='grc' dir='ltr'><strong><em>ο</em></strong></span> <span class='ocrx_word' id='word_1_1062' title='bbox 2138 5688 2271 5744; x_wconf 86' lang='lat' dir='ltr'><strong>Ibid.</strong></span> <span class='ocrx_word' id='word_1_1063' title='bbox 2298 5702 2444 5741; x_wconf 90' lang='lat' dir='ltr'><strong>num.</strong></span> <span class='ocrx_word' id='word_1_1064' title='bbox 2474 5683 2526 5735; x_wconf 83' lang='lat'><strong>7.</strong></span> 
     </span>
    </p>
   </div>
   <div class='ocr_carea' id='block_1_114' title="bbox 2073 5743 3073 5825">
    <p class='ocr_par' dir='ltr' id='par_1_114' title="bbox 2073 5743 3073 5825">
     <span class='ocr_line' id='line_1_136' title="bbox 2073 5743 3073 5825; baseline -0.018 -12"><span class='ocrx_word' id='word_1_1065' title='bbox 2073 5762 2095 5797; x_wconf 66' lang='grc' dir='ltr'><em>δ</em></span> <span class='ocrx_word' id='word_1_1066' title='bbox 2142 5743 2197 5811; x_wconf 14' lang='grc' dir='ltr'><strong>ὃν.</strong></span> <span class='ocrx_word' id='word_1_1067' title='bbox 2226 5759 2359 5825; x_wconf 71' lang='lat' dir='ltr'><strong>Aug.</strong></span> <span class='ocrx_word' id='word_1_1068' title='bbox 2394 5756 2493 5808; x_wconf 80' lang='lat' dir='ltr'><strong>loc.</strong></span> <span class='ocrx_word' id='word_1_1069' title='bbox 2519 5752 2611 5805; x_wconf 78' lang='lat' dir='ltr'><strong>cit.</strong></span> <span class='ocrx_word' id='word_1_1070' title='bbox 2643 5762 2790 5802; x_wconf 88' lang='lat' dir='ltr'><strong>num.</strong></span> <span class='ocrx_word' id='word_1_1071' title='bbox 2818 5747 2870 5811; x_wconf 88' lang='lat'><strong>8,</strong></span> <span class='ocrx_word' id='word_1_1072' title='bbox 2902 5748 2955 5808; x_wconf 77' lang='lat' dir='ltr'><strong>tl,</strong></span> <span class='ocrx_word' id='word_1_1073' title='bbox 2990 5743 3073 5811; x_wconf 67' lang='grc' dir='ltr'><strong>πρ.</strong></span> 
     </span>
    </p>
   </div>
  </div>
