4074 6478
527 374 633 429 8ὶῖ

1344 310 1347 313 Δ
1398 366 1462 422 Β.
1501 366 1563 421 F.
1599 360 1826 420 ALBlNl
1863 357 1995 415 SEU
2033 356 2306 414 ALCUlNl
2344 354 2625 413 OPERUM
2662 351 2841 409 PARS
2871 349 2938 407 ιι.

524 488 585 544 in
623 492 867 543 montem
886 483 1108 556 fugerat
1144 482 1572 546 turbas;.nonne
1602 492 1725 532 cum
1764 473 1895 545 ipsis
1934 470 2105 526 turbis
2129 483 2182 541 Α
2207 468 2395 521 mmini
2419 484 2529 556 non
2547 464 2717 556 cibum
2738 464 2834 556 qui
2846 462 2998 533 perit,
3022 460 3112 556 sed
3139 459 3230 556 qui
3249 463 3514 556 permanet
3545 470 3603 509 tn
3629 455 3789 508 vitam

526 577 800 650 loquitur?
824 578 982 632 modo
1010 582 1251 639 teneant,
1277 572 1435 629 modo
1465 584 1645 639 regem
1670 566 1889 623 faciant.

600 672 765 727 Vens.
804 670 894 726 25.
929 698 1000 709 -—
1036 667 1106 721 Et
1142 682 1258 719 cum
1288 663 1599 719 inuenissent
1625 676 1743 715 eum
1768 669 1913 712 trans
1940 673 2103 721 mare,

526 762 769 817 dixerunt
797 761 845 814 ei
867 760 884 814 ἐ
911 757 1093 821 Rabbi,
1122 754 1332 827 quando
1356 753 1457 807 huc
1493 750 1712 807 venisti?
1738 748 1830 803 ille
1857 758 1980 818 post
2006 745 2107 800 mi—

527 853 695 909 raculi
723 857 1114 907 sacramentum
1134 886 1150 912 ,
1186 853 1241 900 et
1267 858 1569 898 sermonem
1603 840 1793 905 infert,
1821 846 1882 894 ut
1918 838 1961 893 si
1990 837 2105 891 ﬁeri

526 954 724 1018 potest,
748 943 838 1013 qui
869 939 1009 1011 pasti
1035 947 1179 1001 sunt,
1211 942 1521 1005 pascantur,
1546 940 1604 987 et
1627 944 1854 1000 quorum
1891 927 2108 1018 satiavit

527 1017 756 1105 panibus
777 1038 1039 1091 ventrem,
1068 1027 1228 1082 satiet
1247 1023 1585 1079 sermonibus
1607 1029 1860 1082 mentem,
1885 1019 1979 1074 sed
2005 1017 2105 1079 sic,

530 1135 587 1178 ut
612 1122 857 1191 capiant;
885 1126 941 1173 et
979 1117 1025 1171 si
1064 1132 1169 1170 non
1197 1112 1445 1182 capiunt,
1471 1117 1687 1166 sumant
1715 1107 1856 1177 quod
1894 1105 2109 1176 capiant

474 1270 481 1275 _
530 1212 713 1286 [Aug.,
742 1220 986 1266 sumatur
1007 1207 1148 1277 quod
1178 1220 1283 1260 non
1310 1200 1573 1273 capiunt],
1597 1215 1666 1253 ne
1689 1196 1992 1286 fragmenta
2014 1208 2108 1263 pe-

526 1282 701 1360 reant.
718 1302 994 1370 Loquatur
1013 1312 1141 1366 ergo
1162 1294 1437 1355 Dominus,
1453 1299 1507 1347 et
1527 1287 1806 1344 audiamus
1832 1282 1996 1358 [quod
2025 1298 2107 1338 se-

526 1393 708 1466 quitur
712 1402 730 1463 j
752 1390 968 1460 :(V’ens.
990 1386 1079 1458 26)
1110 1383 1391 1454 Respondit
1412 1380 1585 1443 Iesus,
1600 1388 1646 1432 et
1672 1377 1804 1466 dixit
1824 1375 1931 1429 eis:
1949 1376 2107 1466 amen

525 1463 678 1541 limen
706 1485 823 1538 dico
854 1480 1016 1543 vobis,
1042 1476 1274 1549 quaeritis
1302 1489 1402 1538 me,
1420 1489 1522 1527 non
1552 1469 1677 1540 quia
1705 1465 1907 1522 vidistis
1935 1463 2106 1534 signa,

525 1580 615 1635 sed
638 1577 760 1649 quia
784 1561 1137 1629 manducastis
1160 1584 1224 1622 ea:
1243 1564 1464 1638 panibus
1488 1561 1637 1625 meis,
1653 1568 1699 1613 et
1720 1553 2106 1612 saturatiestis.

525 1648 752 1740 Propter
779 1679 999 1723 carnem
1033 1676 1121 1717 me
1154 1658 1425 1731 quaeritis,
1464 1670 1569 1710 non
1594 1660 1815 1723 propter
1838 1648 2107 1740 Spiritum.

526 1739 701 1830 Quam
728 1759 882 1814 multi
915 1773 1023 1813 non
1060 1759 1308 1825 quaerunt
1338 1748 1551 1810 Jesum,
1588 1745 1692 1799 nisi
1720 1750 1781 1797 ut
1808 1743 1913 1796 illis
1950 1739 2111 1795 faciat

2204 567 2471 614 trternam.
2502 554 2746 610 Carnalis
2771 554 2922 607 cibus
2946 550 3106 621 perit,
3137 546 3394 621 spiritalis
3416 558 3545 601 vero
3569 558 3790 614 perma-

2204 655 2317 712 net,
2344 662 2503 716 quem
2532 644 2698 699 Filius
2721 642 2956 699 hominis
2978 640 3131 696 vobis
3159 639 3325 695 dabit.

2275 753 2439 827 524
2476 752 2632 807 Hunc
2668 768 2789 822 ergo
2833 749 2995 805 Pater
3031 748 3343 819 signiﬁcavit
3383 743 3513 819 [Al.,
3539 742 3792 817 signauit]

2204 846 2366 902 Deus.
2402 864 2419 897 ι
2463 857 2490 886 ι
2519 844 2686 901 Istum
2725 843 2892 897 ﬁlium
2932 841 3165 897 hominis
3202 838 3367 894 nolite
3405 837 3485 893 sic
3521 836 3791 907 accipere,

2204 936 2356 1006 quasi
2388 934 2522 991 alios
2556 933 2696 990 ﬁlios
2731 932 2991 993 hominis,
3030 930 3226 1001 quibus
3255 930 3457 985 dictum
3492 936 3580 983 est
3610 945 3624 981 :
3663 925 3794 980 Filii

2206 1037 2379 1082 autem
2406 1025 2675 1083 hominum
2710 1023 2765 1077 in
2791 1022 3107 1093 protectione
3134 1019 3341 1075 alarum
3367 1030 3582 1074 tuarum
3607 1036 3793 1090 spera-

2212 1116 2336 1170 bunt
2381 1113 2551 1186 (Psal.
2582 1115 2767 1184 xxxv).
2800 1111 2905 1171 Iste
2952 1111 3096 1166 ﬁlius
3134 1111 3371 1166 hominis
3418 1118 3795 1180 sequestratus

2205 1208 2439 1278 quadam
2465 1205 2635 1278 gratia
2663 1205 2759 1261 Dei
2789 1213 2875 1260 est
2903 1220 2935 1258 a
2962 1203 3177 1259 caeteris
3203 1203 3330 1259 ﬁliis
3353 1203 3660 1258 hominum.
3688 1200 3798 1258 Iste

2207 1295 2350 1350 ﬁlius
2396 1294 2651 1359 hominis,
2686 1301 2942 1364 exceptus
2989 1309 3019 1347 a
3061 1307 3286 1348 numero
3316 1292 3619 1358 hominum,
3653 1291 3797 1349 ﬁlius

2207 1386 2442 1442 hominis
2465 1395 2567 1441 est.
2593 1387 2700 1442 Iste
2725 1384 2868 1440 ﬁlius
2911 1383 3146 1439 hominis
3173 1391 3225 1437 et
3250 1382 3416 1437 Filius
3440 1382 3534 1437 Dei
3562 1392 3670 1449 est,
3697 1384 3797 1440 iste

2207 1477 2391 1540 homo,
2417 1478 2581 1532 etiam
2610 1476 2752 1530 Deus
2790 1484 2891 1530 est.
2924 1494 2942 1527 ι
2972 1474 3124 1529 Unde
3165 1483 3221 1529 et
3268 1474 3381 1543 ipsa
3421 1474 3639 1529 Veritas
3675 1489 3796 1543 qua:

2209 1578 2337 1624 tunc
2356 1569 2677 1638 loquebatur
2697 1567 2764 1623 ad
2792 1565 3004 1620 Iudaeos
3030 1574 3085 1619 et
3111 1581 3251 1620 nunc
3278 1565 3530 1620 omnibus
3558 1564 3801 1634 loquitur

2208 1672 2307 1729 per
2333 1656 2653 1728 evangelicae
2675 1654 3078 1727 praedicationis
3093 1654 3283 1719 verba,
3299 1663 3356 1709 et
3373 1654 3499 1724 quis
3516 1655 3591 1709 sit
3618 1664 3798 1710 osten-

2210 1748 2310 1814 dit,
2339 1764 2446 1804 non
2471 1747 2686 1818 qualem
2708 1762 2829 1802 esse
2858 1745 3071 1816 plurimi
3105 1760 3230 1803 mne
3253 1745 3683 1810 aestimaverunt,
3715 1745 3798 1800 vel

524 1853 663 1921 bene
689 1848 981 1904 secundum
1013 1843 1252 1913 tempus!
1279 1840 1432 1896 Alius
1457 1836 1728 1908 negotium
1753 1832 1934 1896 habet,
1962 1845 2107 1900 qm:-
2136 1837 2181 1897 Β
2209 1836 2372 1891 etiam
2402 1852 2545 1892 nunc
2572 1837 2861 1893 aestimant.
2900 1833 3190 1904 Subiunxit
3236 1849 3362 1889 vero
3402 1852 3416 1888 :
3459 1833 3617 1889 Hunc
3660 1837 3798 1889 enim

525 1942 597 1994 rit
624 1938 1061 1993 intercessionem
1099 1932 1449 1994 clericorum;
1489 1928 1624 1981 alius
1658 1924 1922 1995 premitur
1957 1938 1985 1975 a
2012 1936 2108 1990 po-

526 2036 693 2090 tente,
726 2024 923 2096 refugit
948 2022 1098 2093 [Ms.,
1129 2037 1158 2073 a
1178 2019 1481 2090 potentiore
1503 2013 1658 2086 fugit]
1685 2013 1749 2069 ad
1775 2010 2101 2075 Ecclesium;

526 2114 665 2169 alius
692 2113 806 2168 vult
840 2128 938 2182 pro
978 2127 1029 2166 .e
1057 2108 1366 2163 .nterveniri
1409 2106 1549 2176 apud
1578 2119 1700 2159 eum
1736 2109 1923 2160 contra
1948 2115 2107 2170 quem

533 2205 714 2278 [.4ug.,
742 2202 883 2274 apud
909 2200 1092 2273 quem]
1128 2214 1317 2270 parum
1354 2196 1498 2251 valet
1529 2214 1542 2249 :
1577 2195 1666 2250 ille
1703 2194 1802 2260 sic,
1842 2193 1944 2247 iste
1979 2204 2109 2245 vero

529 2295 639 2359 sic;
672 2293 925 2362 impletur
944 2289 1182 2360 quotidie
1206 2286 1400 2341 talibus
1424 2284 1664 2343 Ecclesia
1698 2300 1711 2336 :
1740 2283 1827 2337 vix
1849 2279 2111 2352 quaeritur

524 2383 684 2441 Jesus
709 2389 927 2453 propter
952 2379 1154 2436 Iesum.
1186 2376 1432 2444 Qumritis
1461 2392 1559 2437 me,
1599 2391 1703 2428 non
1741 2373 1866 2443 quia
1906 2369 2109 2426 vidistis

525 2475 694 2544 signa,
722 2472 811 2526 sed
843 2470 967 2542 quia
995 2467 1352 2523 manducastis
1376 2481 1441 2519 ea:
1466 2463 1687 2535 panibus
1716 2462 1864 2517 meis.

598 2565 763 2619 Vens.
798 2562 888 2616 27.
928 2590 999 2601 —
1034 2557 1337 2629 Operamini
1365 2573 1465 2611 non
1496 2555 1690 2619 cibum,
1724 2553 1814 2625 qui
1839 2552 1989 2625 perit,
2020 2552 2111 2606 sed

524 2654 614 2725 qui
642 2660 908 2724 permanet
935 2651 991 2703 in
1016 2649 1178 2703 vitam
1200 2657 1468 2702 wternam.
1497 2644 1749 2712 Qumritis
1776 2659 1862 2699 me
1890 2650 2113 2713 propter

526 2742 694 2810 aliud,
725 2739 951 2810 quaerite
984 2752 1070 2793 me
1104 2742 1324 2807 pmpter
1368 2751 1473 2790 me.
1514 2734 1762 2805 Seipsum
1799 2735 1943 2788 enim
1982 2732 2113 2787 insi-

527 2841 661 2890 nuat
691 2842 847 2887 .stum
876 2829 1078 2894 cibum,
1106 2828 1199 2898 qui
1226 2825 1358 2898 (AL,
1392 2824 1558 2897 quod]
1585 2826 1638 2879 in
1658 2825 2111 2893 consequentibus

524 2924 811 2987 illucescit,
836 2939 988 2994 quem
1006 2919 1177 2975 Filius
1207 2920 1433 2973 hominis
1459 2916 1602 2971 dabit
1630 2918 1793 2972 vobis.
1822 2917 2113 2986 Exspecta-

446 3070 455 3083 ,
526 3014 645 3079 bas,
675 3013 855 3078 credo,
884 3012 1077 3066 iterum
1099 3025 1267 3081 panes
1285 3010 1631 3073 manducare,
1656 3009 1851 3063 iterum
1879 3010 2111 3064 discum—

524 3105 676 3170 bere,
707 3104 902 3158 iterum
932 3102 1186 3173 saginari.
1231 3100 1338 3155 Sed
1381 3099 1508 3173 [Al.,
1553 3098 1923 3171 semetipsum]
1965 3099 2111 3154 dixe-

475 3253 483 3260 ,
525 3205 640 3261 rat;
659 3195 829 3249 cibum
860 3210 964 3248 non
989 3194 1078 3264 qui
1104 3194 1259 3263 peril,
1286 3192 1376 3247 sed
1414 3192 1504 3263 qui
1545 3200 1809 3262 permanet
1854 3191 1908 3245 in
1948 3191 2107 3245 vitam

526 3295 795 3340 arternam.
810 3306 828 3335 ι
849 3283 1109 3354 Superius
1133 3283 1366 3337 diximus
1385 3297 1576 3337 navem
1594 3281 1887 3337 Ecclesium
1909 3280 2111 3337 Christi

510 3372 855 3444 signiﬁcare,
879 3389 1000 3442 quae
1021 3373 1430 3441 tempestatibus
1452 3371 1611 3441 hujus
1633 3372 1815 3427 saeculi
1842 3373 2107 3439 turbatur,

527 3469 584 3517 et
612 3460 921 3515 laborantes
951 3460 1003 3514 in
1043 3475 1102 3515 se
1127 3468 1311 3530 portat
1345 3459 1498 3532 [Λίδη
1530 3461 1584 3514 in
1614 3475 1678 3515 ea
1715 3460 2010 3533 hortatur],
2051 3470 2112 3516 ut

530 3549 763 3604 viriliter
786 3548 1049 3613 laborent,
1078 3549 1249 3604 donec
1285 3548 1533 3603 Christus
1565 3550 1883 3618 comprimat
1916 3550 2111 3607 ﬁuctus

526 3638 981 3710 persecutionum,
1003 3645 1059 3690 et
1077 3636 1266 3691 reddat
1288 3636 1655 3691 serenitatem.
1679 3637 1777 3692 Hic
1795 3652 1923 3693 vero
1943 3639 2105 3694 dicit:

526 3728 707 3784 Altera
737 3728 820 3781 die
861 3727 1038 3792 turba,
1062 3744 1180 3799 quw
1208 3727 1377 3782 stabat
1428 3737 1574 3782 trans
1618 3745 1797 3795 mare,
1828 3730 1953 3784 vidit
1984 3734 2110 3803 quia

528 3820 638 3874 alia
664 3818 905 3873 navicula
928 3836 1029 3873 non
1051 3828 1162 3873 erat
1184 3819 1256 3873 ibi
1278 3820 1379 3874 nisi
1401 3836 1525 3874 una.
1557 3819 1695 3887 Quid
1728 3829 1807 3876 est
1827 3820 1995 3877 altera
2023 3824 2110 3879 die

527 3911 743 3964 turbam
790 3918 937 3965 stare
984 3926 1146 3981 super
1199 3926 1379 3976 mare,
1430 3911 1533 3967 nisi
1577 3920 1697 3982 post
1741 3915 2109 3970 ascensionem

528 4000 730 4056 Christi
756 4002 913 4057 turba
944 4011 1092 4057 stans
1122 4002 1176 4056 in
1203 4002 1455 4072 operibus
1489 4003 1676 4071 bonis,
1704 4020 1811 4060 non
1840 4003 2029 4076 iacens
2054 4006 2109 4062 in

528 4097 762 4151 terrenis
790 4096 1121 4167 volutabris,
1156 4098 1248 4153 sed
1287 4108 1604 4170 exspectans
1643 4103 1784 4157 unde
1823 4103 2003 4157 veniat
2041 4104 2111 4158 ad

527 4202 621 4242 eos
643 4185 835 4241 Jesus?
864 4187 930 4242 Et
959 4188 1047 4243 hic
1077 4204 1185 4244 una
1223 4190 1377 4245 navis
1413 4191 1628 4257 dicitur,
1654 4192 1793 4247 sicut
1824 4193 1974 4262 prius
2000 4207 2108 4249 una

528 4276 631 4333 fuit
660 4279 900 4335 Ecclesia
928 4278 1156 4347 Christi,
1196 4281 1249 4336 in
1280 4297 1382 4351 qua
1416 4280 1503 4336 ille
1540 4282 1955 4353 praesentialiter
1988 4299 2108 4338 cor-

526 4381 658 4436 pore
685 4369 1002 4424 versabatur
1027 4387 1039 4422 :
1065 4385 1204 4425 nunc
1225 4385 1436 4439 quoque
1461 4387 1565 4425 una
1586 4379 1690 4437 est,
1714 4386 1834 4441 quae
1861 4371 2109 4427 similiter

2208 1922 2349 1981 Deus
2392 1922 2555 1977 Pater
2606 1923 2919 1995 signiﬁcavit
2975 1918 3120 1994 [Ms.,
3170 1920 3440 1994 signavit].
3496 1940 3517 1973 ι
3568 1922 3798 1993 Signare

2208 2016 2337 2084 quid
2360 2023 2471 2080 est,
2494 2015 2598 2070 nisi
2638 2015 2913 2085 proprium
2945 2014 3146 2084 aliquid
3188 2012 3421 2082 ponere?
3459 2011 3574 2068 Hoc
3610 2022 3696 2068 est
3728 2014 3805 2068 εἰς

2209 2121 2397 2176 gnaro,
2426 2121 2627 2176 ponere
2656 2104 2880 2175 aliquid,
2913 2104 3054 2177 quod
3086 2101 3240 2176 [Ms.,
3272 2100 3403 2176 quo]
3429 2118 3540 2159 non
3568 2102 3797 2159 confun-

2210 2196 2371 2251 datur
2407 2211 2531 2252 cum
2574 2195 2806 2252 caeteris.
2842 2194 3069 2266 Signare
3106 2204 3189 2249 εει
3224 2194 3434 2263 signum
3460 2194 3539 2248 rei
3575 2209 3813 2264 ponerca

2209 2284 2521 2355 Cuicunque
2565 2285 2643 2338 rei
2681 2285 2845 2354 ponis‘
2872 2284 3115 2354 signum,
3157 2283 3275 2339 ideo
3314 2282 3470 2354 ponis
3494 2283 3713 2354 signum
3736 2298 3803 2338 ne

2213 2373 2437 2430 confusa
2472 2388 2595 2429 cum
2625 2373 2744 2429 aliis
2768 2388 2798 2426 a
2821 2381 2873 2428 te
2893 2388 2998 2427 non
3025 2372 3195 2442 possit
3219 2371 3459 2442 agnosci.
3491 2369 3658 2425 Pater
3676 2385 3812 2442 ergo.

2214 2486 2328 2525 eum
2366 2468 2610 2539 signavit.
2640 2467 2779 2534 Quid
2808 2474 2892 2522 est
2925 2467 3191 2537 signavit?
3222 2468 3497 2537 proprium
3544 2467 3805 2537 quiddam

2213 2557 2286 2613 illi
2316 2557 2481 2623 dedit,
2513 2571 2580 2611 ne
2608 2556 2820 2612 caeteris
2846 2566 3254 2627 compararetur
3296 2556 3643 2622 hominibus,
3685 2558 3807 2614 ideo

2212 2647 2415 2703 dictum
2442 2656 2527 2703 est
2561 2666 2573 2701 :
2609 2645 2771 2702 Unatit
2795 2657 2842 2701 te
2863 2647 3028 2712 Deus,
3052 2648 3190 2702 Deus
3216 2657 3337 2705 tuus
3360 2648 3471 2705 oleo
3491 2649 3811 2707 exsultatio—7

2214 2737 2318 2803 nis,
2338 2753 2448 2807 prae
2465 2737 2804 2807 participibus
2824 2738 2926 2791 tuis
2948 2738 3120 2809 (Psal.
3146 2756 3289 2804 xciv,
3316 2740 3392 2812 8).
3417 2740 3561 2811 Ergo
3587 2742 3809 2813 signare

2213 2828 2343 2899 quid
2363 2830 2481 2883 est?
2511 2838 2796 2900 exceptum
2820 2829 3051 2895 habere;
3076 2831 3181 2885 hoc
3213 2839 3298 2886 est
3317 2846 3427 2901 pra:
3446 2833 3805 2904 participibus

2194 2920 2340 2974 \tuis.
2361 2918 2547 2990 Itaque
2568 2918 2753 2984 nolite,
2776 2919 2969 2989 inquit,
2993 2934 3079 2974 me
3101 2929 3465 2985 contemnere,
3508 2922 3637 2991 quia
3665 2921 3805 2977 ﬁlius

2214 3008 2448 3065 hominis
2476 3023 2617 3073 sum,
2645 3016 2702 3062 et
2729 3008 2954 3078 quaerite
2991 3023 3023 3063 a
3055 3022 3142 3063 me
3166 3008 3370 3073 cibum,
3398 3026 3501 3063 non
3529 3011 3622 3080 qui
3648 3011 3807 3081 perit,

2216 3099 2307 3155 sed
2335 3099 2425 3163 qui
2462 3110 2725 3169 permanet
2762 3100 2817 3153 in
2845 3100 3006 3153 vitam
3034 3109 3303 3154 (sternam.
3341 3098 3431 3154 Sic
3468 3101 3615 3155 enim
3663 3100 3811 3156 ﬁlius

2131 3171 2184 3233 c
2209 3190 2445 3245 hominis
2486 3198 2711 3253 sum,ut
2763 3204 2869 3245 non
2921 3189 3023 3244 sim
3066 3205 3207 3245 unus
3233 3205 3298 3245 ex
3325 3190 3505 3255 vobis;
3546 3192 3628 3245 sic
3682 3206 3800 3245 sum

2211 3281 2353 3337 ﬁlius
2376 3280 2632 3345 hominis,
2667 3289 2726 3335 ut
2752 3282 2895 3337 Deus
2941 3280 3104 3337 Pater
3142 3297 3229 3336 me
3262 3282 3519 3353 signaret.
3560 3282 3699 3349 Quid
3721 3290 3807 3338 est

2209 3373 2456 3444 signare?
2490 3372 2765 3443 preprium
2805 3372 3006 3442 aliquid
3051 3372 3181 3426 mihi
3211 3372 3367 3439 dare,
3394 3388 3502 3444 quo
3534 3389 3643 3429 non
3674 3389 3809 3430 eone

2209 3460 2463 3517 funderer
2482 3477 2603 3517 cum
2626 3476 2823 3533 genere
2842 3461 3103 3529 humano,
3127 3461 3222 3517 sed
3247 3478 3346 3533 per
3363 3478 3452 3520 me
3471 3463 3811 3521 liberaretur

2209 3566 2378 3622 genus
2407 3551 2722 3605 humanum.

2281 3643 2443 3698 Vens.
2481 3641 2571 3698 28.
2611 3672 2681 3682 —
2720 3641 2976 3713 Dixerunt
3002 3659 3122 3714 ergo
3151 3643 3222 3698 ad
3257 3661 3374 3699 eum
3413 3662 3432 3699 :
3472 3643 3616 3711 Quid
3639 3646 3807 3715 facie-

2208 3750 2345 3797 mus,
2376 3740 2432 3786 ut
2463 3748 2734 3803 operemur
2771 3748 2928 3804 opera
2957 3732 3101 3789 Dei?
3126 3733 3155 3773 δ
3178 3733 3402 3789 Dixerat
3446 3735 3594 3790 enim
3641 3734 3749 3790 illis
3780 3754 3802 3790 :-

2211 3821 2513 3893 Operamini
2537 3838 2733 3886 escam,
2757 3838 2859 3875 non
2878 3838 2994 3893 quae
3020 3824 3175 3893 perit,
3200 3823 3290 3877 sed
3311 3840 3427 3894 qua:
3447 3832 3717 3893 permanet
3745 3826 3805 3880 in

2207 3911 2367 3965 vitam
2405 3919 2675 3964 trternam.
2708 3907 2847 3974 Quid
2885 3909 3172 3979 faciemus,
3204 3912 3489 3981 inquiunt?
3528 3911 3659 3981 quid
3701 3912 3802 3967 ob—

2207 3998 2496 4063 servando,
2522 3998 2623 4053 hoc
2650 4005 2976 4068 praeceptum
2999 3999 3223 4068 implere
3251 4001 3585 4069 poterimus?
3609 4000 3801 4072 (Vens.

2207 4086 2322 4158 29.)
2350 4087 2632 4159 Respondit
2659 4087 2848 4154 Jesus,
2879 4096 2927 4143 et
2951 4087 3084 4143 dixit
3114 4090 3187 4144 eis
3219 4107 3238 4143 :
3269 4088 3386 4144 Hoc
3414 4100 3488 4146 est
3522 4108 3651 4161 opus
3678 4091 3804 4159 Dei,

2207 4190 2262 4234 ut
2287 4180 2509 4234 credatis
2539 4180 2593 4234 in
2618 4197 2736 4235 eum
2764 4196 2917 4251 quem
2940 4181 3078 4234 misit
3101 4180 3209 4234 ille.
3235 4181 3347 4271 Hpc
3366 4189 3451 4237 est
3491 4197 3624 4253 ergo
3645 4197 3805 4239 man-

2207 4272 2408 4327 ducare
2437 4270 2618 4326 cibum
2661 4286 2766 4325 non
2807 4271 2899 4341 qui
2944 4273 3112 4342 perit,
3158 4272 3251 4326 sed
3296 4273 3389 4342 qui
3425 4283 3714 4343 permanet
3747 4275 3803 4328 in

2205 4371 2465 4418 aeternum
2489 4361 2641 4435 [.lls.,
2663 4363 2719 4416 in
2739 4362 2906 4417 vitam
2926 4362 3226 4435 aeternam].
3252 4363 3322 4420 Ut
3345 4364 3471 4434 quid
3487 4380 3651 4435 paras
3672 4367 3804 4420 den-

527 4455 583 4511 in
613 4472 707 4526 spe
743 4462 1017 4528 exspectat
1049 4460 1333 4514 adventum
1372 4460 1534 4515 illius.
1568 4461 1672 4517 Sed
1703 4463 1831 4532 quid
1855 4471 1938 4518 est
1964 4464 2105 4535 quod
2138 4512 2185 4535 η
2208 4461 2318 4508 tem
2346 4460 2402 4507 et
2428 4452 2705 4507 ventrem?
2739 4451 2941 4519 Crede.
2970 4461 3027 4508 et
3061 4454 3419 4509 manducaui.
3458 4454 3805 4510 Discernitur

530 4543 650 4600 aliae
675 4560 840 4599 naves
877 4555 1139 4601 venerurt
1181 4564 1210 4601 a
1252 4538 1555 4616 Tiberiade,
1592 4551 1694 4605 nisi
1728 4552 2104 4610 htereticorum

529 4636 921 4700 conventicula,
951 4654 1069 4707 quae
1092 4637 1272 4694 les-tm
1300 4656 1404 4695 non
1433 4643 1641 4698 sincera
1680 4642 1785 4700 ﬁde
1825 4653 2101 4714 quaerunt;

531 4738 652 4794 qua:
678 4725 777 4779 sub
804 4725 925 4781 dolo
952 4727 1258 4783 calliditatis
1281 4746 1374 4784 sua
1404 4740 1671 4801 quaerunt,
1702 4748 1808 4787 non
1837 4748 1956 4803 quae
1982 4742 2105 4789 sunt

529 4812 656 4873 Jesu
693 4814 910 4888 (Philip.
951 4835 1024 4884 ιι,
1056 4819 1167 4891 2i).
1210 4820 1362 4877 Unde
1401 4833 1788 4894 consequenter
1833 4826 2107 4895 reSpondit

530 4904 612 4959 eis
640 4903 794 4961 Jesns
821 4920 836 4960 :
872 4912 1028 4963 Amen
1053 4927 1202 4965 amen
1228 4912 1343 4967 dico
1379 4914 1521 4968 vobis
1540 4954 1555 4980 ,
1575 4916 1810 4986 quwritis
1842 4932 1923 4969 me
1943 4956 1958 4982 ,
1998 4932 2102 4970 non

528 4996 651 5065 quia
680 4997 879 5051 vidistis
902 5000 1071 5069 signa,
1099 5000 1190 5054 sed
1215 5002 1336 5072 quia
1365 5003 1717 5059 manducastis
1755 5022 1820 5060 ex
1853 5006 2093 5075 panibus,

529 5092 578 5137 et
600 5088 822 5140 saturati
842 5089 985 5143 estis.
1012 5088 1089 5146 De
1114 5090 1216 5145 illis
1242 5106 1367 5146 vero
1389 5095 1480 5162 qui
1501 5095 1725 5148 saturati
1751 5101 1894 5158 sunt,
1918 5093 1972 5147 in
1994 5090 2099 5148 alio

530 5173 663 5230 dicit
688 5176 1017 5250 Evangelio:
1059 5179 1148 5235 Va:
1182 5182 1344 5248 vobis,
1384 5185 1473 5255 qui
1515 5186 1740 5238 saturati
1783 5185 1905 5239 estis
1946 5184 2095 5257 (Luc.

530 5277 607 5330 vt,
633 5264 745 5337 25).
778 5267 852 5324 De
879 5270 1235 5326 esurientibus
1263 5288 1393 5327 vero
1420 5275 1543 5328 vita:
1576 5289 1766 5344 panem
1796 5284 1851 5329 et
1877 5273 2101 5343 iustitiae

530 5357 907 5427 cognitionem,
938 5362 1132 5417 dicitur
1171 5381 1184 5416 :
1227 5362 1375 5417 Beati
1420 5366 1509 5434 qui
1554 5366 1789 5419 esuriant
1826 5375 1873 5419 et
1915 5367 2100 5439 sitiunt

524 5446 785 5517 justitiam
813 5449 1024 5520 (Matth.
1059 5468 1111 5515 ν,
1151 5452 1237 5523 6);
1271 5452 1339 5508 ad
1376 5469 1535 5524 quem
1574 5455 1751 5509 cibum
1781 5456 2100 5511 hortabatur

530 5551 623 5592 eos
653 5538 703 5592 in
730 5543 972 5610 sequenti
1001 5558 1122 5598 mox
1149 5544 1394 5600 Christus
1431 5558 1677 5602 sermone
1706 5545 1892 5603 dicens
1919 5564 1933 5602 :
1968 5546 2101 5618 Ope-

602 5743 629 5772 ⁶
665 5730 720 5788 8.
752 5735 884 5807 Aug.
912 5736 1015 5795 loc.
1048 5740 1139 5794 cit.
1167 5756 1315 5797 sunt.
1350 5738 1431 5796 ll.

2138 4512 2186 4572 D

2209 4545 2428 4613 quidem
2453 4542 2522 4598 ab
2549 4543 2804 4614 operibus
2831 4544 2983 4610 ﬁdes,
3006 4546 3146 4600 sicut
3172 4544 3456 4615 Apostolus
3472 4545 3627 4611 dicit,
3641 4546 3803 4617 justi-

2208 4636 2362 4706 [icuri
2388 4635 2649 4690 hominem
2676 4652 2770 4707 per
2804 4636 2984 4705 ﬁdem,
3023 4638 3135 4692 sine
3180 4638 3417 4709 operibus
3463 4638 3591 4709 legis
3623 4639 3798 4710 (Rom.

2211 4744 2293 4793 ιιι,
2318 4725 2430 4799 28).
2468 4726 2538 4781 Et
2566 4735 2693 4782 sunt
2719 4741 2881 4798 opera
2920 4742 3041 4798 qua:
3068 4728 3319 4784 videntur
3353 4727 3494 4784 bona
3538 4730 3656 4786 sine
3690 4730 3799 4786 ﬁde

2210 4821 2433 4886 Christi,
2461 4829 2517 4877 et
2555 4836 2663 4877 non
2701 4830 2827 4877 sunt
2858 4821 3031 4891 bona,
3063 4823 3188 4892 quia
3226 4838 3333 4878 non
3383 4822 3696 4879 referuntur
3728 4823 3796 4879 ad

2208 4930 2332 4969 eum
2358 4911 2519 4967 ﬁnem
2537 4928 2603 4967 ex
2630 4928 2738 4983 quo
2765 4920 2890 4967 sunt
2915 4912 3095 4967 omnia
3128 4911 3290 4967 bona.
3319 4911 3468 4967 Finis
3502 4914 3642 4968 enim
3670 4912 3796 4984 legis

2213 4999 2448 5057 Christus
2477 5001 2546 5055 ad
2562 5001 2825 5072 justitiam
2851 5003 2991 5056 omni
3020 5002 3248 5057 credenti
3279 5002 3451 5075 (Rom.
3479 5019 3539 5069 x,
3565 5002 3646 5074 4).
3671 5003 3796 5060 Ideo

2212 5091 2384 5147 noluit
2424 5091 2730 5146 discernere
2776 5090 2931 5146 ﬁdem
2962 5091 3031 5146 ab
3065 5107 3229 5163 Opere
3249 5133 3264 5160 ,
3294 5094 3388 5149 sed
3421 5094 3593 5165 ipsam
3633 5094 3795 5150 ﬁdem

2210 5181 2346 5236 dixit
2369 5195 2485 5237 esse
2514 5196 2667 5251 opus.
2696 5181 2811 5252 Ipsa
2833 5190 2916 5236 est
2944 5183 3087 5236 enim
3115 5182 3265 5247 ﬁdes,
3291 5199 3410 5254 quae
3428 5200 3525 5255 per
3549 5184 3795 5241 dilectio-

2207 5288 2331 5329 nem
2361 5281 2614 5344 operatur
2640 5271 2781 5344 (σαι.
2811 5288 2865 5339 v,
2901 5272 2977 5345 6).
3016 5273 3125 5330 Nec
3159 5275 3295 5331 dixit
3327 5294 3340 5329 :
3376 5275 3491 5331 Hoc
3531 5287 3618 5332 est
3655 5290 3793 5348 opus

2203 5371 2474 5428 vestrum;
2507 5361 2601 5418 sed
2625 5363 2761 5418 dixit
2789 5382 2801 5417 :
2843 5361 2958 5417 Hoc
2986 5373 3061 5419 est
3088 5382 3215 5436 opus
3248 5366 3377 5433 Dei,
3405 5376 3459 5420 ut
3486 5367 3710 5422 credatis
3734 5367 3792 5422 in

2204 5470 2321 5509 eum
2349 5471 2499 5526 quem
2527 5455 2666 5509 misit
2690 5453 2799 5521 ille,
2824 5465 2879 5510 ut
2905 5458 2994 5528 qui
3023 5456 3300 5528 gloriatur,
3342 5461 3397 5515 in
3424 5459 3653 5516 Domino
3677 5460 3791 5532 glo-

2206 5546 2367 5602 rietur
2396 5545 2450 5618 (Ι
2479 5546 2601 5602 Cor.
2629 5562 2669 5613 ι,
2701 5545 2814 5619 5i).
2844 5547 2979 5615 Quia
3025 5565 3152 5620 ergo
3195 5550 3460 5607 invitabat
3491 5566 3589 5609 eos
3623 5552 3690 5608 ad
3725 5548 3789 5604 ﬁ-

2279 5742 2308 5784 δ
2343 5741 2564 5811 Ibidem,
2590 5760 2735 5801 num.
2770 5745 2857 5813 l3,
2888 5745 2967 5804 ιι.
