4088 6340
290 333 398 393 829

1104 327 1514 386 EXEGETICA.
1538 355 1614 377 -ο
1648 323 2006 384 COMMENT.
2043 323 2113 381 1N
2148 325 2340 384 JOAN.
2368 356 2441 370 --
2466 324 2596 383 LIB.
2635 326 2702 383 111

289 457 434 518 dem,
461 447 535 503 illi
570 446 745 502 adhuc
784 440 1097 516 quaerebant
1128 443 1280 510 signa
1317 439 1513 511 quibus
1559 438 1860 495 crederent.
1889 438 1944 498 Δ
1965 439 2190 510 cipiens,
2214 442 2309 498 sed
2332 449 2515 497 tamen
2540 456 2729 497 canere
2758 440 3050 512 indigentia
3078 440 3293 508 volens;
3329 442 3432 507 Da,
3457 446 3543 502 in.

293 546 425 604 Vide
451 544 498 600 si
530 557 636 597 non
659 538 827 593 Judaei
854 537 1005 607 signa
1031 533 1248 603 petunt?
1265 531 1452 605 (Vnus.
1475 529 1589 601 50.)
1610 528 1868 583 Dixerunt

288 656 410 710 ergo
439 637 508 701 ei,
530 633 669 707 quod
689 648 809 702 ergo
834 640 891 684 tu
915 628 1046 698 facis
1065 628 1291 695 signum,
1318 631 1372 677 ut
1397 621 1662 677 videamus
1685 629 1734 673 et
1749 634 1867 710 cre-

287 708 476 785 damus
511 724 640 780 tibi?
677 720 804 794 quid
845 718 1115 790 operaris?
1150 715 1418 769 Parumne
1458 718 1578 767 erat
1621 708 1762 779 quod
1798 708 1865 763 de

286 820 525 890 quinque
566 812 794 891 panibus
836 808 975 880 pasti
1019 806 1175 862 sunt?
1200 802 1450 891 Sciebant
1488 800 1589 853 hoc
1604 797 1861 891 quidem,

286 885 381 966 sed
413 885 538 963 huic
566 903 687 960 cibo
708 888 903 956 manna
933 899 999 953 de
1034 896 1172 951 conlo
1199 890 1578 963 praeferebant.
1604 885 1863 942 Dominus

284 1009 467 1058 autem
495 996 653 1053 Iesus
679 993 840 1047 talem
858 1001 932 1046 'se
960 987 1204 1052 dicebat,
1232 992 1292 1038 ut
1325 980 1489 1052 Moysi
1524 989 1865 1050 praeponere-

284 1102 395 1148 tur.
438 1090 554 1146 Non
595 1088 738 1146 enim
766 1098 927 1139 ausus
949 1088 1035 1136 est
1077 1078 1284 1147 Moyses
1315 1074 1381 1129 de
1417 1087 1478 1128 se
1511 1072 1690 1126 dicere
1718 1065 1862 1138 quod

280 1183 436 1237 daret
464 1180 659 1245 cibum,
687 1192 791 1232 non
825 1175 914 1246 qui
937 1172 1090 1242 perit,
1117 1168 1206 1223 sed
1234 1168 1323 1239 qui
1345 1164 1496 1219 habet
1525 1163 1681 1217 vitam
1713 1169 1862 1214 teter.

281 1287 407 1327 nam
433 1269 617 1342 [Aug.,
638 1266 726 1337 qui
750 1268 1018 1334 permanet
1047 1259 1102 1313 in
1129 1258 1289 1312 vitam
1320 1250 1621 1342 wternam].
1643 1247 1860 1342 aliquid

277 1361 404 1431 plus
426 1337 773 1430 promittebat
790 1351 1047 1407 Dominus
1075 1359 1236 1416 quam
1262 1343 1487 1413 Moyses.
1513 1340 1618 1395 Per
1642 1337 1859 1431 Moysen

277 1430 478 1525 quippe
505 1445 922 1520 promittebatur
948 1453 1194 1511 regnum,
1222 1444 1278 1491 et
1309 1443 1450 1489 terra
1493 1431 1667 1525 fluens
1694 1430 1778 1484 lac
1804 1435 1862 1483 et

275 1520 743 1608 mel—,itemporalis
766 1548 869 1605 pas
887 1572 902 1597 ,
938 1527 1259 1585 abundantia
1288 1524 1539 1585 filiorum,
1569 1520 1714 1575 salus
1738 1533 1861 1573 cor-

273 1633 448 1704 poris,
478 1638 533 1686 et
560 1635 753 1683 cetera
784 1624 961 1679 omnia
991 1618 1302 1690 temporalia
1326 1615 1565 1686 quidem,
1594 1612 1648 1666 in

277 1701 461 1781 tamen
489 1718 773 1793 spiritalia,
801 1717 894 1788 qui
920 1713 1075 1788 [Ms.,
1105 1719 1160 1765 et
1193 1707 1340 1781 quia]
1367 1705 1537 1761 veteri
1571 1702 1774 1759 homini
1802 1701 1855 1755 in

1967 532 2105 603 quit,
2115 532 2268 601 milii,
2288 533 2532 599 Domine,
2555 533 2620 587 de
2643 534 2743 587 hac
2756 548 2929 604 aqua;
2967 532 3047 588 sic
3071 541 3127 588 et
3156 533 3270 599 isti,
3291 532 3540 602 Domine,

1964 622 2036 677 da
2082 622 2231 679 nobis
2252 639 2438 695 panem
2475 624 2635 688 hunc,
2664 623 2756 693 qui
2789 638 2886 678 nos
2921 623 3151 689 reﬁciat,
3173 638 3276 679 nec
3301 624 3537 681 deﬁciat.

2547 754 2772 811 CAPUT
2810 753 2947 808 XIV.

1962 844 2164 900 Panem
2186 846 2307 900 vita:
2337 862 2392 900 se
2426 845 2571 909 dicit,
2604 855 2650 898 et
2690 854 3068 899 resurrecturos
3097 844 3360 900 credentes
3387 846 3445 899 in
3484 863 3540 900 se

2502 916 2557 968 in
2582 915 2856 968 novissimo
2882 914 2984 968 die.

2033 1002 2195 1058 Vens.
2228 1003 2315 1058 55.
2346 1033 2417 1044 —
2442 1003 2586 1057 Dixit
2608 1019 2729 1073 ergo
2770 1005 2842 1057 eis
2864 1002 3018 1058 Jesus
3039 1021 3059 1060 :
3088 1001 3201 1073 Ego
3234 1021 3351 1058 sum
3383 1005 3538 1076 panis

1958 1091 2078 1144 vita:
2098 1090 2249 1163 [Ms.,
2280 1092 2465 1164 vivus].
2497 1092 2599 1159 Qui
2628 1095 2763 1147 venit
2790 1094 2859 1147 ad
2880 1110 2980 1157 me,
3012 1110 3114 1147 non
3140 1096 3350 1160 esuriet,
3372 1104 3421 1149 et
3447 1095 3539 1167 qui

1959 1182 2120 1236 credit
2148 1182 2203 1235 in
2227 1199 2447 1248 me,non
2471 1184 2609 1237 sitiet
2651 1200 2898 1254 unquam.
2940 1195 2965 1224 ι
2993 1181 3097 1248 Qui
3136 1184 3273 1238 venit
3309 1183 3379 1237 ad
3415 1200 3524 1250 me,

1960 1274 2063 1328 hoc
2089 1282 2174 1328 est
2193 1275 2336 1345 quod
2360 1275 2454 1339 ait,
2486 1284 2534 1328 et
2558 1276 2649 1342 qui
2675 1275 2836 1328 credit
2874 1276 2931 1328 in
2960 1291 3042 1327 me
3068 1292 3087 1329 :
3115 1283 3171 1329 et
3203 1275 3343 1343 quod
3365 1276 3537 1341 dixit,

1960 1379 2064 1417 non
2082 1365 2291 1429 esuriet,
2311 1365 2411 1419 hoc
2437 1364 2837 1435 intelligendum
2867 1372 2973 1427 est,
3000 1379 3103 1417 non
3126 1366 3262 1418 sitiet
3285 1380 3536 1434 unquam.

1960 1451 2200 1520 Utroque
2223 1452 2367 1507 enim
2394 1453 2482 1507 illa
2505 1451 2840 1521 significatur
2890 1462 3092 1505 mterna
3147 1451 3401 1518 satietas,
3444 1451 3536 1507 ubi

1958 1547 2102 1600 nulla
2123 1555 2209 1600 est
2231 1555 2460 1616 egestas.
2477 1546 2678 1600 Panem
2694 1545 2760 1600 de
2783 1543 2921 1599 caelo
2942 1542 3280 1605 desideratis,
3295 1551 3420 1597 ante
3444 1556 3541 1597 vos

1957 1634 2188 1698 habetis,
2215 1644 2271 1690 et
2294 1650 2398 1690 non
2430 1635 2787 1691 manducatis.
2826 1634 3008 1704 (Vens.
3033 1632 3145 1702 36).
3178 1632 3283 1688 Sed
3304 1633 3414 1687 dixi
3448 1648 3538 1688 oo-

1959 1725 2067 1791 bis,
2107 1727 2232 1796 quia
2261 1735 2309 1780 et
2340 1726 2542 1797 vidisti‘
2577 1742 2678 1791 me,
2703 1734 2751 1779 et
2780 1741 2881 1779 non
2911 1723 3204 1778 credidistis
3247 1722 3424 1793 (Rom.
3449 1738 3534 1786 tu,

272 1814 449 1872 veteri
501 1815 826 1869 testamento
876 1803 1292 1876 promittebatur
1341 1798 1525 1869 μίση
1579 1793 1858 1865 promitte-

1960 1817 2033 1887 5).
2068 1793 2175 1872 sed
2202 1832 2307 1871 non
2333 1816 2453 1871 ideo
2466 1793 2567 1886 ego
2589 1814 2840 1885 populum
2866 1813 3092 1884 perdidi.
3119 1813 3368 1884 Nunquid
3390 1815 3536 1870 enim

269 1901 520 1976 bantur].
561 1898 921 1956 Attendobant
966 1903 1143 1950 autem
1189 1891 1449 1962 promissa
1496 1903 1591 1959 per
1637 1885 1854 1976 Moysen

272 1994 411 2068 [At.,
438 1974 537 2064 per
557 1989 830 2046 Christum
872 1982 1086 2056 Moysi],
1116 1989 1172 2037 et
1207 1978 1556 2035 attendebant
1592 1974 1856 2045 promissa

268 2100 375 2157 per
391 2084 594 2140 Iesum.
615 2080 709 2136 Ille
728 2078 941 2151 plenum
963 2082 1205 2132 ventrem
1234 2068 1580 2142 promittebat
1604 2068 1657 2121 in
1688 2074 1852 2157 terra,

267 2154 372 2232 sed
413 2174 591 2230 cibum
629 2170 809 2243 [Aug.,
840 2165 984 2237 cibo]
1022 2164 1113 2233 qui
1153 2162 1322 2233 perit;
1372 2160 1474 2214 iste
1510 2154 1860 2227 promittebat

265 2263 469 2327 cibum,
500 2277 603 2315 non
622 2260 710 2330 qui
735 2258 887 2329 perit,
917 2255 1006 2309 sed
1033 2253 1121 2323 qui
1147 2257 1412 2321 permanet
1437 2248 1491 2301 in
1519 2248 1675 2300 vitam
1704 2255 1857 2299 teter—

268 2370 421 2408 nam.
463 2348 823 2405 Attendebant
857 2346 1001 2401 enim
1052 2342 1182 2414 (AL,
1220 2347 1429 2402 autem;
1463 2353 1561 2391 ms.
1607 2346 1655 2389 et
1701 2339 1855 2404 Aug"

270 2442 430 2514 eum]
458 2440 578 2510 plus
603 2437 1022 2510 promittentem,
1051 2440 1106 2486 et
1138 2430 1289 2502 quasi
1326 2427 1562 2483 nondum
1604 2424 1859 2479 videbant

266 2532 485 2602 majora
513 2528 819 2583 facientem.
847 2522 1206 2578 Attendebant
1229 2521 1414 2590 utique
1441 2518 1618 2589 qualia
1646 2516 1862 2572 fecisset

267 2623 509 2695 Moyses,
539 2628 595 2674 et
615 2620 789 2674 adhuc
818 2617 994 2687 aliqua
1024 2616 1228 2685 majora
1256 2611 1505 2667 volebant
1532 2609 1647 2665 ﬁeri
1676 2610 1745 2664 ab
1771 2623 1856 2673 eo,

267 2713 369 2784 qui
392 2720 501 2766 tam
527 2725 721 2791 magna
742 2706 1113 2777 pollicebatur.
1141 2703 1300 2769 Quid,
1331 2704 1595 2772 inquiunt,
1623 2701 1774 2770 facis,
1803 2709 1858 2753 ut

267 2802 549 2858 credamus
575 2799 708 2854 tibi?
732 2798 798 2853 Et
816 2805 874 2851 ut
894 2796 1170 2860 noveritis,
1193 2795 1319 2864 quia
1340 2792 1599 2848 miracula
1622 2791 1710 2846 illa
1734 2791 1859 2846 huic

267 2888 540 2949 miraculo
567 2888 972 2959 comparabant,
999 2896 1055 2941 et
1085 2886 1205 2941 ideo
1233 2885 1386 2955 quasi
1421 2883 1627 2954 majora
1650 2884 1750 2937 ista
1772 2883 1859 2953 ju-

267 2983 548 3045 dicabant,
573 2995 734 3049 quam
764 2976 891 3050 [Ms.
922 2986 969 3032 et
993 2980 1150 3046 Aug.,
1175 2974 1327 3045 quasi
1353 2975 1561 3030 minora
1583 2975 1685 3029 ista
1710 2972 1856 3043 judi-

268 3074 493 3138 cabant,
521 3070 661 3145 qum]
691 3087 811 3141 quas
838 3069 1071 3124 faciebat
1094 3067 1269 3132 Jesus,

349 3165 513 3221 Vens.
553 3163 641 3219 5i.
671 3191 738 3201 —
770 3160 955 3215 Patres
980 3159 1163 3223 nostri,
1188 3157 1454 3226 inquiunt,
1484 3172 1679 3210 manna
1707 3171 1857 3210 man—
1882 3144 1929 3208 C

268 3258 596 3312 duraverunt
637 3256 693 3310 in
738 3254 961 3309 deserto.
1012 3252 1118 3308 Sed
1165 3252 1293 3323 quid
1332 3259 1413 3305 est
1453 3249 1684 3304 manna?
1721 3247 1859 3303 forte

269 3346 648 3410 contemnitis;
680 3346 819 3401 sicut
856 3344 1115 3414 scriptum
1156 3350 1241 3397 est
1276 3359 1290 3396 :
1330 3339 1485 3395 Dedit
1518 3339 1624 3394 illis
1664 3356 1860 3395 manna

269 3434 616 3489 manducare.
640 3432 747 3488 Per
764 3431 978 3502 Moysen
1009 3439 1188 3501 patres
1219 3429 1387 3484 nostri
1414 3443 1603 3500 panem
1632 3429 1699 3484 de
1723 3428 1861 3483 cmlo

270 3529 622 3592 acceperunt,
651 3528 707 3576 et
733 3536 838 3574 non
876 3520 957 3575 eis
984 3520 1169 3575 datum
1207 3517 1335 3591 [51s.
1363 3526 1412 3572 et
1445 3519 1597 3588 Anq,
1635 3516 1858 3590 dictum]

269 3620 362 3669 est
388 3629 417 3667 a
451 3613 628 3684 Moyse
655 3630 668 3666 :
692 3611 994 3682 Operamini
1018 3611 1208 3675 cibum,
1234 3611 1322 3682 qui
1349 3627 1451 3665 non
1482 3612 1639 3680 perit,
1657 3610 1748 3668 sed
1771 3610 1860 3680 qui

267 3713 541 3776 permanet
566 3705 620 3757 in
647 3704 805 3757 vitam
834 3712 1103 3766 trternam,
1134 3713 1187 3755 et
1215 3708 1269 3755 tu
1308 3716 1413 3755 non
1443 3701 1566 3755 talia
1594 3701 1858 3771 operaris,

275 3796 463 3868 qualia
506 3795 733 3867 Moyses.
764 3793 941 3848 Panes
975 3793 1300 3847 hordeaceos
1330 3793 1417 3847 ille
1443 3809 1547 3847 non
1572 3792 1736 3857 dedit,
1767 3792 1861 3847 sed

272 3906 474 3948 manna
503 3889 567 3944 de
591 3887 748 3959 525
770 3887 926 3942 cmlo.
946 3886 1130 3958 (Vens.
1155 3884 1369 3955 52,55.)
1388 3885 1525 3938 Dixit
1546 3901 1665 3955 ergo
1686 3885 1760 3938 eis
1772 3884 1862 3939 Je-

271 3997 370 4036 sus
407 3996 427 4035 :
462 3980 622 4035 Amen
653 3995 801 4033 auten
836 3977 951 4031 dico
976 3978 1113 4032 vobis
1132 4018 1146 4040 ,
1177 3994 1279 4031 non
1318 3974 1522 4047 Moyses
1556 3977 1693 4031 dedit
1723 3977 1860 4031 vobis

270 4088 464 4145 panem
489 4070 552 4123 de
579 4069 722 4131 ccelo,
758 4069 848 4124 sed
880 4068 1041 4122 Pater
1065 4084 1209 4121 meus
1247 4067 1388 4121 dedit
1416 4067 1554 4121 vobis
1586 4083 1772 4138 panem
1797 4068 1861 4121 de

274 4161 428 4216 caelo.
469 4161 643 4215 Verus
681 4160 831 4213 enim
854 4158 1006 4229 panis
1032 4167 1129 4223 est,
1161 4158 1251 4228 qui
1297 4156 1361 4211 de
1397 4157 1522 4212 caelo
1574 4157 1857 4222 descendit,

272 4264 327 4309 et
362 4256 452 4307 dat
482 4253 638 4306 vitam
667 4250 882 4304 mundo.
932 4250 1102 4304 Verus
1142 4263 1271 4320 ergo
1312 4248 1399 4304 ille
1435 4248 1592 4320 panis
1627 4258 1730 4313 est,
1767 4250 1859 4317 qui

276 4345 376 4399 dat
413 4343 579 4397 vitam
627 4342 846 4406 mundo,
887 4347 943 4395 et
980 4338 1093 4409 ipse
1129 4339 1282 4395 cibus
1313 4347 1415 4406 est,
1448 4340 1513 4395 de
1551 4354 1657 4409 quo
1701 4339 1860 4410 paulo

1957 1907 2245 1964 inﬁdelitas
2290 1915 2467 1962 vestra
2524 1907 2681 1961 fidem
2738 1906 2833 1960 Dei
2879 1906 3196 1961 evacuavit?
3245 1904 3538 1958 Videamus

1954 2000 2099 2054 enim
2147 1999 2290 2070 quod
2340 1998 2620 2069 sequitur:
2671 1997 2856 2067 (Vens.
2906 1996 2997 2060 37)
3047 1994 3214 2050 Omne
3264 1992 3403 2065 quod
3443 1994 3536 2046 dat

1956 2091 2083 2144 mihi
2108 2089 2284 2152 Pater,
2307 2089 2376 2143 ad
2403 2105 2482 2141 me
2511 2089 2697 2151 veniet,
2727 2097 2773 2141 et
2794 2103 2910 2141 eum
2941 2085 3031 2156 qui
3062 2085 3197 2139 venit
3229 2083 3299 2137 ad
3324 2099 3404 2137 me
3428 2098 3534 2137 non

1955 2179 2161 2248 ejiciam
2200 2180 2362 2248 foras.
2393 2177 2560 2244 Quale
2582 2186 2667 2232 est
2705 2177 2834 2231 illud
2860 2177 3025 2240 intus,
3055 2175 3195 2229 unde
3222 2189 3325 2228 non
3354 2173 3538 2229 exitur

1957 2267 2139 2322 foras?
2166 2266 2413 2337 Magnum
2463 2266 2739 2336 penetrale
2766 2275 2819 2319 et
2848 2265 3003 2320 dulce
3032 2272 3319 2320 secretum.
3350 2261 3395 2319 Ο
3447 2277 3538 2318 se-

1956 2366 2165 2415 cretum
2206 2358 2322 2413 sine
2349 2358 2527 2423 tasdio,
2556 2358 2671 2412 sine
2702 2355 3058 2410 amaritudine
3083 2353 3349 2409 malarum
3391 2354 3525 2423 cogi-

1956 2450 2241 2513 tationum,
2268 2449 2383 2505 sine
2429 2448 2854 2519 interpellatione
2899 2447 3255 2502 tentationum
3296 2455 3351 2500 et
3383 2444 3533 2499 dolo-

1958 2540 2108 2593 rum!
2150 2539 2335 2594 Nonne
2361 2539 2487 2594 illud
2513 2547 2779 2594 secretum
2820 2547 2903 2593 est
2936 2552 3042 2607 quo
3067 2534 3293 2591 intrabit
3330 2534 3418 2589 ille
3442 2533 3532 2589 cui

1957 2629 2200 2685 dicturus
2232 2638 2316 2684 est
2358 2630 2499 2685 Deus
2524 2648 2537 2684 :
2576 2629 2743 2701 Euge,
2769 2646 2913 2684 serve
2940 2629 3070 2683 bone
3100 2638 3147 2682 et
3171 2627 3360 2697 fidelis,
3389 2628 3531 2681 intra

1955 2720 2011 2773 in
2039 2719 2289 2789 gaudium
2318 2719 2531 2774 Domini
2559 2720 2638 2773 tui
2684 2719 2894 2791 (Matth.
2921 2734 3050 2784 xxv,
3079 2718 3204 2789 23)?
3237 2718 3303 2772 Et
3333 2735 3346 2771 :
3375 2717 3537 2782 Eum,

1955 2809 2045 2879 qui
2061 2809 2227 2861 veniet
2266 2807 2336 2861 ad
2358 2825 2459 2869 me,
2483 2826 2585 2863 non
2612 2809 2821 2879 ejiciam
2843 2809 3006 2878 foras.
3039 2809 3224 2881 (Vens.
3252 2807 3366 2879 58.)
3396 2805 3538 2873 Quia

1957 2895 2195 2950 descendi
2241 2896 2306 2949 de
2330 2896 2477 2961 coelo,
2504 2913 2609 2951 non
2636 2908 2692 2951 ut
2723 2897 2919 2967 faciam
2966 2895 3285 2952 voluntatem
3334 2910 3535 2960 meam,

1955 2987 2045 3042 sed
2071 2987 2186 3057 ejus
2226 2988 2315 3059 qui
2350 2988 2490 3041 misit
2525 3003 2625 3041 me.
2656 2986 2780 3042 Ideo
2824 3000 2954 3058 ergo
2998 3002 3123 3041 eum
3149 2986 3240 3056 qui
3269 2976 3447 3040 veniet
3471 2982 3541 3038 ad

1958 3084 2009 3132 te
2034 3093 2140 3133 non
2178 3078 2361 3149 ejicies
2387 3077 2552 3143 foras,
2575 3078 2700 3146 quia
2718 3077 3036 3133 descendisti
3063 3075 3129 3132 de
3157 3075 3294 3131 cmlo
3321 3090 3424 3128 non
3458 3073 3540 3129 fa-

1959 3182 2082 3222 cere
2101 3167 2431 3222 voluntatem
2457 3175 2634 3231 tuam,
2693 3167 2785 3221 sed
2811 3166 3145 3222 voluntatem
3188 3164 3304 3233 ejus
3347 3163 3440 3234 qui
3483 3171 3540 3219 to

1958 3259 2124 3315 misit.
2154 3258 2403 3331 Magnum
2430 3268 2832 3315 sacramentum
2870 3268 2974 3326 est,
3008 3258 3149 3330 quod
3177 3259 3290 3313 ait:
3322 3257 3426 3324 Qui
3447 3272 3532 3311 ue-

1959 3352 2036 3405 nit
2065 3350 2134 3405 ad
2162 3367 2242 3404 me
2271 3367 2373 3404 non
2412 3350 2622 3421 ejiciam
2666 3349 2830 3420 foras.
2883 3349 3112 3405 Causam
3146 3364 3273 3404 mox
3319 3346 3542 3418 subjun-

1959 3455 2091 3511 gcns
2119 3439 2269 3512 [Ms.,
2298 3439 2592 3512 subjunsit]
2622 3454 2789 3509 quare
2820 3440 2966 3495 foras
2991 3454 3100 3494 non
3124 3439 3345 3509 ejecerit
3366 3438 3435 3492 ad
3483 3451 3543 3492 se

1959 3533 2284 3592 venientem,
2317 3531 2370 3587 id
2424 3541 2537 3596 est,
2568 3531 2621 3585 in
2651 3547 2709 3587 se
2757 3532 3068 3587 credentem
3108 3531 3240 3587 dicit
3274 3528 3428 3603 [Αἴθη
3459 3528 3542 3585 di-

1959 3622 2143 3695 cens]:
2177 3622 2315 3689 Quia
2355 3641 2456 3678 non
2485 3623 2598 3677 reni
2638 3623 2810 3693 facere
2851 3622 3170 3677 voluntatem
3224 3637 3425 3687 meam,
3452 3616 3543 3675 sed

1958 3712 2275 3767 voluntatem
2298 3714 2410 3783 ejus
2438 3713 2527 3782 qui
2569 3713 2705 3767 misit
2734 3729 2831 3767 me.
2869 3732 2887 3765 ι
2917 3712 3048 3779 Quis
3079 3720 3161 3767 est
3188 3711 3280 3781 qui
3330 3710 3544 3781 cjicitur

1961 3807 2129 3871 foras,
2164 3805 2231 3860 de
2283 3804 2375 3859 illo
2401 3803 2543 3859 dulei
2568 3812 2622 3859 et
2665 3806 2986 3860 suavissimo
3029 3812 3270 3867 secreto,
3315 3817 3422 3872 quo
3464 3802 3541 3856 in-

1959 3906 2103 3951 trare
2123 3894 2432 3966 praecipitur
2472 3909 2658 3948 servus
2705 3893 2910 3949 faciens
2946 3893 3277 3947 voluntatem
3324 3891 3539 3947 Domini

1960 3988 2063 4051 sui,
2091 3986 2191 4040 nisi
2219 3984 2502 4055 superbus,
2532 3984 2633 4039 nisi
2664 3986 2842 4038 anima
2872 3985 2926 4038 in
2964 4000 3021 4039 se
3046 3984 3159 4053 ipsa
3190 3982 3468 4039 conﬁdens
3486 3993 3543 4037 et

1960 4092 2069 4132 sua:
2102 4074 2383 4145 potestatis
2406 4087 2524 4128 esse
2553 4087 2830 4143 qumrens,
2879 4088 2976 4127 nec
3003 4065 3124 4127 eum
3149 4071 3409 4143 propheta
3440 4070 3539 4125 ha-

1959 4166 2093 4220 bens
2150 4163 2373 4218 dicere:
2413 4161 2604 4217 Nonne
2655 4161 2761 4217 Deo
2811 4163 2986 4215 anima
3041 4178 3153 4216 mea
3201 4161 3432 4232 subjecta
3468 4167 3544 4215 est

1960 4251 2131 4324 (Psal.
2164 4251 2314 4322 uti)?
2348 4251 2542 4306 Anima
2594 4266 2721 4305 vero
2764 4266 2863 4321 per
2905 4250 3264 4306 humilitatem
3296 4249 3390 4304 Dei
3418 4250 3546 4305 sub-

1952 4348 2095 4418 jecta
2125 4344 2333 4413 gratim,
2362 4357 2636 4413 nunquam
2666 4343 2913 4413 ejicietur
2938 4342 3106 4410 foras,
3133 4343 3225 4399 sed
3268 4344 3438 4400 intrat
3489 4343 3547 4399 in

278 4444 408 4491 ante
454 4433 664 4489 locutus
689 4448 806 4488 sum
848 4451 861 4487 :
912 4433 1213 4502 Operamini
1250 4432 1435 4495 cibum,
1459 4432 1548 4504 qui
1578 4449 1680 4487 non
1703 4433 1856 4503 perit,
1887 4482 1939 4543 υ
1960 4436 2217 4505 gaudium
2261 4432 2473 4488 Domini
2518 4432 2611 4488 Dei
2641 4432 2744 4488 sui.
2783 4452 2801 4484 ι
2834 4431 3001 4503 igitur
3026 4442 3087 4488 ut
3114 4449 3276 4489 causa
3305 4433 3547 4489 omnium

326 4542 331 4543 ,
359 4528 372 4543 ι
422 4525 498 4543 _,,!
542 4532 801 4543 Δ,μμ...ήμ.ι
849 4523 898 4543 3,-
949 4524 1101 4543 ,ΔΒΑ-μ-
1159 4532 1391 4543 ...Α----μ-..
1458 4521 1593 4543 πμ..-
1646 4529 1693 4543 ,ι
1731 4520 1855 4543 2"--.)
2084 4528 2095 4543 I
2256 4542 2265 4543 κ
2314 4542 2341 4543 ,,
2384 4532 2581 4543 s,,,,.,__.
2630 4525 2681 4543 2]
2718 4534 2787 4543 Δλ.
2844 4524 3079 4543 ΑαηΑκιρ-
3152 4524 3410 4543 ἏᾼΑΑΑΔΔε.
3443 4522 3511 4543 ι---

276 4528 372 4580 sed
410 4525 498 4596 qui
535 4532 801 4595 permanet
846 4523 900 4577 in
947 4524 1103 4576 vitam
1148 4532 1416 4577 aeternam.
1458 4521 1598 4593 Ergo
1640 4529 1695 4577 et
1730 4520 1857 4577 illud

276 4630 478 4672 manna
521 4615 623 4669 hoc
667 4612 1030 4684 signiﬁcabat,
1075 4619 1131 4668 et
1176 4612 1263 4667 illa
1309 4610 1490 4667 omnia
1538 4613 1688 4684 signa
1741 4628 1859 4667 mea

278 4711 454 4760 erant.
481 4701 645 4774 Signa
667 4718 785 4758 mea
804 4702 1096 4769 dilexistis;
1120 4702 1260 4773 quod
1282 4702 1653 4773 signiﬁcabant
1676 4701 1858 4776 [.4ug.,

279 4796 377 4866 qui
425 4793 871 4867 signiﬁcabatur],
921 4793 1284 4849 contemnitis.
1325 4793 1442 4848 Non
1483 4808 1611 4863 ergo
1654 4793 1863 4864 Moyses

280 4886 431 4941 dedit
458 4899 649 4957 panem
678 4886 743 4939 de
779 4883 943 4951 cmlo;
990 4883 1132 4940 Deus
1166 4885 1259 4940 dat
1300 4899 1524 4955 panem;
1564 4884 1657 4939 sed
1701 4900 1861 4955 quem

284 4975 511 5047 panem?
539 4973 677 5030 forte
706 4974 938 5029 manna?
965 4990 1101 5040 non;
1134 4976 1227 5030 sed
1259 4991 1472 5046 panem,
1502 4990 1662 5044 quem
1698 4974 1865 5046 signi-

224 5124 229 5129 .
283 5069 466 5125 ﬁcavit
495 5084 711 5134 manna,
741 5069 917 5139 ipsum
947 5068 1151 5124 scilicet
1170 5069 1452 5125 Dominum
1474 5068 1678 5123 Jesum.
1706 5069 1864 5122 Pater

283 5179 432 5217 meus
457 5162 545 5216 dat
568 5162 707 5216 vobis
734 5177 920 5231 panem
942 5176 1141 5216 verum.
1166 5160 1326 5215 Panis
1353 5176 1513 5215 verus
1533 5159 1626 5215 Dei
1648 5167 1749 5227 est,
1772 5158 1862 5230 qui

286 5251 565 5310 descendit
585 5252 650 5306 de
672 5252 829 5316 etelo,
854 5258 909 5305 et
937 5249 1027 5304 dat
1049 5249 1211 5303 vitam
1242 5249 1458 5304 mundo.

359 5343 519 5399 Vens.
552 5343 639 5400 54.
667 5375 736 5387 —-
757 5343 1010 5397 Dixerunt
1038 5358 1158 5413 ergo
1182 5342 1250 5396 ad
1278 5358 1394 5395 eum
1415 5356 1433 5393 :
1459 5341 1700 5408 Domine,
1731 5359 1866 5397 sem-

286 5453 381 5509 per
401 5435 469 5489 da
500 5436 644 5491 nobis
668 5451 854 5505 panem
880 5435 1040 5488 hunc.
1066 5431 1341 5499 Quomodo
1360 5431 1552 5486 mulier
1582 5427 1739 5504 [illa]
1767 5432 1865 5487 Sa-

290 5526 694 5591 maritana,eui
727 5526 927 5580 dictum
956 5531 1069 5588 est,
1112 5521 1215 5589 Qui
1242 5522 1419 5577 biberit
1444 5522 1508 5577 de
1544 5522 1643 5576 hac
1694 5540 1862 5594 aqua,

294 5633 398 5673 non
416 5619 551 5672 sitiet
577 5616 1094 5689 unquam,continuo
1119 5614 1205 5669 illa
1235 5613 1524 5669 secundum
1556 5629 1751 5684 corpus
1777 5631 1867 5669 ac-

274 5790 279 5795 ,
366 5745 394 5776 ι
432 5732 566 5788 Vide
602 5730 665 5788 δέ
691 5731 828 5804 Aug.
852 5731 953 5788 loc.
992 5729 1274 5797 eit.,num.
1307 5726 1388 5795 Η,
1423 5726 1508 5793 i5,
1548 5725 1635 5794 {6,
1664 5727 1746 5792 l8,
1778 5727 1859 5783 l9.

1962 4528 2274 4583 morborum
2299 4532 2601 4591 curaretur,
2629 4525 2683 4579 id
2710 4534 2793 4580 est
2838 4524 3110 4595 superbia,
3140 4524 3415 4579 descendit
3443 4522 3552 4577 hu-

1962 4620 2188 4683 militas,
2217 4617 2270 4673 id
2300 4623 2401 4682 est,
2423 4614 2724 4672 huniiliavit
2747 4630 2805 4671 se
2840 4613 3010 4669 Filius
3033 4614 3151 4669 Dei.
3174 4612 3313 4681 Quid
3360 4627 3551 4683 super-

1963 4711 2050 4767 bis
2071 4711 2267 4765 homo?
2293 4709 2438 4765 Deus
2462 4707 2683 4763 humilis
2706 4714 2927 4777 prapter
2951 4716 3003 4761 te
3035 4705 3211 4761 factus
3245 4715 3349 4762 est.
3374 4704 3552 4760 Pude-

1965 4810 2050 4857 ret
2077 4810 2130 4856 te
2177 4800 2407 4855 fortaSse
2453 4798 2655 4853 imitari
2701 4798 2956 4852 humilem
3006 4798 3311 4862 hominem,
3355 4797 3551 4851 saltem

1965 4892 2181 4947 imitare
2197 4888 2454 4945 humilem
2470 4887 2659 4942 Deum.
2684 4888 2840 4942 Venit
2857 4886 3025 4942 Filius
3044 4887 3139 4941 Dei
3172 4888 3223 4941 in
3246 4887 3478 4949 homine,
3496 4893 3554 4939 et

1963 4985 2180 5042 humilis
2205 4983 2376 5038 factus
2395 4990 2476 5037 est
2502 4999 2514 5034 :
2542 4980 2853 5051 pnncipitur
2874 4981 2966 5036 tibi
2993 4988 3051 5035 ut
3076 4982 3151 5035 sis
3178 4979 3417 5045 humilis,
3439 4994 3553 5035 non

1966 5077 2060 5132 tibi
2086 5074 2394 5147 przecipitur
2429 5080 2488 5125 ut
2506 5086 2572 5126 ex
2604 5070 2819 5125 homine
2849 5070 3017 5125 facias
3039 5069 3190 5141 [Ms.,
3213 5066 3335 5140 ﬁas]
3356 5082 3549 5138 pecus.

1962 5164 2053 5221 ille
2074 5163 2215 5218 Deus
2243 5162 2415 5217 factus
2441 5168 2525 5216 est
2551 5161 2733 5224 homo,
2757 5166 2814 5213 tu
2837 5160 3022 5224 homo,
3053 5172 3317 5229 cognosce
3340 5156 3466 5226 quia
3489 5171 3553 5214 es

1968 5256 2147 5312 homo.
2171 5254 2305 5309 Tota
2330 5254 2604 5308 humilitas
2636 5261 2724 5306 tua
2749 5260 2833 5307 est
2875 5260 2935 5306 ut
2960 5265 3254 5322 cognoscas
3285 5258 3357 5305 te.
3403 5249 3549 5319 Ergo

1969 5347 2095 5418 quia
2129 5344 2485 5400 humilitatem
2516 5343 2671 5398 docet
2698 5343 2857 5405 Deus,
2888 5341 3060 5396 dixit:
3092 5339 3217 5394 Non
3244 5339 3358 5395 veni
3379 5339 3553 5410 facere

1970 5435 2286 5491 voluntatem
2316 5449 2498 5496 meam,
2531 5432 2622 5486 sed
2669 5432 2781 5502 ejus
2809 5430 2898 5502 qui
2923 5446 3004 5484 me
3050 5429 3212 5483 misit.
3259 5426 3385 5483 Haec
3407 5428 3552 5484 enim

1972 5527 2368 5584 commendatio
2416 5523 2732 5580 humilitatis
2756 5530 2859 5577 est.
2891 5520 3151 5591 Superbia
3182 5520 3377 5590 quippe
3422 5517 3553 5574 facit

1971 5619 2298 5676 voluntatem
2347 5630 2532 5681 suam,
2581 5612 2856 5670 humilitas
2894 5609 3024 5667 facit
3050 5603 3381 5665 voluntatem
3429 5608 3549 5664 Dei.
