4074 6482
506 401 603 461 831

507 510 637 575 Meo
662 509 754 579 qui
782 506 851 563 ad
878 524 960 562 me
994 504 1207 571 uenerit,
1239 517 1344 559 non
1392 502 1603 569 eiiciam
1653 499 1817 568 foras.
1866 493 2078 562 Quare?
2105 493 2160 551 Λ

510 599 651 665 Quia
679 614 784 652 non
810 597 921 652 veni
969 597 1137 666 facere
1162 592 1477 647 uoluntatem
1514 604 1705 653 meam,
1729 586 1820 641 sed
1848 584 2082 640 volunta-

497 698 611 742 tem
630 687 745 757 ejus
771 687 861 758 qui
884 702 966 740 me
994 685 1152 738 misit.
1183 680 1411 735 Humilis
1431 679 1574 742 veni,
1598 675 1957 732 humilitatem
1984 672 2081 726 do-

507 789 632 828 cere
661 774 802 837 veni,
827 772 1080 840 magister
1102 766 1419 823 humilitatis
1441 763 1583 819 veni.
1638 761 1738 828 Qui
1778 760 1847 814 ad
1875 774 1961 812 me
1989 773 2080 813 ve-

508 863 610 926 nit,
641 861 802 931 526
832 861 1201 927 incorporetur
1234 853 1399 925 [Ms.,
1453 848 1858 922 incorporatur]
1908 848 2076 914 mihi;
2118 870 2123 877 ·

509 952 601 1020 qui
631 950 699 1003 ad
731 963 814 1002 me
842 947 1027 1010 venit,
1079 943 1298 998 humilis
1335 942 1432 1007 lit;
1475 941 1565 1011 qui
1614 939 1746 993 mihi
1796 935 2082 991 adhaeserit

511 1039 644 1112 (AL,
669 1038 871 1103 aderit;
920 1033 1050 1102 Ms.,
1082 1031 1365 1102 adhaeret],
1393 1029 1610 1085 humilis
1632 1030 1769 1094 erit,
1820 1028 1944 1098 quia
1973 1042 2081 1080 non

509 1129 681 1186 faciet
699 1128 1024 1184 voluntatem
1051 1140 1226 1188 suam,
1252 1123 1344 1178 sed
1370 1122 1466 1176 Dei
1490 1139 1503 1175 :
1543 1130 1598 1176 et
1622 1120 1740 1174 ideo
1774 1135 1875 1173 non
1905 1117 2082 1187 ejicie-

509 1233 596 1275 tur
625 1220 788 1289 foras,
821 1219 948 1289 quia
962 1216 1164 1280 Adam,
1193 1230 1316 1270 cum
1342 1212 1603 1284 superbus
1628 1218 1792 1275 esset,
1814 1208 2092 1281 proiectus

508 1319 592 1365 est
626 1309 792 1365 foras.
831 1328 849 1361 ι
883 1307 1131 1362 Christus
1164 1320 1292 1359 vero
1330 1301 1548 1358 humilis
1598 1300 1790 1363 factus,
1819 1298 2083 1353 exaltatus

508 1406 593 1454 est
616 1414 775 1469 super
793 1413 951 1452 omne
980 1411 1195 1459 nomen,
1224 1393 1367 1463 quod
1397 1391 1705 1447 nominatur
1726 1388 1813 1442 vel
1844 1389 1898 1442 in
1924 1388 2079 1452 caelo,

507 1487 595 1542 vel
624 1487 678 1540 in
711 1496 854 1541 terra
880 1484 1098 1555 (Philip.
1121 1483 1206 1554 ιι).
1241 1501 1259 1533 ι
1294 1481 1395 1548 Qui
1441 1482 1628 1536 doctor
1654 1478 1970 1533 humilitatis
1998 1492 2085 1532 ve‘

508 1578 612 1642 nit,
641 1592 745 1630 non
774 1575 953 1629 facere
1003 1574 1332 1627 voluntatem
1380 1586 1567 1635 suam,
1612 1567 1707 1623 sed
1745 1567 2082 1622 voluntatem

507 1664 625 1733 ejus
646 1665 737 1734 qui
766 1664 913 1718 misit
947 1663 1130 1717 illum:
1163 1661 1442 1716 veniamus
1471 1660 1536 1713 ad
1566 1674 1710 1723 eum,
1733 1658 1992 1711 intremus
2015 1656 2084 1710 ad

508 1767 653 1818 eum,
680 1752 1084 1820 incorporemur
1109 1749 1182 1813 ei,
1214 1756 1270 1804 ut
1295 1763 1392 1802 nec
1420 1762 1520 1801 nos
1541 1745 1806 1820 iaciamus
1833 1745 2082 1799 volunta-

1378 390 1441 446 Β.
1483 388 1544 445 F.
1584 386 1807 444 ALBlNl
1845 382 1973 441 SEU
2014 380 2291 438 ALCUINI
2325 379 2607 438 OPERUM
2649 377 2828 433 PARS
2864 376 2928 431 ll.

3650 369 3757 428 832

2770 483 2998 540 CAPUT
3034 482 3156 538 XV.

2179 600 2567 657 Murmurantes
2589 596 2849 652 Pharistri
2873 595 3040 666 ﬁlium
3068 596 3259 665 Joseph
3283 610 3404 649 eum
3432 593 3645 666 dicunt.
3686 594 3756 666 ιςι

2248 673 2357 740 ipse
2379 671 2514 723 inter
2537 669 2689 740 plura
2712 665 2921 740 carnem
2939 682 3088 719 suam
3124 681 3311 740 partem
3330 680 3385 740 _s_e_
3404 665 3655 740 daturum
3674 665 3756 740 di-

2248 732 2319 794 cit
2363 756 2455 809 pro
2477 732 2656 792 mundi
2681 738 2808 789 vita.
2831 734 2898 787 Et
2917 745 3105 788 caetera
3124 732 3204 788 his
3220 732 3416 787 similia
3438 732 3668 806 plurim
3693 735 3756 789 de

2249 825 2383 880 pane
2408 818 2455 861 et
2473 823 2629 860 carne
2650 821 2748 860 sua
2770 812 2988 857 testatur

2251 939 2412 995 Vnus.
2440 938 2531 1004 il,
2553 937 2642 992 42.
2673 967 2739 978 --
2774 937 3171 991 Murmurarunt
3197 934 3403 1000 Iudici,
3432 943 3483 990 et
3510 934 3756 991 dixerunt
3794 969 3798 972 ι

2178 1032 2227 1086 ei
2254 1047 2273 1085 :
2303 1029 2404 1083 Hic
2432 1039 2505 1083 est
2535 1027 2735 1100 [Iesus]
2765 1026 2909 1097 ﬁlius
2956 1027 3171 1096 Ioseph,
3193 1026 3345 1095 cujus
3385 1043 3479 1080 nos
3516 1026 3757 1081 novimus

2179 1131 2379 1190 patrem
2404 1129 2455 1173 et
2492 1128 2730 1173 matrem.
2761 1117 3035 1182 Quomodo
3062 1133 3182 1186 ergo
3211 1116 3336 1169 dicit
3358 1117 3443 1171 hic
3465 1156 3480 1181 ,
3531 1116 3663 1187 quia
3694 1117 3758 1170 de

2181 1206 2306 1260 caelo
2331 1206 2613 1261 descendi?
2641 1205 2764 1260 Ideo
2813 1205 3221 1258 murmurabant
3245 1202 3372 1271 quia
3396 1204 3540 1257 hunc
3564 1217 3757 1274 panem

2181 1313 2288 1352 non
2316 1296 2701 1366 intelligebant,
2725 1296 2866 1350 hunc
2888 1308 3082 1363 panem
3122 1309 3231 1347 non
3252 1293 3589 1358 esuriebant,
3614 1293 3759 1347 hunc

2181 1401 2374 1457 panem
2401 1402 2508 1441 non
2529 1385 2800 1441 amabant.
2836 1384 2895 1439 Si
2933 1392 3219 1450 amarent,
3270 1385 3457 1452 utique
3478 1399 3585 1440 non
3612 1398 3761 1437 mur~

2182 1486 2476 1533 murarent.
2513 1495 2533 1528 ‹
2557 1489 2583 1519 ι
2610 1476 2736 1533 Ideo
2762 1492 2793 1529 a
2836 1491 2976 1546 pane
3001 1475 3209 1531 cmlesti
3233 1475 3390 1546 longe
3415 1484 3573 1530 erant
3591 1516 3610 1540 ,
3660 1491 3758 1533 nec

2182 1583 2305 1623 eum
2329 1566 2534 1623 esurire
2560 1573 2842 1621 noverant.
2881 1565 3087 1619 Fauces
3136 1565 3317 1620 cordis
3356 1563 3640 1626 Languidas
3666 1566 3757 1619 ha-

2182 1657 2400 1720 bebant,
2442 1655 2663 1710 auribus
2713 1654 2914 1724 apertis
2957 1654 3106 1708 surdi
3152 1662 3344 1709 erant:
3380 1654 3663 1716 videbant,
3706 1663 3763 1711 et

2185 1748 2313 1803 caeci
2332 1746 2565 1802 stabant.
2588 1745 2755 1801 Panis
2789 1746 2986 1815 quippe
3039 1745 3171 1810 iste,
3209 1744 3483 1800 interioris
3526 1745 3761 1800 hominis

509 1854 621 1899 tem
640 1814 905 1909 nostram,
926 1843 1020 1897 sed
1050 1841 1376 1896 voluntatem
1399 1839 1494 1894 Dei
1515 1814 1624 1905 ;‘et
1655 1853 1761 1892 non
1784 1852 1881 1892 nos
1906 1836 2084 1906 ejiciet
2112 1849 2158 1908 ις
2185 1837 2379 1904 quaerit
2401 1834 2634 1889 esuriem
2661 1850 2676 1889 :
2707 1834 2849 1889 unde
2871 1814 2975 1888 alio
2998 1835 3115 1888 loco
3137 1834 3303 1888 dicit:
3335 1832 3507 1899 Beati,
3526 1834 3620 1905 qui
3643 1851 3760 1888 esu-

510 1935 676 2000 foras,
705 1936 836 2005 quia
857 1936 1098 1990 membra
1119 1934 1234 2001 ejus
1269 1947 1470 1993 sumus,
1499 1933 1627 2001 quia
1652 1940 1813 2001 caput
1839 1939 2083 1985 nostrum

398 2030 413 2036 ’
508 2039 629 2080 esse
654 2025 821 2080 voluit
847 2024 1087 2086 docendo
1106 2022 1480 2101 humilitatem.
1516 2040 1534 2073 ›
1567 2020 1649 2076 Ad
1697 2035 1856 2091 quem
1902 2008 2111 2075 venire.

511 2132 616 2172 non
650 2124 829 2187 potest
874 2115 976 2170 nisi
1001 2114 1238 2179 humilis,
1265 2129 1297 2168 a
1326 2127 1432 2184 quo
1480 2127 1585 2167 non
1634 2112 1866 2167 mittitur
1901 2110 2081 2174 foras,

511 2210 614 2264 nisi
650 2207 934 2278 superbus.

581 2302 743 2357 Vens.
770 2303 859 2357 59.
887 2333 960 2344 -—-
1005 2300 1136 2356 Hice
1160 2311 1234 2356 est
1263 2301 1502 2356 voluntas
1530 2301 1643 2370 ejus
1695 2300 1785 2370 qui
1826 2300 1966 2353 misit
2007 2315 2087 2353 me

511 2391 712 2457 Patris,
742 2402 799 2447 ut
824 2410 972 2448 omne
1007 2393 1145 2464 quod
1172 2393 1315 2447 dedit
1341 2393 1467 2447 mihi
1503 2410 1605 2448 non
1650 2392 1865 2463 perdam
1908 2407 1971 2446 ea:
1995 2407 2085 2457 eo,

508 2483 598 2539 sed
621 2484 920 2538 resuscitem
944 2483 1078 2537 illud
1101 2485 1155 2537 in
1179 2484 1457 2539 novissimo
1495 2483 1597 2537 die.
1634 2502 1651 2532 ι
1673 2483 1790 2555 ipse
1811 2482 1897 2537 ille
1931 2482 2087 2537 datus

510 2579 613 2627 est.
645 2571 744 2640 Qui
774 2579 953 2629 servat
991 2573 1371 2639 humilitatem,
1402 2574 1504 2628 hoc
1555 2573 1781 2643 accipit;
1835 2573 1926 2642 qui
1980 2588 2087 2627 non

512 2671 687 2717 servat
720 2661 904 2734 [Aug.,
927 2664 1045 2733 ipse
1074 2663 1147 2717 illi
1178 2665 1333 2719 datus
1361 2672 1461 2728 est,
1490 2665 1581 2733 qui
1604 2672 1783 2719 servat
1810 2664 2086 2719 humilita-

509 2753 835 2821 tem;‘hunc
887 2754 1118 2822 accipit:
1150 2755 1241 2823 qui
1287 2770 1393 2809 non
1425 2754 1639 2826 servat]
1690 2754 2110 2819 humilitatem,

508 2838 666 2912 longe
691 2851 773 2897 est
805 2858 835 2897 a
862 2843 1122 2914 magistro
1146 2844 1483 2898 humilitatis.
1527 2842 1591 2896 Ut
1629 2860 1795 2909 omne,
1825 2842 1963 2914 quod
1991 2843 2081 2897 de-

510 2932 587 3003 dit
610 2932 734 2986 mihi
762 2931 935 2996 Pater,
955 2950 1059 2986 non
1099 2934 1311 3002 perdam
1340 2949 1405 2987 ex
1437 2949 1515 2986 eo.
1550 2932 1641 2988 Sic
1665 2948 1768 2986 non
1794 2941 1877 2987 est
1897 2933 2084 2987 volun-

511 3029 596 3078 tas
617 3022 671 3076 in
699 3029 984 3091 conspectu
1012 3022 1187 3077 Patris
1210 3023 1373 3077 vestri
1439 3031 1498 3076 ut
1523 3031 1709 3093 pereat
1735 3039 1872 3076 unus
1894 3023 1957 3077 de
1981 3039 2082 3092 pu—

510 3114 645 3170 sillis
672 3114 807 3169 istis.
862 3114 938 3168 De
968 3114 1292 3169 tumentibus
1319 3121 1494 3184 potest
1542 3114 1739 3184 perire,
1771 3114 1835 3168 de
1874 3112 2083 3183 pusillis

2186 1926 2328 1981 riunt
2343 1936 2389 1981 et
2409 1929 2590 1983 sitiant
2616 1929 2882 1998 justitiam
2907 1969 2921 1995 ,
2963 1930 3211 2000 quoniam
3236 1929 3351 2000 ipsi
3382 1929 3762 1984 saturabuntur

2187 2017 2399 2090 (Matth.
2427 2035 2479 2085 v,
2502 2020 2578 2091 6).
2609 2039 2628 2071 ι
2670 2020 2968 2075 Dixerunt:
3000 2018 3166 2090 Cujus
3190 2018 3355 2092 [nos]
3384 2010 3622 2074 nouimus
3668 2038 3762 2090 pa-

2186 2117 2316 2163 trem
2340 2119 2389 2163 et
2426 2120 2665 2165 matrem.
2695 2111 2920 2166 Matrem
2948 2112 3193 2185 sciebant
3220 2119 3489 2167 terrenam
3507 2151 3533 2177 ,,
3551 2121 3761 2182 patrem

2186 2201 2496 2256 nesciebant
2536 2200 2844 2264 cmlestem;
2875 2201 3000 2271 quia
3049 2217 3079 2255 a
3108 2200 3270 2256 Patre
3293 2201 3500 2256 caelesti
3542 2200 3758 2255 attracti

2189 2306 2294 2346 non
2328 2290 2574 2357 fuerunt;
2605 2293 2745 2361 quod
2772 2307 2893 2346 mox
2920 2292 3035 2361 ipse
3052 2291 3309 2347 Dominus
3329 2291 3574 2361 sequenti
3598 2291 3769 2347 verbo.

2188 2380 2435 2444 innotuit,
2465 2379 2649 2436 dicens
2676 2399 2688 2433 :
2730 2379 2915 2451 (Vnus.
2944 2380 3034 2444 45,
3066 2378 3156 2449 44)
3207 2378 3388 2433 Nolite
3430 2395 3763 2433 murmurare

2187 2470 2428 2523 inuicem.
2458 2469 2627 2524 Nemo
2660 2478 2826 2540 potest
2854 2470 3027 2523 venire
3070 2469 3138 2522 ad
3184 2486 3282 2533 me,
3314 2469 3415 2524 nisi
3443 2468 3637 2534 Pater,
3674 2468 3764 2538 qui

2189 2565 2326 2618 misit
2358 2580 2467 2628 me,
2506 2564 2780 2618 attraxerit
2802 2579 2940 2617 eum.
2980 2561 3116 2629 Quid
3159 2570 3259 2624 est,
3293 2561 3459 2616 Nemo
3482 2571 3652 2631 potest
3684 2575 3763 2613 oe-

2189 2654 2300 2706 nire
2343 2653 2412 2707 ad
2454 2668 2568 2718 me,
2620 2653 2723 2707 nisi
2754 2653 2877 2721 quia
2911 2667 3069 2706 nemo
3104 2660 3281 2722 potest
3317 2651 3539 2706 credere
3562 2652 3618 2704 in
3652 2665 3761 2716 me,

2174 2742 2288 2797 'nisi
2311 2742 2489 2806 Pater,
2516 2743 2606 2813 qui
2642 2742 2780 2796 misit
2808 2758 2907 2806 me,
2949 2745 3223 2795 attraxerit
3242 2758 3359 2795 eum
3377 2743 3403 2794 ?
3451 2740 3546 2796 Ille
3571 2742 3723 2797 venit
3745 2782 3762 2807 ,

2185 2848 2345 2903 quem
2373 2832 2544 2903 gratia
2567 2831 2661 2886 Dei
2691 2832 2968 2901 praevenit,
2996 2831 3084 2885 cui
3130 2846 3252 2885 cum
3292 2831 3557 2901 Propheta
3599 2831 3762 2901 527

2185 2924 2475 2979 dicamus:
2524 2919 2884 2976 Misericordia
2939 2920 3054 2990 ejus
3109 2920 3381 2991 pra’veniet
3442 2937 3523 2974 me
3574 2919 3762 2991 (Psal.

2185 3014 2357 3084 Lvm).
2389 3014 2456 3068 Et
2483 3013 2716 3067 iterum:
2747 3013 3104 3068 misericordia
3143 3013 3259 3082 ejus
3307 3014 3647 3085 subsequetur
3684 3031 3775 3071 me

2185 3104 2357 3177 (Psal.
2386 3103 2543 3172 χιιι).
2575 3102 2874 3157 Ρττενεηίθι
2905 3102 3058 3169 velle,
3086 3103 3443 3173 subsequetur
3476 3105 3762 3174 perﬁcere.

510 3201 645 3256 nihil
674 3200 847 3269 perit;
882 3200 1006 3270 quia
1036 3201 1136 3255 nisi
1167 3199 1379 3256 fueritis
1403 3202 1542 3256 sicut
1580 3201 1802 3272 pusillus
1830 3201 1953 3265 iste,
1975 3215 2080 3255 non
2111 3208 2156 3270 (ζ
2190 3217 2208 3251 ‹
2247 3197 2434 3252 Trahit
2457 3197 2618 3255 Pater
2664 3195 2734 3249 ad
2759 3194 2955 3250 Filium
2982 3209 3075 3250 eos
3103 3195 3193 3264 qui
3221 3202 3503 3265 propterea
3534 3196 3767 3249 credunt

510 3293 780 3349 intrabitis
827 3292 881 3346 in
944 3307 1167 3362 regnum
1228 3292 1485 3348 etelorum
1533 3291 1747 3365 (Matth.
1797 3305 1960 3356 xvut,
2002 3290 2078 3362 4).

512 3380 697 3445 Omne,
723 3380 860 3452 quod
880 3381 1021 3435 dedit
1048 3381 1172 3435 mihi
1194 3380 1377 3447 Pater,
1404 3398 1506 3436 non
1554 3381 1767 3451 perdam
1795 3396 1858 3434 ex
1882 3397 1961 3446 eo,
1990 3380 2082 3434 sed

510 3470 828 3526 resuscitabo
856 3487 947 3541 ego
981 3486 1097 3525 eum
1121 3472 1175 3525 in
1202 3472 1475 3526 novissimo
1498 3471 1599 3524 die.
1628 3472 1814 3527 Videte
1830 3470 2082 3541 quemad-

512 3559 729 3613 modum
763 3568 815 3613 et
843 3559 930 3613 nic
969 3560 1236 3630 geminam
1265 3560 1408 3614 illam
1456 3560 1902 3615 resurrectionem
1953 3559 2085 3613 deli-

511 3656 637 3702 neat
665 3646 814 3718 [Ms.,
841 3648 1089 3713 deliniet;
1112 3651 1270 3718 Aug.,
1301 3647 1570 3721 delineet].
1606 3648 1709 3716 Qui
1736 3650 1867 3703 venit
1886 3648 1956 3702 ad
1980 3665 2081 3713 me,

514 3737 673 3790 modo
697 3737 929 3807 resurgit
958 3736 1173 3791 humilis
1204 3737 1376 3791 lactus
1398 3739 1451 3792 in
1478 3739 1733 3792 membris
1774 3738 1933 3803 meis;
1993 3737 2082 3792 sed

428 3836 433 3843 ·
513 3825 827 3879 resuscitabo
855 3842 972 3880 eum
1000 3827 1054 3879 in
1103 3828 1376 3882 novissimo
1405 3829 1489 3883 die
1518 3829 1808 3884 secundum
1840 3845 2079 3885 cursem.

582 3915 743 3970 Vens.
773 3915 862 3969 40.
891 3947 962 3957 —
989 3915 1119 3971 Hinc
1141 3927 1213 3972 est
1231 3920 1368 3972 enim
1394 3918 1628 3973 voluntas
1655 3920 1829 3974 Patris
1852 3921 1951 3974 mei
1995 3920 2084 3990 qui

509 4004 649 4063 misit
687 4022 795 4072 me;
813 4015 867 4059 ut
901 4007 1067 4061 omnis
1095 4008 1183 4077 qui
1223 4007 1356 4060 videt
1382 4006 1581 4062 Filium
1601 4018 1647 4062 et
1672 4009 1831 4063 credit
1858 4010 1913 4062 in
1933 4026 2080 4072 eum,

511 4093 697 4148 habeat
721 4095 877 4149 vitam
905 4105 1173 4161 aeternam.
1205 4095 1272 4149 Et
1301 4114 1391 4167 ego
1423 4098 1737 4152 resuscitabo
1771 4115 1887 4152 eum
1908 4099 1962 4152 in
1991 4115 2082 4152 ηο-

508 4182 720 4235 vissimo
743 4183 847 4237 die.
872 4184 1130 4254 Superius
1152 4184 1283 4240 dixit
1309 4202 1321 4239 :
1357 4184 1460 4250 Qui
1483 4186 1629 4239 audit
1657 4179 1861 4240 verbum
1888 4203 2079 4251 meum,

509 4279 558 4324 et
589 4273 749 4325 credit
772 4274 820 4326 ei
835 4275 923 4343 qui
945 4275 1081 4329 misit
1119 4291 1231 4341 me;
1272 4277 1428 4331 modo
1457 4284 1634 4331 autem
1663 4294 1675 4329 :
1704 4276 1807 4341 Qui
1830 4276 1959 4329 videt
1986 4274 2082 4328 Fi-

510 4361 658 4429 lium,
680 4373 727 4416 et
752 4365 913 4419 credit
934 4366 987 4419 in
1011 4384 1148 4420 eum.
1170 4367 1284 4421 Non
1310 4368 1464 4434 dixit,
1495 4370 1638 4423 videt
1667 4369 1859 4423 Filium
1882 4377 1936 4423 et
1960 4384 2081 4424 cre-

511 4450 589 4503 dit
620 4452 674 4504 in
698 4451 911 4506 Patrem
939 4471 951 4507 :
984 4455 1087 4508 hoc
1115 4464 1199 4509 est
1218 4456 1360 4509 enim
1385 4457 1603 4511 credere
1632 4457 1685 4510 in
1711 4457 2082 4529 Filium,‘quod

2183 3291 2235 3344 in
2264 3289 2476 3351 Filium,
2508 3290 2632 3358 quia
2659 3305 2782 3346 eum
2811 3291 3051 3361 cogitant
3078 3292 3295 3345 Patrem
3342 3291 3539 3346 habere
3567 3290 3761 3345 Deum.

2181 3379 2323 3434 Deus
2352 3380 2495 3434 enim
2514 3380 2676 3434 Pater
2695 3380 2955 3450 aequalem
2979 3380 3081 3436 sibi
3130 3382 3315 3450 genuit
3335 3380 3528 3434 Filium
3554 3395 3569 3434 :
3592 3390 3648 3435 et
3668 3384 3765 3449 qui

2181 3470 2379 3539 cogitat
2403 3479 2566 3539 atque
2590 3471 2643 3525 in
2669 3470 2770 3527 lide
2796 3486 2893 3526 sua
2933 3473 3098 3526 sentit
3134 3482 3189 3527 et
3214 3473 3452 3528 ruminat
3496 3473 3763 3542 aequalem

2181 3573 2300 3614 esse
2326 3558 2472 3614 Patri
2497 3576 2620 3614 eum
2667 3561 2720 3615 in
2750 3577 2908 3631 quem
2963 3563 3153 3628 credit,
3185 3563 3359 3633 ipsum
3387 3564 3552 3619 trahit
3596 3564 3766 3621 Pater

2181 3649 2247 3704 ad
2279 3649 2492 3703 Filium.
2529 3669 2548 3702 ι
2578 3650 2678 3717 Qui
2730 3651 2872 3705 enim
2925 3652 2991 3706 de
3017 3651 3232 3708 Christo
3265 3653 3433 3720 dicit,
3489 3653 3602 3709 Non
3671 3663 3762 3711 est

2181 3736 2326 3793 Deus
2364 3753 2542 3803 verus,
2570 3755 2676 3793 non
2705 3741 2877 3795 trahit
2903 3748 3026 3796 eum
3055 3742 3235 3808 Pater,
3264 3744 3355 3799 sed
3377 3759 3473 3799 sua
3501 3759 3762 3815 perversa

2181 3825 2436 3893 cogitatio
2467 3826 2630 3880 trahit
2674 3841 2797 3880 eum
2825 3828 3041 3883 veritati
3087 3844 3194 3883 non
3220 3831 3548 3886 consentire.
3598 3849 3617 3883 ι
3666 3832 3764 3888 Ille

2183 3923 2386 3975 tractus
2408 3925 2488 3971 cst
2522 3932 2554 3971 a
2584 3916 2774 3982 Patre,
2826 3917 2917 3987 qui
2962 3919 3076 3973 ait:
3108 3919 3185 3975 Tu
3213 3937 3267 3975 es
3296 3920 3536 3977 Christus
3584 3921 3761 3979 Filius

2180 4005 2278 4059 Dei
2300 4006 2416 4059 m’vi.
2440 4004 2537 4060 Cui
2563 4007 2820 4062 Dominus
2849 4007 3023 4079 inquit
3050 4027 3062 4062 :
3098 4008 3288 4064 Beatus
3312 4027 3388 4073 es,
3414 4010 3597 4067 Simon
3623 4012 3762 4066 Bar-

2179 4093 2339 4158 Jona,
2365 4096 2487 4164 quia
2516 4110 2637 4148 caro
2660 4106 2707 4147 et
2734 4098 2946 4165 sanguis
2971 4112 3075 4150 non
3102 4098 3341 4152 reuelauit
3364 4099 3472 4162 tibi,
3490 4102 3580 4155 sed
3598 4101 3763 4157 Pater

2179 4199 2321 4237 meus
2347 4185 2435 4253 qui
2459 4184 2512 4237 in
2533 4184 2670 4239 caelis
2690 4193 2763 4239 est
2782 4183 2994 4255 (Matth.
3037 4202 3148 4251 xw,
3176 4186 3260 4251 16,
3296 4188 3404 4259 17).
3444 4188 3549 4245 Ista
3608 4207 3761 4248 reve-

2180 4273 2309 4328 latio
2360 4275 2475 4344 ipsa
2531 4283 2614 4329 est
2667 4275 2940 4329 attractio.
2998 4274 3136 4330 Dum
3176 4266 3330 4331 enim
3375 4278 3549 4334 dixit:
3582 4279 3757 4335 Nemo

2177 4374 2339 4434 potest
2366 4366 2538 4419 venire
2559 4365 2627 4417 ad
2648 4381 2746 4429 me,
2774 4366 2876 4419 nisi
2900 4364 3062 4420 Pater
3078 4367 3167 4436 qui
3189 4383 3271 4420 me
3294 4367 3455 4431 misit,
3483 4372 3761 4424 attraxerit

2178 4471 2315 4519 eam,
2347 4457 2601 4510 continuo
2629 4456 2939 4525 sulijunxit:
2974 4455 3041 4509 Et
3070 4473 3161 4527 ego
3190 4458 3508 4514 resuscitabo
3538 4477 3657 4516 eum
3697 4463 3758 4516 in

511 4548 566 4593 et
590 4541 643 4594 in
672 4540 904 4597 Patrem.
933 4543 1066 4610 Quia
1105 4547 1235 4598 sicut
1270 4546 1418 4600 habet
1446 4548 1606 4601 vitam
1630 4546 1789 4600 Pater
1811 4549 1865 4601 in
1893 4558 2079 4602 semet-
2108 4554 2157 4614 υ
2180 4544 2455 4598 novissimo
2502 4545 2604 4598 die.
2649 4544 2927 4600 Credendo
2960 4546 3103 4614 quod
3127 4555 3329 4614 sperat,
3354 4547 3559 4603 videbit
3614 4552 3759 4619 quod

511 4627 659 4699 ipso,
711 4630 785 4684 sic
811 4631 952 4685 dedit
999 4644 1044 4686 et
1074 4632 1216 4688 Filio
1262 4636 1422 4690 vitam
1476 4636 1663 4690 habere
1710 4637 1764 4691 in
1803 4637 2076 4707 semetipso

512 4715 697 4785 (Joan.
722 4734 776 4783 v,
800 4718 909 4789 26).
943 4717 1007 4775 Ut
1034 4723 1222 4790 omnis,
1250 4726 1338 4795 qui
1387 4726 1520 4779 uidet
1551 4724 1599 4778 F
1602 4725 1782 4791 ilium,
1827 4734 1875 4781 et
1916 4725 2077 4780 credit

513 4807 572 4859 in
602 4823 739 4869 eum,
764 4807 948 4863 habeat
983 4812 1140 4865 vitam
1192 4824 1457 4869 (sternam.
1482 4814 1758 4871 Credendo
1805 4822 1861 4870 et
1905 4824 2080 4871 trans-

509 4894 687 4950 eundo
714 4897 781 4951 ad
806 4897 988 4963 vitam,
1023 4908 1271 4970 tanquam
1305 4903 1530 4974 primam
1554 4905 1697 4959 illam
1725 4905 2076 4960 resurrectio-
2105 4953 2115 4961 .

510 4997 635 5040 nem
661 4983 840 5056 [Aug.,
871 4988 1042 5057 prima
1094 4990 1181 5045 illa
1213 4994 1648 5067 resurrectione].
1701 4995 1768 5049 Et
1795 4995 1918 5063 quia
1969 5009 2076 5047 non

511 5081 598 5127 est
646 5074 756 5129 sola
781 5116 795 5141 ,
840 5087 890 5130 et
920 5080 1233 5133 resuscitabo
1259 5122 1273 5146 ,
1324 5081 1516 5152 inquit,
1546 5100 1663 5136 eum
1713 5084 1765 5137 in
1800 5083 2075 5137 novissimo

446 5143 456 5220 ί
517 5162 620 5217 die.
648 5184 666 5216 ι
695 5164 950 5235 Sequitur
976 5187 987 5222 :
1019 5170 1130 5240 Ego
1160 5143 1274 5225 sum
1300 5143 1448 5241 pan-is
1478 5143 1737 5242 vivus,qui
1765 5172 1829 5223 de
1851 5172 1973 5225 cwlo
1985 5172 2075 5226 de-

511 5254 705 5308 scendi.
735 5256 855 5311 ldeo
879 5258 1050 5327 panis,
1071 5261 1161 5330 qui
1184 5261 1322 5324 vita;
1356 5269 1410 5315 et
1428 5261 1545 5315 ideo
1572 5262 1700 5326 vita,
1719 5261 1841 5330 quia
1856 5260 1920 5321 de
1939 5261 2075 5316 caelo

444 5346 453 5431 ξ
515 5342 807 5413 descendit,
823 5348 1031 5405 dicente
1060 5352 1175 5422 ipso
1200 5369 1212 5404 :
1247 5350 1357 5421 Ego
1383 5369 1496 5405 sum
1520 5352 1622 5417 via,
1646 5353 1916 5417 veritas,et
1948 5353 2070 5408 vita.

510 5431 605 5488 llle
635 5446 716 5490 est
748 5439 904 5508 panis
933 5441 1477 5511 supersubstantialis,
1505 5441 1595 5512 qui
1638 5449 1697 5496 ut
1723 5442 1876 5497 nobis
1918 5443 2077 5498 detur

511 5525 750 5593 quotidie
765 5528 1042 5599 deprecari
1062 5531 1331 5600 jubcmur,
1349 5548 1469 5589 cum
1494 5533 1751 5589 Dominus
1784 5544 1967 5589 noster
1989 5532 2079 5590 Je-

511 5626 605 5668 sus
634 5614 878 5674 Christus
925 5636 1120 5693 panem
1148 5638 1205 5678 se
1239 5625 1444 5680 dicebat
1468 5626 1530 5681 de
1551 5624 1688 5681 caelo
1715 5625 2074 5682 descendisse.

2182 4632 2358 4684 adhuc
2386 4646 2488 4685 non
2519 4631 2747 4686 videndo
2777 4631 3033 4698 credidit;
3078 4634 3423 4689 manducabit
3461 4637 3605 4704 quod
3635 4653 3759 4691 esu-

2181 4721 2289 4784 riit,
2318 4720 2598 4775 satiabitur
2622 4736 2688 4775 eo
2722 4719 2866 4790 quod
2900 4720 3034 4774 sitit.
3073 4720 3211 4776 Ubi?
3254 4721 3307 4775 in
3359 4725 3758 4781 resurrectione

2181 4820 2532 4866 mortuorum.
2549 4809 2681 4876 Quia
2697 4828 2787 4881 ego
2801 4812 3115 4865 resuscitabo
3136 4829 3252 4866 eum
3268 4813 3321 4867 in
3341 4814 3626 4870 novissimo
3647 4816 3752 4872 die.

2216 4956 2223 4959 _
2254 4901 2412 4955 Vnus.
2446 4900 2534 4953 45.
2566 4930 2637 4941 --
2665 4899 2925 4969 Scriptum
2968 4910 3041 4954 est
3084 4903 3221 4955 enim
3262 4903 3318 4955 in
3359 4904 3617 4974 prophetis
3638 4921 3657 4959 :
3686 4904 3755 4959 Et

2181 5003 2330 5046 eruat
2372 5010 2546 5047 omnes
2597 4993 2842 5049 docibiles
2892 4995 3010 5048 Dei.
3068 4996 3244 5063 Quare
3292 4998 3396 5053 hoc
3432 4999 3563 5054 dicit
3602 4997 3751 5071 [Ms.,

2184 5082 2348 5146 dixit;
2382 5083 2537 5152 Aug.,
2570 5082 2702 5155 dixi]
2735 5100 2768 5138 ο
2817 5082 3020 5139 δυόωἰῖ
3070 5086 3227 5143 Pater
3253 5103 3349 5143 vos
3387 5103 3494 5144 non
3530 5089 3747 5145 docuit:

2179 5170 2447 5239 quomodo
2475 5172 2698 5241 potestis
2722 5189 2808 5227 me
2826 5176 3183 5243 cognoscere?
3213 5175 3412 5232 Omnes
3440 5179 3588 5249 regni
3613 5179 3752 5233 illius

2180 5261 2425 5315 homines
2471 5261 2727 5316 docibiles
2753 5262 2846 5316 Dei
2874 5272 3050 5330 erunt,
3075 5280 3181 5320 non
3216 5267 3283 5321 ab
3308 5267 3614 5323 hominibus
3662 5284 3754 5322 au-

2180 5351 2363 5417 diunt;
2395 5359 2451 5406 et
2478 5352 2522 5407 si
2546 5352 2614 5407 ab
2643 5351 2949 5409 hominibus
2976 5355 3219 5422 audiunt,
3254 5366 3431 5412 tamen
3480 5359 3622 5427 quod
3671 5359 3753 5411 iu-

2180 5443 2425 5511 telliguut
2440 5443 2583 5498 intus
2594 5443 2772 5508 datur,
2800 5444 2945 5499 intus
2963 5456 3227 5509 coruscat,
3254 5448 3399 5503 intus
3414 5449 3700 5503 revelatur.
3723 5467 3742 5498 ι

2177 5534 2431 5590 Homines
2459 5533 2589 5588 foris
2607 5535 2829 5589 verbum
2860 5549 3052 5591 sonare
3075 5547 3323 5606 possunt,
3355 5538 3446 5593 sed
3471 5538 3523 5591 in
3556 5554 3746 5592 vanum

2177 5626 2441 5688 laborant,
2463 5624 2565 5679 nisi
2588 5623 2732 5678 intus
2777 5622 2917 5679 Deus
2945 5625 3140 5683 docens
3171 5628 3375 5697 aperiat
3420 5642 3628 5683 sensus.
3660 5625 3748 5680 Ille

585 5736 608 5764 ⁸
642 5729 797 5795 Apud
826 5745 1065 5788 sanctum
1095 5733 1479 5805 Augustinum,
1534 5718 1691 5794 tract.
1730 5755 1873 5806 xm,
1905 5755 2051 5796 num.
2101 5740 2148 5807 ι,
2180 5741 2233 5805 5,
2262 5740 2314 5805 6,
2338 5741 2391 5807 7,
2425 5740 2472 5803 9,
2513 5740 2595 5803 lO,
2626 5739 2706 5805 ll,
2744 5740 2823 5806 l2,
2855 5740 2941 5808 15,
2977 5741 3154 5797 lii-‘20.
