4074 6448
294 371 397 430 833

1109 370 1508 427 EXEGETICA.
1538 401 1608 411 -—
1644 368 1993 426 COMMENT.
2030 369 2098 427 IN
2134 367 2324 427 JOAN.
2364 399 2432 412 --
2467 369 2717 428 ωιτη.-

3412 372 3524 431 854

294 489 371 536 est
401 478 494 534 Dei
522 477 786 542 docibilis,
817 493 975 548 quem
1002 479 1142 535 Deus
1183 481 1327 536 intus
1357 481 1599 535 veritatis
1640 479 1858 534 instruit
1884 484 1932 544 Α
1958 490 2137 549 patres
2166 481 2484 548 inﬁdelium;
2515 491 2935 540 murmuratores
2962 490 3143 555 patres
3170 497 3530 543 murmurato-

293 567 563 639 agnitione
590 574 643 621 et
672 580 873 620 amore.
906 564 1088 622 Omnis
1113 569 1202 639 qui
1229 569 1375 624 audit
1402 568 1549 641 [δίδη
1579 567 1802 640 audivit]
1830 586 1863 622 a

296 660 475 721 Patre,
503 667 551 711 et
570 658 771 723 didicit,
803 658 934 712 venit
964 658 1032 712 ad
1060 675 1156 713 me.
1182 659 1457 727 Quomodo
1484 660 1648 714 trahit
1671 658 1862 714 Pater?

296 743 543 803 Docendo
567 748 816 813 delectat,
832 764 937 803 non
961 751 1331 805 necessitatem
1356 750 1708 820 imponendo;
1739 750 1865 819 quia

294 856 453 898 nemo
492 840 812 894 necessitate
835 840 1023 905 credit,
1053 840 1147 895 sed
1174 841 1462 895 voluntate.
1509 841 1677 896 Filius
1722 842 1866 896 dice-

291 934 406 997 bat,
432 930 595 985 Pater
643 930 896 996 docebat;
944 930 1105 985 homo
1140 931 1232 999 qui
1285 931 1583 997 videbatur,
1614 932 1866 999 loqueba-

292 1033 398 1089 tur,
429 1023 521 1077 sed
544 1029 602 1075 ut
630 1020 770 1076 Deus
802 1022 858 1075 in
878 1021 1041 1077 corde
1068 1020 1332 1076 audientis
1368 1021 1594 1075 interius
1615 1021 1861 1075 docebat.

293 1109 417 1165 ldeo
449 1113 528 1165 sui
545 1109 726 1178 iunxit
752 1127 766 1162 :

366 1199 526 1253 Vens.
558 1198 645 1253 46.
668 1227 739 1237 —
763 1196 884 1251 Non
911 1197 1032 1267 quia
1056 1196 1269 1251 Patrem
1289 1196 1415 1251 vidit
1435 1197 1732 1268 quisquam,
1760 1198 1863 1252 nisi

291 1289 341 1342 is
366 1289 456 1360 qui
486 1299 557 1343 est
586 1306 619 1342 a
652 1288 783 1352 Deo,
812 1288 896 1340 hic
941 1287 1065 1340 uidit
1100 1288 1325 1341 Patrem.
1349 1287 1521 1343 Nolite
1545 1298 1731 1358 putare
1765 1288 1865 1342 Pa-

290 1386 431 1432 trem
461 1386 578 1432 esse
605 1376 869 1431 visibilem
896 1376 1081 1440 vobis;
1136 1388 1293 1431 nemo
1342 1377 1478 1431 vidit
1498 1377 1732 1442 Patrem,
1765 1377 1867 1432 nisi

292 1466 343 1520 is
364 1466 455 1536 qui
481 1474 566 1521 est
590 1482 621 1521 a
650 1466 787 1531 Deo;
820 1466 907 1521 hic
946 1464 1079 1520 vidit
1118 1466 1352 1521 Patrem.
1404 1467 1516 1538 Ego
1545 1482 1662 1521 sum
1698 1483 1728 1520 a
1762 1464 1867 1520 Pa-

290 1563 398 1620 tre,
424 1565 480 1610 et
499 1555 618 1610 ideo
630 1554 842 1610 Patrem
867 1556 1041 1610 video.
1081 1575 1099 1606 ι
1135 1556 1273 1623 Quid
1299 1564 1381 1612 est
1407 1566 1584 1612 autem
1612 1572 1706 1613 vos
1727 1559 1866 1612 trahi

289 1661 324 1700 a
357 1644 534 1707 Patre.
563 1644 667 1700 nisi
697 1645 904 1699 discere
929 1662 958 1698 a
983 1645 1180 1715 Patre?
1206 1647 1341 1713 Quid
1370 1657 1455 1702 est
1479 1649 1685 1703 discere
1713 1665 1742 1701 a
1765 1648 1868 1703 Pa-

290 1746 397 1801 tre,
430 1739 534 1793 nisi
557 1739 739 1793 audire
764 1738 978 1793 Patrem
1017 1734 1145 1810 [313.
1167 1779 1182 1804 ,
1225 1755 1255 1793 a
1277 1738 1491 1812 Patre]?
1518 1740 1587 1794 Et
1629 1740 1755 1808 quid
1784 1748 1866 1793 est

1966 569 2129 641 rum].
2154 569 2287 624 Nam
2337 572 2402 625 de
2448 586 2509 626 re
2549 571 2690 625 nulla
2726 573 2897 643 magis
2927 573 3094 628 Deum
3132 573 3414 631 offendisse
3444 578 3536 634 ille

1963 662 2189 731 populus
2208 660 2382 716 dictus
2402 670 2502 725 est,
2525 677 2685 731 quam
2711 671 2898 717 contra
2938 664 3103 718 Deum
3127 667 3531 724 murmurando.

1964 750 2087 806 Ideo
2120 760 2175 807 et
2199 752 2456 805 Dominus
2480 768 2573 806 eos
2593 751 2776 806 volens
2822 755 3102 809 ostendere
3140 754 3326 808 talium
3355 754 3493 811 ﬁlios
3518 797 3533 822 ,

1966 841 2092 898 hinc
2116 844 2182 896 ad
2214 842 2362 914 [Ms.,
2400 844 2523 897 hinc
2552 852 2705 897 caute
2741 841 2854 913 eos]
2897 858 2989 897 eos
3023 844 3201 913 coepit,
3229 843 3367 910 Quid
3398 862 3539 900 mur-

1966 932 2185 983 muratis
2214 932 2266 984 in
2310 931 2544 993 invicem,
2579 940 3019 995 murmuratores,
3054 931 3146 985 ﬁlii
3181 942 3539 987 murmurato-

1966 1022 2121 1075 rum?
2150 1015 2334 1081 Patres
2362 1022 2513 1075 vestri
2540 1038 2730 1074 manna
2756 1022 3195 1075 manducaverunt
3212 1061 3226 1086 ,
3272 1032 3319 1075 et
3346 1018 3538 1077 mortui

1965 1119 2127 1164 sunt:
2156 1126 2262 1164 non
2290 1111 2414 1179 quia
2447 1108 2643 1164 malum
2670 1119 2788 1164 erat
2842 1126 3035 1166 manna
3056 1150 3071 1176 ,
3122 1110 3216 1165 sed
3243 1111 3369 1180 quia
3399 1104 3539 1166 male

1967 1201 2446 1256 manducaverunt.
2488 1218 2506 1251 ι

2037 1309 2197 1363 Vens.
2227 1308 2312 1362 EO.
2338 1306 2535 1360 vmllic
2559 1315 2632 1361 est
2658 1308 2839 1377 panis,
2867 1309 2956 1379 qui
2999 1308 3063 1362 de
3091 1307 3217 1362 caelo
3242 1307 3528 1362 descendit.

1973 1416 1992 1450 ‹
2025 1397 2177 1471 Hunc
2198 1413 2391 1468 panem
2420 1397 2742 1468 signiﬁcavit
2769 1413 2962 1459 manna
2983 1438 2998 1460 ,
3053 1398 3193 1453 hune
3221 1413 3411 1470 panem
3465 1397 3538 1451 sia

1967 1488 2184 1560 gnilicat
2209 1488 2378 1542 altare
2410 1488 2525 1542 Dei.
2557 1487 2901 1542 Sacramenta
2929 1487 3037 1543 illic
3067 1485 3239 1559 [Ms.,‘
3262 1486 3381 1558 illa]
3423 1485 3538 1543 file-

1968 1585 2129 1632 runt.
2161 1578 2216 1632 in
2242 1577 2409 1648 signis
2453 1577 2664 1632 diversa
2694 1586 2853 1643 sunt;
2907 1578 2961 1632 in
2991 1593 3048 1632 re
3076 1593 3181 1646 qua
3231 1577 3539 1647 signiﬁcau-

1968 1675 2056 1722 tur
2084 1666 2230 1739 [Ms.,
2261 1682 2378 1735 qua:
2404 1666 2788 1738 signiﬁcatur],
2837 1668 2987 1737 paria
3033 1676 3176 1721 sunt.
3222 1666 3537 1736 Apostolum

1970 1757 2127 1811 audi:
2166 1754 2306 1809 Nolo
2337 1757 2497 1821 enim,
2522 1756 2714 1825 inquit,
2744 1772 2829 1810 vos
2877 1756 3116 1824 ignorare
3144 1754 3332 1824 fratres
3355 1794 3371 1818 ,
3417 1756 3540 1825 quia

290 1831 481 1885 audire
498 1846 527 1884 ξι
548 1830 730 1895 Patre,
752 1830 854 1885 nisi
880 1831 1067 1885 audire
1090 1826 1321 1887 Verbum
1345 1831 1539 1894 Patris,
1645 1840 1727 1886 (ξεί
1744 1833 1863 1907 tne?
1896 1843 1938 1901 Β
1964 1852 2135 1913 patres
2158 1844 2322 1896 nostri
2343 1859 2515 1896 omnes
2564 1842 2657 1895 sub
2686 1843 2817 1895 nube
2845 1842 3055 1911 fuerunt
3076 1882 3090 1906 ,
3136 1852 3182 1895 et
3221 1858 3395 1896 omne;
3441 1857 3533 1911 per

291 1920 374 1974 Ne
401 1920 538 1975 forte
565 1935 691 1991 ergo
719 1936 839 1975 cum
881 1918 1001 1976 dico
1025 1921 1212 1977 vobis:
1256 1919 1436 1977 Omnis
1465 1925 1555 1993 qui
1602 1921 1802 1977 audivit
1832 1940 1865 1977 a

293 2008 458 2062 Patre
487 2018 534 2062 et
559 2009 781 2074 didicit,
832 2009 1023 2064 dicatis
1071 2011 1211 2079 apud
1240 2027 1376 2065 vos:
1429 2010 1534 2067 Sed
1589 2028 1865 2085 nunquam

291 2098 529 2153 vidimus
552 2098 787 2163 Patrem,
816 2101 1081 2168 quomodo
1110 2096 1288 2155 autem
1342 2101 1551 2156 discere
1594 2102 1867 2171 potuimus

293 2203 327 2240 a
354 2187 614 2242 Patre?A
642 2188 845 2259 meipso
887 2190 1086 2243 audite.
1130 2189 1253 2243 Non
1307 2190 1430 2260 quia
1486 2186 1696 2243 Patrem
1741 2191 1863 2244 vidit

291 2280 589 2352 quisquam,
618 2286 707 2338 sed
754 2280 842 2353 qui
890 2290 963 2339 est
992 2297 1023 2333 η
1050 2278 1179 2345 Deo,
1208 2281 1291 2334 hic
1321 2280 1447 2335 vidit
1476 2279 1707 2341 Patrem.
1753 2281 1866 2356 Ego

294 2372 423 2424 novi
448 2370 681 2435 Patrem,
715 2372 782 2424 ab
818 2371 908 2425 illo
934 2387 1086 2437 sum;
1129 2372 1222 2426 sed
1250 2372 1516 2440 quomodo
1543 2374 1764 2427 verbum
1798 2375 1865 2430 ab

296 2456 394 2511 illo
424 2456 575 2525 cujus
613 2465 698 2511 est
750 2459 971 2511 verbum
999 2476 1011 2511 :
1041 2473 1147 2513 non
1190 2459 1331 2528 quod
1360 2466 1514 2513 sonat
1539 2467 1592 2513 et
1642 2460 1863 2529 transit,

295 2547 395 2599 sed
423 2545 563 2613 quod
593 2553 773 2599 manet
806 2560 927 2600 cum
956 2546 1166 2601 dicente
1187 2586 1202 2611 ,
1256 2555 1310 2601 et
1355 2546 1519 2601 trahit
1541 2548 1863 2604 audientem.

295 2636 581 2705 Sequitur:
609 2636 793 2707 (Vens.
818 2635 907 2708 47)
938 2638 1101 2691 Amen
1140 2654 1291 2692 amen
1318 2639 1434 2692 dico
1458 2639 1621 2705 vobis,
1650 2642 1738 2711 qui
1759 2657 1868 2696 cre-

293 2724 377 2777 dit
416 2726 471 2805 in
517 2741 618 2789 me,
643 2724 793 2779 habet
842 2731 1000 2805 vitam
1047 2738 1311 2783 (eternam.
1357 2729 1613 2785 Revelare
1661 2746 1719 2786 se
1768 2747 1865 2787 vo-

294 2804 425 2878 luit,
454 2816 582 2884 quid
616 2824 795 2870 esset:
825 2804 957 2870 nam
979 2819 1291 2887 compendio
1323 2820 1500 2875 dicere
1521 2822 1732 2891 potuit:
1763 2819 1866 2889 Qui

292 2903 471 2958 credit
496 2903 549 2956 in
570 2917 677 2969 me,
704 2903 865 2959 habet
890 2920 991 2959 me.
1016 2905 1132 2977 Ipse
1161 2908 1304 2962 enim
1328 2907 1576 2966 ChriStus
1607 2926 1767 2966 verus
1786 2918 1870 2967 est

293 2993 464 3057 Deus,
491 3004 544 3048 et
574 2994 677 3047 vita
705 3003 927 3050 :eterna.
960 2995 1060 3064 Qui
1086 3012 1215 3067 ergo
1246 3001 1416 3055 credit
1437 3001 1490 3056 in
1519 3018 1621 3066 me,
1654 3003 1864 3073 inquit,

293 3083 341 3137 it
367 3083 434 3138 ad
462 3098 566 3150 me,
596 3091 651 3139 et
688 3085 779 3153 qui
813 3086 855 3140 it
881 3087 947 3140 ad
976 3102 1081 3151 me,
1102 3088 1265 3142 habet
1287 3104 1392 3144 me.
1420 3089 1559 3155 Quid
1580 3100 1662 3146 est
1687 3104 1866 3150 autem

1938 1946 2107 2007 _mare
2136 1932 2483 1992 transierunt,
2535 1941 2583 1984 et
2610 1946 2785 1985 omnes
2822 1931 2878 1984 in
2927 1926 3106 2001 Moyse
3133 1930 3381 1999 baptizari
3419 1939 3541 1984 sunt

1962 2023 2019 2075 in
2041 2024 2172 2076 nube
2198 2031 2245 2075 et
2277 2022 2332 2074 in
2360 2022 2516 2084 muri,
2547 2030 2593 2073 et
2617 2037 2792 2074 omnes
2843 2021 3074 2074 eamdem
3116 2036 3286 2073 escam
3330 2020 3542 2088 spirita-

1964 2109 2063 2162 lem
2111 2108 2555 2162 manducarerunt
2596 2107 2646 2177 (Ι
2691 2105 2812 2160 Cor.
2866 2123 2921 2170 χ,
2955 2108 2975 2159 l
3015 2108 3167 2178 seq.).
3229 2105 3541 2174 Spiritalem

1964 2199 2166 2266 utique,
2195 2214 2300 2252 non
2335 2196 2686 2269 corporalem.
2739 2195 2978 2249 Alteram
3016 2196 3197 2269 [Aug.,
3244 2194 3539 2265 spiritalem

1964 2288 2149 2360 utique
2197 2291 2484 2345 eamdem:
2518 2305 2643 2343 nam
2700 2286 3030 2358 corporalem
3081 2284 3360 2355 alteram],
3414 2284 3540 2353 quia

1966 2379 2040 2434 illi
2066 2395 2284 2444 .uanna,
2313 2394 2410 2433 nos
2447 2377 2630 2431 aliud:
2661 2378 2955 2448 spiritalem
3006 2387 3135 2431 πω
3186 2387 3346 2445 quam
3404 2387 3533 2439 nus;

1967 2471 2059 2524 sed
2081 2468 2233 2539 I.Hs.,
2262 2467 2334 2541 et]
2358 2477 2536 2538 patres
2579 2468 2770 2532 nostri,
2802 2482 2905 2522 non
2952 2475 3133 2536 patres
3163 2466 3393 2530 illorum,
3422 2467 3542 2535 qai-

1965 2561 2067 2615 bus
2091 2575 2190 2614 nos
2226 2558 2426 2614 similes
2454 2573 2637 2614 sumus
2663 2596 2677 2623 ,
2723 2573 2830 2611 non
2875 2558 3067 2626 quibus
3095 2555 3169 2609 illi
3198 2554 3399 2610 similes
3427 2554 3543 2609 fue-

1967 2661 2111 2707 runt.
2130 2650 2231 2705 llic
2254 2660 2326 2704 est
2355 2666 2475 2720 ergo
2498 2650 2647 2719 panis
2674 2648 2737 2702 de
2763 2646 2887 2702 caelo
2913 2646 3244 2710 descendens,
3264 2654 3320 2699 ut
3345 2645 3392 2700 si
3420 2646 3540 2717 quis

1966 2757 2030 2795 ea:
2056 2742 2166 2810 ipso
2190 2740 2598 2804 manducauerit,
2626 2756 2728 2793 non
2774 2740 3049 2793 moriatur.
3087 2737 3193 2792 Sed
3218 2741 3357 2808 quod
3379 2738 3545 2807 perti-

1967 2843 2059 2887 net
2085 2834 2152 2887 ad
2179 2833 2430 2886 virtutem
2485 2832 2838 2896 sacramenti,
2879 2847 2983 2886 non
3007 2831 3153 2902 quod
3198 2830 3433 2901 pertinet
3465 2827 3535 2882 ad

1966 2921 2175 2976 visibile
2204 2930 2628 2987 sacramentum;
2657 2923 2749 2991 qui
2781 2922 3070 2977 manducat
3114 2921 3275 2982 intus,
3322 2936 3429 2975 non
3457 2918 3542 2973 fo-

1967 3011 2070 3075 ris;
2100 3010 2189 3081 qui
2224 3012 2510 3066 manducet
2534 3011 2588 3065 in
2617 3011 2776 3065 corde
2800 3050 2817 3077 ,
2869 3026 2975 3066 non
3005 3010 3098 3081 qui
3118 3009 3315 3081 premit
3363 3009 3539 3063 dente.

1968 3100 2151 3173 (Vens.
2169 3098 2281 3171 5|.)
2298 3096 2409 3171 Ego
2435 3118 2549 3154 sum
2571 3102 2721 3171 panis
2740 3102 2903 3164 vivus,
2928 3102 3015 3171 qui
3045 3101 3108 3155 de
3130 3092 3254 3154 caelo
3280 3092 3540 3152 descendi.

292 3171 501 3226 habere
525 3173 643 3227 me?
667 3171 876 3228 Habere
908 3175 1071 3229 vitam
1103 3185 1381 3231 aeternam.
1405 3179 1630 3234 Mortem
1659 3183 1936 3246 assum-C
1966 3171 2090 3245 ideo
2112 3190 2286 3256 vivus,
2326 3190 2451 3259 quia
2485 3190 2552 3244 de
2573 3191 2710 3245 cwlo
2732 3191 3023 3245 descendit.
3050 3189 3125 3243 De
3160 3188 3297 3244 cmlo
3323 3189 3545 3242 descen-

290 3261 409 3331 psit
435 3260 538 3316 vita
565 3272 783 3326 aeterna,
809 3272 863 3317 et
890 3264 1025 3319 mori
1046 3265 1241 3333 voluit;
1275 3267 1369 3323 sed
1394 3268 1460 3323 de
1489 3277 1599 3335 tuo,
1628 3286 1662 3325 ο
1685 3271 1863 3340 homo,

292 3370 411 3408 non
442 3354 508 3410 de
537 3370 633 3410 suo
658 3374 671 3408 :
703 3358 909 3427 accepit
935 3373 965 3412 a
995 3365 1068 3424 te,
1096 3359 1187 3413 ubi
1223 3370 1525 3419 moreretur
1547 3380 1645 3434 pro
1672 3373 1741 3419 te.
1763 3364 1869 3421 As-

292 3445 531 3514 sumpsit
556 3444 687 3516 [Al.,
709 3446 952 3519 Accepit]
984 3463 1112 3519 ergo
1145 3450 1253 3504 vita
1283 3459 1530 3518 mortem,
1562 3462 1621 3507 ut
1646 3455 1754 3508 vita
1778 3470 1869 3510 oc-

291 3537 506 3592 cideret
532 3546 778 3592 mortem.
797 3537 929 3592 Nam
954 3540 1045 3608 qui
1083 3542 1275 3606 credit,
1301 3543 1496 3612 inquit,
1513 3545 1675 3600 habet
1700 3545 1869 3600 vitam

291 3636 594 3694 :eternam;
634 3644 740 3683 non
769 3645 888 3698 qua:
914 3638 1077 3700 patet,
1112 3633 1205 3687 sed
1230 3648 1347 3702 quae
1372 3633 1520 3688 latet.
1561 3636 1678 3691 Vita
1723 3637 1869 3691 enim

292 3730 526 3786 aeterna,
557 3722 793 3777 Verbum
829 3723 883 3777 in
923 3725 1183 3795 principio
1230 3727 1370 3795 apud
1402 3727 1571 3782 Deum
1617 3736 1733 3783 erat
1759 3769 1773 3791 ,
1815 3736 1873 3783 et

292 3811 446 3866 Deus
464 3819 579 3865 erat
610 3812 860 3877 Verbum,
893 3822 948 3868 et
975 3821 1093 3868 erat
1132 3814 1243 3868 vita
1269 3814 1359 3868 lux
1396 3815 1692 3871 hominum.
1736 3800 1869 3873 Mori

291 3903 472 3968 venit,
497 3903 590 3958 sed
620 3903 777 3957 tertia
803 3904 887 3958 die
914 3905 1229 3960 resurrexit.

374 3994 535 4048 Vens.
566 3994 654 4059 48,
681 3993 771 4049 49.
792 4023 863 4034 -
888 3994 1003 4065 Ego
1033 4011 1169 4060 sum,
1194 3995 1385 4065 inquit,
1422 3996 1573 4067 panis
1614 3998 1748 4052 vitm.
1805 3999 1873 4053 Et

295 4085 446 4140 unde
469 4084 546 4139 illi
575 4086 921 4156 superbiant?
961 4086 1166 4150 Patres,
1197 4087 1387 4156 inquit,
1412 4089 1565 4141 vestri
1588 4089 1873 4142 manduca-

295 4183 487 4228 verunt
512 4192 725 4240 manna,
752 4185 800 4229 et
826 4177 1016 4229 mortui
1039 4187 1179 4230 sunt.
1195 4175 1371 4243 Quare
1394 4178 1870 4246 manducaverunt,

295 4273 357 4318 et
409 4264 606 4318 mortui
653 4265 811 4319 sunt?
840 4265 973 4331 Quia
1027 4265 1167 4335 quod
1214 4264 1496 4330 videbant,
1543 4266 1869 4321 credebant:

297 4355 447 4423 quod
476 4371 583 4410 non
600 4356 869 4419 videbant,
886 4372 992 4410 non
1023 4356 1407 4427 intelligebant.
1435 4356 1561 4411 ldeo
1585 4365 1764 4427 patres
1784 4373 1875 4414 ve-

297 4446 402 4500 stri
423 4486 438 4511 ,
474 4446 597 4515 quia
615 4445 814 4500 similes
841 4448 972 4502 estis
998 4429 1699 4503 illorum.Manducaverunt
1727 4449 1875 4521 Moy-

1968 3282 2048 3337 dit
2065 3289 2118 3338 et
2153 3296 2370 3346 manna,
2394 3282 2487 3336 sed
2512 3296 2705 3336 manna
2736 3282 2924 3336 umbra
2945 3289 3080 3345 erat,
3102 3280 3201 3334 ista
3223 3278 3421 3333 veritas
3441 3285 3541 3331 est.

1969 3373 2153 3446 (Vens.
2176 3372 2288 3445 52.)
2320 3370 2377 3427 Si
2405 3374 2519 3443 quis
2541 3373 2929 3427 manducauerit
2949 3388 3013 3425 ea:
3030 3371 3126 3425 hoc
3151 3386 3303 3440 pane,
3336 3370 3465 3422 vivet
3488 3368 3543 3423 in

1967 3470 2218 3515 ceternum
2235 3478 2253 3525 ;
2283 3469 2329 3514 et
2357 3461 2508 3531 panis
2537 3477 2686 3532 quem
2714 3476 2804 3530 ego
2855 3460 3013 3525 dabo,
3042 3474 3163 3512 caro
3187 3473 3303 3511 mea
3347 3465 3421 3511 est
3448 3471 3542 3526 pro

1966 3548 2148 3605 mundi
2177 3552 2299 3604 vita.
2331 3546 2445 3605 Hoc
2472 3552 2683 3621 quando
2704 3559 2922 3620 caperet
2948 3566 3095 3615 caro,
3123 3549 3265 3619 quod
3289 3548 3421 3603 dixit
3447 3562 3541 3616 pa—
3620 3536 3625 3539 ’

1966 3656 2089 3697 nem
2112 3640 2363 3697 carnem?
2393 3641 2622 3697 Vocatur
2650 3658 2797 3709 caro,
2828 3640 2971 3713 quod
3020 3656 3129 3697 non
3182 3640 3326 3710 capit
3364 3654 3491 3695 caro
3522 3652 3537 3692 :

1967 3742 2022 3787 et
2044 3734 2162 3788 ideo
2196 3733 2367 3804 magis
2401 3748 2507 3787 non
2559 3734 2703 3802 capit
2745 3749 2905 3799 caro,
2961 3733 3084 3804 quia
3122 3739 3346 3787 vocatur
3394 3744 3540 3787 caro.

1968 3822 2081 3897 Hoc
2110 3823 2253 3878 enim
2295 3824 2706 3889 exhorruerunt,
2735 3824 2837 3878 hoc
2868 3823 3237 3878 assimulatum
3281 3817 3432 3893 [Ms.,
3460 3835 3542 3874 as-

1969 3914 2291 3979 similatum;
2323 3912 2481 3983 Aug.,
2507 3912 2573 3966 ad
2593 3928 2652 3968 se
2698 3912 2945 3983 multum]
2977 3928 3096 3967 esse
3141 3912 3409 3973 dixerunt,
3439 3911 3543 3963 hoc

1969 4017 2076 4056 non
2098 4014 2254 4070 posse
2277 3999 2392 4053 ﬁeri
2419 4007 2761 4069 putaverunt.
2789 3998 2925 4053 Caro
2954 4017 3067 4053 mea
3104 4008 3197 4064 est,
3232 3998 3420 4067 inquit,
3450 4012 3545 4067 pro

1970 4087 2152 4142 mundi
2181 4088 2306 4140 vita.
2329 4086 2536 4142 Norunt
2561 4087 2742 4141 ﬁdeles
2774 4102 2969 4157 corpus
2995 4087 3230 4153 Christi,
3279 4087 3324 4140 si
3354 4101 3549 4156 corpus

1972 4158 2172 4233 Christi
2196 4192 2315 4233 esse
2340 4193 2447 4233 non
2474 4177 2764 4247 negligant.
2795 4176 2956 4232 Fiant
2984 4193 3179 4247 corpus
3205 4177 3405 4232 Christi
3430 4216 3446 4242 ,
3500 4175 3548 4245 si

1970 4269 2157 4324 volunt
2184 4269 2366 4323 vivere
2394 4269 2458 4323 de
2483 4269 2671 4338 spiritu
2701 4267 2920 4323 Christi.
2980 4269 3056 4323 De
3112 4269 3297 4338 spiritu
3344 4267 3544 4325 Christi

1972 4375 2079 4416 non
2100 4360 2254 4425 vivit,
2284 4359 2388 4414 nisi
2423 4374 2617 4429 corpus
2640 4358 2856 4414 Christi.
2903 4379 2920 4412 ι
2951 4358 3186 4428 Quisque
3210 4360 3391 4415 vivere
3411 4361 3541 4427 vult,

1974 4449 2162 4507 credat
2188 4450 2242 4504 in
2265 4448 2557 4513 Christum,
2595 4449 2881 4505 manducet
2911 4450 3224 4518 spiritaliter
3254 4450 3549 4521 spiritalem

300 4552 395 4593 ses
413 4546 464 4592 et
484 4538 681 4603 Aaron,
704 4546 760 4593 et
791 4538 969 4593 caatcri
1009 4538 1180 4593 sancti
1207 4542 1301 4608 qui
1354 4538 1571 4593 fuerunt
1600 4541 1652 4594 in
1678 4510 1872 4610 populo
1900 4510 1950 4572 θ
1976 4542 2173 4598 cibum.
2198 4541 2577 4610 lncorporetur
2620 4542 2833 4612 corpori
2877 4510 3098 4608 Christi,
3122 4550 3172 4597 et
3204 4510 3308 4598 non
3332 4544 3401 4598 sit
3446 4559 3548 4614 pu-

301 4644 520 4692 manna,
554 4637 608 4684 et
637 4642 741 4684 non
772 4638 894 4684 sunt
924 4631 1141 4695 mortui,
1178 4631 1302 4699 quia
1347 4632 1659 4700 spiritaliter
1681 4634 1871 4687 visibi-

300 4715 413 4772 lem
434 4719 610 4773 cibum
637 4719 1045 4785 intellexerunt,
1101 4720 1412 4789 spiritaliter
1449 4721 1692 4776 esuriant
1719 4720 1869 4793 [Ms.,

300 4807 662 4879 esurierunt];
707 4827 725 4859 ι
758 4808 845 4861 alii
874 4823 1001 4863 vero
1052 4809 1507 4863 manducaverunt
1541 4818 1596 4864 et
1622 4825 1872 4880 perman-

1978 4633 2175 4687 tridum
2200 4633 2519 4696 membrum,
2549 4633 2691 4702 quod
2723 4628 2975 4688 resecari
3003 4642 3275 4689 mereatur
3299 4634 3432 4708 [Αι.,
3462 4635 3553 4690 de-

1975 4718 2144 4791 beat].
2171 4719 2253 4775 Sit
2279 4721 2579 4790 pulchrum,
2606 4722 2675 4775 sit
2700 4714 2909 4786 sanum,
2938 4724 3008 4805 sit
3038 4732 3221 4793 aptum
3247 4725 3408 4795 capiti
3432 4740 3547 4779 suo.

1979 4809 2162 4881 (Vens.
2190 4809 2303 4880 55.)
2330 4809 2628 4879 Litigabant
2656 4826 2777 4880 ergo
2804 4809 2982 4865 Judmi
3006 4812 3086 4866 ad
3130 4815 3346 4868 invicem
3377 4814 3554 4867 dicen-

304 4907 498 4954 serunt
529 4900 581 4953 in
609 4899 952 4965 inﬁdelitate;
985 4887 1125 4955 sicut
1142 4898 1310 4955 Judaei
1336 4901 1617 4956 audierunt
1652 4902 1876 4972 loquen-
1978 4908 2052 4953 tes
2079 4912 2098 4950 :
2135 4897 2407 4964 Quomodo
2433 4906 2596 4968 potest
2634 4900 2719 4953 hic
2748 4899 2892 4954 nobis
2914 4916 3121 4955 carnem
3148 4918 3297 4955 suam
3319 4901 3446 4954 dare
3480 4900 3550 4954 ad

305 4997 416 5044 tem
439 4989 836 5051 Christum,sed
862 5008 967 5045 non
994 4991 1309 5060 spiritaliter
1328 4994 1493 5048 verba
1520 4991 1636 5062 ejus
1670 4994 1878 5049 intelle—
1976 4989 2441 5044 manducandum?
2472 5008 2489 5040 ι
2528 4989 2835 5060 Litigabant
2857 4991 3041 5060 utique
3069 4992 3134 5045 ad
3160 4991 3405 5055 invicem,
3424 5006 3553 5060 quo-

304 5090 532 5147 xcrunt;
568 5082 687 5137 ideo
716 5082 851 5137 dixit
872 5083 950 5137 eis
974 5099 988 5139 :
1023 5082 1209 5137 Patres
1238 5085 1391 5137 vestri
1432 5085 1877 5140 manducaverunt
1977 5077 2122 5134 niam
2146 5092 2338 5147 panem
2362 5078 2661 5134 concordia:
2684 5095 2787 5135 non
2810 5080 3193 5150 intelligebant,
3210 5094 3308 5133 nec
3337 5094 3550 5134 sumere

304 5161 502 5224 manna
527 5172 581 5225 in
602 5169 824 5236 deserto,
853 5180 901 5224 et
939 5170 1113 5241 528.
1128 5174 1319 5226 mortui
1344 5182 1483 5226 sunt.
1518 5172 1632 5239 Qua
1671 5182 1876 5236 morte,
1977 5168 2229 5222 volebant
2254 5186 2267 5221 :
2298 5183 2421 5221 nam
2451 5168 2545 5238 qui
2573 5170 2897 5225 manducant
2927 5170 3084 5223 talem
3113 5183 3326 5238 panem,
3357 5185 3460 5223 non
3490 5170 3552 5224 li-

308 5261 413 5316 nisi
447 5261 805 5316 inﬁdelitatis?
842 5261 977 5316 Nam
1021 5263 1289 5317 communi
1314 5256 1503 5317 'morte
1524 5263 1717 5318 mortui
1756 5273 1884 5318 sunt
1978 5260 2149 5330 tigant
2178 5260 2247 5314 ad
2293 5260 2553 5327 invicem;
2602 5263 2853 5332 quoniam
2890 5276 3029 5316 unus
3062 5260 3216 5330 panis
3240 5276 3405 5315 unum
3435 5276 3552 5317 cor-

306 5362 364 5409 et
390 5351 559 5407 sancti
585 5351 675 5420 qui
717 5349 934 5406 fuerunt
958 5352 1098 5407 inter
1144 5367 1258 5407 eos.
1298 5352 1421 5407 Ideo
1463 5352 1693 5423 signavit
1722 5352 1878 5424 [Ms.,
1976 5365 2080 5421 pus
2102 5352 2254 5407 multi
2275 5366 2480 5419 sumus,
2509 5363 2561 5409 et
2581 5371 2680 5425 per
2700 5356 2846 5409 hunc
2874 5353 3005 5408 facit
3027 5353 3169 5408 Deus
3198 5353 3356 5409 unius
3384 5356 3553 5411 moris

307 5439 649 5512 signiﬁcavit]
676 5439 931 5494 Dominus
958 5441 1042 5495 his
1084 5440 1262 5495 verbis
1292 5448 1522 5494 mortem
1548 5440 1843 5511 spiritalem
1861 5481 1876 5507 ,
1978 5441 2222 5496 habitare
2247 5439 2301 5496 in
2330 5442 2487 5498 domo
2514 5443 2565 5515 (1
2594 5442 2717 5497 Cor.
2743 5443 2917 5507 «,17;
2950 5440 3097 5497 Psal.
3120 5457 3285 5507 van,
3309 5441 3382 5515 7).
3400 5442 3552 5510 Quod

309 5546 416 5585 non
445 5530 732 5585 carnalem.
765 5547 784 5582 ι
823 5529 1010 5585 Patres
1048 5545 1177 5600 ergo
1229 5530 1473 5592 istorum,
1500 5530 1553 5584 id
1580 5539 1661 5583 est
1682 5570 1694 5593 ,
1754 5520 1881 5584 mali
1979 5544 2158 5591 autem
2184 5538 2252 5592 ad
2273 5536 2502 5594 invicem
2531 5538 2804 5608 litigantes
2845 5544 3107 5608 quaerunt,
3138 5537 3406 5606 quomodo
3432 5553 3555 5610 pos-.-

306 5628 490 5687 patres
513 5619 799 5683 malorum,
841 5619 1078 5676 inﬁdeles
1098 5628 1300 5690 patres,
1327 5620 1567 5676 inﬁdeles
1582 5636 1883 5676 murmura.
1980 5626 2050 5682 sit
2078 5621 2339 5684 Dominus
2365 5643 2582 5689 carnem
2622 5642 2771 5682 suam
2822 5628 2952 5683 dare
2977 5628 3044 5682 ad
3080 5616 3509 5684 manducandum
3536 5670 3552 5694 ,

314 5718 476 5775 tores,
498 5719 676 5781 patres
698 5719 1153 5766 murmuratorum
1176 5709 1303 5782 ills.
1341 5720 1390 5765 et
1421 5711 1551 5782 Aug.
1580 5751 1595 5777 ,
1645 5713 1882 5768 inﬁdeles
1979 5732 2087 5771 non
2116 5719 2300 5773 statim
2325 5719 2485 5773 edunt
2504 5717 2681 5790 lAug.,
2715 5715 2980 5787 audiunt],
3002 5718 3094 5772 sed
3119 5718 3293 5774 adhuc
3321 5719 3400 5773 eis
3424 5720 3554 5777 diei-
