4074 6440
572 400 639 456 35
1359 393 1422 449 B.
1459 390 1521 448 F.
1555 388 1778 444 ALBINI
1817 386 1949 441 SEU
1989 383 2111 438 ALC

2212 381 2262 435 Nl
2301 381 2581 436 OPEKLM
2622 380 2800 432 PARS
2838 379 2899 432 ll.

3689 381 3792 435 836

539 523 628 568 tur
655 529 668 564 :
699 509 885 581 (Vens.
933 508 1023 579 54)
1057 505 1218 560 Amen
1246 520 1396 558 amen
1425 502 1540 555 dico
1565 499 1728 561 vobis,
1763 498 1864 550 nisi
1891 494 2112 548 mandu-
2141 500 2187 558 Α
2214 490 2336 543 liter
2363 487 2480 581 ejus
2504 502 2741 581 carnem,
2771 485 2896 540 licet
2921 483 3215 540 carnaliter
3249 493 3306 542 et
3343 488 3634 581 ivisibxliter
3672 507 3794 561 pre-

540 603 777 657 caveritis
805 617 1011 655 carnem
1035 597 1163 650 Filii
1189 596 1430 657 hominis,
1449 603 1494 646 et
1514 591 1741 645 biberitis
1766 591 1878 659 ejus
1901 587 2112 656 sangui-

541 710 678 759 nem,
705 709 808 746 non
828 691 1078 746 habebitis
1103 689 1261 741 vitam
1302 684 1354 736 in
1378 683 1536 737 vobis.
1564 680 1844 746 Quomodo
1896 678 2110 748 quidem

540 783 699 839 detur
723 781 902 854 [.4qu
927 775 1135 848 edatur]
1157 785 1209 828 et
1238 775 1487 844 quisnam
1537 772 1728 826 modus
1782 769 1854 824 sit
1889 769 2114 822 mandu-

540 871 696 925 candi
724 872 882 923 istum
905 881 1117 936 panem,
1137 863 1426 932 ignoratis:
1455 867 1824 914 verumtamen
1841 858 1943 911 nisi
1963 871 2113 910 man-

540 959 866 1015 ducaveritis
899 971 1116 1010 carnem
1154 955 1248 1008 ﬁlii
1287 952 1520 1007 hominis
1556 959 1612 1004 et
1657 950 1774 1018 ejus
1798 948 2111 1017 sanguinem

539 1048 803 1112 biberitis,
831 1061 935 1100 non
968 1045 1177 1099 habetis
1205 1045 1370 1097 vitam
1389 1043 1443 1096 in
1466 1042 1620 1096 vobis
1639 1053 1684 1092 ιι.
1717 1039 1841 1093 llaec
1871 1054 1974 1091 non
2007 1039 2111 1092 ita-

540 1152 645 1207 que
679 1135 862 1208 [Aug.,
892 1134 1100 1206 utique]
1124 1134 1476 1189 cadaveribus
1501 1173 1515 1197 ,
1574 1131 1665 1186 sed
1708 1131 2010 1185 viventibus
2039 1130 2114 1183 lo-

539 1229 822 1296 quebatur.
851 1226 1002 1281 Unde
1036 1240 1101 1280 ne
1141 1226 1298 1279 istam
1324 1224 1492 1277 vitam
1519 1221 1874 1291 intelligentes
1897 1221 1962 1274 de
2012 1221 2113 1274 hac

537 1335 599 1376 re
627 1320 917 1388 litigarem,
942 1323 1159 1371 secutus
1180 1313 1441 1369 adiunxit.

613 1407 777 1478 529
799 1407 962 1463 Vens.
983 1405 1154 1459 55.—-
1184 1403 1287 1470 Qui
1310 1405 1592 1458 manducat
1625 1419 1788 1457 meam
1815 1417 2043 1464 carnem,
2067 1408 2115 1452 et

539 1497 661 1550 bibit
680 1513 849 1550 meum
865 1496 1190 1564 sanguinem,
1205 1493 1352 1546 habet
1369 1494 1525 1546 vitam
1541 1503 1807 1548 wternam.
1825 1491 1971 1545 Hanc
1985 1503 2116 1558 ergo

538 1601 642 1640 non
671 1585 851 1647 habet,
877 1583 969 1654 qui
994 1585 1153 1636 istum
1170 1596 1361 1651 panem
1378 1596 1484 1635 non
1511 1583 1930 1644 manducat,nec
1953 1581 2114 1634 istum

538 1677 853 1746 sanguinem
875 1674 1041 1737 bibit;
1061 1688 1183 1726 nam
1207 1671 1558 1741 temporalem
1580 1671 1746 1725 vitam
1763 1671 1877 1725 sine
1898 1670 2004 1732 illo,
2032 1677 2116 1722 ut—

481 1802 492 1808 -
538 1783 752 1836 cunque
791 1767 1035 1822 homines
1085 1765 1137 1819 in
1178 1765 1279 1819 hoc
1310 1764 1526 1828 szeculo,
1569 1764 1661 1834 qui
1713 1779 1816 1818 non
1857 1770 1979 1817 sunt
2017 1777 2116 1830 per

2214 587 2325 633 mat
2368 576 2662 650 [dentibus]
2711 584 3108 631 sacramentum
3138 580 3384 647 corporis
3434 588 3490 634 et
3517 584 3796 651 sanguinis

2212 667 2443 732 Christi;
2475 667 2570 721 sed
2613 665 2784 736 magis
2823 673 2984 718 tanta:
3032 666 3107 720 rei
3136 677 3534 722 sacramentum
3561 670 3629 724 ad
3646 669 3794 740 judi-

2213 761 2356 815 cium
2387 759 2488 814 sibi
2533 759 2826 812 manducat
2868 765 2923 810 et
2963 757 3119 823 bibit,
3157 758 3281 828 quia
3308 755 3617 816 immundus
3658 777 3795 831 prte-

2214 851 2440 919 snmpsit
2478 850 2544 904 ad
2588 849 2792 904 Christi
2819 848 3077 903 accedere
3113 861 3473 916 sacramenta,
3505 869 3627 922 qua:
3657 855 3794 910 alius

2215 941 2396 1013 [Aug.,
2418 955 2537 1010 quae
2567 938 2782 1010 aliquis]
2810 954 2914 992 non
2960 939 3119 1006 digne
3147 943 3329 1007 sumit,
3369 945 3474 998 nisi
3504 947 3599 1014 qui
3641 962 3796 1002 mun-

2215 1031 2314 1085 dus
2341 1039 2445 1094 est,
2473 1030 2539 1082 de
2565 1029 2762 1098 quibus
2788 1029 2986 1083 dicitur
3020 1047 3032 1083 :
3061 1029 3212 1084 Beati
3242 1034 3432 1087 mundo
3460 1037 3639 1101 corde,
3669 1053 3798 1104 quo-

2215 1121 2356 1172 niam
2379 1121 2477 1189 ipsi
2507 1119 2670 1172 Deum
2689 1119 2932 1172 videbunt
2956 1118 3171 1187 (Matth.
3201 1137 3252 1185 v,
3283 1123 3360 1193 8).

2285 1213 2446 1268 Vens.
2474 1212 2562 1267 58.
2585 1239 2658 1252 --
2683 1211 2831 1266 Sicut
2877 1212 3018 1263 misit
3047 1229 3150 1276 me,
3182 1213 3375 1282 inquit,
3407 1217 3584 1271 vivens
3614 1217 3791 1286 Pater,

2214 1313 2261 1358 et
2283 1322 2374 1374 ego
2407 1305 2516 1358 vivo
2545 1313 2754 1374 propter
2796 1302 3027 1356 Patrem.
3054 1302 3124 1379 Et
3160 1306 3250 1374 qui
3294 1308 3579 1362 manducat
3611 1327 3714 1375 me,
3750 1324 3796 1366 et

2214 1395 2322 1464 ipse
2373 1395 2495 1448 vivit
2538 1403 2747 1463 prapter
2795 1409 2895 1445 me.
2947 1393 3065 1446 Non
3111 1395 3255 1447 enim
3293 1395 3460 1450 Filius
3504 1400 3796 1469 participa-

2215 1485 2362 1539 tione
2385 1485 2564 1538 Patris
2594 1487 2652 1537 tit
2682 1483 2892 1546 melior,
2923 1483 3014 1551 qui
3058 1493 3141 1538 est
3177 1495 3337 1540 natus
3365 1488 3620 1555 aequalis;
3660 1486 3797 1540 sicut

2214 1576 2554 1644 participatio
2589 1573 2710 1628 Filii
2738 1588 2833 1643 per
2871 1572 3133 1628 unitatem
3163 1577 3406 1644 corporis
3431 1575 3548 1644 ejus
3571 1585 3628 1630 et
3667 1592 3793 1630 san-

2215 1667 2412 1737 guinis,
2438 1682 2556 1735 qua:
2586 1664 2716 1738 [.lIs.
2737 1705 2750 1729 ,
2777 1662 2944 1735 quod]
2976 1664 3064 1718 illa
3097 1667 3438 1721 manducatio
3482 1668 3794 1737 potatioque

2215 1755 2504 1826 signiﬁcat,
2539 1754 2702 1809 eﬂicit
2753 1769 2852 1807 nos
2903 1753 3174 1810 meliores.
3221 1756 3462 1811 Vivimus
3513 1773 3646 1828 ergo
3699 1772 3796 1812 nos

537 1835 698 1914 ﬁdem
725 1857 780 1910 in
801 1872 1027 1926 corpore
1053 1855 1186 1924 ejus,
1218 1856 1416 1910 habere
1436 1863 1690 1923 possunt;
1716 1863 1972 1908 :etcrnam
2017 1868 2113 1906 au—
2143 1835 2189 1894 Β
2214 1856 2433 1917 propter
2453 1847 2648 1918 ipsum,
2677 1847 3063 1901 manducantes
3090 1861 3236 1911 eum,
3266 1848 3319 1902 id
3348 1857 3449 1912 est,
3486 1849 3666 1917 ipsum
3710 1864 3796 1902 ac—

537 1953 672 2010 tem,
706 1959 826 2015 quae
854 1944 1056 1999 sanctis
1095 1944 1452 2014 promittitur:
1469 1959 1764 2012 nunquam.
1819 1941 1895 1996 Ne
1932 1949 2112 1995 autem

537 2044 786 2106 putarent
815 2035 894 2090 sic
919 2036 972 2088 in
999 2035 1102 2090 isto
1124 2035 1244 2090 cibo
1282 2043 1336 2089 et
1370 2045 1498 2104 potu
1532 2035 1646 2107 [eis
1674 2035 1764 2104 qui
1805 2034 1930 2105 (Με.
1953 2072 1966 2098 ,
1997 2034 2112 2101 ejus

536 2127 675 2198 quas)
705 2126 995 2181 carnaliter
1015 2134 1233 2180 sumunt
1257 2125 1388 2197 (AL,
1420 2125 1680 2196 sapiunt),
1699 2134 1877 2180 etnon
1902 2126 2112 2194 Spirali-

537 2226 620 2272 ter
653 2215 956 2286 intelligunt
991 2215 1044 2269 in
1085 2214 1209 2286 ﬁde]
1234 2255 1248 2278 ,
1281 2216 1520 2284 promitti
1553 2215 1715 2268 vitam
1749 2224 2030 2279 azternam,
2055 2223 2112 2269 ut

535 2307 625 2377 qui
661 2322 778 2361 eam
819 2314 1095 2360 sumerent
1131 2305 1245 2375 jam
1294 2321 1392 2361 nec
1447 2321 1674 2376 corpore
1736 2316 2106 2372 morerentur;

535 2397 663 2450 huic
699 2396 864 2449 etiam
890 2396 1202 2467 cogitationi
1243 2405 1327 2451 est
1365 2397 1614 2466 dignatus
1637 2413 1944 2452 occurrere.
1977 2398 2111 2452 Nam

535 2500 656 2540 cum
688 2486 910 2542 dixisset
939 2503 952 2539 :
982 2486 1085 2552 Qui
1131 2487 1410 2541 manducat
1439 2505 1607 2541 meam
1638 2504 1870 2554 carnem,
1900 2498 1946 2542 et
1987 2489 2111 2543 bibit

535 2591 706 2628 meum
752 2577 1089 2645 sanguinem,
1139 2577 1289 2630 habet
1339 2579 1496 2631 vitam
1536 2588 1814 2643 ceternam;
1859 2580 2111 2634 continuo

533 2663 780 2735 subjecit,
814 2679 864 2719 et
896 2667 1025 2720 dixi'
1063 2685 1074 2720 :
1112 2666 1178 2720 Et
1208 2683 1298 2737 ego
1331 2668 1644 2721 resuscitabo
1673 2685 1790 2722 eum
1839 2671 1893 2723 in
1938 2671 2111 2723 novis-

534 2756 664 2809 simo
690 2755 794 2808 die.
822 2755 892 2811 Ut
920 2757 1116 2810 habeat
1148 2757 1362 2811 interim
1393 2760 1684 2813 secundum
1737 2760 1984 2828 spiritum
2033 2761 2114 2813 vi-

535 2853 644 2898 tam
699 2854 958 2899 :eternam
1021 2847 1073 2900 in
1125 2847 1327 2916 requie,
1370 2863 1490 2916 quin
1540 2857 1852 2902 sanctorum
1892 2849 2112 2918 spiritus

535 2937 787 3005 suscipit:
805 2939 946 3006 quod
972 2947 1152 2992 autem
1177 2939 1244 2992 ad
1266 2955 1462 3008 corpus
1487 2940 1708 3004 attinet,
1734 2957 1833 2994 nec
1861 2941 1976 3009 ejus
2005 2944 2112 2996 vita

533 3037 732 3086 aatcrna
777 3029 1051 3086 fraudetur
1081 3030 1234 3103 [Ms.,
1269 3047 1368 3086 nec
1413 3047 1526 3087 eos.
1548 3070 1562 3084 .
1586 3071 1599 3084 .
1635 3030 1904 3104 fraudat],
1932 3034 2026 3088 sed
2058 3035 2110 3088 in

535 3121 934 3178 resurrectione
971 3131 1330 3187 mortuorum,
1365 3122 1416 3175 in
1467 3121 1757 3176 novissimo
1807 3123 1895 3176 die
1929 3137 2056 3177 caro
2086 3142 2104 3174 ι

2214 1938 2471 2007 cipientes
2508 1945 2764 1992 aeternam
2788 1937 2975 2002 vitam,
3009 1952 3168 2006 quam
3205 1954 3312 1992 non
3353 1939 3619 1992 habemus
3664 1938 3794 2010 (AL,

2213 2026 2564 2098 habebamus]
2601 2042 2666 2080 ex
2703 2028 2876 2081 nobis.
2907 2028 3049 2082 Vivit
3078 2036 3257 2081 autem
3287 2029 3400 2098 ipse
3444 2038 3670 2098 propter
3700 2030 3797 2083 Pa-

2212 2125 2389 2181 trem,
2446 2118 2641 2172 missus
2669 2119 2735 2170 ab
2765 2133 2860 2183 eo,
2906 2119 3028 2187 quia
3075 2119 3424 2188 semetipsum
3473 2122 3795 2186 exinanivit,

2212 2206 2386 2263 factus
2411 2208 2666 2263 obediens
2691 2223 2860 2276 usque
2888 2211 2953 2262 ad
2986 2209 3198 2278 signum
3223 2207 3354 2280 [Al.,
3397 2209 3652 2282 mortem]
3679 2226 3798 2264 cru-

2211 2301 2288 2356 cis
2311 2299 2562 2371 (Philipp.
2594 2317 2652 2364 ιι,
2684 2299 2761 2368 8).
2791 2299 2934 2354 Sicut
2961 2305 3098 2354 misit
3122 2318 3202 2354 me
3229 2302 3399 2355 vivens
3425 2301 3614 2367 Pater,
3632 2314 3679 2355 et
3708 2319 3796 2373 ego

2211 2394 2324 2447 vivo
2341 2403 2549 2462 propter
2581 2391 2878 2457 Patrem,et
2911 2394 2999 2462 qui
3023 2392 3301 2446 manducat
3334 2409 3431 2454 me,
3458 2403 3506 2444 et
3531 2393 3644 2462 ipse
3681 2394 3798 2445 vivit

2209 2493 2418 2563 propter
2441 2499 2556 2547 me;
2583 2498 2647 2537 ac
2685 2484 2728 2536 si
2777 2485 2980 2537 diceret
3007 2501 3020 2536 :
3051 2483 3116 2538 Ut
3139 2497 3236 2553 ego
3261 2484 3432 2536 vivam
3463 2482 3623 2554 (ML,
3654 2483 3797 2557 vivo]

2211 2584 2430 2643 propter
2450 2573 2684 2638 Patrem,
2704 2575 2757 2629 id
2785 2583 2886 2640 est,
2918 2584 2975 2629 ut
2997 2576 3064 2628 ad
3088 2575 3236 2630 illum
3263 2585 3518 2644 tanquam
3541 2577 3610 2630 ad
3635 2576 3798 2644 majo-

2215 2678 2324 2717 rem
2353 2663 2578 2717 referam
2597 2665 2761 2718 vitam
2782 2680 2976 2729 meam,
2992 2665 3285 2719 exinanitio
3307 2682 3425 2720 mea
3447 2665 3597 2729 fecit,
3623 2667 3677 2720 in
3693 2682 3799 2738 qua

2211 2767 2297 2805 me
2323 2753 2498 2817 misit;
2534 2759 2591 2806 ut
2613 2762 2790 2807 autem
2822 2754 3050 2823 quisque
3078 2756 3222 2808 vivat
3250 2765 3471 2826 propter
3496 2773 3606 2822 me,
3631 2760 3800 2827 parti-

2213 2841 2408 2909 cipatio
2444 2839 2590 2906 facit,
2623 2857 2728 2910 qua
2759 2841 2889 2913 [.~tl.,
2926 2841 3073 2914 quia]
3101 2845 3389 2899 manducat
3416 2861 3522 2900 me.
3551 2846 3666 2916 Ego
3698 2847 3799 2900 ita-

2213 2946 2315 2999 que
2369 2931 2682 2986 humiliatus
2733 2934 2856 2988 vivo
2899 2944 3121 3002 propter
3177 2933 3426 3000 Patrem,
3473 2937 3567 2990 ille
3617 2949 3799 2993 rectus

2215 3021 2396 3092 [.—tug.,
2425 3021 2669 3094 crectus’]
2709 3024 2842 3076 vivit
2883 3033 3103 3093 propter
3137 3040 3244 3078 me.
3284 3045 3302 3078 ι
3331 3025 3450 3081 Non
3495 3028 3563 3081 de
3594 3043 3659 3081 ea
3704 3046 3799 3083 na-

2217 3122 2333 3168 tura
2359 3115 2513 3179 tiixit,
2542 3131 2644 3185 qua
2675 3117 3213 3186 setnpercstwqualis
3228 3118 3398 3184 Patri,
3423 3119 3518 3173 sed
3543 3119 3611 3174 de
3637 3136 3724 3186 ea,
3742 3122 3798 3176 in

535 3214 653 3267 viva
697 3222 942 3284 resurgat
993 3213 1141 3286 [Ms.,
1170 3229 1297 3268 caro
1318 3182 1726 3285 suscitabitur].
1760 3214 1945 3283 (Vens.
1998 3214 2108 3286 56.)
2135 3182 2184 3246 ο
2215 3227 2319 3281 qua
2346 3211 2522 3264 minor
2545 3182 2720 3266 iactus
2740 3182 2821 3264 cst
2850 3211 3018 3266 Patri.
3046 3182 3179 3278 Quia
3196 3211 3350 3284 [Ms.,
3379 3182 3502 3285 Qui]
3531 3182 3801 3269 etiamsu-

534 3301 670 3355 Caro
711 3305 848 3355 enim
883 3319 1026 3367 mea,
1069 3304 1262 3372 inquit,
1311 3319 1422 3356 vere
1467 3312 1541 3356 est
1578 3303 1758 3365 cibus,
1810 3313 1856 3357 et
1898 3305 2110 3371 sanguis

535 3406 678 3443 meus
717 3405 831 3443 vere
873 3400 944 3443 est
977 3401 1147 3460 potus.
1195 3410 1213 3441 ι
1249 3392 1382 3446 Cum
1438 3392 1582 3448 cnim
1633 3392 1754 3446 cibo
1789 3402 1844 3446 et
1885 3403 2011 3461 potu
2059 3392 2112 3446 id
2144 3415 2158 3427 -

535 3490 789 3552 appetant
825 3482 1088 3545 homines,
1139 3491 1198 3535 ut
1242 3498 1349 3537 non
1395 3483 1634 3536 esuriant
1672 3495 1845 3551 neque
1887 3483 2108 3546 sitiant;

538 3577 642 3632 hoc
667 3577 934 3631 veraciter
973 3592 1077 3630 non
1129 3585 1349 3645 praestat
1405 3577 1505 3629 nisi
1554 3577 1652 3631 iste
1677 3577 1829 3630 cibus
1852 3585 1906 3629 et
1934 3587 2107 3645 potus,

539 3668 630 3734 qui
666 3681 758 3720 eos
797 3681 826 3718 a
868 3667 1063 3736 quibus
1094 3667 1324 3720 sumitur
1351 3665 1682 3720 immortales
1711 3675 1765 3719 et
1793 3666 2113 3736 incorrupti-

535 3755 671 3810 biles
700 3754 845 3818 facit,
880 3755 930 3810 id
977 3765 1079 3820 est,
1111 3755 1342 3810 societas
1371 3756 1482 3826 ipsa
1513 3765 1843 3819 sanctorum,
1874 3756 1962 3810 ubi
2007 3771 2107 3824 pax

534 3847 640 3901 erit
683 3856 737 3900 et
764 3846 942 3900 unitas
971 3847 1126 3915 plena
1151 3856 1312 3917 atque
1339 3846 1596 3916 perfecta.
1627 3846 1916 3916 Propterea
1958 3849 2113 3917 quip-

533 3955 639 4012 pe,
693 3940 833 3994 sicut
895 3941 1060 3993 etiam
1127 3940 1228 3994 hoc
1281 3949 1404 3994 ante
1444 3955 1542 3994 nos
1595 3940 1968 3994 intellexerunt
2014 3941 2112 3994 ho-

536 4031 707 4084 mines
739 4029 899 4103 ]Dei],
933 4031 1192 4086 Dominus
1219 4041 1402 4086 noster
1433 4029 1588 4086 Jesus
1625 4030 1874 4086 Christus
1915 4047 2110 4102 corpus

532 4129 585 4174 et
616 4122 926 4191 sanguinem
952 4137 1105 4175 suum
1137 4122 1188 4175 in
1224 4123 1303 4176 eis
1332 4124 1493 4176 rebus
1535 4122 1949 4183 commendavit,
1994 4138 2112 4192 quze

531 4213 600 4266 ad
634 4229 798 4266 unum
820 4214 1020 4283 aliquid
1045 4214 1357 4282 rediguntur
1380 4229 1445 4267 ex
1468 4214 1668 4268 multis.
1703 4212 1941 4282 Namque
1969 4213 2114 4269 aliud

532 4303 588 4357 in
623 4319 787 4356 unum
818 4303 1020 4371 aliquid
1061 4317 1126 4356 ex
1159 4303 1340 4356 multis
1379 4303 1565 4373 granis
1599 4305 1884 4358 coniicitur
1909 4311 1963 4356 ct
1991 4318 2114 4357 con-

534 4401 642 4446 stat
665 4392 844 4464 [Aug.,
876 4392 1092 4463 conﬁt],
1127 4391 1271 4445 aliud
1307 4393 1360 4445 in
1385 4409 1550 4446 unum
1572 4410 1637 4447 ex
1662 4395 1844 4448 multis
1886 4396 2114 4450 racemis

537 4482 669 4553 [Al.,
702 4481 917 4552 acinis]
963 4480 1201 4534 conﬂuit.
1252 4477 1491 4550 Deniqtie
1533 4480 1647 4550 jam
1715 4485 1932 4552 exponit
1983 4501 2113 4554 quo-

534 4572 694 4625 modo
735 4571 788 4624 id
826 4571 916 4624 ﬁat
968 4569 1110 4640 quod
1157 4570 1410 4640 loquitur,
1438 4581 1492 4624 et
1531 4570 1658 4640 quid
1687 4572 1757 4625 sit
1783 4575 2106 4630 manducare

532 4677 729 4731 corpus
756 4661 873 4729 ejus
909 4670 962 4716 et
985 4663 1300 4733 sanguinem
1332 4663 1534 4718 bibere.
1566 4663 1752 4734 (Vens.
1783 4664 1896 4735 57.)
1923 4664 1988 4718 Et
2017 4667 2106 4736 qui

533 4756 836 4820 manducet,
869 4756 1074 4825 inquit,
1104 4774 1268 4811 meam
1299 4773 1525 4821 carnem,
1556 4767 1602 4811 et
1634 4757 1757 4810 bibit
1783 4773 1954 4810 meum
1986 4775 2107 4813 san-

531 4848 759 4919 guinem,
790 4847 844 4900 in
874 4862 952 4900 me
979 4856 1170 4911 manet,
1223 4857 1270 4901 et
1320 4865 1412 4918 ego
1458 4849 1511 4902 in
1557 4865 1636 4902 eo.
1690 4847 1802 4903 Hoc
1847 4857 1930 4902 est
1979 4863 2108 4919 ergo

531 4935 860 4990 manducare
889 4933 1033 4989 illam
1068 4951 1246 4990 escam
1284 4944 1337 4989 et
1384 4936 1529 4991 illum
1568 4937 1754 4992 bibere
1805 4945 2022 5006 potum,
2053 4938 2106 4990 in

529 5022 749 5078 Christo
783 5038 1020 5088 manere,
1054 5031 1107 5078 et
1130 5024 1277 5078 illum
1312 5034 1617 5080 manentem
1663 5027 1716 5081 in
1757 5040 1814 5080 se
1867 5026 2104 5081 habere:

531 5130 596 5170 ac
619 5131 716 5185 per
737 5117 860 5178 hoc,
889 5115 978 5184 qui
1000 5131 1107 5169 non
1147 5125 1330 5168 manet
1363 5115 1414 5168 in
1443 5114 1677 5181 Christo,
1705 5124 1760 5170 et
1787 5117 1840 5169 in
1874 5131 1980 5185 quo
2002 5131 2108 5171 non

533 5215 716 5262 manet
749 5205 1017 5268 Christus,
1044 5202 1227 5274 procul
1256 5203 1419 5257 dubio
1443 5219 1542 5258 nec
1569 5205 1854 5260 manducat
1895 5205 2110 5276 spirita-

565 5333 570 5340 ’
601 5358 629 5388 ιι
669 5345 809 5400 Edit.
839 5343 1177 5413 Argentorat.
1213 5339 1276 5413 de
1302 5353 1443 5413 anno
1465 5338 1598 5392 i527
1619 5341 1699 5413 ita]
1723 5341 2104 5410 prosequitur:

535 5436 556 5470 ι
594 5415 745 5472 llanc
775 5409 952 5483 itaque
993 5424 1234 5483 carnem,
1261 5409 1404 5462 hunc
1432 5409 1611 5483 itaque
1638 5410 1814 5483 cibum
1847 5409 2108 5479 et’potum

530 5488 839 5542 societatem
866 5479 982 5536 vult
1016 5479 1236 5546 intelligi
1259 5479 1500 5548 corporis
1523 5487 1578 5533 et
1603 5479 1962 5534 membrorum
1987 5495 2111 5534 suo-

532 5571 673 5618 rum,
706 5555 847 5626 quod
875 5562 956 5626 cst
983 5559 1168 5626 sancta
1200 5549 1596 5626 Ecclesia,qttze
1623 5563 1819 5626 corpus
1852 5559 1931 5626 est
1953 5548 2112 5603 Chri-

529 5626 620 5686 sti,
653 5634 706 5678 et
725 5619 792 5677 de
819 5619 1012 5676 hac're
1056 5620 1349 5690 litigarunt.
1393 5619 1624 5690 Secutus
1653 5619 1914 5690 adjunxit,
1941 5627 2048 5673 etc.
2085 5638 2104 5671 ›

531 5693 638 5768 Sed
677 5695 789 5768 hate
811 5692 1075 5746 sententia
1106 5689 1211 5742 huc
1243 5705 1465 5768 prorsus
1486 5697 1568 5768 est
1614 5689 1984 5768 impertinens,
2010 5703 2110 5743 nec

531 5765 584 5819 in
615 5760 770 5815 codd.
796 5777 922 5816 mss.
949 5776 1084 5833 quos
1100 5756 1363 5822 consului,
1380 5775 1476 5814 nec
1504 5759 1556 5812 in
1579 5756 1810 5813 editione
1839 5757 1919 5812 Cl.
1941 5756 2110 5822 Quer-

2211 3302 2390 3370 pcrius
2411 3299 2619 3355 dixerat
2651 3319 2663 3353 :
2699 3300 2841 3354 Sicut
2873 3300 3030 3354 Pater
3053 3303 3202 3355 habet
3232 3303 3386 3355 vitam
3407 3303 3601 3356 habere
3627 3305 3682 3357 in
3719 3322 3800 3358 se-

2215 3395 2450 3462 metipso,
2484 3394 2556 3446 ita
2585 3393 2724 3447 dedit
2751 3392 2888 3445 b'i:‘io
2917 3394 3074 3446 vitam
3097 3393 3284 3446 habere
3309 3396 3364 3446 in
3391 3396 3706 3465 semetipso;
3744 3397 3800 3451 id

2213 3492 2330 3548 est,
2372 3484 2556 3553 genuit
2606 3483 2798 3538 Filium
2839 3483 3001 3537 vitam
3049 3484 3336 3538 habentem
3383 3485 3435 3538 in
3484 3489 3794 3556 semetipso.

2282 3577 2444 3633 Vens.
2475 3577 2650 3631 59.—
2677 3574 2778 3630 Hic
2804 3585 2876 3629 est
2899 3576 3069 3646 panis,
3103 3577 3192 3647 qui
3230 3576 3292 3630 de
3319 3576 3445 3630 caelo
3491 3576 3794 3643 descendit,

2218 3687 2236 3720 ι
2275 3677 2331 3722 ιιι
2361 3669 2509 3721 illum
2550 3669 2920 3722 manducando
2966 3669 3230 3732 vivamus,
3255 3669 3381 3737 quia
3431 3677 3692 3723 tuternam
3717 3670 3799 3724 vi-

2213 3768 2320 3814 tam
2351 3775 2415 3814 ex
2443 3761 2598 3814 nobis
2630 3760 2829 3814 habere
2851 3776 2956 3814 non
2992 3772 3293 3830 possumus.
3325 3761 3450 3815 Non
3489 3764 3623 3816 sicut
3649 3781 3801 3818 man-

2211 3850 2546 3912 ducaverunt,
2581 3850 2770 3918 inquit,
2821 3859 2994 3919 patres
3045 3851 3196 3904 vestri
3247 3867 3464 3916 manna,
3498 3863 3547 3906 et
3603 3855 3798 3909 mortui

2210 3949 2375 3994 sunt:
2405 3941 2493 4011 qui
2533 3940 2814 3994 manducat
2853 3939 2990 3992 hunc
3012 3957 3223 4009 panem,
3254 3941 3379 3994 vivet
3423 3943 3479 3996 in
3521 3953 3796 3996 a'ternam.

2212 4030 2364 4098 Quod
2390 4045 2518 4100 ergo
2546 4031 2618 4084 illi
2643 4030 2839 4084 mortui
2884 4039 3030 4094 sunt,
3059 4031 3133 4084 ita
3175 4029 3287 4083 vult
3318 4031 3581 4104 intelligi,
3606 4043 3664 4087 ιιι
3690 4050 3798 4088 ιιοιι

2211 4123 2394 4176 vivant
2424 4123 2476 4175 in
2503 4129 2798 4184 mternum;
2831 4136 2956 4173 nam
2993 4120 3362 4190 temporalitcr
3389 4123 3634 4189 profecto
3659 4134 3716 4178 et
3745 4124 3797 4179 hi

2212 4213 2510 4268 morientur
2537 4213 2629 4282 qui
2658 4212 2932 4267 Christum
2975 4214 3330 4277 manducant;
3371 4215 3466 4268 sed
3515 4216 3695 4270 vivent
3744 4217 3799 4272 in

2211 4317 2491 4369 mternum,
2521 4305 2645 4374 quia
2688 4305 2934 4360 Christus
2973 4312 3056 4358 est
3101 4305 3211 4358 vita
3256 4313 3479 4360 aeterna.
3513 4307 3541 4346 δ
3569 4307 3798 4377 Signum

2211 4396 2327 4464 ejus
2342 4397 2467 4465 quia
2497 4396 2908 4450 manducavitet
2928 4395 3084 4459 bibit,
3107 4396 3208 4449 hoc
3237 4404 3320 4449 est
3341 4396 3384 4449 si
3419 4407 3601 4450 manet
3623 4407 3800 4452 etmao

2212 4495 2390 4548 netur,
2415 4486 2458 4538 si
2498 4484 2707 4539 habitat
2741 4493 2794 4538 et
2818 4484 3169 4548 inhabitatur,
3199 4485 3244 4538 si
3272 4485 3353 4539 sic
3377 4485 3578 4552 haeret,
3603 4495 3663 4540 ut
3689 4501 3798 4542 non

2212 4576 2508 4630 deseratur.
2551 4573 2663 4629 Hoc
2690 4589 2820 4642 ergo
2858 4589 2956 4628 nos
3001 4573 3162 4644 530
3196 4575 3396 4638 docuit,
3440 4583 3496 4629 et
3520 4576 3803 4632 admonuit

2213 4667 2454 4737 mysticis
2477 4665 2676 4730 verbis,
2709 4674 2766 4719 ut
2796 4665 2965 4719 simus
3004 4665 3057 4717 in
3087 4663 3204 4733 ejus
3243 4678 3494 4733 corpore,
3537 4666 3637 4720 sub
3681 4666 3801 4736 ipso

2213 4761 2387 4828 Capite
2422 4759 2475 4812 in
2524 4759 2781 4813 membris
2810 4759 2954 4828 ejus,
2983 4757 3204 4812 edentes
3247 4773 3471 4812 carnem
3515 4756 3652 4824 ejus,
3689 4773 3797 4813 non

2212 4850 2575 4918 relinquentes
2602 4841 2861 4903 unitatem
2891 4847 3029 4916 ejus.
3058 4847 3162 4902 Sed
3187 4847 3278 4916 qui
3328 4848 3556 4902 aderant
3591 4847 3795 4918 plures,

2213 4955 2320 4994 non
2359 4937 2700 5008 intelligendo
2747 4937 3096 4992 scandalizati
3123 4945 3250 4992 sunt
3281 4955 3293 4990 :
3325 4952 3430 4991 non
3461 4937 3610 4991 enim
3653 4937 3802 5008 cogi-

2215 5033 2400 5086 tabant
2431 5032 2545 5085 haec
2573 5029 2860 5094 audiendo,
2887 5030 2992 5085 nisi
3019 5045 3260 5094 carnem,
3294 5031 3436 5098 quod
3469 5029 3573 5097 ipsi
3617 5038 3824 5106 erant.‘

2213 5119 2500 5189 Apostolus
2529 5127 2707 5173 autem
2742 5119 2888 5182 dicit,
2941 5127 2997 5173 et
3033 5134 3219 5173 verum
3252 5110 3383 5172 dicit
3411 5133 3424 5171 :
3466 5117 3672 5188 Sapere
3713 5133 3800 5173 se-

2215 5211 2447 5268 cundum
2493 5225 2730 5275 carnem,
2762 5225 2910 5264 mors
2945 5197 3029 5265 est
3073 5207 3247 5281 (Rom.
3277 5225 3401 5271 vtu,
3428 5208 3506 5280 6).
3561 5209 3796 5265 Carnem

2216 5342 2415 5406 cetani,
2440 5357 2538 5397 nec
2567 5342 2620 5395 in
2654 5341 2974 5412 Augustino,
2999 5355 3155 5410 quem
3196 5340 3456 5412 Alcuinus
3478 5340 3569 5412 hic
3594 5341 3800 5395 descri-

2210 5415 2342 5484 psit,
2359 5414 2642 5484 reperitur.
2657 5410 2801 5484 lntru
2809 5427 2864 5484 sa
2877 5426 3007 5484 ergo
3021 5418 3105 5464 est
3125 5425 3165 5484 a_
3177 5411 3409 5478 quodam
3433 5410 3718 5484 malevolo,
3733 5421 3799 5464 ut

2212 5480 2433 5540 subdole
2457 5490 2686 5536 mentem
2713 5481 2923 5536 Alcuini
2965 5481 3029 5533 de
3058 5481 3282 5533 veritate
3304 5480 3548 5549 corporis
3586 5489 3640 5534 et
3671 5495 3799 5534 san-

2212 5553 2387 5624 guinis
2416 5552 2615 5624 Christi
2640 5551 2696 5624 in
2728 5549 3063 5624 Ettcltaristia
3111 5557 3517 5624 corrumperet;
3563 5549 3702 5617 quod
3731 5557 3800 5601 .et

2211 5617 2300 5679 alii
2353 5621 2589 5676 haeretici
2637 5621 2690 5674 in
2743 5619 2967 5673 aliorum
3001 5617 3221 5688 Patrum
3249 5617 3466 5688 scriptis
3490 5626 3797 5688 tentarunt.

2281 5693 2312 5732 δ
2347 5692 2426 5747 Ex
2451 5690 2508 5747 S.
2534 5690 2670 5759 Aug.
2698 5689 2878 5743 Tract.
2908 5703 3054 5741 χχιιι
3091 5688 3144 5741 in
3172 5685 3326 5742 Joan.
3358 5685 3508 5740 itum.
3538 5687 3676 5742 1-5..
