4088 6340
276 390 380 447 831

1098 382 1509 442 EXEGETICA.
1537 412 1610 429 -—
1645 379 1997 439 COMMENT.
2032 382 2101 441 IN
2136 382 2327 443 JOAN.
2364 408 2437 430 ι-
2465 372 2599 445 LIB.
2635 384 2720 446 ill.

3438 382 3548 447 ess
3582 367 3593 371 ’

279 520 435 562 suam
471 506 564 558 dat
594 500 752 557 nobis
789 499 1048 556 Dominus
1074 498 1139 552 ad
1168 495 1598 553 manducandum
1619 534 1634 559 ,
1677 501 1735 548 et
1781 506 1868 547 sa-
1897 495 1941 554 Α
1970 509 2210 561 carnem,
2241 506 2293 550 et
2320 497 2446 565 quid
2478 498 2618 552 inter
2660 496 2953 552 carnaliter
2999 470 3271 552 Christum
3322 500 3549 556 mandu-

277 610 410 669 pere
457 604 636 650 tamen
684 591 978 648 secundum
1016 604 1235 645 carnem
1286 602 1437 643 mors
1475 595 1590 651 est;
1628 600 1751 641 eum
1798 585 1864 639 de

276 700 447 743 carne
475 699 572 740 sua
594 683 758 749 dicat,
785 682 911 753 quia
950 680 1024 736 ibi
1067 688 1151 735 est
1178 680 1287 733 vita
1327 686 1548 733 aeterna.
1590 676 1730 746 Ergo
1764 688 1865 729 nec

278 791 500 833 carnem
553 764 825 829 debemus
854 787 1044 843 sapere
1093 769 1385 826 secundum
1425 782 1678 831 carnem,
1724 766 1865 821 sicut

279 870 338 928 in
375 868 459 923 his
503 866 715 921 verbis:
765 863 951 936 (Vens.
997 862 1087 933 6|)
1140 860 1297 914 Multi
1345 860 1520 929 itaque
1572 856 1862 921 audientes,

280 974 390 1015 non
414 972 479 1012 ex
511 956 761 1019 inimicis,
798 955 891 1008 sed
914 970 977 1007 ex
1004 950 1275 1021 discipulis
1302 950 1435 1019 ejus,
1453 947 1732 1003 dixerunt:
1751 944 1865 998 Du-

282 1064 376 1102 rus
399 1056 474 1102 est
502 1046 587 1100 hic
614 1060 782 1099 sermo
804 1059 823 1097 :
850 1043 965 1114 quis
993 1050 1157 1111 potest
1195 1055 1313 1094 eum
1344 1036 1568 1091 audire?
1613 1033 1669 1089 Si
1701 1032 1866 1087 disci-

281 1137 396 1208 puli
440 1136 634 1192 durum
674 1135 981 1190 habuerunt
1027 1132 1189 1186 istum
1236 1141 1563 1191 sermonem,
1598 1124 1727 1194 quid
1766 1122 1867 1177 ini-

281 1225 447 1285 mici?
476 1224 543 1279 Et
589 1231 768 1278 tamen
814 1221 896 1277 sic
937 1220 1244 1290 oportebat,
1278 1224 1337 1270 ut
1384 1216 1675 1278 diceretur,
1720 1209 1866 1281 quod

281 1335 392 1375 non
424 1319 492 1373 ah
534 1316 841 1371 hominibus
867 1313 996 1386 [11s.
1026 1322 1074 1366 et
1106 1311 1240 1381 Aug.
1259 1349 1274 1373 ,
1302 1305 1575 1379 omnibus]
1604 1304 1867 1374 intellige-

282 1417 457 1463 retur.
484 1405 766 1461 Secretum
793 1402 888 1457 Dei
918 1402 1154 1456 intrntos
1175 1398 1335 1453 debet
1355 1395 1557 1460 facere,
1581 1409 1687 1449 non
1713 1396 1867 1447 aver-

286 1514 381 1555 sos
427 1496 558 1569 [11s.
587 1505 635 1549 et
667 1494 801 1565 Aug.
826 1532 841 1558 ,
864 1489 1164 1562 adversos].
1192 1489 1283 1543 Isti
1319 1497 1497 1542 autem
1522 1487 1631 1541 cito
1659 1482 1867 1540 defece-

281 1596 433 1652 runt,
464 1585 588 1641 talia
610 1584 860 1654 loquente
889 1581 1116 1637 Domino
1159 1579 1284 1633 Jesu
1316 1595 1329 1630 :
1362 1593 1469 1633 non
1498 1573 1865 1636 crediderunt,

282 1677 492 1748 aliquid
546 1688 800 1746 maguum
835 1672 1086 1735 dicente,
1132 1680 1188 1724 et
1230 1667 1379 1721 verbi
1438 1665 1583 1720 illius
1630 1662 1865 1731 aliquam

282 1771 515 1843 gratiam
552 1766 894 1837 eooperiente
925 1763 1109 1835 [Aug.,
1153 1778 1258 1817 non
1286 1759 1631 1817 crediderunt
1664 1753 1868 1825 aliquid

1965 600 2091 640 care
2115 586 2270 650 velle,
2295 586 2381 641 vel
2412 587 2728 657 spiritaliter
2748 587 3026 656 accipere;
3060 587 3138 641 ait
3160 586 3334 642 enim:
3357 588 3547 658 (Vens.

1964 678 2055 743 64)
2090 678 2321 750 Spiritus
2365 690 2461 743 est,
2489 676 2578 751 qui
2620 680 2865 749 viviﬁcat,
2888 696 3011 733 caro
3038 696 3140 734 non
3163 679 3370 751 prodest
3392 679 3549 752 quid-

1963 784 2141 839 quam.
2173 765 2341 823 Paulo
2368 774 2493 824 ante
2517 768 2655 823 dixit
2672 772 2689 822 ἐ
2728 767 2852 822 Nisi
2875 763 3316 823 manducaveritis
3338 785 3550 824 carnem

1966 856 2096 912 Filii
2123 859 2369 923 hominis,
2402 869 2450 912 et
2479 859 2709 913 biberitis
2738 860 2852 929 ejus
2891 858 3220 929 sanguinem,
3246 876 3349 913 non
3388 858 3547 914 habe-

1965 946 2085 1000 bitis
2114 947 2269 1001 vitam
2295 948 2347 1001 in
2378 948 2552 1011 vobis;
2579 956 2633 1003 et
2662 950 2822 1003 modo
2845 948 2975 1003 dicit
3008 967 3019 1001 :
3049 947 3187 1002 Caro
3211 965 3313 1002 non
3336 949 3549 1020 prodest

1963 1035 2269 1105 quidquam,
2300 1035 2351 1091 id
2378 1046 2481 1101 est,
2506 1038 2551 1091 si
2587 1037 2876 1092 carnaliter
2899 1037 3063 1097 vultis
3101 1037 3399 1109 intelligere
3427 1053 3549 1108 qua:

1966 1125 2107 1190 dico,
2137 1140 2266 1181 caro
2294 1143 2402 1181 non
2433 1129 2655 1196 prodest
2680 1128 2971 1198 quidquam
2992 1170 3005 1192 ,
3032 1129 3079 1183 si
3113 1128 3192 1183 sic
3218 1143 3436 1183 carnem
3467 1126 3551 1184 in-

1965 1215 2219 1286 telligetis
2252 1218 2681 1274 manducandam
2736 1218 2877 1273 sicut
2926 1219 3092 1273 alium
3154 1218 3357 1283 cibum,
3408 1217 3550 1273 sicut

1965 1322 2157 1365 carnes
2184 1325 2303 1379 quas
2342 1318 2595 1365 emuntur
2642 1310 2696 1364 in
2736 1310 2993 1365 macellis.
3038 1308 3268 1380 Spiritus
3306 1317 3380 1363 est
3418 1322 3550 1379 ergo

1964 1403 2055 1471 qui
2101 1402 2365 1471 viviﬁcat,
2411 1416 2508 1472 per
2550 1403 2796 1473 spiritum
2843 1403 3063 1472 prodest
3105 1418 3272 1466 caro,
3312 1417 3433 1472 quae
3457 1415 3553 1471 per

1967 1493 2197 1563 seipsam
2244 1510 2353 1547 non
2396 1494 2652 1564 prodest,
2712 1495 2836 1563 quia
2883 1494 3058 1547 littera
3109 1493 3328 1556 occidit,
3387 1490 3551 1560 spiris

1966 1592 2053 1639 tus
2079 1594 2258 1639 autem
2288 1585 2543 1638 vivilicat.
2592 1602 2609 1633 ι
2646 1583 2777 1637 Nam
2820 1598 2917 1653 per
2953 1590 3172 1636 carnem
3201 1580 3424 1650 spritus
3454 1577 3554 1633 alia

1965 1675 2095 1743 quid
2135 1690 2233 1744 pro
2290 1674 2463 1729 salute
2493 1682 2675 1729 nostra
2726 1674 2856 1746 egit.
2886 1674 3027 1728 Caro
3063 1688 3159 1727 vas
3202 1671 3323 1737 fuit,
3358 1691 3376 1723 ο
3407 1668 3553 1740 quod

1967 1768 2216 1834 habebat,
2251 1783 2349 1836 per
2376 1784 2536 1838 quam
2584 1769 2805 1840 Spiritus
2852 1768 3084 1823 salvabit
3128 1765 3276 1840 [Με.
3299 1806 3314 1831 ,
3370 1767 3552 1820 salvae

283 1875 540 1931 magnum
567 1858 864 1923 dicentem,
892 1863 947 1910 et
974 1854 1154 1909 verbis
1178 1853 1305 1907 illis.
1326 1887 1341 1905 .
1360 1891 1374 1905 .
1419 1843 1861 1919 cooperientem].

1973 1857 2066 1930 vit]
2115 1873 2235 1923 nos,
2272 1867 2428 1914 utens
2457 1875 2658 1930 organo
2710 1860 2889 1914 carnis
2936 1859 3003 1913 ad
3054 1859 3285 1913 salutem
3330 1855 3554 1912 humani

284 1952 395 2007 Sed
427 1956 587 2021 prout
622 1948 930 2010 voluerunt,
958 1946 1030 1999 ita
1058 1943 1472 2004 intellexerunt;
1500 1946 1556 1993 et
1596 1951 1744 1992 more
1769 1937 1868 1990 ho-

283 2045 513 2107 minum,
545 2041 671 2112 quia
695 2039 835 2110 apud
864 2052 958 2092 eos
993 2043 1110 2090 erat
1144 2033 1323 2097 Jesus,
1368 2041 1461 2086 aut
1486 2033 1588 2087 hoc
1616 2031 1868 2099 dispone-

281 2133 550 2191 hatJesus
579 2130 729 2204 [Ms.,
762 2138 818 2184 et
852 2142 1003 2183 more
1025 2126 1299 2181 hominum
1321 2124 1445 2192 quia
1487 2121 1590 2176 hoc
1621 2134 1870 2175 asserue-

284 2231 372 2279 rat
389 2222 579 2287 Iesus;
625 2222 784 2290 Aug.,
811 2230 865 2273 et
886 2232 1036 2272 more
1061 2215 1340 2271 hominum
1378 2213 1503 2282 quia
1533 2216 1743 2282 poterat
1778 2207 1868 2263 Je-

282 2312 435 2387 sus],
475 2325 692 2367 carnem
718 2323 823 2378 qua
858 2307 1104 2361 indutum
1154 2313 1272 2358 erat
1309 2302 1568 2365 Verbum,
1596 2299 1744 2353 velut
1785 2298 1870 2352 in-

280 2407 556 2464 ooncisam
590 2402 912 2458 distribuere
940 2395 1284 2453 credentibus
1330 2394 1383 2447 in
1428 2408 1507 2447 se.
1550 2391 1728 2445 Durus
1769 2397 1867 2455 est,

282 2494 556 2565 inquiunt,
584 2492 667 2545 hic
696 2504 884 2551 sermo,
907 2488 1024 2557 quis
1058 2494 1225 2556 potest
1253 2499 1371 2536 eum
1408 2480 1630 2534 audire!
1670 2478 1865 2551 ,(Vsns.

281 2586 420 2657 62.)
464 2584 647 2641 Sciens
692 2590 865 2635 autem
909 2578 1062 2632 Iesus
1126 2573 1265 2645 apud
1324 2572 1654 2640 semetipsum
1678 2613 1693 2635 ,
1745 2569 1871 2640 quia

284 2682 675 2731 murmurarent
703 2671 768 2724 de
812 2669 908 2723 hoc
954 2666 1110 2739 [Aug.
1164 2673 1219 2720 et
1262 2664 1384 2728 Ms.,
1414 2662 1479 2716 de
1505 2658 1587 2732 eo]
1626 2658 1871 2729 discipuli

285 2766 427 2835 ejus.
474 2762 567 2818 Sic
591 2762 736 2818 enim
778 2760 916 2831 apud
950 2774 1010 2813 se
1044 2759 1144 2812 ista
1167 2757 1441 2817 dixerunt,
1469 2760 1527 2807 ut
1548 2754 1615 2807 ab
1649 2750 1741 2805 illo
1763 2765 1871 2805 non

287 2855 625 2910 audirentur.
671 2850 777 2907 Sed
806 2850 896 2905 ille
938 2850 1029 2918 qui
1060 2863 1154 2903 eos
1180 2853 1403 2902 noverat
1432 2844 1486 2898 in
1515 2843 1728 2911 seipsis,
1776 2857 1872 2896 au-

287 2945 447 2999 diens
486 2941 627 3013 apud
672 2940 1037 3010 semetipsum,
1064 2936 1342 3008 respondit
1372 2944 1427 2989 et
1459 2934 1537 2989 ait
1582 2951 1594 2985 :
1628 2931 1744 2987 Hoc
1784 2948 1870 2987 vos

283 3033 635 3090 scandalizat.
663 3030 798 3099 Quia
821 3030 953 3095 dixi,
992 3043 1211 3085 carnem
1239 3041 1412 3081 meam
1445 3025 1514 3079 do
1540 3023 1692 3078 vobis
1722 3038 1873 3077 man-

288 3126 489 3181 ducare
513 3132 569 3179 et
594 3122 910 3192 sanguinem
954 3134 1135 3174 meum
1181 3118 1398 3181 bibere,
1432 3115 1536 3170 hoc
1558 3129 1653 3168 vos
1682 3126 1873 3183 nenspe

285 3214 642 3271 scandalizat.

362 3306 529 3361 Vsus.
556 3304 720 3360 65.——
734 3302 794 3359 Si
814 3318 935 3373 ergo
963 3301 1194 3356 videritis
1224 3297 1420 3352 Filium
1443 3296 1667 3350 hominis
1691 3312 1873 3350 ascen—

286 3397 496 3451 dentem
533 3393 623 3448 ubi
669 3402 783 3447 erat
833 3394 1000 3462 prius.
1045 3389 1188 3456 Quid
1231 3399 1313 3443 est
1361 3389 1496 3444 hoc?
1539 3387 1675 3441 llinc
1712 3386 1872 3440 solvit

287 3488 436 3559 quod
462 3487 581 3542 illos
606 3483 887 3541 moverat?
930 3483 1057 3538 hinc
1099 3482 1313 3551 aperuit
1342 3479 1504 3553 [Μεη
1529 3476 1691 3549 eruit]
1731 3477 1872 3531 unde

288 3580 507 3635 fuerant
549 3574 936 3633 seandalizati?
980 3573 1108 3628 hinc
1144 3572 1301 3643 plane
1327 3611 1342 3636 ,
1392 3573 1437 3625 si
1490 3568 1866 3637 intelligerent.

289 3670 371 3727 Illi
395 3670 539 3725 enim
567 3674 893 3739 putaverunt
915 3665 1063 3719 illum
1093 3673 1442 3735 erogaturum
1462 3675 1659 3731 corpus
1687 3675 1868 3725 suum,

288 3759 383 3817 Ille
433 3767 610 3814 autem
644 3773 703 3814 se
745 3757 882 3813 dixit
923 3770 1273 3811 ascensurum
1325 3754 1381 3808 in
1431 3751 1648 3817 caelum,
1685 3752 1871 3822 utique

288 3859 581 3921 integrum.
604 3846 736 3903 Cum
766 3847 1004 3902 videretis
1029 3844 1226 3899 Filium
1258 3845 1483 3898 hominis
1509 3842 1871 3897 ascendentem

290 3942 383 3997 ubi
404 3951 516 3997 erat
534 3942 702 4013 prius,
746 3949 896 3996 certe
916 3938 1000 3993 vel
1029 3946 1157 3992 tunc
1185 3936 1455 3999 videbitis,
1498 3934 1623 4005 quia
1669 3948 1775 3988 non
1805 3945 1871 3987 eo

290 4034 456 4089 modo
494 4048 601 4103 quo
651 4031 873 4102 putatis,
930 4037 1116 4098 erogat
1151 4042 1347 4097 corpus
1385 4040 1563 4081 suum.
1603 4023 1764 4079 Certe
1787 4021 1871 4076 vel

290 4134 425 4182 tunc
459 4123 771 4194 intelligetis
817 4122 944 4193 quia
994 4121 1166 4190 gratia
1211 4118 1330 4188 ejus
1378 4134 1485 4173 non
1538 4108 1875 4172 consumitur

292 4216 585 4274 morsibus.
618 4233 637 4267 ι
670 4213 728 4268 lu
758 4214 843 4268 his
868 4212 1049 4267 verbis
1071 4210 1351 4282 perspicue
1380 4207 1691 4277 intelligitur
1711 4206 1873 4261 Chri-

292 4316 441 4362 stum
466 4320 587 4361 esse
623 4320 785 4360 unam
806 4317 1117 4375 personam,
1144 4301 1269 4356 dum
1298 4299 1433 4354 dixit
1458 4297 1653 4352 Filium
1693 4295 1872 4352 homi-

293 4396 384 4454 nis
407 4410 526 4451 esse
555 4395 706 4465 prius
733 4394 787 4448 in
833 4393 989 4448 cmlo.
1023 4409 1042 4441 ι
1084 4391 1142 4445 In
1174 4399 1317 4444 terra
1363 4389 1705 4458 loquebatur,
1730 4393 1786 4440 et
1818 4386 1874 4441 in

293 4487 437 4544 caelo
460 4501 520 4541 se
557 4499 678 4541 esse
712 4484 942 4539 dicebat.
979 4482 1097 4550 Quo
1140 4482 1393 4550 pertinet,
1438 4478 1538 4533 nisi
1589 4486 1648 4532 ut
1678 4476 1876 4532 intelli-

293 4592 487 4649 gamus
525 4591 689 4632 unam
717 4590 1004 4645 personam
1040 4589 1161 4629 esse
1206 4571 1480 4627 Christum
1507 4571 1675 4625 Deum
1703 4578 1759 4626 et
1782 4571 1879 4625 ho-

295 4670 525 4734 minem,
555 4684 662 4723 non
692 4668 855 4730 duas,
886 4683 954 4722 ne
983 4669 1117 4721 lides
1145 4673 1330 4721 nostra
1375 4679 1482 4719 non
1516 4664 1589 4718 sit
1638 4664 1877 4729 trinitas,

294 4761 395 4818 sed
438 4761 799 4831 quaternitas?
820 4759 1068 4815 Christus
1114 4774 1244 4830 ergo
1275 4773 1415 4813 unus
1461 4768 1545 4812 est
1571 4797 1586 4822 ,
1629 4757 1876 4823 verbum,

297 4852 479 4907 anima
507 4861 562 4907 et
585 4866 715 4906 caro
749 4865 889 4905 unus
941 4849 1221 4915 Christus;
1268 4848 1435 4904 Filius
1475 4847 1593 4913 Dei,
1619 4855 1674 4902 et
1713 4846 1883 4902 Filius

298 4942 538 4998 hominis
581 4956 718 4996 unus
748 4940 1026 5005 Christus;
1079 4940 1248 4994 Filius
1289 4938 1385 4995 Dei
1431 4952 1674 5008 semper,
1739 4938 1883 4995 ﬁlius

299 5030 540 5087 hominis
584 5046 652 5085 ex
709 5037 977 5099 tempore;
1034 5037 1212 5083 tamen
1269 5043 1408 5083 unus
1459 5027 1746 5095 Christus,
1796 5043 1884 5084 se-

300 5121 541 5179 cundum
593 5120 851 5175 unitatem
895 5133 1161 5188 personae.
1202 5119 1259 5173 In
1295 5118 1433 5175 etelo
1469 5128 1624 5187 erat,
1670 5122 1884 5191 quando

298 5219 366 5273 in
390 5225 531 5272 terra
558 5215 892 5285 loquebatur.
926 5212 1017 5269 Sic
1061 5213 1379 5270 crat.Filius
1405 5214 1637 5270 hominis
1683 5216 1735 5269 in
1769 5231 1884 5271 coe-

302 5299 397 5373 lo,
449 5306 714 5385 quomodo
743 5304 909 5359 Filius
946 5304 1042 5358 Dei
1067 5311 1187 5357 erat
1212 5304 1266 5357 in
1299 5312 1457 5358 terra.
1507 5304 1675 5359 Filius
1704 5304 1798 5359 Dei
1830 5306 1886 5360 in

304 5410 456 5455 terra
485 5398 540 5452 in
568 5406 813 5467 suscepta
847 5410 1044 5460 carne;
1090 5393 1260 5449 Filius
1311 5393 1405 5448 Dei
1456 5392 1582 5466 [31s.
1638 5404 1688 5448 et
1725 5395 1885 5465 Aug.,

304 5490 479 5545 Filius
508 5489 759 5561 hominis]
806 5489 861 5544 in
892 5488 1030 5543 caelo
1058 5488 1112 5542 in
1144 5487 1347 5542 unitate
1375 5502 1641 5557 persona}.
1681 5507 1699 5540 ι
1728 5487 1883 5554 Quod

310 5596 438 5635 mox
488 5582 647 5638 latius
674 5581 894 5652 exponit
937 5582 1066 5651 quid
1113 5580 1328 5635 intersit
1376 5579 1518 5635 inter
1546 5580 1793 5651 spiritum
1833 5587 1887 5636 et

1966 1953 2180 2023 generis
2211 1969 2225 2007 :
2255 1952 2382 2021 quia
2429 1944 2677 2007 diabolu!
2699 1953 2952 2007 utebatur
2991 1958 3240 2019 serpente
3266 1949 3420 2019 quasi
3464 1962 3557 2002 or»

1965 2056 2122 2111 gano,
2151 2041 2218 2095 ad
2248 2040 2650 2096 subversionem
2694 2041 2853 2110 primi
2881 2040 3124 2110 parentis
3151 2039 3342 2093 nostri.
3373 2055 3391 2088 ι
3430 2034 3554 2107 Spi-

1968 2132 2099 2185 ritus
2121 2131 2307 2201 estqui
2355 2130 2600 2200 t'iviﬁcat,
2632 2147 2755 2185 caro
2808 2121 2983 2185 autem
3026 2145 3130 2184 non
3159 2127 3367 2200 prodest
3396 2122 3553 2198 quid-

1965 2238 2124 2292 quam
2157 2235 2175 2273 :
2205 2222 2348 2276 sicut
2386 2222 2461 2275 illi
2492 2222 2871 2276 intellexerunt
2899 2235 3142 2287 carnem,
3179 2234 3285 2274 non
3325 2218 3404 2273 sic
3451 2230 3556 2288 ego

1965 2308 2036 2365 do
2063 2309 2131 2364 ad
2155 2310 2589 2365 manducandum
2613 2325 2787 2364 meam
2816 2324 3058 2364 carnem.
3096 2328 3116 2361 ι

2456 2421 2612 2493 531
2648 2421 2876 2477 CAPUT
2916 2421 3058 2476 xw.

1978 2512 2145 2571 Verba
2173 2531 2271 2571 sua
2297 2516 2539 2586 spiritum
2571 2516 2825 2586 vitamque
2865 2511 3196 2586 pronuntiat,
3223 2519 3271 2565 et
3299 2525 3463 2564 unum
3490 2520 3556 2565 es

2331 2580 2605 2639 duodecim
2633 2580 2901 2636 diabolum
2929 2580 3176 2653 appellat.

2045 2695 2064 2728 ι
2098 2690 2121 2717 a
2155 2676 2388 2730 Proinde
2414 2674 2589 2738 verba,
2617 2674 2808 2743 inquit,
2834 2691 2952 2745 quia
2978 2689 3071 2743 ego
3096 2671 3301 2727 loeutus
3327 2688 3443 2726 sum
3465 2687 3554 2727 vo-

1970 2771 2069 2833 bis,
2096 2770 2314 2841 spiritus
2342 2779 2389 2822 et
2419 2770 2523 2823 vita
2550 2777 2689 2821 sunt.
2717 2767 2963 2822 Diximus
2990 2781 3157 2832 enim,
3197 2767 3416 2830 fratres,
3448 2764 3554 2825 hoc

1969 2862 2254 2915 Dominum
2283 2862 2690 2916 commendasse
2717 2860 2770 2915 in
2798 2858 3213 2914 manducatione
3237 2858 3419 2913 carnis
3440 2870 3552 2913 sum

1970 2959 2025 3004 et
2052 2952 2325 3021 potatione
2351 2951 2632 3020 sanguinis
2663 2951 2766 3014 sui,
2802 2958 2861 3004 ut
2888 2951 2942 3004 in
2985 2949 3079 3004 illo
3108 2964 3456 3015 maneamus,
3496 2956 3553 3004 et

1971 3040 2086 3111 ipse
2133 3040 2186 3093 in
2226 3039 2402 3094 nobis.
2453 3038 2730 3093 Manemus
2777 3048 2956 3093 autem
2986 3038 3041 3093 in
3072 3038 3183 3102 illo,
3216 3052 3335 3092 cum
3368 3051 3557 3092 sumus
3636 3058 3643 3073 ε

1974 3133 2216 3190 membra
2241 3127 2391 3197 ejus;
2443 3135 2630 3181 manet
2660 3137 2840 3182 autem
2874 3128 2989 3196 ipse
3016 3127 3069 3180 in
3099 3126 3278 3190 nobis,
3309 3140 3433 3180 cum
3467 3139 3558 3178 sua

1975 3235 2096 3274 mus
2122 3218 2379 3289 templum
2426 3218 2562 3287 ejus.
2603 3217 2672 3272 Ut
2713 3225 2895 3272 autem
2929 3218 3100 3272 simus
3128 3217 3372 3270 membra
3400 3215 3519 3285 ejus
3540 3252 3558 3281 ,

1971 3308 2151 3363 unitas
2180 3324 2276 3362 nos
2298 3308 2665 3378 compaginet;
2697 3317 2753 3361 ut
2778 3307 2921 3362 enim
2947 3306 3290 3377 compaginet
3314 3321 3413 3361 nos
3437 3306 3557 3360 uni-

1973 3408 2075 3464 tas,
2108 3400 2239 3469 quid
2261 3399 2363 3454 hoc
2394 3397 2525 3453 facit
2554 3399 2655 3469 nisi
2684 3399 2925 3453 charitas
2951 3397 3081 3454 Dei?
3112 3397 3295 3453 Unde?
3322 3398 3559 3468 Aposto-

1973 3490 2082 3545 lum
2113 3490 2239 3561 [Με.
2276 3499 2323 3543 et
2355 3490 2489 3558 Aug.
2520 3504 2538 3543 :
2568 3488 2760 3544 Unitas
2791 3504 2888 3543 nos
2911 3487 3257 3558 compaginat
3287 3506 3299 3541 :
3325 3495 3384 3541 ut
3404 3502 3557 3542 com-

1973 3582 2191 3652 paginet
2212 3580 2552 3650 unitas,qu;e
2581 3578 2708 3633 facit
2736 3578 2842 3633 nisi
2865 3577 3138 3633 charitas?
3165 3576 3418 3632 Charitas
3461 3574 3561 3631 Dei

1973 3672 2149 3726 unde?
2173 3668 2512 3741 Apostolum]
2546 3668 2817 3740 interroga
2860 3683 2876 3722 :
2911 3667 3174 3732 Charitas,
3208 3667 3413 3737 inquit,
3461 3665 3562 3720 Dei

1972 3761 2169 3832 di/fusa
2196 3768 2270 3814 est
2311 3761 2368 3814 in
2402 3758 2645 3813 cordibus
2671 3759 2864 3814 nostris
2892 3774 2986 3829 per
3010 3756 3266 3829 Spiritum
3297 3768 3558 3823 sanctum,

1969 3855 2060 3925 qui
2086 3852 2238 3906 datus
2269 3860 2343 3905 est
2371 3852 2517 3905 nobis
2550 3849 2727 3922 (Rom.
2761 3866 2811 3915 v,
2838 3849 2914 3920 5).
2941 3850 3081 3919 Ergo
3113 3847 3343 3919 Spirims
3364 3857 3439 3902 est
3466 3848 3560 3919 qui

1972 3944 2196 4012 vivi/ictu
2234 3958 2253 3996 :
2298 3941 2521 4011 spiritus
2584 3940 2729 3994 enim
2779 3939 2912 3995 facit
2958 3940 3080 3993 viva
3117 3939 3361 3994 membra
3399 3954 3414 4002 ;
3457 3952 3560 3993 nec

1970 4034 2092 4087 viva
2138 4031 2379 4086 membra
2432 4030 2656 4099 spiritus
2704 4028 2858 4094 facit,
2908 4029 3015 4085 nisi
3044 4044 3165 4098 qua:
3209 4029 3263 4082 in
3304 4042 3555 4096 corpore,

1974 4124 2117 4196 quod
2142 4130 2357 4193 vegetat
2400 4122 2534 4191 ipse,
2565 4122 2814 4176 Christus
2844 4121 3029 4193 [Aug.,
3057 4121 3173 4190 ipse
3198 4118 3445 4192 spiritus]
3477 4119 3561 4173 in-

1973 4213 2204 4270 venerit.
2258 4212 2393 4268 Nam
2438 4211 2664 4281 spiritus
2708 4211 2800 4280 qui
2850 4219 2935 4266 est
2979 4211 3033 4265 in
3060 4219 3134 4276 te,
3160 4225 3194 4264 ο
3232 4211 3423 4275 homo,
3451 4222 3562 4279 quo

1976 4314 2214 4372 constas,
2246 4313 2306 4359 ut
2352 4304 2515 4360 homo
2544 4303 2650 4369 sis,
2686 4302 2931 4372 nunquid
2974 4301 3214 4356 vivificat
3259 4300 3561 4355 membrum

1976 4396 2120 4467 quod
2169 4403 2476 4466 separatum
2527 4394 2795 4449 invenerit
2844 4408 2888 4446 a.
2910 4407 3072 4447 carne
3120 4392 3249 4446 tua?
3296 4389 3556 4460 Spiritum

1984 4500 2135 4545 tuum
2166 4489 2287 4544 dico
2318 4488 2556 4543 animam
2604 4494 2774 4542 tuam.
2802 4485 2999 4539 Anima
3027 4491 3118 4538 tua
3157 4498 3264 4537 non
3299 4481 3563 4547 vivificat,

1980 4582 2084 4637 nisi
2124 4581 2363 4636 membra
2391 4593 2512 4649 qum
2540 4586 2666 4633 sunt
2698 4578 2753 4632 in
2784 4591 2949 4632 carne
2970 4584 3090 4641 tua;
3118 4589 3286 4628 unum
3313 4572 3361 4629 si
3384 4572 3565 4640 tollas,

1973 4673 2087 4743 jam
2122 4686 2190 4726 ex
2232 4672 2414 4726 anima
2452 4680 2542 4724 tua
2571 4684 2679 4723 non
2707 4667 3034 4733 vivificatur,
3063 4666 3189 4735 quia
3220 4663 3414 4719 unitati
3440 4678 3565 4719 cor-

1979 4763 2129 4833 poris
2163 4762 2241 4816 tui
2269 4777 2377 4817 non
2418 4759 2719 4829 copulatur.
2766 4757 2894 4813 Haec
2935 4757 3189 4813 dicuntur
3214 4764 3274 4811 ut
3320 4767 3566 4810 amemus

1983 4855 2245 4911 unitatem
2283 4861 2340 4908 et
2362 4852 2648 4906 timeamus
2682 4849 3100 4919 separationem.
3131 4847 3278 4903 Nihil
3302 4846 3447 4901 enim
3485 4843 3566 4900 sic

1985 4944 2147 5002 debet
2184 4943 2477 4998 formidare
2503 4940 2869 5006 Christianus,
2894 4954 3057 5010 quam
3109 4936 3349 5007 separari
3389 4950 3421 4989 a
3446 4948 3571 4990 eor-

1986 5050 2116 5106 pore
2141 5033 2362 5091 Christi.
2394 5032 2452 5087 Si
2480 5031 2624 5087 enim
2670 5039 2956 5101 separatur
2992 5045 3026 5085 a
3071 5040 3298 5097 corpore
3326 5024 3564 5093 Christi,

1989 5148 2099 5189 non
2124 5139 2207 5188 est
2248 5129 2550 5185 membrum
2584 5126 2722 5198 ejus,
2756 5127 2801 5183 si
2828 5141 2936 5182 non
2967 5132 3049 5181 est
3078 5124 3380 5179 membrum
3424 5120 3563 5191 eius,

1986 5238 2097 5279 non
2139 5228 2420 5292 vegetatur
2463 5218 2656 5289 spiritu
2700 5217 2835 5285 ejus.
2870 5215 3117 5287 Quisquis
3145 5223 3337 5278 autem,
3391 5210 3567 5282 inquit

1988 5310 2297 5383 Apostolus,
2332 5308 2586 5381 Spiritum
2616 5305 2813 5362 Christi
2859 5322 2963 5359 non
3011 5304 3185 5369 habet,
3228 5301 3311 5357 hic
3340 5318 3444 5356 non
3490 5309 3571 5356 est

1990 5405 2104 5475 ejus
2132 5402 2309 5475 (Rom.
2338 5417 2456 5465 vin,
2493 5400 2570 5473 9).
2611 5397 2847 5469 Spiritus
2882 5412 3012 5467 ergo
3052 5404 3135 5451 est
3172 5394 3264 5466 qui
3302 5391 3561 5456 viviﬁcat,

1988 5512 2117 5552 caro
2142 5510 2248 5550 non
2277 5492 2497 5563 prodest
2521 5491 2830 5561 quidquam.
2878 5484 3042 5542 Verba
3069 5502 3186 5558 quin
3217 5484 3421 5540 locutus
3445 5496 3563 5538 sum

1988 5585 2150 5650 vobis,
2179 5584 2390 5655 spiritus
2416 5594 2460 5638 et
2504 5582 2606 5635 rita
2636 5589 2777 5635 stmt.
2810 5577 2949 5645 Quid
2973 5586 3089 5644 est,
3127 5575 3339 5647 spiritus
3369 5581 3417 5628 et
3461 5570 3566 5627 vita

389 5771 413 5795 ι
442 5758 521 5812 Ex
551 5763 609 5812 δ.
657 5765 817 5827 Δίῳ,
866 5767 1023 5814 tract.
1056 5771 1203 5811 xxvn
1249 5771 1303 5811 tn
1345 5753 1500 5811 Joan.
1557 5770 1704 5809 num.
1739 5772 1792 5821 ο,
1836 5756 1878 5812 1.
1919 5754 1972 5821 9,
2009 5754 2091 5807 ltl.

3281 5819 3313 5845 ρ
