4074 6496
523 394 628 451 8.39
1363 385 1425 440 Β.
1467 385 1528 439 F.
1566 381 1794 439 ALBINI
1831 380 1960 436 SEU
1999 378 2272 435 ALCUINI
2308 381 2592 440 OPERUM
2629 382 2809 439 PARS
2844 380 2908 438 ll.
3662 383 3770 440 840

526 516 667 571 sunt,
714 504 817 561 nisi
861 503 1173 576 spiritaliter
1204 502 1547 569 intelligenda
1586 500 1744 554 sunt?
1791 497 2101 552 Intellexisti
2127 500 2176 558 Λ
2203 501 2506 567 gnovimus.
2530 500 2869 555 Credidimus
2884 499 3028 554 enim
3051 509 3609 568 utcognosceremus;
3639 517 3770 559 nam

513 595 876 684 spiritaliter?
905 594 1134 665 Spiritus
1159 602 1205 646 et
1230 592 1332 645 vita
1359 599 1498 644 sunt.
1529 587 1843 643 Intellexisti
1868 585 2099 641 carnaii-
2199 587 2247 641 si
2292 589 2441 657 prius
2471 603 2825 658 cognoscere,
2854 596 2909 643 et
2942 587 3135 642 deinde
3195 588 3420 642 credere
3471 588 3767 657 vellemus,

530 688 644 744 ter?
674 687 837 742 etiam
862 687 941 741 sic
969 685 1057 738 illa
1082 683 1301 752 spiritus
1327 688 1382 734 et
1410 683 1518 736 vita
1545 689 1687 744 sunt,
1724 679 1817 733 sed
1849 678 1945 733 tibi
1991 693 2099 732 non
2200 691 2301 751 nec
2345 691 2688 748 cognoscere,
2731 693 2834 733 nec
2860 677 3079 732 credere
3103 677 3426 732 valeremus.
3478 677 3620 744 Quid
3653 696 3771 736 cre-

532 783 679 844 sunt,
717 794 737 829 ν
762 791 796 831 o
820 776 999 838 homo,
1026 773 1117 842 qui
1142 769 1458 840 spiritaliter
1481 784 1545 824 ea
1568 783 1676 822 non
1700 766 1974 836 intelligis,
2000 779 2102 820 nec

532 865 638 921 ﬁde
664 879 727 919 ea
750 860 995 918 venerari
1035 859 1194 913 nosti.

607 958 766 1014 Vens.
798 952 885 1007 65.
910 981 976 993 --
1014 969 1033 1002 t
1068 949 1201 1005 Sunt
1228 950 1365 1004 enim
1389 946 1603 1018 quidam
1630 946 1685 998 in
1715 944 1853 998 vobis
1884 943 1974 1013 qui
1999 958 2103 995 non

536 1048 749 1104 credunt
778 1061 797 1100 :
822 1054 876 1100 et
905 1044 1026 1099 ideo
1052 1058 1156 1096 non
1197 1039 1511 1108 intelligunt,
1548 1037 1682 1105 quia
1712 1050 1819 1090 non
1847 1034 2095 1089 credunt.

535 1138 803 1207 Propheta
835 1133 979 1188 enim
1007 1123 1142 1185 dixit
1170 1148 1183 1183 :
1211 1129 1329 1183 Nisi
1350 1126 1693 1190 credideritis,
1721 1140 1823 1177 non
1850 1120 2102 1190 intellige-

535 1227 604 1280 tis
633 1223 785 1295 (Isai.
811 1238 908 1287 vn,
931 1221 984 1286 9,
1003 1237 1107 1276 sec.
1125 1216 1317 1289 LXX).
1345 1216 1449 1270 Per
1474 1216 1631 1270 iidem
1653 1212 1986 1284 copulamur,
2011 1225 2108 1280 per

537 1313 865 1369 intellectum
893 1296 1246 1364 viviﬁcamur.
1284 1305 1442 1360 Prius
1488 1305 1787 1358 hcereamus
1808 1316 1904 1371 per
1926 1301 2104 1363 ﬁdem,

536 1411 599 1457 ut
636 1402 714 1457 sic
740 1407 861 1471 post
887 1395 1220 1468 viviﬁcemur
1249 1394 1430 1467 [Aug.,
1465 1401 1521 1445 ut
1566 1393 1657 1457 sit,
1702 1389 1843 1459 quod
1872 1389 2107 1444 viviﬁce-

539 1493 650 1565 tur]
676 1509 773 1562 per
817 1490 1169 1547 intellectum.
1209 1486 1415 1542 Sciebat
1458 1486 1595 1539 enim
1635 1483 1698 1537 ab
1738 1482 1885 1535 initio
1916 1481 2106 1545 Iesus,

535 1582 807 1654 quiessent
833 1579 1111 1654 credentes,
1141 1576 1314 1647 etquis
1342 1573 1631 1627 traditurus
1662 1579 1791 1624 esset
1816 1585 1953 1623 eum.
1976 1566 2108 1620 Nam

516 1654 612 1729 ibi
639 1672 804 1728 Iudas
827 1677 944 1725 erat
975 1670 1114 1722 inter
1139 1683 1233 1722 eos
1261 1667 1353 1737 qui
1383 1662 1727 1719 seandalizati
1772 1670 1912 1724 sunt,
1950 1675 2108 1729 quem

540 1762 789 1819 Christus
820 1775 918 1815 nec
947 1758 1110 1822 siluit,
1150 1764 1468 1825 necoapet'te
1517 1752 1855 1816 monstravit,
1900 1759 1962 1805 ut
1997 1764 2113 1804 om-

2201 766 2431 821 didimus
2471 773 2526 821 et
2564 767 2694 836 quid
2725 767 3113 836 cognovimus?
3155 758 3294 831 Quia
3333 776 3391 820 tu
3422 783 3475 821 es
3530 765 3769 827 Christ“

2203 851 2377 909 Filius
2405 856 2520 910 Dei.
2556 856 2613 911 ld
2643 865 2753 919 est,
2801 857 2928 925 quia
2954 856 3071 925 ipsa
3092 855 3201 910 vita
3248 864 3452 911 aeterna
3482 865 3542 911 tu
3586 871 3671 923 es,
3717 868 3772 915 et

2201 959 2310 998 non
2344 945 2439 1001 das
2464 947 2515 999 in
2549 960 2711 1001 carne
2738 954 2794 1001 et
2813 946 3069 1015 sanguine
3094 954 3206 1010 tuo,
3239 946 3340 1000 nisi
3376 947 3522 1015 quod
3550 963 3634 1003 es.
3675 969 3696 1001 ι

2275 1034 2437 1089 Vens.
2469 1035 2554 1098 7i,
2583 1034 2670 1088 72.
2716 1064 2785 1073 —
2810 1034 3093 1102 Respondit
3122 1035 3194 1089 eis
3217 1033 3373 1088 Iesus
3397 1048 3414 1085 :
3445 1031 3639 1090 Nonne
3680 1046 3770 1107 ego

2204 1141 2290 1179 t'os
2336 1125 2603 1179 duodecim
2640 1125 2793 1195 elegi,
2820 1134 2866 1178 et
2901 1142 3039 1178 unus
3079 1141 3142 1178 ea:
3183 1126 3319 1180 vobis
3360 1126 3605 1183 diabolus
3655 1133 3776 1185 est?

2203 1214 2415 1270 Dicebat
2459 1224 2632 1269 autem
2658 1214 2721 1267 de
2747 1213 2892 1268 Iuda
2935 1213 3143 1289 Simone
3182 1213 3452 1271 Scariotis.
3492 1218 3597 1272 Hic
3638 1223 3775 1273 enim

2206 1314 2318 1358 erat
2364 1320 2482 1358 eum
2528 1304 2843 1365 traditurus,
2870 1320 2989 1357 cum
3031 1314 3160 1359 esset
3204 1322 3340 1360 unus
3381 1323 3446 1360 ex
3473 1308 3772 1362 duodecim.

2209 1396 2361 1452 Unus
2392 1412 2459 1451 ex
2487 1396 2768 1451 duodenm
2794 1403 2928 1460 erat,
2962 1411 3071 1450 non
3104 1394 3230 1460 ﬁde,
3262 1396 3354 1451 sed
3379 1412 3640 1461 numero;
3670 1414 3775 1452 non

2207 1488 2454 1550 veritate,
2484 1488 2578 1541 sed
2620 1485 2982 1541 simulatione.
3025 1484 3133 1541 Sed
3177 1489 3446 1557 quomodo
3473 1489 3778 1559 intelligen-

2211 1577 2336 1631 dum
2361 1583 2462 1641 est,
2491 1592 2659 1630 nonne
2683 1593 2774 1645 ego
2801 1592 2886 1630 vos
2907 1575 3179 1631 duodecim
3204 1576 3350 1647 elegi,
3377 1578 3503 1633 dum
3526 1578 3617 1633 ille
3641 1596 3778 1635 unus

2210 1665 2352 1720 ﬁlius
2371 1664 2568 1719 diaboli
2597 1666 2793 1720 dicitur
2814 1680 2933 1720 esse
2958 1683 2970 1718 :
3006 1665 3109 1720 nisi
3139 1666 3263 1735 quia
3290 1667 3448 1720 aliter
3470 1667 3627 1721 electi
3652 1678 3778 1722 sunt

2214 1756 2291 1811 illi
2334 1756 2599 1817 undecim,
2632 1756 2788 1810 aliter
2818 1764 2872 1811 et
2918 1755 3006 1809 ille
3040 1756 3211 1810 unus?
3251 1756 3420 1811 Electi
3446 1765 3577 1811 sunt
3604 1758 3681 1812 illi
3721 1769 3780 1812 ut

539 1867 637 1907 nes
666 1852 937 1915 timerent,
960 1848 1203 1919 quamvis
1226 1861 1365 1900 unus
1384 1845 1603 1915 periret.
1637 1842 1741 1897 Sed
1763 1850 2110 1910 posteaquam
2145 1831 2188 1890 Β
2217 1854 2494 1900 manarent
2542 1846 2596 1899 in
2635 1845 2847 1901 Christo
2874 1886 2890 1911 ,
2947 1854 3003 1900 ει
3041 1855 3101 1901 ιιι
3138 1862 3304 1902 sonus
3352 1847 3570 1903 illorum
3611 1850 3781 1904 οιίνει

552 1940 691 1995 dixit
723 1949 777 1994 et
817 1938 1059 1992 distinxit
1087 1937 1366 1991 credentes
1400 1949 1435 2014 δ
1468 1949 1575 1988 non
1622 1932 1982 1994 credentibus,
2021 1942 2115 1983 ex-

539 2031 739 2101 pressit
764 2044 983 2084 causam
1028 2042 1192 2096 quare
1232 2042 1338 2081 non
1361 2025 1674 2080 credebant.
1708 2042 1726 2075 ι
1768 2022 1954 2093 (Vsus.
2000 2018 2113 2092 66.)

543 2120 824 2191 Propterea
854 2118 965 2172 dixi
988 2118 1149 2182 vobis,
1178 2115 1373 2185 inquit,
1402 2115 1525 2185 quia
1556 2128 1702 2167 nemo
1725 2119 1893 2182 potest
1920 2110 2091 2163 venire

545 2210 617 2264 ad
638 2226 734 2275 me,
754 2208 855 2262 nisi
880 2207 1033 2277 fuerit
1059 2207 1105 2259 ei
1125 2206 1306 2259 datum
1334 2222 1365 2257 a
1395 2202 1551 2256 Patre
1577 2218 1707 2255 meo.
1731 2200 1955 2254 Dabitur
1973 2197 2116 2253 enim

548 2312 581 2353 a
606 2298 767 2353 Patre
794 2296 1138 2352 credentibus
1172 2295 1321 2356 ﬁdes,
1354 2301 1415 2346 ut
1441 2305 1599 2345 nemo
1642 2289 1901 2360 glorietur
1925 2287 1980 2341 in
2014 2286 2118 2342 iide

546 2406 667 2455 sua,
708 2405 828 2459 qua:
869 2405 901 2443 a
939 2403 997 2443 se
1041 2402 1149 2442 non
1179 2391 1262 2441 est
1298 2383 1451 2454 quasi
1480 2382 1726 2454 propria,
1782 2380 1875 2436 sed
1919 2395 1952 2433 a
2008 2378 2117 2433 Deo

547 2482 695 2546 data,
726 2480 875 2551 quasi
905 2478 1100 2550 gratia.
1132 2476 1319 2549 (Vens.
1347 2475 1437 2549 6'7)
1464 2474 1549 2529 Ea:
1576 2474 1672 2527 hoc
1710 2472 1861 2527 multi
1890 2472 2118 2541 discipu—

547 2573 719 2626 lorum
750 2571 863 2640 ejus
893 2570 1132 2623 abierunt
1158 2576 1316 2633 retro,
1343 2577 1390 2621 et
1406 2566 1525 2636 jam
1551 2580 1655 2618 non
1679 2579 1793 2616 cum
1817 2560 1907 2615 illo
1936 2560 2119 2614 ambu-

545 2660 745 2716 labant.
782 2660 1030 2714 Abierant
1074 2668 1232 2724 retro,
1260 2672 1365 2712 non
1393 2663 1515 2726 post
1545 2654 1838 2719 Christum,
1874 2651 1968 2706 sed
1994 2659 2119 2721 post

528 2746 822 2810 Satanam.
866 2750 959 2807 Isti
1005 2758 1183 2806 autem
1224 2749 1302 2806 sic
1345 2748 1596 2817 abierunt
1643 2753 1810 2810 retro,
1852 2743 2118 2813 quomodo

545 2846 752 2918 praecisi
790 2861 821 2899 a
863 2857 1086 2913 corpore
1131 2842 1350 2907 Christi,
1401 2856 1501 2895 nec
1536 2840 1676 2894 ultra
1728 2836 2000 2891 redientes
2048 2834 2117 2888 ad

534 2930 692 3003 eum,
728 2936 848 3011 quia
879 2934 1045 2988 fortes
1071 2932 1221 3004 [Ms.,
1248 2930 1406 3003 forte]
1435 2930 1663 2985 ﬁdeliter
1682 2928 1737 2984 in
1760 2940 1983 2998 corpore
2004 2924 2120 2994 ejus

548 3043 656 3083 non
695 3026 930 3081 filerunt.
963 3025 1030 3079 Et
1074 3026 1130 3079 hi
1156 3040 1263 3078 non
1305 3022 1484 3094 pauci,
1515 3023 1608 3077 sed
1643 3021 1817 3076 multi.
1869 3039 1888 3071 ι
1923 3020 2120 3074 Audia-

550 3135 672 3176 mus
695 3133 842 3188 ergo,
875 3118 1003 3188 quid
1030 3117 1095 3171 ad
1129 3131 1328 3187 paucos
1356 3114 1572 3179 dixerit,
1603 3113 1695 3184 qui
1720 3117 2110 3166 remanserunt.

553 3209 738 3281 (Vens.
756 3208 865 3281 68.)
888 3208 1030 3262 Dixit
1047 3224 1167 3277 ergo
1193 3206 1346 3261 Iesus
1367 3205 1435 3259 ad
1456 3203 1769 3258 duodecim:
1794 3202 2043 3273 Nunquid
2068 3205 2115 3254 et

553 3318 639 3358 vos
677 3302 828 3355 vultis
852 3301 993 3354 abire
1013 3300 1037 3354 7
1056 3298 1172 3353 Non
1198 3298 1443 3354 discessit
1472 3311 1569 3350 nec
1594 3294 1761 3349 Iudas
1786 3312 1797 3347 :
1833 3294 1924 3348 sed
1950 3305 2116 3362 quare

553 3393 803 3448 manebat
846 3391 1072 3447 Domino
1094 3388 1207 3461 jam
1253 3389 1545 3459 apparebat
1572 3376 1774 3459 [nobis]
1804 3392 1988 3455 postea
2010 3397 2118 3437 ma-

551 3479 832 3536 nifestatus
866 3490 965 3535 est.
995 3478 1287 3550 Respondit
1312 3477 1501 3532 Petrds
1544 3491 1643 3547 pro
1681 3475 1945 3536 omnibus,
1979 3484 2119 3526 unus

551 3584 651 3640 pro
675 3570 875 3634 multis,
918 3570 1098 3623 unitas
1138 3583 1235 3638 pro
1263 3567 1428 3623 uultis
1477 3565 1661 3636 [Aug.,
1690 3561 1979 3633 universis]
2021 3560 2120 3614 Re-

561 3658 765 3729 spondit
794 3674 913 3728 ergo
950 3655 1133 3712 Simon
1164 3655 1351 3710 Petrus
1396 3671 1414 3709 :
1449 3652 1689 3719 Domine,
1738 3650 1807 3704 ad
1834 3655 1992 3720 quem‘
2023 3648 2123 3701 ibi-

552 3746 708 3799 mus?
733 3745 966 3815 Repellis
1004 3760 1102 3800 nos
1122 3761 1151 3800 a
1182 3755 1251 3809 te,
1299 3744 1365 3798 da
1394 3744 1550 3799 nobis
1577 3743 1807 3796 alterum
1840 3738 1939 3811 [te]
1977 3738 2123 3794 simi-

557 3835 665 3890 lem
701 3836 798 3901 tui,
845 3834 912 3889 ad
957 3850 1116 3904 quem
1159 3848 1362 3888 eamus.
1420 3830 1477 3886 Si
1509 3847 1538 3885 a
1574 3836 1627 3885 te
1675 3828 1997 3891 recedimus,
2055 3827 2123 3880 ad

558 3940 713 3995 quem
738 3925 973 3980 ibimus?
995 3924 1151 3996 [Aug.
1183 3940 1200 3978 :
1230 3923 1306 3978 Da
1334 3922 1491 3978 nobis
1519 3922 1746 3977 alterum
1774 3929 1845 3974 te.
1872 3919 1952 3972 Ad
1971 3934 2123 3990 quem

555 4015 782 4069 ibimus?
814 4016 858 4070 si
890 4030 919 4069 a
949 4022 1003 4069 te
1032 4015 1351 4078 recedimus,
1386 4013 1453 4068 ad
1481 4027 1642 4081 quem
1672 4009 1925 4081 ibimus'i]

626 4103 788 4159 Vsus.
823 4102 910 4158 69.
944 4134 1014 4144 --
1058 4101 1223 4156 Verba
1266 4103 1382 4158 vitae
1430 4111 1636 4157 (eterna:
1674 4100 1850 4155 habes.
1900 4099 2123 4163 Videte,

558 4195 1003 4263 quemadmodum
1053 4192 1283 4257 Petrus,
1329 4194 1491 4249 dante
1543 4191 1789 4257 Domino,
1847 4197 2126 4245 recreaate

560 4284 763 4353 Spiritu
797 4292 999 4347 sancto,
1046 4284 1326 4340 intellettit.
1368 4284 1538 4349 Unde,
1589 4284 1692 4338 nisi
1736 4282 1862 4351 quia
1902 4280 2128 4335 credidit

557 4373 721 4427 verba
758 4374 881 4428 vitae
926 4373 1083 4443 532
1139 4374 1394 4428 aeternae?
1446 4374 1625 4428 Vitam
1664 4373 1810 4426 enim
1872 4379 2126 4425 aeternam

2213 1954 2309 2009 per
2337 1940 2520 1995 orbem
2550 1946 2849 2003 terrarum;
2875 1939 3081 1994 electus
3106 1947 3188 1997 est
3217 1939 3305 1993 ille
3331 1955 3471 1995 unus
3488 1948 3549 1994 ut
3570 1942 3783 2009 dispen-

2213 2031 2351 2085 satio
2388 2030 2581 2084 divina:
2632 2029 3011 2084 misericordia:
3051 2028 3107 2083 in
3142 2029 3369 2083 salutem
3422 2030 3646 2084 humani
3693 2047 3781 2101 ge-

2213 2119 2361 2182 neris
2396 2119 2710 2189 impleretur
2745 2134 2842 2188 per
2882 2134 3024 2199 eum.
3074 2119 3226 2175 Unde
3263 2120 3479 2175 bonitas
3510 2121 3608 2177 Dei
3650 2122 3782 2177 bene

2213 2208 2464 2265 utebatur
2500 2210 2701 2264 malitia
2751 2211 2913 2275 illius,
2954 2212 3095 2266 sicut
3130 2211 3184 2266 in
3240 2214 3551 2268 venditione
3586 2213 3783 2283 Joseph

2212 2302 2351 2361 bene
2378 2316 2505 2355 usus
2541 2310 2624 2356 est
2654 2301 2796 2356 Deus
2837 2302 3039 2357 malitia
3078 2302 3301 2358 fratrum
3330 2302 3481 2374 (Gen.
3526 2306 3777 2377 xxxv"):

2214 2401 2275 2447 ut
2296 2408 2359 2446 ex
2381 2406 2542 2461 opere
2563 2391 2703 2463 malo
2730 2392 2940 2447 illorum
2965 2394 3178 2449 bonitas
3213 2394 3305 2449 Dei
3329 2396 3712 2450 ostenderetur
3730 2396 3781 2451 in

2216 2480 2628 2554 salutcmv[Ms.,
2676 2482 2873 2555 salute]
2920 2482 3230 2539 multorum.
3277 2483 3368 2539 Sic
3401 2485 3606 2540 malum
3640 2485 3787 2541 Iudae

2216 2573 2272 2627 in
2311 2574 2511 2627 bonum
2554 2587 2769 2627 versum
2811 2580 2896 2627 est
2940 2581 3203 2628 nostrum.
3237 2574 3389 2640 Quoi
3435 2572 3570 2629 facit
3616 2575 3786 2630 malus

2216 2665 2357 2720 male
2394 2665 2594 2721 utendo
2625 2665 2782 2721 bonis
2818 2665 2952 2729 Dei,
2993 2665 3095 2720 sibi
3132 2674 3309 2729 nocet,
3346 2681 3453 2720 non
3489 2667 3787 2720 bonitatem

2217 2759 2312 2814 Dei
2341 2759 2618 2816 destruere
2640 2759 2856 2828 poterit.
2893 2759 3070 2825 Quare
3111 2758 3393 2814 duodecim
3424 2757 3592 2829 elegit
3632 2756 3786 2813 Chri-

2218 2848 2372 2904 stus?
2411 2866 2430 2898 ‹
2495 2847 2868 2903 Duodenarius
2921 2862 3176 2902 numerus
3231 2854 3478 2901 sacratus
3523 2854 3628 2901 est.
3677 2845 3789 2899 Non

2218 2938 2362 2992 enim
2398 2936 2522 3006 quia
2551 2935 2711 3005 periit
2744 2935 2869 2989 inde
2909 2951 3066 3000 unus,
3103 2935 3223 2990 ideo
3258 2936 3400 2990 illius
3441 2936 3658 2989 numeri
3697 2936 3790 2988 ho~

2219 3040 2320 3080 nor
2355 3026 2635 3094 ademptus
2662 3033 2773 3090 est;
2804 3040 2929 3078 nam
2966 3024 3021 3078 in
3050 3024 3168 3079 loco
3206 3023 3478 3094 pereuntis
3506 3023 3649 3078 alius
3671 3025 3791 3077 sub-

2183 3151 2185 3183 ,
2221 3124 2441 3184 rogatus
2466 3122 2565 3170 est.
2597 3114 2789 3168 Mansit
2830 3129 3087 3169 numerus
3112 3120 3498 3178 consecratus,
3543 3112 3654 3166 hoc
3688 3120 3791 3176 est,

2217 3218 2474 3257 numerus
2517 3203 2911 3267 duolenarius;
2942 3204 3066 3271 quia
3093 3217 3191 3272 per
3218 3203 3527 3257 universum
3566 3201 3755 3257 orbem
3774 3241 3794 3265 ,

2216 3295 2318 3349 hoc
2364 3301 2467 3359 est,
2515 3307 2613 3363 per
2639 3300 2871 3361 quatuor
2921 3292 3170 3346 cardines
3220 3291 3427 3355 mundi,
3468 3291 3792 3345 Trinitatem

2216 3385 2394 3442 fuerat
2416 3385 2822 3440 annuutiaturus
2846 3381 2972 3454 [Ms.
3002 3392 3048 3437 et
3076 3381 3236 3453 Anq,
3261 3380 3474 3437 fuerant
3493 3383 3786 3436 annuntia-

2220 3475 2368 3547 turi].
2399 3475 2522 3530 ideo
2551 3483 2631 3528 ter
2650 3472 2898 3543 quaterni
2931 3491 2949 3524 ι
2982 3472 3138 3527 electi
3164 3480 3309 3537 sunt,
3335 3480 3395 3526 ut
3429 3481 3617 3526 sancta
3660 3471 3781 3539 Tri;

2216 3568 2359 3620 nitas
2378 3581 2475 3636 per
2501 3573 2730 3634 quatuor
2754 3571 2934 3634 partes
2960 3562 3109 3618 orbis
3132 3562 3532 3632 praedicaretur.
3566 3554 3703 3614 Nam
3720 3568 3785 3615 et

2219 3673 2391 3712 annus
2417 3655 2743 3710 duodenario
2782 3667 3008 3708 numero
3050 3653 3241 3718 currit,
3271 3661 3325 3708 et
3350 3653 3480 3706 ordo
3509 3652 3796 3722 signorum

2220 3750 2274 3804 in
2295 3750 2467 3816 caelis,
2492 3764 2590 3820 per
2607 3763 2726 3817 quae
2749 3748 2884 3805 solet
2906 3748 3032 3802 luna
3057 3761 3299 3810 currere,
3320 3754 3639 3811 noscuntur,
3659 3744 3793 3799 duo-

2222 3842 2442 3898 denario
2487 3854 2713 3894 numero
2757 3840 3158 3910 distinguuntur
3207 3838 3373 3893 :ideo
3418 3838 3521 3892 hoc
3570 3851 3797 3891 numero

2220 3932 2425 4004 primos
2452 3929 2833 3999 praedicatores
2857 3928 3001 3984 Deus
3028 3928 3276 3983 Christus
3309 3922 3506 3984 direxit
3540 3926 3597 3981 in
3640 3942 3795 3981 mun.

2223 4022 2369 4076 dum.
2403 4018 2510 4072 Nec
2539 4032 2793 4072 numerus
2821 4014 2954 4071 Juda
3002 4026 3259 4085 pereunte
3300 4014 3529 4070 violatus
3555 4023 3658 4080 est,
3703 4015 3797 4069 scd

2225 4109 2361 4163 alius
2388 4108 2506 4178 ejus
2533 4107 2651 4161 loco
2685 4107 3023 4174 subrogatus.
3056 4105 3133 4157 De
3178 4104 3332 4175 cujus
3369 4105 3580 4158 numeri
3611 4120 3795 4159 sacra-

2228 4202 2431 4256 tissima
2458 4197 2843 4270 signiﬁcatione
2869 4197 2981 4267 ipse
3009 4196 3257 4251 Christus
3288 4197 3342 4250 in
3378 4196 3668 4267 Evangelio
3699 4200 3796 4256 ait.

2225 4288 2292 4344 de
2328 4287 2776 4343 excellentissima
2820 4295 3128 4341 sanctorum
3174 4284 3339 4356 gloria
3386 4298 3401 4338 :
3442 4276 3576 4338 Cum
3620 4295 3797 4338 autem

2227 4380 2414 4434 sederit
2450 4376 2622 4431 Filius
2646 4376 2870 4430 hominis
2907 4368 2963 4429 in
3008 4376 3128 4428 sede
3157 4368 3445 4444 majestatis
3488 4391 3618 4435 sum,
3645 4374 3797 4428 sede-

558 4462 726 4514 habes
760 4461 814 4514 in
862 4462 1256 4516 ministratione
1311 4463 1554 4530 corporis
1589 4469 1645 4515 et
1700 4460 1976 4528 sanguinis
2027 4459 2115 4512 tui.

2230 4471 2346 4524 bilis
2380 4478 2429 4523 et
2456 4486 2541 4523 vos
2569 4484 2723 4538 super
2761 4466 2904 4521 sedes
2939 4466 3233 4530 duodecim,
3257 4464 3557 4535 judicantes
3600 4464 3797 4518 duode~

559 4548 741 4618 (Vnus.
787 4548 898 4621 70.)
936 4551 1004 4602 Et
1032 4567 1122 4603 nos
1151 4551 1463 4605 credidimus
1488 4591 1504 4615 ,
1538 4562 1584 4605 et
1633 4551 1981 4620 cognovimus.
2011 4551 2126 4605 Non

568 4638 920 4707 cognovimus
945 4646 997 4694 et
1043 4639 1398 4706 credidimus;
1448 4640 1541 4695 sed
1585 4638 1911 4694 credidimus
1957 4647 2010 4693 et
2044 4655 2135 4694 co-

2233 4558 2333 4610 cim
2362 4556 2525 4610 tribus
2551 4554 2719 4610 Israel
2749 4554 2961 4626 (Matth.
2990 4570 3104 4621 xxx,
3129 4553 3240 4626 28).

568 4772 3784 4799 W

1747 4894 1846 4969 L1
1860 4892 2044 4967 BER
2095 4888 2599 4981 QUARTUS.

1150 5086 1376 5143 CAPUT
1415 5085 1575 5144 XVII.

560 5177 775 5249 Iudicis
792 5175 1078 5249 interﬁcere
1105 5192 1222 5249 eum
1247 5180 1596 5249 querentibus
1615 5220 1629 5244 ,
1671 5180 1903 5234 ascendit
1933 5179 2128 5233 occulte

630 5247 699 5301 ad
722 5247 859 5318 diem
888 5244 1075 5318 festum
1106 5244 1454 5318 Scenopegite,
1489 5249 1576 5303 ubi
1596 5249 1797 5304 diversa
1821 5249 1885 5303 de
1909 5266 1969 5303 eo
1994 5249 2126 5303 etab

631 5317 977 5388 eodicuntur.
1013 5316 1078 5388 Et
1104 5316 1389 5388 quwrentes
1427 5334 1545 5371 eum
1589 5318 1990 5388 apprehendere.
2040 5335 2129 5373 ne—

630 5386 919 5456 quiverunt.
949 5386 1070 5456 quia
1094 5384 1322 5439 nondum
1345 5396 1548 5442 venerat
1576 5384 1704 5440 hora
1734 5388 1866 5458 ejus.

629 5475 811 5532 CAPUT
850 5492 947 5540 vn,
985 5476 1146 5532 Vens.
1180 5476 1229 5531 i.
1256 5507 1327 5518 —
1372 5475 1498 5533 Post
1534 5476 1665 5542 ha’c,
1695 5474 1867 5549 inquit
1897 5484 2127 5551 evange-

556 5567 703 5633 lista,
731 5567 1030 5622 ambulabat
1050 5565 1085 5620 I
1090 5584 1206 5621 esus
1225 5570 1280 5623 in
1301 5566 1594 5623 Galila'am.
1626 5566 1747 5623 Non
1767 5572 1902 5623 enim
1928 5570 2126 5625 uolebat

626 5717 902 5791 sS.Ang.,
933 5729 1089 5775 tract.
1120 5738 1305 5786 “nn,
1335 5739 1479 5777 num.
1510 5724 1621 5789 2-4,
1661 5723 1712 5791 6,
1740 5725 1793 5787 8,
1828 5723 2012 5778 1042.

2228 5109 2286 5163 in
2327 5104 2573 5160 Iudwam
2626 5093 2914 5167 ambulare,
2960 5112 3084 5174 quia
3129 5094 3426 5173 quarrebant
3465 5118 3585 5156 eum
3620 5098 3797 5155 Iudai

2227 5197 2534 5266 interﬁcere.
2591 5212 2609 5245 ι
2668 5207 2693 5234 ι
2750 5194 2861 5249 Hoc
2916 5194 3215 5249 inﬁrmitati
3265 5202 3464 5249 nostra:
3526 5192 3798 5266 przebebat

2230 5286 2556 5358 exemplum.
2595 5282 2711 5340 Non
2742 5283 2856 5355 ipse
2889 5282 3196 5355 perdiderat
3218 5292 3562 5354 potestatem,
3586 5284 3678 5339 sed
3702 5298 3797 5336 no-

2230 5387 2401 5436 stram
2428 5377 2802 5434 consolabatur
2823 5374 3184 5445 fragilitatem.
3208 5369 3472 5427 Futurum
3492 5372 3638 5427 enim
3658 5380 3793 5435 erat,

2232 5477 2291 5525 ut
2319 5471 2449 5536 dixi,
2498 5477 2558 5523 ut
2584 5467 2776 5539 aliquis
2820 5465 2991 5521 ﬁdelis
3018 5463 3132 5533 ejus
3177 5463 3530 5519 absconderet
3555 5477 3633 5525 se,
3672 5475 3739 5515 ne
3763 5474 3795 5514 a

2232 5558 2668 5633 persecutoribus
2714 5556 3071 5621 inveniretur;
3122 5560 3177 5609 et
3220 5567 3288 5609 ne
3323 5552 3397 5607 illi
3432 5566 3531 5623 pro
3573 5550 3796 5609 crimine
