4074 6468
223 458 319 516 841

1026 455 1435 514 EXEGETICA.
1474 450 1918 512 —-COMMENT.
1959 450 2028 508 IN
2063 449 2254 508 JOAN.
2282 480 2353 493 —
2376 449 2506 508 LIB.
2543 448 2635 505 ιν.

3355 453 3464 513 διε

225 569 542 641 objiceretur
567 566 878 635 latibulum,
904 570 1181 640 praecessit
1212 570 1268 624 in
1304 568 1498 641 capite,
1545 567 1688 638 quod
1728 566 1783 622 in
1809 571 1862 632 Δ
1885 565 2089 638 gloriae,
2117 565 2242 635 quia
2269 565 2363 634 qui
2387 564 2534 619 venit
2557 563 2613 617 in
2641 561 2964 628 humilitate,
2987 563 3163 620 veniet
3188 564 3249 622 in
3273 565 3461 624 altitu-

225 664 482 724 membris
501 663 934 721 confirmaretur.
967 683 987 719 ι
1016 663 1196 720 Potuit
1225 665 1370 720 enim
1401 663 1651 720 Christus
1679 677 1793 717 am-

225 754 409 812 bulare
433 754 490 810 in
515 751 754 811 Iudaeam
784 754 938 828 [Ms.,
967 756 1109 811 inter
1126 755 1360 829 Iudaeos]
1387 765 1441 810 et
1469 770 1576 811 non
1598 755 1792 820 occidi,

225 841 316 914 qui
345 840 460 896 ait:
492 838 811 898 Potestatem
838 843 1000 898 habeo
1023 842 1247 914 ponendi
1275 843 1506 897 animam
1530 857 1720 907 meam,
1746 849 1795 895 et

225 943 526 1008 potestatem
550 934 713 990 habeo
741 936 929 990 iterum
969 936 1211 991 sumendi
1245 952 1359 990 eam
1383 933 1566 1008 (Joan.
1594 951 1650 1001 x,
1681 933 1792 1006 18).

226 1025 374 1081 Hanc
396 1032 720 1096 potestatem
743 1026 976 1082 ostendit
1002 1025 1128 1082 dum
1154 1024 1342 1092 voluit,
1371 1039 1495 1081 cum
1523 1024 1592 1079 ad
1607 1037 1796 1079 vocem

227 1115 371 1172 illius
400 1123 546 1172 retro
585 1117 898 1173 ceciderunt
921 1118 1013 1188 qui
1043 1132 1164 1173 eum
1194 1132 1317 1172 cum
1343 1116 1509 1171 armis
1535 1119 1799 1172 venerunt

225 1207 649 1281 apprehendere.
682 1207 866 1282 (Vens.
894 1209 973 1282 2.)
991 1209 1120 1264 Erat
1147 1217 1321 1264 autem
1345 1209 1402 1262 in
1426 1207 1663 1280 proximo
1686 1205 1797 1261 dies

226 1301 390 1372 festus
437 1301 746 1358 Iudceorum
795 1301 1110 1373 Scenopegia
1175 1301 1320 1374 [Ms.,
1380 1295 1794 1370 Scenophagiw].

223 1393 558 1468 Scenopegia
582 1403 669 1451 est
690 1394 804 1452 dies
831 1393 999 1450 festus
1029 1409 1135 1464 quo
1155 1392 1325 1449 Judaei
1354 1406 1538 1448 mense
1569 1391 1798 1462 septimo

224 1485 279 1542 in
308 1485 679 1544 tabernaculis
703 1484 803 1541 sub
842 1486 1008 1541 ramis
1038 1486 1294 1540 arborum
1331 1484 1580 1540 habitare
1610 1482 1800 1538 diebus

221 1587 434 1651 septem
452 1575 780 1646 jubebantur
799 1578 867 1633 ad
910 1577 1226 1633 memoriam
1251 1575 1598 1632 habitationis
1639 1573 1797 1644 533

223 1671 441 1728 illorum
467 1670 525 1724 in
562 1682 763 1724 eremo.
804 1668 910 1724 lstc
937 1677 1056 1724 erat
1084 1667 1198 1724 dies
1239 1665 1410 1722 festus
1442 1679 1602 1736 quem
1629 1662 1798 1719 Judaei

183 1788 188 1792 -
223 1775 426 1832 magna
470 1757 810 1816 solemnitate
845 1757 1214 1823 celebrabant,
1255 1755 1403 1812 velut
1445 1753 1800 1809 reminiscen-

175 1852 190 1884 τ
224 1861 308 1909 tes
350 1851 733 1908 beneficiorum
760 1849 993 1915 Domini,
1041 1849 1134 1920 qui
1176 1863 1268 1905 eos
1311 1847 1499 1902 eduxit
1545 1845 1610 1901 de
1654 1853 1801 1900 terra

1893 658 2046 725 dine;
2073 658 2167 728 qui
2193 656 2342 712 venit
2374 653 2718 726 iudicandus,
2762 655 2944 710 veniet
2961 653 3330 727 iudicaturus;
3372 661 3463 730 qui

1891 752 2041 808 venit
2081 749 2256 807 occidi
2291 765 2322 803 a
2352 750 2602 815 mortuis,
2629 747 2810 804 veniet
2845 745 3091 815 judicare
3132 749 3200 806 de
3244 750 3384 806 vivis
3411 761 3468 807 et

1893 843 2141 899 mortuis.
2192 841 2378 915 (Vsus.
2427 839 2506 912 8.)
2562 837 2665 896 Vos
2713 840 2974 895 ascendite
3003 839 3074 895 ad
3115 840 3254 895 diem
3279 841 3466 912 festum

1892 935 2052 990 hunc.
2113 952 2134 988 ι
2165 933 2304 1002 Quid
2349 942 2432 990 est
2457 934 2614 989 'hunc
2644 934 2670 988 2
2733 933 2838 990 Ubi
2906 934 3131 1005 gloriam
3178 935 3467 992 humanam

1894 1027 2155 1097 quaeritis.
2207 1025 2346 1093 Quid
2373 1034 2459 1083 est
2485 1026 2664 1080 hunc?
2706 1025 2809 1082 Ubi
2832 1027 3125 1083 extendere
3160 1026 3469 1084 vultisear-

1895 1118 2038 1172 nalia
2067 1117 2278 1190 gaudia,
2305 1133 2412 1172 non
2437 1125 2638 1172 aeterna
2666 1117 2926 1188 cogitare.
2959 1115 3074 1188 Ego
3101 1133 3208 1173 non
3230 1117 3469 1185 {ascende

1895 1209 1965 1264 ad
1995 1209 2132 1263 diem
2178 1207 2370 1279 festum
2414 1207 2571 1272 hunc,
2606 1207 2731 1279 quia
2777 1224 2949 1262 meum
2994 1217 3194 1279 tempus
3236 1208 3472 1264 nondum

1894 1299 2163 1372 impletum
2187 1309 2284 1355 est.
2296 1300 2357 1355 In
2381 1299 2468 1355 die
2483 1300 2628 1355 enim
2647 1297 2786 1356 festo
2802 1299 2907 1356 hoc
2922 1300 3147 1373 gloriam
3162 1314 3263 1357 vos
3277 1303 3472 1358 buma-

1897 1407 2024 1446 nam
2050 1391 2308 1462 quaeritis,
2325 1405 2506 1446 meum
2531 1405 2660 1446 vero
2681 1399 2913 1461 tempus,
2929 1392 3099 1459 idest,
3115 1392 3300 1464 gloriae
3311 1407 3468 1458 meat,
3576 1394 3577 1397 “

1897 1474 2138 1538 nondum
2161 1482 2331 1540 venit.
2344 1481 2462 1553 ipse
2490 1482 2594 1538 erit
2619 1483 2735 1538 dies
2769 1481 2939 1538 festus
2963 1498 3136 1549 meus,
3159 1498 3266 1540 non
3287 1483 3475 1540 diebus

1900 1573 2018 1630 istis
2041 1589 2364 1644 percurrens
2389 1573 2572 1649 [Aug.,
2604 1575 2962 1649 praacurrens]
2989 1584 3045 1632 et
3070 1578 3363 1644 transiens,
3381 1577 3477 1633 sed

1897 1679 2223 1735 permanens
2243 1666 2299 1723 in
2316 1675 2597 1723 aeternum.
2624 1667 2744 1738 Ipsa
2765 1668 2872 1723 erit
2910 1666 3188 1732 festivitas,
3222 1667 3477 1738 gaudium

1898 1757 2016 1814 sine
2037 1756 2162 1824 fine,
2186 1759 2460 1815 aeternitas
2483 1759 2600 1815 sine
2618 1758 2758 1824 labe,
2790 1759 3054 1816 serenitas
3074 1761 3192 1816 sine
3217 1760 3379 1817 nube.

1972 1847 2136 1905 Vsus.
2163 1849 2217 1906 9.
2245 1877 2322 1893 --
2345 1848 2477 1904 Hac
2505 1865 2624 1903 cum
2653 1849 2888 1914 dixisset,
2920 1850 3030 1921 ipse
3052 1851 3247 1905 mansit
3286 1851 3343 1904 in
3371 1847 3481 1904 Ga-

174 1935 187 1953 ⁸
224 1940 471 2014 Egypti.
509 1941 635 1997 Dies
671 1939 840 1995 festus
881 1953 1032 1994 more
1075 1936 1383 1993 Judzeorum
1421 1935 1652 2000 dicitur,
1689 1948 1799 1989 non
1827 1942 1876 2006 Β
1901 1937 2062 1993 ιὶιωα.
2109 1937 2178 1994 Ut
2214 1948 2390 1994 autem
2445 1940 2787 1995 ascenderunt
2841 1941 3032 2010 fratres
3087 1942 3220 2013 ejus,
3271 1950 3395 1997 tunc
3434 1953 3486 1997 et

223 2013 531 2098 unusdies,
580 2033 675 2090 sed
717 2038 981 2102 quotquot
1027 2029 1168 2085 illius
1199 2013 1518 2083 festivitatis
1545 2025 1762 2080 fuerunt
1785 2063 1802 2090 ,

226 2125 390 2196 quasi
417 2140 586 2180 unum
627 2123 769 2180 diem
815 2121 1012 2178 festum
1043 2128 1265 2193 propter
1303 2119 1463 2174 unius
1497 2116 1807 2173 festivitatis

223 2215 672 2272 consuetudinem
703 2213 985 2270 nominare
1017 2211 1276 2268 solebant.
1306 2208 1492 2283 (Vens.
1520 2206 1600 2280 5.)
1646 2207 1808 2262 Dixe-

223 2315 354 2362 runt
378 2323 502 2378 ergo
533 2307 602 2360 ad
629 2323 746 2360 eum
773 2305 962 2375 fratres
996 2303 1109 2374 ejus
1135 2319 1152 2357 :
1194 2301 1383 2356 Transi
1414 2301 1556 2366 hinc,
1595 2307 1642 2353 et
1676 2297 1808 2352 uade

220 2398 282 2451 in
331 2397 601 2452 Judteam.
632 2415 652 2449 ›
695 2395 912 2450 Fratres
943 2394 1156 2449 Domini
1203 2391 1561 2447 usitatissimo
1607 2395 1809 2444 sanctae

223 2488 531 2557 Scriptura:
557 2500 706 2542 more
744 2484 1124 2556 consanguinei
1153 2491 1352 2537 sanctae
1381 2480 1562 2535 Mariae
1597 2491 1812 2548 semper

220 2578 465 2649 virginis
507 2578 844 2634 dicebantur.
891 2575 1027 2631 Nam
1067 2574 1343 2630 Abraham
1377 2581 1434 2628 et
1480 2571 1583 2628 Lot
1614 2571 1813 2626 fratres

223 2677 363 2726 sunt
389 2669 540 2735 dicti,
571 2685 695 2725 cum
719 2668 996 2724 Abraham
1029 2675 1258 2738 patruus
1289 2672 1435 2720 esset
1460 2664 1592 2731 Lot;
1621 2670 1677 2718 et
1704 2662 1812 2716 La-

224 2761 340 2816 ban
371 2765 426 2814 et
471 2758 636 2814 Jacob
681 2757 878 2813 fratres
923 2764 1050 2812 sunt
1095 2756 1244 2820 dicti,
1289 2769 1411 2810 cum
1458 2760 1602 2808 esset
1629 2750 1813 2806 Laban

224 2851 532 2908 avunculus
574 2849 738 2906 Jacob
764 2847 915 2920 (Gen.
967 2864 1077 2911 xxv,
1120 2847 1206 2913 l4,
1243 2857 1290 2901 et
1330 2860 1480 2911 xxix,
1527 2842 1637 2916 15).
1679 2841 1814 2898 Cum

225 2960 366 3016 ergo
401 2942 679 2998 audieritis
705 2940 902 2996 fratres
926 2939 1160 3004 Domini,
1203 2937 1386 2994 Mariae
1413 2937 1648 3008 cogitate
1686 2947 1816 2990 con-

227 3035 678 3109 sanguinitatem,
712 3048 821 3089 non
857 3033 1054 3088 iterum
1086 3031 1349 3103 parientis
1376 3029 1542 3084 ullam
1568 3026 1819 3100 propagi-

227 3143 384 3182 nem.
433 3145 452 3178 ‹
484 3126 727 3181 Diximus
752 3123 952 3180 fratres
991 3123 1083 3193 qui
1111 3121 1338 3187 fuerint;
1379 3119 1661 3175 audiamus
1687 3117 1818 3188 quid

227 3221 493 3276 dixerint.
528 3218 715 3273 Transi
735 3219 875 3284 hinc,
901 3225 950 3272 et
977 3215 1106 3271 vade
1129 3217 1186 3270 in
1212 3213 1478 3278 Iudaeam,
1507 3221 1565 3266 ut
1593 3219 1642 3265 et
1661 3211 1818 3265 disci-

1904 2030 2015 2101 ipse
2059 2029 2289 2084 ascendit
2338 2029 2408 2084 ad
2459 2029 2597 2084 diem
2644 2029 2851 2099 festum,
2911 2047 3015 2085 non
3041 2015 3355 2101 manifeste,
3392 2028 3485 2086 sed

1905 2121 2058 2192 quasi
2099 2122 2155 2175 in
2183 2120 2405 2176 occulto.
2441 2139 2460 2172 ε
2490 2120 2614 2176 Ideo
2640 2137 2749 2176 non
2777 2121 2847 2176 ad
2876 2122 3018 2178 diem
3059 2122 3258 2177 festum
3305 2122 3484 2189 hunc,

1908 2216 2034 2285 quia
2062 2231 2166 2270 non
2189 2215 2413 2287 gloriam
2445 2212 2594 2286 [Ms.,
2625 2213 2869 2286 gloriari]
2901 2215 3276 2284 temporaliter
3301 2214 3485 2286 cupie-

1908 2307 2022 2370 bat,
2054 2306 2148 2361 sed
2188 2305 2390 2374 aliquid
2424 2307 2618 2361 docere
2643 2304 2951 2371 salubriter,
2991 2306 3264 2375 corrigere
3309 2304 3488 2364 homi-
3565 2380 3568 2384 η

1910 2412 2028 2462 nes,
2062 2397 2130 2452 de
2153 2397 2239 2452 die
2265 2395 2406 2452 festo
2439 2404 2641 2453 aeterno
2668 2395 2976 2462 admonere,
3020 2411 3260 2452 amorem
3298 2410 3488 2454 eorum

1912 2490 1981 2544 ab
2029 2490 2133 2545 hoc
2176 2488 2374 2545 saeculo
2425 2497 2690 2555 avertere,
2736 2498 2794 2546 et
2832 2491 2886 2546 in
2931 2487 3100 2543 Deum
3151 2496 3486 2545 convertere.

1913 2578 2051 2646 Quid
2078 2587 2161 2636 est
2181 2587 2359 2636 autem
2380 2579 2523 2649 quod
2543 2579 2698 2650 quasi
2728 2579 2959 2636 latenter
2982 2579 3225 2636 ascendit
3256 2579 3326 2634 ad
3345 2578 3488 2634 diem

1914 2668 2150 2726 festum?
2175 2685 2281 2727 non
2309 2679 2468 2726 vacat
2489 2679 2544 2726 et
2570 2671 2676 2728 hoc
2697 2671 2793 2727 Dei
2821 2670 2976 2743 [Ms.,
3004 2669 3241 2743 Domini]
3270 2685 3425 2741 opus.
3467 2691 3486 2724 ι

1915 2760 2054 2816 Nam
2081 2775 2269 2817 omnes
2298 2761 2416 2817 dies
2454 2760 2579 2817 festi
2609 2761 2914 2818 Judazorum
2953 2762 3010 2817 in
3038 2761 3210 2834 ﬁgura
3255 2760 3492 2816 fuerunt.

1915 2853 2041 2909 Ideo
2069 2853 2316 2910 Christus
2341 2854 2573 2910 latenter
2595 2855 2940 2911 ascendebat
2967 2855 3024 2910 in
3053 2854 3151 2921 eis,
3177 2854 3302 2924 quia
3339 2851 3495 2908 Chri-

1917 2953 2036 3001 stus
2081 2945 2240 3000 latuit
2291 2946 2347 3001 in
2394 2945 2518 3001 illis.
2560 2945 2762 3016 Populo
2804 2961 2932 3001 vero
2983 2945 3152 3016 priori
3209 2944 3453 3001 occultus
3474 2983 3492 3009 ,

1918 3036 2078 3092 modo
2105 3051 2234 3092 vero
2261 3036 2473 3092 meliori
2499 3037 2694 3108 populo
2724 3036 3076 3104 manifestus;
3115 3036 3242 3107 quia
3271 3035 3364 3092 ille
3390 3050 3488 3106 po-

1917 3128 2076 3198 pulus
2112 3129 2167 3183 in
2194 3129 2386 3184 umbra
2415 3130 2626 3200 agebat,
2658 3144 2757 3185 nos
2779 3143 2910 3186 vero
2944 3127 3230 3184 manifesta
3272 3128 3394 3184 luce
3412 3127 3497 3184 fa-

1919 3220 2110 3274 cimus.
2149 3219 2302 3275 Licet
2327 3220 2545 3290 quidam
2573 3220 2873 3291 intelligere
2899 3221 3069 3276 velint
3103 3221 3246 3276 hanc
3282 3220 3497 3276 Domini

227 3313 346 3384 puli
375 3313 455 3367 tui
502 3311 709 3366 uideant
737 3327 894 3383 opera
939 3319 1031 3364 tua
1065 3324 1182 3382 qua:
1211 3307 1365 3379 facis.
1399 3304 1574 3376 Opera
1604 3302 1818 3358 Domini
1842 3301 1892 3366 Ο
1919 3311 2350 3382 responsionem,
2378 3327 2484 3382 qua
2511 3312 2588 3366 ait
2623 3329 2637 3365 :
2672 3311 2788 3382 Ego
2817 3329 2923 3367 non
2947 3311 3196 3367 .ascendo
3243 3312 3313 3366 ad
3359 3312 3498 3365 diem

229 3402 534 3475 discipulos
560 3418 668 3459 non
694 3402 964 3467 latebant,
995 3400 1090 3455 sed
1118 3400 1250 3454 istos
1276 3395 1533 3452 latebant.
1555 3394 1648 3450 Isti
1670 3394 1815 3449 enim

228 3493 462 3563 fratres,
488 3495 543 3551 id
572 3502 655 3552 est
681 3492 1064 3565 consanguinei
1093 3490 1315 3555 Christi,
1359 3486 1818 3558 consanguineum

230 3587 519 3646 Christum
565 3587 769 3642 habere
794 3591 1108 3656 potuerunt,
1145 3581 1368 3637 credere
1396 3588 1578 3635 autem
1605 3577 1660 3632 in
1693 3590 1819 3632 eum

233 3680 357 3751 ipsa
401 3678 796 3751 propinquitate
823 3675 1183 3731 fastidierunt.
1213 3672 1337 3727 Ideo
1378 3670 1631 3727 continuo
1656 3683 1820 3723 evan-

232 3773 435 3844 gelista
477 3777 696 3827 secutus
722 3777 842 3825 est:
875 3767 1060 3840 (Vens.
1087 3764 1166 3838 4.)
1216 3764 1397 3837 Neque
1442 3764 1581 3818 enim
1629 3761 1820 3832 fratres

234 3866 354 3936 ejus
385 3863 661 3919 credebant
688 3864 744 3917 in
763 3878 902 3916 eum.
933 3860 1110 3929 Quare
1135 3859 1190 3914 in
1217 3873 1339 3914 eum
1366 3872 1474 3912 non
1499 3853 1822 3912 credebant?

234 3959 383 4026 Quia
430 3959 721 4013 humanam
750 3954 977 4028 gloriam
1003 3950 1371 4022 requirebant,
1420 3969 1439 4000 ι
1473 3948 1714 4003 dicentes
1753 3943 1822 3998 ad

238 4065 374 4105 eum
401 4065 416 4104 :
444 4047 632 4103 Transi
659 4048 796 4112 hinc,
819 4056 866 4102 et
896 4045 1024 4100 vade
1044 4045 1101 4098 in
1122 4042 1390 4106 Judwam,
1421 4046 1479 4093 ut
1501 4047 1551 4092 et
1577 4035 1822 4106 discipuli

235 4143 318 4195 tui
366 4139 578 4195 videant
622 4155 778 4211 opera
807 4146 929 4204 tua,
979 4151 1096 4208 qua:
1135 4134 1288 4205 facis.
1329 4130 1516 4204 (Vsus.
1543 4127 1622 4199 5.)
1654 4125 1822 4182 Nemo

236 4233 436 4304 quippe
460 4233 517 4286 in
547 4230 747 4286 occulto
769 4228 969 4300 aliquid
989 4227 1137 4298 facit,
1161 4234 1209 4280 et
1229 4225 1416 4297 quaerit
1435 4223 1544 4294 ipse
1569 4223 1626 4276 in
1647 4219 1824 4292 palam

236 4339 379 4379 esse.
414 4321 473 4378 Si
517 4323 628 4378 hcec
657 4322 810 4392 facis,
846 4320 1126 4390 manifesta
1166 4319 1386 4388 teipsum
1415 4313 1630 4369 mundo.
1686 4311 1824 4367 Nam

235 4410 330 4468 his
361 4412 544 4467 verbis
571 4411 873 4466 ostenditur
901 4409 1126 4480 gloriam
1154 4407 1296 4462 illius
1345 4402 1636 4461 carnaliter
1680 4417 1826 4472 qum-

238 4520 374 4563 rere
404 4518 530 4570 eos;
561 4503 714 4573 quasi
739 4502 1002 4557 dixissent
1029 4517 1042 4554 :
1079 4501 1235 4556 Facis
1260 4498 1546 4565 mirabilia,
1574 4498 1669 4553 sed
1701 4497 1824 4552 abs-

1920 3402 2110 3470 festum
2153 3404 2311 3470 hunc,
2369 3403 2439 3458 ad
2481 3404 2784 3474 passionem
2846 3403 2991 3459 illius
3040 3404 3332 3472 pertinere,
3394 3419 3500 3472 qua

1921 3492 2076 3567 [Ms.,
2131 3491 2282 3567 quia]
2327 3491 2576 3549 Christus
2612 3510 2720 3549 non
2783 3495 2839 3549 in
2886 3494 3181 3550 festivitate
3230 3492 3502 3563 Scenope-

1918 3586 2040 3656 gite,
2067 3586 2162 3640 sed
2187 3585 2243 3639 in
2271 3583 2564 3640 festivitate
2588 3584 2850 3654 paschali,
2876 3600 2983 3656 qua
3008 3600 3178 3656 agnus
3199 3586 3372 3641 occidi
3398 3601 3490 3641 so-

1918 3676 2082 3742 lebat,
2124 3689 2340 3732 crucem
2381 3677 2644 3732 ascendit.
2689 3675 2875 3749 (Vens.
2908 3673 3019 3750 11.)
3062 3694 3081 3728 t
3110 3674 3291 3731 Judaei
3321 3685 3495 3732 autem

1919 3764 2217 3836 quterebant
2245 3781 2363 3819 eum
2406 3765 2465 3820 in
2491 3764 2576 3820 die
2605 3765 2738 3836 festo
2761 3806 2778 3833 ,
2831 3774 3120 3836 antequam
3159 3765 3493 3822 ascenderet.

1920 3853 2138 3910 Priores
2151 3855 2296 3910 enim
2317 3853 2515 3912 fratres
2539 3855 2920 3924 ascenderunt,
2943 3866 2998 3912 et
3024 3874 3131 3914 non
3159 3867 3289 3914 tunc
3311 3871 3501 3912 ascen-

1923 3946 2002 4001 dit
2031 3945 2140 4010 ille,
2171 3945 2389 4016 quando
2438 3945 2514 4002 illi
2546 3949 2814 4017 putabant
2841 3955 2896 4003 et
2925 3948 3213 4005 volebant:
3243 3941 3303 4004 ut
3340 3949 3503 4004 etiam

1922 4035 2028 4090 hoc
2064 4034 2401 4106 impleretur,
2431 4037 2576 4106 quod
2615 4039 2693 4092 ait
2721 4055 2735 4092 :
2765 4037 2891 4092 Non
2918 4039 2987 4093 ad
3019 4041 3176 4105 hunc,
3201 4039 3255 4094 id
3279 4051 3395 4105 est,
3431 4039 3501 4095 ad

1923 4141 2085 4196 quem
2107 4141 2204 4182 vos
2223 4126 2407 4194 vultis,
2433 4128 2667 4199 primum
2698 4129 2783 4184 vel
2812 4129 3107 4185 secundum
3135 4129 3296 4186 diem.
3342 4128 3504 4202 53E

1921 4215 2180 4272 Ascendit
2199 4225 2377 4273 autem
2401 4225 2610 4289 postea,
2642 4227 2702 4274 ut
2729 4217 3081 4290 Evangelium
3111 4220 3369 4290 loquitur,
3392 4237 3500 4274 me-

1924 4309 2100 4363 diante
2131 4307 2288 4382 [Aug.
2330 4318 2386 4364 et
2415 4309 2537 4376 Ms.,
2566 4309 2818 4382 mediato]
2848 4309 2934 4364 die
2959 4310 3114 4381 festo,
3147 4312 3202 4367 id
3231 4321 3334 4376 est,
3377 4328 3500 4367 cum

1921 4398 2038 4472 jam
2063 4399 2207 4456 illius
2235 4400 2343 4456 diei
2367 4400 2490 4457 festi
2534 4408 2616 4456 tot
2661 4400 2777 4456 dies
2803 4401 3212 4472 praeteriissent,
3245 4411 3376 4472 quot
3421 4419 3505 4458 re-

1926 4494 2272 4549 mansissent.
2301 4492 2478 4564 lpsam
2496 4493 2640 4549 enim
2670 4492 3038 4561 festivitatem,
3071 4502 3330 4565 quantum
3353 4495 3506 4552 intel-

239 4596 446 4654 condis
492 4604 575 4663 te;
607 4595 778 4650 transi
807 4595 863 4649 in
894 4591 1153 4659 Iudaeam,
1193 4600 1252 4647 ut
1281 4592 1614 4664 principatus
1651 4590 1827 4661 gentis
1860 4661 1881 4664 _
1927 4582 2202 4656 ligendum
2229 4593 2332 4652 est,
2362 4585 2553 4643 diebus
2579 4585 2830 4656 plurimis
2855 4585 3220 4643 celebrabant.

240 4697 301 4745 et
323 4689 524 4745 civitas
562 4661 728 4758 caput
769 4686 919 4757 regni
963 4685 1182 4740 videant
1211 4661 1479 4738 mirabilia
1508 4689 1619 4736 tua.
1668 4681 1827 4738 lnno—
1855 4661 1906 4723 ί)
2000 4675 2164 4732 Vsus.
2228 4676 2316 4731 12.
2369 4706 2442 4718 -
2491 4676 2744 4732 Dicebant
2788 4694 2910 4748 ergo
2950 4693 2970 4731 :
3017 4675 3116 4732 Ubi
3158 4689 3236 4734 est
3261 4679 3395 4736 ille?
3439 4681 3510 4735 Et

241 4789 426 4844 tesce,
447 4792 647 4849 appare
669 4777 938 4841 omnibus,
959 4781 1022 4830 ut
1043 4774 1249 4831 laudari
1268 4773 1444 4845 possis
1466 4771 1536 4826 ab
1556 4772 1825 4828 omnibus.

243 4870 396 4938 Quid
423 4884 554 4940 ergo
583 4870 652 4924 ad
697 4869 815 4924 haec
850 4867 1110 4922 Dominus
1148 4865 1306 4922 Jesus
1334 4864 1504 4920 dicit?
1538 4864 1723 4937 (Vens.
1751 4862 1830 4936 6.)

246 4957 484 5027 Tempus
527 4971 698 5010 meum
745 4953 978 5009 nondum
1026 4953 1250 5019 advenit,
1280 4962 1480 5023 tempus
1528 4960 1704 5007 autem
1751 4969 1837 5006 ve-

243 5058 427 5103 strum
445 5063 646 5117 semper
671 5054 746 5100 est
773 5054 1040 5116 paratum.
1070 5043 1358 5116 Apostolus
1381 5043 1532 5110 dicit,
1559 5035 1834 5116 postquam

243 5139 393 5196 venit
434 5136 701 5207 plenitudo
738 5137 1003 5204 temporis,
1061 5135 1202 5190 misit
1250 5135 1389 5190 Deus
1438 5133 1639 5188 Filium
1681 5149 1836 5188 suum

247 5227 406 5301 (Gal.
441 5243 516 5294 tv,
547 5227 624 5298 4).
679 5225 914 5297 Tempus
955 5239 1086 5280 vero
1129 5224 1313 5296 gloriae
1356 5223 1557 5280 Christi
1606 5223 1836 5279 necdum

245 5319 427 5384 venit,
485 5333 606 5374 cum
651 5318 767 5373 haec
808 5317 1022 5373 locutus
1070 5322 1174 5371 est.
1214 5313 1366 5381 Quod
1413 5314 1487 5368 illi
1515 5315 1836 5369 videbantur

250 5422 526 5479 quaerere,
553 5405 646 5477 qui
673 5405 723 5463 ei
766 5405 1068 5462 suadebant
1089 5404 1172 5460 ire
1214 5404 1270 5458 in
1307 5402 1573 5468 Judaaam,
1604 5403 1838 5458 miracu-

249 5493 380 5554 lum
426 5497 626 5565 facere,
656 5497 856 5551 mundo
894 5497 1246 5561 innotescere,
1274 5506 1344 5547 ne
1389 5491 1562 5548 latens
1589 5492 1838 5564 ignobilis

245 5601 570 5666 putaretur.
627 5591 734 5647 Sed
789 5591 880 5647 ille
922 5591 1090 5646 voluit
1138 5588 1477 5646 altitudinem
1537 5589 1840 5646 humilitate

249 5687 597 5760 praecedere,
621 5695 677 5743 et
703 5687 774 5742 ad
797 5686 970 5759 ipsam
997 5686 1368 5742 celsitudinem
1396 5700 1496 5756 per
1524 5684 1840 5741 humilitatis

250 5779 416 5834 viam
457 5779 760 5852 pervenire.
797 5796 817 5831 ι
863 5777 1098 5849 Tempus
1141 5787 1319 5835 autem
1362 5786 1619 5844 vestrum,
1649 5778 1702 5834 id
1725 5785 1835 5843 est,

255 5872 459 5929 mundi
480 5870 667 5944 gloria,
697 5885 910 5942 semper
923 5879 1008 5926 est
1031 5878 1296 5943 paratum.
1322 5870 1438 5925 Erit
1461 5871 1602 5927 enim
1630 5879 1841 5942 tempus

670 5984 945 6046 Ρηιιοι..
991 5983 1060 6045 C.

1929 4783 2170 4821 murmur
2195 4766 2420 4822 multum
2445 4767 2511 4822 de
2534 4784 2594 4821 eo
2619 4777 2732 4822 erat
2758 4769 2814 4822 in
2843 4768 3016 4822 turba.
3049 4769 3205 4827 Unde
3229 4775 3508 4828 murmur?

1931 4857 2012 4913 De
2053 4858 2414 4913 contentione.
2466 4857 2596 4925 Quae
2642 4857 2744 4914 fuit
2772 4861 3080 4917 contentio?
3115 4861 3346 4929 Quidam
3373 4866 3508 4919 enim

1934 4947 2222 5002 dicebant:
2275 4946 2416 5012 Quia
2465 4947 2628 5003 bonus
2685 4958 2780 5004 est.
2843 4950 2950 5006 Alii
2997 4962 3172 5007 autem
3225 4954 3512 5009 dicebant

1938 5036 2103 5106 Non,
2161 5038 2252 5093 sed
2312 5037 2511 5093 seducit
2568 5041 2769 5096 turbas.
2807 5042 2884 5098 De
2935 5045 3186 5100 omnibus
3235 5045 3349 5115 ejus
3391 5059 3508 5099 ser.

1936 5130 2018 5184 vis
2052 5131 2156 5186 hoc
2199 5130 2396 5186 dicitur
2437 5131 2632 5199 modo,
2687 5133 2994 5204 quicunque
3039 5138 3278 5190 eminent
3319 5135 3374 5189 in
3413 5135 3513 5190 ali-

1940 5237 2046 5290 qua
2071 5221 2243 5291 gratia
2271 5237 2286 5276 :
2316 5221 2408 5276 alii
2434 5222 2635 5288 dicunt,
2669 5223 2832 5280 bonus
2862 5233 2972 5293 est;
3009 5226 3121 5290 alii,
3152 5243 3276 5292 non,
3309 5226 3400 5280 sed
3427 5243 3512 5281 se-

1886 5319 1896 5327 '
1939 5311 2080 5366 ducit
2109 5311 2308 5366 turbas.
2340 5311 2493 5369 Unde
2518 5314 2653 5369 hoc?
2683 5314 2819 5381 Quia
2848 5316 2959 5370 vita
2987 5324 3172 5370 nostra
3199 5317 3513 5374 abscondita

1939 5410 2022 5458 est
2071 5418 2195 5458 cum
2240 5401 2458 5460 Christo
2502 5405 2558 5460 in
2616 5404 2748 5462 Deo.
2781 5425 2800 5458 ι
2852 5406 2966 5462 Hoc
3015 5406 3218 5476 patitur
3264 5407 3513 5464 Christus

1946 5495 2098 5570 [Ms.,
2126 5511 2322 5566 corpus
2349 5495 2571 5571 Christi]
2606 5514 2776 5569 usque
2805 5499 2862 5554 in
2883 5498 3040 5554 finem
3069 5499 3250 5556 saeculi
3273 5517 3305 5554 a
3325 5500 3512 5558 mundi

1945 5589 2298 5657 amatoribus,
2326 5590 2468 5660 quod
2489 5599 2616 5646 tunc
2642 5606 2835 5661 passus
2861 5600 2944 5645 est
2967 5607 2997 5645 a
3023 5589 3337 5647 Iudaeorum
3364 5609 3514 5649 mur-

1945 5683 2330 5740 muratoribus.
2362 5683 2598 5740 Necdum
2628 5683 2958 5739 frumentum
2999 5699 3029 5738 a
3067 5683 3238 5754 paleis
3266 5699 3490 5756 segrega

1946 5789 2059 5837 tum
2085 5787 2190 5846 est,
2217 5787 2279 5836 ut
2305 5796 2472 5852 grana
2500 5779 2754 5834 frumenti
2782 5787 3172 5851 congregemur
3198 5778 3255 5836 in
3297 5779 3512 5842 horrea,

1947 5879 2002 5928 et
2025 5871 2194 5942 paleae
2235 5873 2617 5928 comburantur
2662 5869 2771 5942 igni
2798 5877 3019 5927 interno.
3063 5889 3080 5922 ι
3117 5869 3270 5938 Quod
3311 5870 3514 5927 dictum

3077 5986 3155 6046 2'7
