4088 6340
271 398 380 456 849

1080 396 1488 454 EXEGETICA.
1528 427 1599 440 -
1633 389 1987 452 COMMENT.
2025 390 2092 444 IN
2126 389 2314 445 JOAN.
2353 420 2424 430 --
2456 390 2586 445 LIB.
2618 390 2705 446 IV.

3421 385 3525 444 850

272 511 363 568 nis
385 522 513 564 suae.
555 506 613 566 Si
649 509 781 562 hora
819 509 1010 564 mortis
1045 518 1241 564 nostrae
1276 509 1409 582 [Αι.,
1437 507 1570 579 suae]
1601 507 1744 562 illius
1770 511 1856 560 est
1879 506 1930 564 Δ
1954 503 2124 556 iturus
2167 511 2242 556 est
2265 543 2280 569 ,
2322 512 2370 556 et
2411 503 2657 556 docturus
2695 502 2906 573 gentes?
2948 499 3066 557 Non
3103 501 3248 555 enim
3286 498 3526 556 sciebant

271 601 544 665 voluntas,
575 609 775 669 quanto
810 601 980 670 magis
1014 601 1145 654 hora
1172 599 1434 671 passionis
1472 614 1581 653 sua:
1619 598 1672 651 in
1711 595 1853 650 arbi-

271 695 383 750 trio
409 692 702 747 voluntatis
733 707 845 747 suae
865 693 1046 747 venit?
1079 711 1098 744 t
1137 692 1326 763 Magna
1351 692 1516 762 igitur
1542 689 1850 744 misericor-

273 785 364 842 dia
407 783 619 839 Domini
666 783 841 838 nostri
883 782 1012 838 Jesu
1054 781 1277 848 Christi,
1321 780 1524 837 factum
1564 795 1685 836 esse
1729 794 1852 834 eum

272 883 496 948 propter
528 889 628 929 nos
660 875 715 929 in
755 882 1012 945 tempore,
1055 888 1153 944 per
1185 888 1346 944 quem
1383 871 1520 926 facta
1558 878 1683 926 sunt
1720 878 1853 924 tem-

272 981 442 1038 pora;
476 963 675 1020 factum
697 980 816 1020 esse
842 965 983 1020 inter
1010 963 1190 1020 omnia
1207 1004 1223 1029 ,
1251 978 1349 1035 per
1377 977 1536 1033 quem
1560 961 1698 1017 facta
1728 966 1856 1015 sunt

271 1061 457 1115 omnia
481 1077 493 1113 :
520 1059 718 1115 factum
737 1074 856 1114 esse
879 1058 1021 1127 quod
1043 1057 1170 1112 fecit
1193 1054 1345 1128 [Ms.,
1371 1055 1512 1126 quod
1531 1053 1704 1109 factus
1722 1051 1850 1125 est],

273 1161 336 1207 ut
367 1153 602 1207 salvaret
629 1151 773 1222 quod
808 1149 1028 1205 fecerat.
1070 1148 1265 1204 Factus
1289 1155 1372 1203 est
1394 1146 1539 1201 enim
1571 1147 1732 1201 homo
1761 1143 1852 1214 qui

275 1246 547 1301 hominem
572 1244 796 1311 fecerat,
819 1260 886 1300 ne
909 1243 1113 1315 periret
1137 1242 1279 1313 quod
1303 1239 1524 1296 fecerat.
1549 1237 1853 1296 Secundum

275 1340 419 1393 hanc
440 1337 891 1408 dispensationem
911 1337 1024 1408 jam
1050 1343 1276 1391 venerat
1299 1336 1434 1389 hora
1460 1334 1774 1400 nativitatis,
1799 1341 1855 1389 et

275 1441 436 1487 natus
456 1440 574 1488 erat
597 1449 610 1486 :
633 1431 727 1486 sed
753 1430 989 1486 nondum
1004 1435 1228 1484 venerat
1253 1428 1386 1482 hora
1414 1425 1711 1498 passionis;
1735 1423 1856 1480 ideo

275 1523 511 1578 nondum
535 1537 726 1593 passus
750 1531 886 1587 erat,
921 1541 939 1574 ι
966 1521 1091 1590 quia
1121 1519 1349 1575 necdum
1367 1525 1591 1574 venerat
1618 1519 1772 1584 hora,
1799 1517 1854 1573 in

275 1631 382 1686 qua
407 1615 517 1686 pati
541 1613 813 1671 voluisset.
841 1613 966 1668 Ideo
995 1613 1049 1666 in
1079 1626 1239 1667 cruce
1264 1611 1462 1681 legitur
1485 1625 1607 1664 eum
1633 1609 1852 1674 dixisse,

276 1707 405 1760 dum
446 1705 624 1760 omnia
668 1703 907 1775 perfecta
954 1703 1166 1758 fuerant
1212 1700 1504 1758 secundum
1549 1699 1856 1769 Scripturas

1954 595 2080 664 quid
2106 595 2341 651 dixerint
2369 595 2521 668 [Hs.,
2545 596 2685 666 quod
2713 595 3015 668 dixerunt];
3047 596 3140 652 sed
3170 596 3292 666 quia
3320 595 3408 652 ille
3433 611 3527 651 vo-

1952 686 2070 753 luit,
2107 689 2580 759 pr0phetaverunt.
2619 689 2796 744 lturus
2832 690 2973 744 enim
3006 697 3123 744 erat
3164 687 3422 744 Dominus
3459 690 3525 744 ad

1951 790 2159 851 gentes,
2187 795 2292 836 non
2318 781 2602 852 praesentia
2642 781 2884 852 corporis
2909 781 3011 844 sui,
3063 801 3081 833 ι
3130 781 3225 834 sed
3260 787 3528 851 potestate

1952 873 2130 928 divina
2153 873 2207 928 in
2247 873 2520 945 discipulis
2557 874 2687 938 suis,
2712 873 2776 927 de
2815 873 3010 942 quibus
3049 872 3184 928 dixit
3217 871 3522 942 Propheta:

1955 964 2127 1030 Quam
2166 965 2370 1037 pulchri
2409 965 2570 1037 539
2606 977 2726 1021 sunt
2762 967 2915 1037 pedes
2939 964 3403 1036 euangelizantium
3427 979 3526 1034 pa-

1953 1073 2092 1122 cem,
2128 1057 2593 1128 euangelizantium
2619 1057 2753 1112 bona
2786 1056 2960 1129 (Rom.
2991 1073 3048 1122 x,
3080 1057 3200 1130 I5)?
3237 1056 3296 1112 In
3321 1057 3408 1112 his
3430 1071 3525 1128 pe-

1952 1144 2110 1200 dibus
2135 1143 2384 1202 Christus
2409 1146 2586 1203 iturus
2617 1156 2736 1203 erat
2764 1147 2831 1202 ad
2866 1155 3069 1220 gentes,
3099 1157 3153 1204 et
3177 1163 3275 1219 per
3309 1163 3402 1204 eos
3427 1146 3526 1204 do-

1953 1242 2141 1291 cturus
2186 1244 2390 1306 gentes,
2437 1245 2497 1291 ut
2539 1237 2697 1293 ﬁdem
2743 1239 3073 1310 accepissent
3112 1248 3318 1311 gentes,
3366 1255 3528 1309 quam

1953 1321 2121 1380 Judaei
2165 1336 2505 1397 spreverunt.
2548 1327 2648 1395 Qui
2676 1345 2863 1384 verum
2893 1331 3214 1397 nescientes,
3243 1333 3530 1402 prepheta-

1953 1425 2168 1482 verunt,
2197 1418 2288 1487 qui
2315 1416 2467 1491 [Δίκη
2499 1419 2648 1492 quia]
2675 1429 2729 1476 et
2752 1421 3133 1491 ignoraverunt
3157 1421 3428 1478 Christum
3453 1424 3530 1478 di-

1955 1512 2165 1559 centem
2212 1523 2223 1558 :
2270 1505 2340 1560 Et
2379 1507 2468 1562 ubi
2507 1525 2599 1580 ego
2638 1526 2776 1576 sum,
2820 1527 2910 1564 vos
2949 1526 3051 1564 non
3089 1512 3298 1582 potestis
3338 1513 3526 1567 uenire.

1956 1595 2133 1664 Quare
2171 1613 2276 1653 non
2303 1601 2531 1669 potestis
2559 1602 2777 1656 venire?
2813 1602 2940 1672 quia
2967 1617 3072 1657 non
3103 1601 3262 1658 vultis
3287 1603 3526 1658 credere.

1956 1687 2095 1754 Quid
2118 1697 2202 1744 est
2225 1689 2368 1760 quod
2393 1691 2548 1758 dixit,
2578 1693 2666 1747 ubi
2696 1710 2810 1748 sum
2833 1710 2944 1764 ego,
2973 1694 3075 1748 nisi
3104 1695 3156 1748 in
3184 1695 3303 1749 sinu
3330 1695 3529 1760 Patris,

275 1798 694 1868 prophetarum,
729 1805 1143 1851 consummatum
1177 1803 1271 1848 est.
1314 1793 1379 1846 Et
1408 1792 1656 1846 inclinato
1690 1793 1858 1863 capite

1959 1781 2422 1850 consempiternus
2447 1781 2596 1838 Patri
2625 1784 2782 1838 sum?
2809 1783 2867 1838 In
2896 1792 3043 1839 terra
3069 1784 3405 1854 loquebatur,
3438 1785 3531 1842 sed

276 1857 496 1943 tradidit
526 1857 768 1960 spiritum
808 1887 988 1959 (Joan.
1025 1903 1148 1953 xxx,
1183 1885 1294 1958 30).
1330 1886 1466 1940 Dum
1501 1899 1629 1939 vero
1662 1857 1852 1948 voluit,
1885 1857 1932 1917 Β
1957 1871 2013 1926 in
2042 1872 2218 1928 Patris
2248 1873 2366 1928 sint!
2393 1889 2453 1929 se
2479 1889 2596 1930 esse
2623 1877 2975 1931 monstrabat.

277 1989 646 2036 consummata
676 1979 890 2034 fuerunt
915 1995 1036 2050 qua:
1060 1980 1124 2034 de
1148 1993 1213 2034 eo
1241 1978 1440 2048 scripta
1464 1985 1627 2032 sunt:
1653 1985 1706 2032 et
1729 1992 1856 2032 con-

277 2071 557 2126 summatis
575 2071 839 2134 omnibus,
862 2077 1133 2140 potestate
1151 2069 1369 2139 propria
1388 2067 1566 2123 emisit
1585 2067 1853 2137 spiritum.

838 2198 1064 2255 CAPUT
1102 2197 1286 2253 XVIII.

278 2290 462 2346 Multis
498 2291 562 2344 de
601 2289 751 2343 turba
793 2288 1115 2342 credentibus
1154 2287 1383 2358 plurima
1423 2285 1682 2358 loquitur,
1712 2287 1863 2358 inter

348 2379 465 2433 quia
493 2361 567 2413 ait
597 2373 614 2410 :
647 2359 746 2425 Qui
777 2359 923 2433 sitit,
947 2358 1132 2433 veniat
1156 2356 1378 2433 ad_me,
1409 2365 1463 2433 et
1489 2356 1658 2433 bibat.
1700 2356 1862 2433 Nico-

349 2424 499 2511 demo
531 2424 730 2499 quoque
757 2429 820 2482 de
854 2427 1120 2481 audientia
1155 2427 1318 2496 ipsius
1357 2426 1616 2480 resistitur
1651 2444 1683 2479 a
1720 2424 1862 2479 Pha-

319 2561 324 2566 ρ
355 2517 541 2554 maris.
1154 2524 1164 2539 ο

356 2631 375 2664 ι
413 2624 440 2651 ιι
469 2611 548 2664 1)ε
575 2610 728 2665 turba
754 2620 926 2664 autem
955 2609 1105 2664 multi
1136 2609 1467 2664 crediderunt
1493 2610 1548 2664 in
1573 2627 1709 2664 eum.
1752 2607 1864 2664 Hu-

276 2701 438 2756 miles
455 2709 510 2755 et
529 2715 796 2770 pauperes
819 2700 997 2755 salvos
1020 2699 1254 2755 faciebat
1272 2699 1533 2754 Dominus
1557 2717 1568 2754 :
1592 2699 1863 2770 principes

276 2792 640 2859 insaniebant,
666 2801 720 2848 et
742 2793 862 2847 ideo
887 2794 1154 2848 medicum
1179 2809 1286 2848 non
1317 2793 1488 2848 solum
1517 2792 1668 2866 [non]
1699 2809 1862 2866 agno-

275 2885 522 2950 scebant,
552 2887 647 2940 sed
675 2885 837 2941 etiam
856 2886 1100 2942 occidere
1129 2887 1433 2958 cupiebant.
1465 2888 1596 2940 Erat
1615 2888 1860 2958 quaedam

277 2978 460 3043 turba,
505 2993 624 3048 quae
667 2993 822 3032 suam
866 2979 1238 3050 aegritudinem
1281 2981 1389 3035 cito
1424 2980 1578 3046 vidit,
1626 2990 1680 3035 et
1719 2981 1862 3036 illius

277 3071 605 3126 medicinam
646 3072 762 3127 sine
791 3072 1044 3128 dilatione
1073 3074 1339 3144 cognovit.
1376 3094 1394 3126 ι
1430 3073 1560 3141 Qua:
1593 3081 1859 3130 commota

275 3160 557 3215 miraculis
583 3160 829 3223 credidit,
864 3161 1193 3232 principibus
1218 3162 1272 3216 in
1301 3161 1616 3218 infidelitate
1640 3178 1862 3218 manen-

276 3251 444 3306 tibus.
495 3251 686 3323 (Vens.
733 3251 856 3324 32.)
907 3251 976 3305 Et
1022 3252 1300 3306 audierunt
1345 3252 1606 3308 Pharisaei
1652 3254 1859 3307 turbam

273 3351 691 3398 murmurantem
727 3343 791 3397 de
830 3342 920 3396 illo
959 3342 1088 3398 hwc.
1125 3343 1251 3398 Ideo
1285 3344 1468 3400 audita
1500 3343 1858 3401 multitudinis

274 3433 387 3490 ﬁde
414 3435 842 3500 murmurabant,
865 3435 992 3505 quia
1016 3434 1264 3492 Christus
1288 3436 1639 3506 gloriabatur.
1663 3439 1731 3493 Et
1750 3439 1858 3496 cito

274 3527 548 3585 miserunt
570 3527 866 3594 ministros,
895 3536 955 3582 ut
980 3544 1102 3583 eum
1131 3530 1664 3598 comprehenderent,
1697 3547 1858 3602 quem

276 3620 682 3690 apprehendere
750 3635 857 3674 non
911 3627 1200 3689 potuerunt
1248 3622 1422 3678 adhuc
1475 3623 1742 3679 nolentem
1799 3633 1859 3680 ut

276 3711 855 3782 comprehenderetur;
883 3713 978 3768 sed
1002 3713 1287 3768 audierunt
1311 3715 1587 3772 docentem
1604 3759 1618 3782 ,
1647 3717 1737 3788 qui
1767 3732 1858 3772 ve-

276 3811 475 3858 nerant
510 3803 926 3872 apprehendere.
961 3803 1146 3877 (Vens.
1177 3805 1291 3879 55.)
1331 3805 1473 3862 Dixit
1506 3825 1627 3879 ergo
1652 3807 1808 3865 Iesus
1835 3825 1855 3864 :

273 3893 465 3947 Adhuc
505 3894 767 3948 modicum
809 3903 1007 3965 tempus
1045 3896 1308 3951 vobiscum
1351 3915 1487 3962 sum,
1529 3909 1575 3952 et
1613 3901 1746 3954 vado
1787 3901 1858 3956 ad

271 4001 400 4038 eum
427 3986 515 4056 qui
541 3985 683 4038 misit
707 4000 807 4039 me.
837 4002 858 4036 ι
887 3985 1040 4050 Quod
1066 3986 1224 4040 modo
1249 3986 1412 4040 vultis
1435 3987 1636 4052 facere,
1663 3987 1857 4045 facturi

273 4075 432 4139 estis,
465 4075 559 4130 sed
588 4090 694 4129 non
731 4075 908 4140 modo,
938 4076 1063 4146 quia
1096 4077 1256 4132 modo
1286 4078 1430 4134 nolo.
1470 4077 1650 4146 Quare
1683 4081 1858 4137 adhuc

276 4164 442 4220 modo
468 4166 626 4221 nolo?
662 4165 796 4232 Quia
835 4167 1010 4222 adhuc
1046 4168 1315 4223 modicum
1346 4177 1555 4240 tempus
1580 4171 1858 4226 vobiscum

274 4274 427 4324 sum,
452 4267 508 4313 et
534 4266 660 4314 tunc
686 4259 823 4315 vado
849 4259 917 4314 ad
945 4275 1069 4315 eum
1095 4261 1185 4331 qui
1210 4260 1356 4316 misit
1383 4277 1488 4317 me.
1517 4261 1742 4333 Implere
1768 4264 1858 4319 de-

273 4351 387 4406 beo
435 4352 887 4422 dispensationem
934 4367 1109 4407 meam
1129 4393 1144 4420 ,
1189 4362 1246 4408 et
1291 4352 1414 4428 [sic]
1463 4355 1744 4424 pervenire
1789 4355 1859 4411 ad

274 4444 585 4516 passionem
623 4459 817 4499 meam.
859 4443 1045 4516 (Vens.
1074 4443 1190 4515 34.)
1228 4442 1485 4511 Quaeretis
1520 4463 1632 4512 me,
1669 4455 1718 4501 et
1755 4464 1858 4502 non

272 4535 571 4601 invenietis,
612 4543 661 4589 et
705 4534 792 4588 ubi
835 4551 950 4589 sum
988 4551 1098 4605 ego,
1141 4551 1231 4590 vos
1271 4551 1376 4590 non
1416 4538 1626 4608 potestis
1662 4538 1855 4594 venire.

280 4644 302 4677 ι
345 4624 442 4680 Hic
458 4625 571 4696 jam
596 4626 1048 4681 resurrectionem
1074 4641 1224 4682 suam
1249 4627 1499 4698 praedixit
1525 4645 1539 4682 :
1571 4629 1859 4684 noluerunt

272 4734 405 4776 eum
453 4733 743 4789 agnoscere
789 4726 1128 4788 praesentem,
1182 4726 1236 4776 et
1273 4727 1462 4790 postea
1506 4719 1854 4791 quaesierunt,

274 4824 405 4865 cum
431 4809 676 4864 viderent
712 4810 1107 4866 multitudinem
1143 4812 1255 4883 jam
1293 4812 1622 4868 credentem.
1668 4811 1858 4883 Magna

273 4899 426 4954 enim
461 4899 613 4969 signa
642 4898 780 4954 facta
807 4909 952 4966 sunt,
981 4901 1144 4956 etiam
1177 4917 1300 4958 cum
1335 4903 1592 4958 Dominus
1619 4919 1858 4960 resurre-

274 4991 366 5045 xit
392 4998 446 5044 et
473 4991 716 5062 ascendit
743 4992 797 5046 in
825 4991 1041 5047 coelum.
1090 4992 1240 5050 Tunc
1280 5010 1379 5065 per
1405 4995 1691 5065 discipulos
1718 4994 1857 5052 facta

276 5087 411 5135 sunt
429 5095 654 5152 magna;
687 5082 781 5137 sed
803 5081 890 5136 ille
918 5099 1017 5154 per
1041 5083 1180 5148 illos,
1205 5085 1341 5158 [qui]
1367 5095 1423 5142 et
1449 5103 1546 5158 per
1567 5104 1625 5144 se
1646 5090 1852 5160 ipsum:

277 5170 399 5240 ipse
423 5170 618 5241 quippe
643 5170 750 5226 illis
763 5171 1001 5226 dixerat:
1021 5170 1148 5227 Sine
1167 5191 1248 5228 me
1262 5175 1390 5230 nihil
1411 5180 1623 5248 potestis
1635 5179 1807 5250 facere
1830 5200 1851 5234 ι

278 5258 468 5330 (Joan.
516 5276 606 5327 xv,
653 5260 729 5333 5).
777 5260 954 5328 Quare
992 5278 1098 5317 non
1134 5272 1424 5334 potuerunt
1464 5269 1684 5324 venire?
1720 5271 1858 5338 Quia

278 5351 571 5407 noluerunt
596 5353 837 5418 credere,
877 5354 1006 5424 quia
1033 5355 1209 5410 nullus
1244 5356 1360 5413 sine
1393 5356 1497 5412 ﬁde
1533 5358 1728 5416 salvari
1763 5377 1860 5433 po-

281 5449 410 5497 test.
459 5441 642 5515 (Vens.
688 5443 802 5518 55.)
855 5462 875 5496 ‹
927 5445 1182 5502 Dixerunt
1227 5465 1346 5519 ergo
1389 5447 1596 5518 ludwi,
1645 5469 1751 5509 non
1791 5456 1858 5512 ad

280 5534 462 5602 ipsum
481 5573 497 5599 ,
533 5534 629 5589 sed
657 5534 725 5588 ad
749 5535 940 5606 seipsos
975 5549 994 5587 :
1024 5534 1138 5602 Quo
1167 5538 1250 5592 hic
1275 5539 1444 5594 iturus
1478 5551 1552 5596 est
1569 5583 1584 5608 ,
1609 5544 1734 5610 quia
1757 5561 1862 5600 non

281 5625 606 5682 inveniemus
648 5629 808 5684 eum?
848 5629 1101 5701 Nunquid
1135 5631 1190 5687 in
1223 5633 1592 5705 dispersionem
1633 5641 1862 5708 gentium

364 5821 392 5851 ι
429 5809 489 5866 S.
519 5811 682 5885 Aug.,
708 5813 812 5871 loc.
843 5815 936 5870 cit.
969 5831 1116 5871 num.
1147 5815 1292 5872 7-10.

1881 3213 1930 3276 C

2036 1985 2054 2018 ι
2085 1967 2113 2007 b
2144 1966 2290 2024 Inter
2311 1975 2535 2025 caeteras
2574 1970 2997 2040 dispensationes
3023 1973 3234 2028 Domini
3262 1972 3452 2038 nostri,
3479 1980 3534 2027 et

1957 2057 2234 2114 doctrinas
2271 2058 2461 2115 salutis
2489 2067 2712 2128 nostrae,
2737 2068 2792 2114 et
2818 2061 3181 2118 dubitationes
3224 2060 3534 2119 Judmorum

1960 2151 2030 2206 de
2042 2152 2267 2206 Domino
2282 2150 2408 2208 Jesu
2428 2152 2644 2209 Christo
2665 2170 2785 2223 quae
2807 2155 2965 2222 dixit,
2990 2157 3185 2226 quibus
3206 2156 3295 2211 alii
3309 2155 3535 2212 confun-

1960 2241 2235 2307 debentur,
2263 2241 2354 2296 alii
2376 2243 2726 2308 docerentur;
2756 2245 3031 2299 novissimo
3056 2245 3348 2314 festivitatis
3389 2247 3535 2302 illius

1960 2333 2044 2387 die
2071 2333 2222 2405 (tunc
2249 2334 2392 2389 enim
2415 2334 2518 2389 ista
2549 2336 2862 2405 agebantur,
2891 2352 3011 2406 qua:
3049 2337 3386 2408 appellantur
3408 2338 3536 2395 Sce-

1961 2425 2211 2495 nopegia,
2258 2425 2310 2478 id
2352 2434 2462 2489 est,
2496 2425 2964 2482 tabernaculorum
3003 2427 3391 2502 constructio),
3422 2429 3533 2504 [de]

1963 2533 2068 2588 qua
2109 2518 2402 2574 festivitate
2440 2516 2552 2587 jam
2595 2527 2754 2574 antea
2797 2520 3042 2574 meminit
3081 2521 3318 2578 charitas
3356 2534 3535 2582 vestra

1964 2608 2130 2665 fuisse
2177 2610 2490 2676 dissertum,
2538 2619 2697 2666 vocat
2739 2611 2999 2667 Dominus
3025 2611 3301 2682 Christus,
3337 2624 3391 2670 et
3433 2615 3537 2670 hoc

1962 2717 2070 2757 non
2104 2712 2378 2774 utcunque
2419 2703 2704 2773 loquendo,
2731 2705 2824 2759 sed
2867 2704 3166 2773 clamando,
3196 2714 3256 2761 ut
3299 2708 3389 2778 qui
3423 2708 3538 2763 sitit

1962 2796 2144 2850 veniat
2171 2795 2240 2850 ad
2281 2811 2425 2850 eum.
2456 2795 2513 2850 Si
2553 2796 2785 2862 sitimus,
2813 2796 3117 2864 veniamus;
3160 2807 3214 2853 et
3243 2815 3350 2854 non
3387 2798 3537 2869 pedi—

1961 2886 2081 2952 bus,
2110 2885 2204 2941 sed
2249 2885 2556 2954 affectibus;
2604 2903 2703 2943 nec
2733 2888 3031 2959 migrando,
3060 2889 3154 2944 sed
3192 2890 3420 2944 amando
3446 2903 3537 2944 ve-

1963 2979 2194 3034 niamus.
2227 2976 2544 3047 Quanquam
2572 2979 2865 3033 secundum
2902 2980 3214 3036 interiorem
3239 2982 3533 3050 hominem,

1962 3077 2017 3125 et
2040 3069 2132 3140 qui
2173 3077 2317 3123 amat
2344 3070 2557 3140 migrat.
2585 3069 2689 3124 Sed
2727 3069 2871 3124 aliud
2893 3079 2975 3126 est
3017 3071 3249 3142 migrare
3288 3088 3533 3145 corpore,

1962 3163 2106 3219 aliud
2138 3165 2299 3219 corde
2324 3181 2336 3217 :
2370 3165 2565 3234 migrat
2586 3180 2832 3234 corpore,
2863 3164 2952 3234 qui
2979 3172 3127 3219 motu
3157 3167 3398 3237 corporis
3423 3183 3536 3223 mu-

1963 3260 2041 3308 tat
2069 3253 2274 3319 locum;
2302 3254 2498 3324 migrat
2524 3255 2708 3320 corde,
2736 3254 2828 3323 qui
2856 3262 3004 3308 motu
3031 3255 3210 3310 cordis
3253 3264 3421 3311 mutat
3452 3256 3535 3312 af-

1961 3344 2179 3401 fectum.
2213 3344 2271 3399 Si
2296 3345 2438 3400 aliud
2467 3361 2638 3411 amas,
2669 3345 2812 3400 aliud
2838 3347 3073 3410 amabas,
3107 3363 3213 3401 non
3240 3347 3313 3402 ibi
3338 3363 3414 3413 es,
3445 3349 3541 3406 ubi

1959 3436 2523 3507 eras.Clamabatergo
2533 3435 2686 3492 nobis
2698 3437 2980 3491 Dominus:
2999 3435 3184 3492 Stabat
3195 3447 3244 3492 et
3255 3437 3540 3496 clamabat:

2029 3527 2193 3583 Vens.
2225 3528 2316 3591 58,
2345 3527 2433 3582 59.
2455 3557 2525 3567 -—
2552 3524 2613 3582 Si
2643 3527 2762 3597 quis
2791 3527 2921 3592 sitit,
2953 3527 3121 3581 veniat
3151 3527 3220 3582 ad
3253 3545 3353 3594 me,
3385 3539 3433 3584 et
3463 3529 3540 3584 bi-

1961 3618 2066 3671 bat.
2099 3616 2202 3684 Qui
2233 3617 2396 3671 credit
2439 3619 2495 3671 in
2521 3634 2622 3682 me,
2653 3619 2788 3672 sicut
2822 3619 2946 3672 dicit
2987 3617 3280 3690 Scriptura,
3318 3621 3536 3690 ﬂumina

1960 3707 2024 3761 de
2051 3715 2224 3762 centre
2265 3706 2378 3777 ejus
2415 3708 2578 3777 ﬂuent
2626 3724 2775 3779 aqua
2804 3709 2948 3763 vivte.
2983 3727 3001 3759 ‹
3030 3707 3170 3776 Quid
3215 3709 3317 3766 hoc
3362 3721 3537 3780 esset,

1959 3797 2175 3866 quando
2196 3797 2522 3867 evangelista
2542 3798 2811 3868 exposuit,
2834 3799 3113 3855 immorari
3133 3815 3240 3856 non
3261 3802 3535 3859 debemus.

1961 3887 2114 3945 Unde
2135 3889 2278 3942 enim
2310 3889 2506 3944 dixerit
2536 3889 2834 3944 Dominus:
2867 3887 2925 3944 Si
2959 3891 3074 3960 quis
3111 3891 3242 3956 sitit,
3269 3893 3441 3946 ueniat
3469 3893 3538 3947 ad

1959 3996 2060 4045 me,
2092 3989 2141 4034 et
2167 3980 2336 4045 bibat;
2366 3988 2421 4034 et
2466 3979 2570 4046 Qui
2609 3981 2771 4034 credit
2799 3982 2855 4034 in
2883 3998 2986 4046 me,
3012 3983 3234 4052 ﬂumina
3277 3984 3342 4039 de
3368 3995 3540 4040 uentre

1957 4073 2072 4142 ejus
2109 4074 2270 4143 ﬂuent
2309 4089 2457 4142 aqua
2486 4073 2628 4137 victe,
2667 4081 3061 4143 consequenter
3086 4076 3334 4144 exposuit
3363 4075 3538 4133 Evan-

1959 4163 2168 4235 gelista,
2199 4161 2426 4218 dicens:
2457 4160 2570 4215 Hoc
2613 4171 2785 4216 autem
2827 4162 2960 4216 dixit
3001 4163 3065 4217 de
3111 4161 3340 4235 Spiritu,
3385 4182 3537 4240 quem

1960 4255 2220 4325 accepturi
2255 4262 2403 4308 erant
2448 4253 2710 4308 credentes
2736 4255 2794 4308 in
2836 4271 2972 4308 eum.
3003 4255 3117 4311 Hoc
3159 4263 3372 4310 tantum
3399 4257 3538 4313 scia-

1959 4359 2100 4410 mus,
2125 4343 2268 4414 quod
2299 4345 2364 4399 de
2393 4343 2657 4399 charitate
2687 4345 2789 4401 hoc
2836 4344 3104 4400 clamabat
3147 4347 3406 4402 Dominus
3449 4345 3540 4404 Je-

1960 4451 2074 4491 sus.
2107 4453 2126 4486 ι
2157 4435 2366 4491 Clamat
2395 4451 2524 4506 ergo
2544 4443 2598 4490 et
2625 4436 2774 4503 dicit,
2809 4445 2868 4492 ut
2888 4438 3166 4494 veniamus
3187 4447 3242 4494 et
3268 4439 3534 4508 bibamus,

1961 4530 2007 4584 si
2037 4530 2183 4585 intus
2213 4529 2328 4584 sitit
2369 4529 2581 4584 animus
2620 4528 2803 4601 [Aug.,
2841 4529 2888 4586 si
2916 4530 3062 4586 intus
3091 4530 3382 4604 sitiamus],
3411 4532 3537 4602 quia

1961 4636 2087 4676 cum
2115 4619 2430 4685 hiberimus,
2470 4617 2687 4674 ﬂumina
2711 4635 2865 4690 aqua).
2900 4621 3034 4676 viva:
3070 4620 3236 4677 ﬂuent
3260 4623 3325 4678 de
3349 4630 3537 4678 ventre

1961 4721 2168 4767 nostro.
2200 4713 2401 4768 Venter
2433 4713 2710 4767 interioris
2737 4713 2972 4769 hominis
2997 4716 3326 4771 conscientia
3358 4719 3538 4775 cordis

1963 4810 2047 4856 est
2088 4801 2236 4873 [Ms.,
2265 4801 2422 4873 ejus].
2467 4801 2644 4857 Bibito
2686 4817 2815 4873 ergo
2861 4804 2962 4859 isto
2993 4805 3220 4875 liquore,
3265 4809 3539 4866 reviviscit

1963 4901 2190 4965 purgata
2233 4893 2586 4960 conscientia,
2631 4903 2684 4949 et
2727 4896 2982 4952 hauriens
3032 4895 3234 4954 fontem
3285 4899 3534 4966 habebit;

1963 4986 2129 5040 etiam
2159 4985 2274 5056 ipsa
2298 4982 2418 5038 fons
2443 4984 2566 5038 erit.
2595 4984 2734 5052 Quid
2761 4995 2841 5042 est
2879 4985 3021 5054 fons,
3048 4989 3132 5044 vel
3161 4989 3290 5060 quid
3327 4998 3414 5046 est
3439 4988 3538 5045 llu-

1962 5076 2083 5132 vius
2104 5075 2194 5145 qui
2222 5082 2438 5130 emanat
2464 5076 2530 5131 de
2559 5085 2747 5132 ventre
2776 5078 3046 5134 interioris
3075 5079 3342 5135 hominis?
3366 5077 3538 5136 Bene-

1962 5166 2196 5222 volentia
2237 5182 2341 5235 qua
2372 5167 2485 5220 vult
2513 5167 2795 5224 consulere
2822 5170 3085 5238 proximo.
3115 5169 3172 5224 Si
3211 5170 3354 5226 enim
3383 5180 3540 5242 putet

1962 5261 2090 5332 quia
2117 5261 2258 5332 quod
2306 5261 2441 5316 bibit
2484 5262 2583 5317 soli
2629 5263 2730 5333 ipsi
2773 5265 2931 5320 debet
2973 5263 3237 5330 sufﬁcere,
3263 5281 3372 5321 non
3417 5265 3538 5321 fluit

1964 5365 2102 5421 aqua
2125 5351 2248 5405 viva
2277 5351 2344 5407 de
2366 5361 2552 5408 ventre
2577 5352 2693 5422 ejus
2717 5373 2731 5408 :
2762 5355 2805 5409 si
2831 5362 3010 5410 autem
3045 5356 3292 5425 proximo
3315 5355 3537 5413 festinat

1965 5442 2264 5510 consulere,
2293 5443 2414 5500 ideo
2456 5461 2564 5500 non
2591 5446 2776 5512 siccat,
2806 5447 2930 5515 quia
2957 5453 3191 5502 emanat.
3221 5447 3538 5506 Videbimus

1965 5532 2096 5603 quid
2122 5547 2265 5586 nunc
2306 5532 2374 5588 sit
2414 5534 2557 5602 quod
2598 5535 2787 5590 bibunt
2816 5535 2908 5604 qui
2952 5537 3179 5592 credunt
3217 5537 3273 5593 in
3316 5537 3532 5594 Deum:

1966 5617 2092 5688 quia
2115 5618 2300 5689 utique
2341 5617 2634 5675 Christiani
2678 5635 2882 5685 sumus,
2907 5629 2963 5676 et
2988 5624 3034 5680 si
3062 5623 3355 5691 credimus,
3389 5624 3533 5682 bibi-

2034 5821 2065 5863 ιι
2088 5821 2166 5877 Ex
2196 5821 2253 5877 S.
2278 5821 2436 5893 Aug.,
2458 5829 2615 5878 tract.
2644 5838 2814 5892 xxxu,
2842 5841 2988 5882 num.
3017 5827 3068 5893 l,
3092 5828 3144 5882 8.
