4074 6468
534 418 633 478 851

1408 412 1468 468 Β.
1508 409 1570 466 Ii.
1608 407 1836 467 ALBINI
1872 406 2002 463 SEU
2037 402 2315 469 ALCUINI
2349 402 2638 470 OPEBUM.
2667 404 2846 462 PARS
2881 405 2946 462 II.

3683 408 3792 466 852

533 549 675 591 mus.
697 533 767 588 Et
788 531 1157 603 unusquisque
1180 531 1236 584 in
1258 543 1315 584 se
1337 528 1494 586 debet
1512 539 1854 597 cognoscere,
1879 523 1925 578 si
1950 520 2105 578 bibit
2131 521 2186 582 Δ
2211 517 2325 587 ipsa
2368 517 2628 584 Ecclesia,
2655 533 2775 592 qua:
2814 527 2899 576 est
2923 535 3118 592 corpus
3144 519 3369 586 Christi,
3395 521 3637 583 omnium,
3662 539 3796 594 gen-

536 626 676 683 Etsi
713 624 867 690 bibit,
905 623 1167 694 largiatur
1207 635 1271 676 ex
1309 633 1374 674 eo
1401 617 1548 688 quod
1592 615 1724 680 bibit,
1751 613 1934 688 [Aug.,
1960 619 2014 670 et
2057 611 2106 668 si

533 718 667 774 vivit
695 732 764 772 ex
785 732 873 782 eo,
899 714 1044 785 quod
1080 709 1269 783 bibit];
1298 725 1408 765 non
1433 708 1574 764 enim
1599 721 1700 764 nos
1727 705 1926 764 deserit
1961 701 2102 770 fons,

535 809 581 866 si
606 824 716 866 non
751 808 1062 864 deseramus
1093 801 1314 860 fontem.
1351 818 1371 852 ‹
1397 799 1656 869 Exposuit
1691 797 2015 868 evangelista
2050 802 2105 851 et

534 900 698 966 dixit,
736 897 877 954 unde
917 895 1177 951 Dominus
1218 892 1524 953 clamasset,
1566 890 1636 946 ad
1663 888 1874 959 qualem
1918 895 2104 958 potum

467 1046 470 1048 _
533 991 832 1053 invitasset,
858 986 1052 1056 quidve
1078 1001 1146 1042 ex
1182 983 1488 1044 bibentibus
1520 980 1674 1054 [Ms.,
1713 981 1842 1050 quid
1869 978 2102 1035 bibenti-

530 1079 654 1152 bus]
681 1078 1038 1149 propinasset,
1069 1077 1253 1134 dicens
1277 1091 1289 1127 :
1323 1071 1438 1135 Hoc
1460 1081 1634 1128 autem
1661 1071 1861 1130 dicebat
1889 1069 1953 1124 de
1984 1068 2104 1140 Spi-

530 1175 666 1238 ritu,
697 1187 850 1243 quem
895 1169 1155 1242 accepturi
1187 1175 1335 1222 erant
1380 1165 1643 1221 credentes
1684 1165 1739 1218 in
1773 1180 1908 1218 eum.
1947 1161 2102 1216 Non-

529 1265 652 1320 dum
696 1263 832 1320 enim
880 1271 990 1317 erat
1025 1258 1252 1332 Spiritus
1279 1258 1455 1323 datus,
1499 1256 1625 1327 quia
1665 1253 1822 1308 Iesus
1872 1254 2102 1308 nondum

527 1356 698 1426 fuerat
726 1353 1064 1425 glori/icatus.
1091 1351 1258 1418 Quem
1285 1351 1414 1406 dicit
1439 1349 1705 1420 spiritum,
1733 1347 1837 1402 nisi
1859 1355 2102 1402 sanctum

530 1446 813 1518 [Spiritum
825 1444 869 1518 ?]
895 1444 1030 1500 Nam
1049 1443 1419 1513 unusquisque
1445 1442 1606 1497 homo
1632 1441 1794 1496 habet
1820 1440 1876 1494 in
1897 1455 1955 1495 se
1975 1455 2102 1510 pro-

525 1539 702 1608 prium
741 1537 1021 1607 spiritum,
1049 1536 1106 1592 id
1140 1543 1240 1600 est,
1284 1535 1536 1590 animam.
1579 1533 1772 1589 Anima
1806 1531 1958 1604 [Ms.,
1987 1532 2102 1587 ani-

527 1643 693 1682 mum.
721 1626 969 1699 Animus]
1002 1627 1143 1682 enim
1186 1623 1447 1697 cujusque
1473 1622 1588 1692 ejus
1616 1633 1701 1681 est
1747 1624 1990 1694 spiritus.
2025 1623 2102 1679 De

527 1735 634 1790 quo
662 1718 794 1775 dicit
826 1719 1022 1775 Paulus
1045 1718 1353 1789 apostolus:
1385 1716 1516 1784 Quis
1546 1719 1683 1772 enim
1708 1719 1804 1771 scit
1831 1718 2100 1772 hominum

523 1825 641 1880 quae
666 1818 786 1870 sunt
810 1808 1058 1875 hominis,
1085 1809 1187 1864 nisi
1211 1809 1422 1879 spiritus
1451 1809 1673 1862 hominis
1697 1809 1785 1878 qui
1811 1808 1866 1861 in
1890 1808 2000 1878 ipso
2023 1815 2100 1860 est

527 1898 581 1972 (I
604 1897 727 1954 Cor.
749 1914 810 1964 ιι,
836 1899 957 1970 II)?
979 1899 1084 1954 Sed
1111 1899 1242 1969 quid
1261 1908 1343 1955 est
1371 1899 1513 1969 quod
1535 1899 1610 1954 ait
1635 1918 1646 1952 :
1676 1898 1800 1952 Non
1822 1898 1958 1952 enim
1987 1907 2099 1952 erat

527 1987 754 2061 Spiritus
783 1989 957 2056 datus,
991 1992 1116 2062 quia
1142 1990 1298 2046 Iesus
1335 1991 1564 2062 nondum
1591 1999 1703 2046 erat
1740 1989 2101 2060 glori/iectus?

525 2080 778 2152 Nunquid
804 2097 912 2140 non
955 2083 1176 2154 spiritus
1215 2083 1318 2139 fuit
1359 2084 1414 2138 in
1445 2084 1650 2140 sanctis
1695 2081 1790 2139 Dei
1818 2083 2098 2154 prophetis

525 2183 581 2230 et
607 2175 948 2246 patriarchis,
979 2177 1071 2247 qui
1115 2176 1282 2245 multa
1311 2191 1408 2245 per
1434 2175 1692 2244 Spiritum
1733 2183 1978 2231 sanctum
2012 2173 2098 2229 fu-

525 2277 648 2332 tura
674 2271 1080 2340 pmdixerunt‘i.
1102 2271 1270 2342 Igitur
1295 2279 1350 2326 et
1374 2270 1646 2325 Elisabeth
1679 2269 1875 2339 legitur
1896 2267 2099 2338 Spiritu

528 2370 717 2420 sancto
762 2362 966 2433 repleta
1008 2379 1149 2429 esse,
1190 2370 1244 2418 et
1271 2362 1559 2418 Zacharias
1593 2360 1864 2426 similiter,
1887 2359 2100 2415 dicente

525 2456 854 2525 evangelista
892 2475 906 2511 :
957 2455 1024 2511 Et
1073 2455 1359 2511 Zacharias
1405 2465 1553 2527 pater
1596 2456 1711 2526 ejus
1763 2453 1982 2524 repletus
2025 2463 2101 2508 est

527 2539 734 2614 Spiritu
757 2551 960 2609 sancto,
990 2550 1037 2596 et
1066 2543 1383 2614 prophetavit
1408 2539 1557 2613 (Luc.
1589 2556 1631 2606 1,
1660 2538 1772 2611 6'1).
1817 2537 1956 2604 Quid
1997 2546 2096 2601 est,

524 2634 670 2708 quod
703 2634 869 2704 dicit:
901 2634 1129 2706 Spiritus
1169 2643 1380 2690 sanctus
1425 2633 1643 2694 necdum
1691 2632 1864 2704 fuerat
1907 2631 2102 2686 datus?

531 2743 550 2779 ι
579 2725 741 2782 Multa
761 2741 890 2798 ergo
907 2726 1104 2782 indicia
1129 2725 1482 2797 praecedentis
1510 2723 1694 2796 [Aug.,
1716 2721 2098 2793 praecedentia]

527 2817 761 2889 Spiritus
783 2819 954 2880 sancti
981 2819 1263 2884 habemus,
1293 2825 1580 2888 antequam
1610 2815 1875 2876 Dominus
1900 2813 2102 2883 gloriﬁ-

526 2917 748 2965 caretur
776 2909 1172 2971 resurrectione
1213 2909 1394 2964 carnis
1438 2923 1578 2972 suae;
1611 2921 1717 2962 non
1745 2905 1890 2961 enim
1936 2904 2101 2968 alium

527 3005 774 3075 spiritum
800 3003 965 3060 etiam
1011 3005 1285 3075 propheta:
1327 3005 1650 3070 habuerunt,
1693 3003 1787 3073 qui
1827 3001 2101 3059 Christum

456 3137 460 3142 .
528 3106 812 3160 venturum
841 3098 1352 3169 praenuntiaverunt.
1393 3096 1502 3153 Sed
1528 3097 1718 3152 modus
1761 3097 1979 3166 quidam
2020 3091 2102 3147 fu-

527 3195 682 3246 turus
725 3195 846 3250 erat
892 3187 1193 3244 donationis
1243 3185 1438 3259 [Aug.,
1483 3185 1747 3259 dationis]
1795 3187 1974 3257 hujus,
2009 3183 2103 3254 qui

526 3278 744 3339 omnino
787 3287 947 3336 antea
993 3292 1098 3334 non
1128 3287 1479 3350 apparuerat:
1513 3280 1578 3334 de
1607 3280 1723 3349 ipso
1752 3280 1840 3335 hic
1883 3279 2098 3335 dicitur.

528 3365 803 3436 Nusquam
836 3368 978 3424 enim
1008 3369 1233 3440 legimus
1260 3379 1418 3426 antea
1461 3379 1812 3441 congregatos
1856 3371 2104 3428 homines

527 3465 749 3528 accepto
777 3456 981 3529 Spiritu
1009 3468 1218 3526 sancto,
1256 3461 1450 3532 linguis
1479 3463 1717 3518 omnium
1745 3464 1984 3532 gentium
2021 3465 2104 3520 lo-

526 3556 681 3602 cutos
709 3546 892 3604 fuisse.
921 3549 1049 3604 Post
1091 3552 1538 3614 resurrectionem
1587 3560 1768 3606 autem
1807 3569 1958 3609 suam
1990 3557 2103 3625 pri-

529 3653 698 3703 mum,
742 3640 956 3709 quando
997 3642 1243 3710 apparuit
1273 3641 1547 3711 discipulis
1594 3645 1726 3708 suis,
1772 3645 1908 3699 dixit
1954 3647 2102 3701 illis:

529 3730 760 3802 Accipite
794 3731 956 3805 550
981 3732 1236 3803 Spiritum
1263 3743 1500 3794 sanctum
1537 3733 1717 3807 (Joan.
1761 3752 1854 3802 xx,
1884 3737 1996 3810 se).
2031 3739 2107 3793 De

529 3825 632 3880 hoc
671 3839 800 3895 ergo
827 3825 1028 3880 dictum
1058 3832 1173 3880 est:
1210 3824 1335 3879 Non
1359 3833 1472 3879 erat
1507 3825 1735 3896 Spiritus
1777 3827 1952 3894 datus,
1983 3832 2106 3900 quia

528 3914 683 3970 Iesus
706 3917 935 3980 nandum
954 3925 1065 3970 erat
1085 3914 1426 3986 gloriﬁcatus.
1451 3914 1519 3970 Et
1543 3917 1814 3988 insufﬂauit
1840 3920 1895 3972 in
1917 3920 2107 3988 faciem

530 4024 710 4069 eorum
739 4005 890 4079 (Gen.
915 4023 976 4074 ιι,
999 4006 1073 4080 7).
1099 4006 1216 4074 Quo
1237 4007 1366 4063 flatu
1389 4009 1622 4078 primum
1649 4012 1921 4066 hominem
1945 4029 2107 4084 quem

531 4102 675 4165 fecit,
707 4100 1014 4166 viviﬁcavit,
1041 4109 1096 4156 et
1118 4103 1184 4158 de
1207 4102 1336 4158 limo
1362 4105 1565 4168 erexit;
1591 4121 1697 4175 quo
1721 4104 1848 4161 flatu
1873 4108 2105 4168 animam

531 4196 786 4282 membris
823 4196 941 4266 ejus
977 4196 1152 4262 dedit;
1191 4196 1497 4268 significans
1526 4198 1670 4253 enim
1699 4201 1946 4256 eumdem
1987 4216 2107 4258 esse

531 4290 797 4361 spiritum,
840 4305 1002 4361 quem
1031 4291 1320 4348 insulilavit
1357 4293 1537 4365 [Aug.,
1564 4296 1870 4365 significans
1896 4313 2018 4353 eum
2049 4315 2106 4354 se

530 4398 668 4449 esse,
700 4385 791 4452 qui
827 4385 1135 4458 insuﬂlavit]
1165 4386 1218 4440 in
1261 4385 1450 4441 faciem
1477 4403 1684 4452 eorum,
1713 4397 1774 4443 ut
1802 4405 1832 4444 a
1873 4391 1985 4448 luto
2013 4406 2106 4446 ex-

531 4482 831 4545 surgerent,
857 4482 910 4529 et
935 4475 1093 4530 luteis
1120 4477 1372 4546 operibus
1400 4480 1790 4533 renuntiarent.
1819 4481 1968 4536 Tunc
1995 4483 2106 4552 pri-

532 4578 676 4630 mum
704 4572 826 4632 post
859 4565 1311 4620 resurrectionem
1348 4581 1498 4622 suam
1529 4568 1806 4635 Dominus,
1835 4587 1995 4639 quam
2024 4573 2104 4626 di-
2129 4602 2180 4661 Β

529 4655 606 4711 cit
633 4654 955 4725 evangelista
999 4655 1462 4726 glorificationem,
1506 4659 1652 4714 dedit
1694 4662 1968 4733 discipulis
1995 4665 2105 4718 suis

532 4747 792 4818 Spiritum
831 4756 1094 4820 sanctum.
1126 4750 1328 4805 Deinde
1358 4761 1721 4809 commoratus
1760 4767 1882 4809 cum
1927 4755 2004 4809 eis
2039 4771 2105 4810 ιιι,

535 4837 752 4903 diebus,
786 4845 846 4892 ut
888 4837 1026 4894 liber
1069 4839 1298 4896 Actuum
1341 4841 1700 4911 apostolorum
1743 4847 2102 4912 demonstrat,

531 4929 662 5000 ipsis
707 4929 1032 4998 videntibus,
1075 4939 1130 4986 et
1155 4932 1385 4988 videndo
1431 4935 1837 5001 deducentibus,
1867 4938 2108 4992 ascendit

530 5019 586 5076 in
622 5022 818 5078 malum
849 5021 986 5094 (Act.
1012 5040 1053 5090 ι,
1079 5026 1132 5091 5,
1158 5023 1234 5096 9).
1271 5024 1347 5080 Ibi
1391 5028 1624 5097 peractis
1670 5028 1854 5083 decem
1897 5028 2102 5093 diebus,

531 5115 617 5171 die
639 5111 986 5172 Pentecostes
1009 5117 1155 5172 misit
1177 5118 1404 5189 desuper
1424 5118 1682 5190 Spiritum
1703 5129 1966 5186 sanctum,
1991 5123 2102 5191 qui,

529 5207 670 5263 sicut
695 5207 835 5275 dixi,
874 5207 1086 5264 fuerant
1114 5225 1218 5264 uno
1261 5210 1315 5263 in
1345 5210 1462 5264 loco
1507 5212 1839 5282 congregati.
1870 5212 1986 5278 Quo
2019 5227 2106 5267 ae-

529 5307 686 5367 cepto
732 5299 937 5370 Spiritu
977 5309 1183 5365 sancto,
1221 5300 1462 5353 omnium
1507 5302 1743 5370 gentium
1791 5301 1985 5372 linguis
2023 5303 2104 5357 lo-

531 5391 640 5444 cuti
686 5400 830 5445 sunt.
875 5391 1076 5458 Qumrit
1121 5391 1315 5461 aliquis
1362 5389 1616 5455 forsitan,
1661 5393 1703 5447 si
1760 5392 2011 5462 baptizati
2051 5393 2105 5447 in

531 5480 766 5547 Christo,
807 5491 864 5537 et
890 5483 943 5536 in
983 5484 1243 5538 charitate
1282 5489 1672 5553 praeceptorum
1700 5483 1817 5553 ejus
1844 5485 2102 5550 viventes,

532 5590 703 5646 quare
735 5577 974 5632 omnium
1013 5577 1248 5647 gentium
1276 5576 1472 5647 linguis
1506 5590 1610 5630 non
1640 5575 1948 5644 loquantur,
1980 5580 2105 5631 dum

531 5679 740 5727 certum
785 5677 870 5725 est
910 5668 1168 5739 Spiritum
1213 5677 1458 5723 sanctum
1502 5683 1597 5723 eos
1644 5655 1942 5736 accepisse?
1971 5653 2105 5734 Quia

607 5816 630 5842 ει
662 5803 761 5858 Hic
798 5812 973 5858 textus
1005 5804 1059 5859 in
1087 5805 1204 5859 cod.
1229 5817 1331 5858 ms.
1356 5803 1557 5876 etualiis
1583 5803 1712 5856 edit.
1747 5801 2030 5876 omittitur,
2053 5809 2108 5870 et

531 5888 655 5948 quae
683 5877 1008 5944 praecedunt,
1034 5890 1154 5930 cum
1184 5874 1530 5944 sequentibus
1557 5890 1667 5928 uno
1696 5859 1853 5929 sensu
1879 5859 2105 5928 'neciun-

2128 3231 2176 3294 C

2211 611 2344 671 tium
2369 610 2563 681 linguis
2589 610 2846 681 loquitur.
2878 610 3031 679 Quod
3059 620 3188 668 tunc
3213 613 3266 667 in
3293 613 3567 683 primitiva
3605 614 3796 675 Eccle-

2205 703 2284 758 sia
2311 704 2693 776 praesignatum
2719 712 2821 770 est,
2848 719 2968 776 quae
2996 704 3052 760 in
3073 702 3255 768 Iudam
3281 720 3386 767 una
3416 707 3794 768 tantummodo

2203 802 2362 866 gente
2403 795 2613 854 initiata
2654 803 2757 861 est,
2805 811 2949 868 nunc
2975 811 3107 852 vero
3131 812 3200 856 ex
3240 797 3491 856 omnibus
3540 799 3792 870 gentibus

2204 894 2542 956 congregata.
2588 884 2866 952 Quomodo
2893 901 3024 942 vero
3063 902 3200 960 unus
3228 896 3356 950 tunc
3396 889 3559 948 homo
3598 889 3792 964 loque-

2203 978 2361 1034 batur
2398 978 2648 1038 omnibus
2676 978 2892 1049 linguis,
2941 978 3012 1036 ita
3043 979 3201 1034 modo
3226 980 3402 1035 unitas
3447 988 3652 1040 Sanctae
3692 981 3794 1038 Ec-

2203 1069 2380 1126 clesia:
2407 1069 2655 1125 omnibus
2675 1068 2915 1140 loquitur
2942 1069 3159 1140 linguis.
3193 1087 3212 1120 ι
3239 1068 3549 1139 Accipimus
3576 1084 3712 1141 ergo
3740 1081 3794 1124 et

2203 1175 2303 1218 nos
2347 1158 2606 1230 Spiritum
2656 1166 2933 1224 sanctum,
2981 1161 3027 1214 si
3075 1175 3321 1225 amamus
3373 1160 3708 1238 Ecclesiam,
3750 1163 3792 1216 si

2202 1250 2464 1314 charitate
2493 1252 2958 1321 compaginamur,
2986 1251 3030 1318 si
3057 1252 3321 1308 catholico
3350 1253 3569 1318 nomine
3601 1262 3661 1307 et
3693 1252 3793 1308 (ide

2202 1341 2513 1411 gaudemus.
2551 1329 2720 1412 Igitur
2748 1350 3008 1410 quantum
3037 1344 3264 1412 quisque
3308 1350 3454 1410 amat
3492 1343 3794 1412 Ecclesium

2200 1431 2420 1498 Christi,
2439 1440 2642 1487 tantum
2656 1432 2818 1501 habet
2831 1432 3087 1504 Spiritum
3099 1443 3359 1500 sanctum.
3376 1434 3652 1505 Habemus
3667 1449 3794 1506 ergo

2202 1522 2460 1596 Spiritum
2509 1531 2776 1590 sanctum,
2819 1525 2864 1579 si
2891 1541 3134 1595 amamus
3183 1525 3510 1598 Ecclesium;
3546 1538 3794 1586 amamus

2201 1621 2396 1671 autem.
2427 1613 2469 1676 si
2501 1612 2555 1667 in
2588 1613 2703 1683 ejus
2733 1629 2987 1689 compage
3028 1623 3084 1670 et
3111 1615 3373 1688 charitate
3417 1616 3792 1687 consentimus

2201 1704 2328 1776 [Ms.
2340 1746 2353 1768 ,
2369 1704 2757 1778 consistimus],
2774 1721 2932 1779 quam
2944 1706 3228 1778 Apostolus
3239 1707 3486 1774 omnibus
3497 1707 3794 1779 virtutibus

2203 1794 2524 1874 ﬁducialiter
2544 1797 2853 1867 praeposuit.
2873 1797 3186 1869 Quicunque
3204 1799 3372 1868 ipsam
3392 1797 3578 1870 habet,
3595 1804 3792 1872 cuncta

2133 1877 2177 1934 Β
2201 1885 2423 1958 habebit
2449 1887 2621 1958 bona;
2655 1889 2779 1958 quia
2811 1887 2924 1962 sine
2951 1888 3040 1960 illa
3071 1888 3202 1961 nihil
3227 1888 3495 1958 proderit,
3526 1887 3792 1959 quidquid

2205 1978 2405 2034 habere
2433 1980 2670 2052 potuerit
2700 1981 2860 2052 homo
2900 2001 2918 2032 ι
2953 1979 3004 2049 (1
3037 1978 3159 2052 Cor.
3187 1980 3330 2052 xm).
3356 1981 3433 2036 De
3458 1996 3569 2055 qua
3597 1981 3792 2035 beatus

2202 2069 2433 2143 Iacobus
2465 2072 2735 2144 apostolus
2763 2073 2874 2146 ait:
2910 2071 3011 2142 Qui
3039 2083 3210 2142 autem
3253 2073 3529 2144 offenderit
3662 2089 3788 2139 uno,

2205 2163 2373 2234 factus
2399 2174 2471 2219 est
2507 2166 2738 2219 omnium
2770 2183 2892 2238 reus
2917 2164 3120 2246 (Iach
3150 2182 3210 2242 tt,
3246 2165 3353 2235 I0).
3385 2165 3461 2221 De
3491 2167 3596 2220 hac
3625 2166 3788 2220 etiam

2203 2264 2258 2310 et
2292 2257 2406 2326 ipsa
2437 2257 2651 2312 Veritas
2679 2256 2795 2334 ait:
2825 2253 2892 2309 In
2921 2255 3016 2309 hoc
3051 2256 3197 2332 enim.
3233 2264 3540 2326 cognoscent
3587 2272 3785 2334 omnes,

2202 2348 2325 2421 quia
2353 2349 2452 2402 mei
2486 2347 2730 2418 discipuli
2755 2332 2896 2414 estis,
2933 2349 2980 2414 si
3014 2348 3340 2423 dilectionem
3386 2337 3679 2423 habueritis
3715 2332 3788 2402 ad

2201 2438 2439 2493 invicem.
2464 2436 2596 2493 Cum
2639 2423 3261 2510 ergo'hzec‘loquebatur
3301 2421 3548 2502 Christus
3595 2439 3655 2506 in
3701 2438 3784 2494 die

2202 2529 2494 2584 novissimo
2522 2528 2853 2596 festivitatis,
2882 2545 3001 2598 qua:
3030 2528 3188 2584 modo
3216 2528 3620 2600 proposuimus,
3649 2537 3705 2582 et
3730 2536 3786 2583 ut

2201 2622 2494 2694 potuimus,
2526 2623 2894 2689 tractavimus,

2274 2726 2436 2781 Vsus.
2470 2724 2559 2790 40,
2587 2724 2676 2780 41.
2697 2756 2770 2764 -
2796 2723 2882 2779 Ex
2910 2724 3004 2780 illa
3030 2741 3150 2796 ergo
3181 2725 3332 2780 turba
3361 2740 3480 2794 cum
3516 2725 3784 2783 audissent

2203 2818 2421 2889 quidam
2457 2818 2523 2873 de
2551 2816 2704 2873 turba
2748 2833 3006 2873 sermones
3036 2815 3197 2883 Iesu,
3241 2815 3524 2874 dicebant:
3557 2816 3666 2873 Hic
3711 2827 3782 2874 est

2203 2925 2317 2966 uere
2340 2907 2608 2982 propheta.
2631 2906 2736 2962 Alii
2757 2907 3016 2971 dicebant,
3039 2908 3122 2966 hic
3141 2917 3214 2964 est
3236 2904 3471 2965 Christus
3494 2921 3544 2964 ς.
3564 2927 3582 2960 ι
3609 2909 3640 2950 δ
3655 2907 3786 2968 lists

2203 3009 2290 3062 est
2316 3001 2381 3060 dc
2407 3000 2496 3054 illo
2523 2999 2578 3054 in
2618 3001 2777 3060 turba
2822 3000 3106 3066 dissensio,
3131 2998 3252 3056 aliis
3282 3000 3615 3074 putantibus,
3647 3000 3790 3070 quod

2204 3091 2320 3162 ipse
2360 3099 2504 3154 esset
2528 3088 2804 3156 Christus;
2837 3089 2959 3168 aliis
2981 3090 3301 3156 dicentibus,
3325 3091 3451 3160 quia
3472 3091 3543 3146 de
3569 3089 3785 3152 δέδωκε

2209 3205 2315 3244 non
2354 3195 2607 3258 exsurget
2635 3186 2899 3243 Christus.
2945 3185 3048 3253 Qui
3089 3201 3218 3241 vero
3263 3186 3415 3243 missi
3463 3183 3685 3240 fuerant
3728 3193 3786 3240 ut

2207 3297 2329 3338 eum
2352 3286 2619 3344 tenerent,
2653 3278 2929 3332 redierunt
2952 3278 3217 3332 immunes
3245 3293 3274 3332 a
3299 3277 3527 3332 crimine
3561 3285 3617 3332 et
3645 3276 3784 3346 pleni

2207 3373 2592 3429 admirationis.
2627 3370 2761 3426 Nam
2803 3382 2858 3426 et
2885 3372 3247 3426 testimonium
3274 3372 3670 3442 perhibuerunt
3712 3372 3787 3426 di-

2205 3465 2344 3520 vina:
2383 3463 2640 3520 doctrina:
2681 3461 2820 3532 ejus,
2844 3477 2982 3517 cum
3029 3462 3290 3527 dicerent,
3317 3478 3349 3516 a
3394 3463 3594 3531 quibus
3635 3461 3792 3517 missi.

2207 3555 2457 3611 fuerant:
2492 3554 2689 3626 (Vens.
2729 3551 2854 3625 45.)
2906 3551 3080 3618 Quare
3133 3569 3238 3608 non
3289 3553 3586 3607 adduxistis
3632 3552 3796 3608 eunti.

2207 3649 2617 3718 Responderunt
2639 3647 2784 3701 enim
2811 3662 3085 3716 nunquam
3126 3661 3185 3708 se
3219 3646 3488 3702 audivisse
3508 3647 3784 3715 hominem

2207 3743 2286 3798 sic
2313 3743 2566 3797 locutum.
2608 3739 2790 3812 (Vnus.
2818 3739 2932 3811 46.)
2965 3739 3090 3794 Non
3126 3740 3263 3804 enim
3300 3740 3576 3810 quisquam
3603 3739 3682 3792 sic
3711 3737 3786 3792 la-

2207 3837 2378 3909 quitur
2407 3834 2579 3904 homo.
2620 3832 2712 3888 Ille
2756 3841 2935 3888 autem
2965 3833 3045 3888 sic
3092 3832 3302 3888 locutus
3345 3837 3449 3896 est,
3488 3833 3618 3902 quia
3646 3832 3786 3886 Deus

2207 3939 2324 3986 erat
2363 3937 2419 3985 et
2445 3931 2627 3984 homo.
2661 3928 2863 3983 Tamen
2894 3927 3151 3982 Pharisaei
3193 3925 3561 3980 testimonium
3594 3941 3783 3981 eorum

2207 4023 2554 4094 repellentes,
2597 4020 2850 4076 dixerunt
2882 4018 3000 4074 eis:
3039 4016 3231 4090 (Vens.
3260 4018 3350 4083 L7,
3383 4017 3496 4088 i8.)
3528 4017 3784 4090 Nunquid

2206 4125 2255 4170 et
2283 4131 2368 4169 vos
2390 4113 2588 4167 seducti
2609 4112 2733 4167 estis
2746 4111 2772 4165 2
2793 4111 3048 4166 Videmus
3067 4112 3208 4165 enim
3236 4109 3529 4165 delectatos
3549 4124 3648 4164 vos
3666 4123 3785 4165 esse

2207 4205 2543 4262 sermonibus
2597 4204 2756 4262 illius.
2809 4203 3062 4275 Nunquid
3108 4200 3297 4273 aliquis
3342 4201 3408 4255 de
3459 4199 3782 4272 principibus

2206 4299 2423 4354 credidit
2458 4297 2514 4356 in
2548 4313 2686 4363 eum,
2724 4304 2815 4350 aut
2852 4312 2916 4350 ex
2950 4293 3278 4352 Plurimis?
3316 4292 3420 4350 Sed
3457 4294 3614 4348 turba
3649 4294 3777 4354 Iure,

2205 4404 2320 4460 qua:
2348 4403 2453 4442 non
2480 4386 2620 4441 novit
2655 4385 2835 4457 legem,
2866 4384 3130 4439 maledicti
3162 4393 3304 4440 sunt.
3336 4383 3440 4452 Qui
3483 4399 3590 4448 non
3622 4399 3782 4439 nove-

2204 4486 2328 4533 rant
2368 4479 2560 4550 legem,
2591 4477 2691 4547 ipsi
2732 4475 3025 4538 credebant
3050 4479 3104 4530 in
3131 4491 3284 4544 eum;
3313 4485 3369 4531 et
3396 4478 3489 4547 qui
3516 4477 3783 4534 docebant

2203 4571 2409 4643 legem,
2437 4586 2560 4625 eum
2605 4571 2698 4640 qui
2745 4571 2967 4625 miserat
2999 4571 3194 4642 legem,
3239 4569 3692 4624 contemnebant:
3725 4577 3780 4621 ut

2179 4673 2182 4677 '
2207 4665 2521 4734 impleretur
2543 4658 2684 4730 quod
2713 4661 2924 4724 dixerat
2945 4663 3062 4732 ipse
3094 4661 3348 4716 Dominus
3377 4650 3534 4731 z'Ego
3562 4657 3700 4723 veni,
3725 4669 3777 4711 ut

2206 4771 2308 4810 non
2355 4754 2579 4817 videntes
2627 4755 2867 4818 videant,
2906 4763 2954 4807 et
2999 4751 3224 4807 uidentes
3272 4752 3398 4806 caeci
3449 4751 3601 4820 fiant.
3644 4748 3779 4803 Caeci

2185 4848 2348 4919 enim
2389 4845 2516 4900 facti
2560 4855 2685 4900 sunt
2729 4845 2986 4908 Phariszci
3031 4843 3299 4908 doctores,
3332 4840 3616 4896 illuminati
3658 4850 3782 4896 sunt

2204 4937 2383 5008 populi
2412 4938 2582 5007 legem
2606 4937 2925 4997 nescientes,
2941 4943 2996 4990 et
3022 4935 3076 4990 in
3104 4943 3385 4992 auctorem
3405 4934 3538 5002 legis
3560 4934 3782 4990 creden-

2207 5038 2304 5083 tes.
2342 5048 2360 5079 ι
2389 5027 2712 5089 Nieodemus
2737 5035 2917 5084 tamen
2951 5025 3132 5099 [unus]
3161 5041 3224 5081 ex
3252 5021 3562 5091 Pharis:eis,
3594 5027 3684 5096 qui
3712 5024 3778 5080 ad

2206 5119 2488 5174 Dominum
2518 5127 2679 5180 nocte
2716 5128 2956 5184 venerat,
2984 5115 3040 5172 et
3079 5119 3191 5188 ipse
3217 5117 3432 5187 quidem
3463 5133 3567 5172 non
3610 5119 3780 5173 incre-

2207 5212 2380 5278 dulus,
2409 5212 2502 5268 sed
2546 5213 2794 5278 timidus;
2828 5226 2948 5265 nam
2991 5209 3112 5265 ideo
3154 5218 3209 5264 et
3255 5217 3412 5265 nocte
3454 5218 3674 5265 venerat
3716 5211 3778 5264 ad

2206 5303 2400 5369 lucem,
2443 5305 2567 5374 quia
2597 5302 2884 5358 illuminari
2916 5301 3130 5356 volebat
3154 5308 3209 5355 et
3236 5291 3366 5356 sciri
3404 5301 3648 5356 timebat.
3677 5301 3780 5354 Re—

2207 5395 2418 5464 spondit
2463 5393 2721 5467 [Judzeis]
2750 5411 2764 5447 :
2798 5393 2993 5466 (Vens.
3033 5391 3146 5466 51.)
3185 5392 3438 5464 Nunquid
3481 5391 3564 5446 lea:
3605 5401 3778 5445 nostra

2197 5487 2406 5557 judicat
2440 5488 2717 5552 hominem,
2745 5487 2847 5542 nisi
2891 5483 3120 5540 audierit
3159 5485 3223 5538 ab
3263 5478 3374 5556 ipso
3402 5476 3567 5554 prius,
3605 5494 3653 5538 et
3696 5501 3778 5537 co-

2207 5582 2434 5650 gnoverit
2479 5581 2605 5654 quid
2653 5580 2861 5652 faciat?
2902 5581 3166 5636 Volebam
3219 5569 3362 5635 enim
3412 5565 3490 5634 illi
3539 5578 3773 5650 perversi

2211 5669 2392 5742 [Aug.,
2432 5671 2706 5744 perverse]
2734 5679 2861 5730 ante
2886 5687 3006 5728 esse
3032 5661 3377 5729 damnatores
3407 5675 3568 5743 quani
3599 5669 3776 5741 cogni.

2207 5816 2297 5864 tur
2323 5809 2401 5863 sic
2428 5827 2440 5862 :
2471 5808 2820 5870 tractavimus,
2854 5815 2978 5876 nata
3005 5816 3100 5874 est,
3128 5814 3233 5876 etc.

2277 5879 2305 5918 ι’
2337 5880 2415 5934 Ex
2445 5878 2501 5934 S.
2530 5879 2692 5950 Aug.,
2714 5867 3262 5945 tract.'itxxui,'nuin.
3292 5879 3345 5946 I,
3372 5875 3427 5933 9..
