4088 6340
658 375 762 433 855

1498 373 1558 428 Β.
1597 373 1660 428 F.
1697 373 1921 428 ALBlNl
1960 371 2092 429 SEU
2129 371 2403 429 ALCUINI
2441 373 2721 430 OPEBUM
2754 374 2934 431 PARS
2970 374 3035 430 11.
3725 393 3806 453 εδδ

658 497 806 566 ipsos
832 494 990 565 digna
1017 493 1332 549 humilitatis
1374 490 1786 560 investigatione
1821 487 2233 560 perpendamus,
2259 490 2310 547 Α
2339 486 2499 559 543
2527 490 2602 542 ait
2631 507 2643 542 :
2686 488 2789 554 Qui
2809 489 3043 560 sequitur
3067 505 3172 554 me,
3209 506 3308 545 non
3341 494 3593 552 ambulabit
3622 501 3668 555 in
3698 513 3805 563 tm.

658 601 726 641 nc
758 585 897 641 forte
917 592 1011 640 aut
1029 586 1251 651 eisdem,
1277 599 1397 654 quae
1420 584 1476 639 in
1499 585 1632 654 ipsis
1652 586 2114 656 reprehendimus,
2141 590 2235 638 aut
2332 578 2458 646 bris,
2487 582 2577 635 sed
2607 581 2810 635 habebit
2854 581 3021 636 lucem
3051 581 3196 654 [Ms.,
3219 582 3403 659 lumen]
3443 591 3568 644 vita.
3589 592 3675 660 Qui
3705 603 3807 660 meis

658 683 778 736 aliis
825 681 1150 752 quibuslibet
1192 680 1361 736 simus
1409 678 1736 735 facinoribus
1778 680 1995 736 irretiti.
2020 697 2040 732 ι
2080 677 2232 733 Sicut

657 773 798 830 forte
821 773 937 828 ﬁeri
959 779 1154 842 potest,
1178 779 1239 826 ut
1266 771 1380 841 ipse
1403 771 1494 840 qui
1519 771 1842 826 homicidam
1865 785 2016 825 reum
2037 767 2231 824 mortis

657 879 776 921 esse
797 863 1140 934 iudicaverit,
1184 863 1297 933 ipse
1324 861 1380 916 in
1424 861 1600 932 seipso
1641 877 1740 932 per
1766 861 1950 916 odium
1979 859 2230 914 fraternae

657 955 846 1010 mortis
875 969 999 1008 reus
1039 968 1160 1009 esse
1187 960 1313 1007 ante
1336 950 1549 1008 oculum
1574 950 1869 1006 conditoris
1902 949 2226 1003 inveniatur.

657 1045 915 1100 Similiter
955 1043 1044 1113 qui
1072 1041 1443 1098 fornicationis
1471 1042 1673 1098 crimen
1704 1041 1761 1095 in
1797 1041 1964 1096 fratre
1989 1046 2226 1104 accusat,

654 1139 708 1192 in
737 1151 796 1191 se
838 1137 954 1206 ipso
980 1135 1244 1206 superbiae
1269 1135 1477 1190 facinus
1503 1149 1609 1189 non
1641 1133 1840 1188 videat.
1862 1132 1987 1187 Ideo
2005 1131 2230 1201 jubetur

649 1227 808 1296 iudex
844 1227 1004 1283 alieni
1030 1226 1272 1284 criminis
1297 1227 1464 1298 digito
1491 1225 1830 1282 discretionis
1859 1225 1914 1280 in
1941 1223 2102 1280 corde
2129 1239 2228 1280 suo

653 1319 975 1384 describere,
1006 1333 1074 1372 ne
1099 1317 1237 1373 forte
1257 1319 1311 1372 in
1338 1317 1514 1386 seipso
1540 1331 1665 1372 reus
1686 1315 2008 1371 inveniatur.
2046 1333 2064 1365 ι
2088 1315 2228 1382 Quid

651 1409 816 1477 igitur
838 1409 992 1464 nobis
1017 1409 1072 1462 in
1099 1409 1405 1478 huiusmodi
1431 1407 1683 1480 periculis
1709 1406 1952 1472 remedii,
1984 1407 2113 1476 quid
2141 1421 2228 1461 re-

649 1508 755 1554 stat
809 1499 1028 1565 salutis,
1082 1500 1185 1555 nisi
1233 1507 1295 1554 ut
1339 1515 1462 1555 cum
1510 1505 1822 1569 peccantem
1865 1497 2226 1568 conspicimus

649 1592 830 1654 alium,
864 1606 989 1645 mox
1031 1590 1353 1645 inclinemus
1389 1588 1663 1654 deorsum,
1710 1590 1763 1645 id
1792 1596 1906 1655 est,
1936 1603 2096 1659 quam
2128 1589 2226 1644 de-

644 1683 770 1752 iecti
804 1700 869 1739 ex
899 1691 1098 1739 nostrae
1128 1683 1434 1748 conditione
1476 1683 1782 1753 fragilitatis
1821 1682 2009 1748 simus,
2037 1682 2083 1737 si
2115 1697 2223 1738 non

646 1791 745 1830 nos
767 1775 947 1831 divina
975 1776 1147 1844 pietas
1169 1775 1431 1830 sustineat
1455 1773 1587 1847 [Αι.,
1612 1773 1920 1846 sustentet],
1948 1774 2225 1829 humiliter

646 1867 1024 1937 inspiciamus?
1048 1866 1224 1938 Digito
1246 1866 1544 1922 scribamus
1567 1867 1622 1921 in
1644 1872 1804 1929 terra,
1835 1865 1890 1920 id
1911 1873 2014 1932 est,
2041 1866 2224 1922 discri-

645 1960 792 2016 mine
840 1961 1025 2015 solerti
1071 1975 1380 2030 pensemus,
1423 1975 1492 2014 an
1530 1975 1655 2015 cum
1699 1959 1858 2014 beato
1902 1956 2002 2014 Job
2047 1959 2226 2015 dicere

645 2053 950 2124 possimus:
981 2051 1164 2125 Neque
1202 2054 1340 2107 enim
1377 2051 1702 2123 reprehendit
1734 2066 1828 2104 nos
1865 2066 1959 2105 cor
1990 2060 2226 2104 nostrum

645 2146 701 2200 in
744 2147 885 2200 omni
926 2145 1034 2200 vita
1079 2153 1258 2199 nostra
1283 2142 1425 2216 (Iob.
1450 2159 1616 2209 xxv",
1649 2141 1724 2215 6).
1761 2141 1904 2196 Bene
1933 2140 2025 2212 qui
2067 2139 2224 2195 incli-

645 2248 804 2295 natus
844 2238 1062 2308 scripsit
1101 2239 1158 2292 in
1194 2247 1363 2303 terra,
1389 2243 1603 2292 erectus
1634 2232 2018 2290 misericordiae
2061 2233 2226 2288 verba

645 2332 932 2403 depromit,
959 2331 1085 2402 quia
1114 2330 1258 2401 quod
1283 2343 1380 2400 per
1408 2329 1656 2383 humanae
1691 2324 2023 2381 infirmitatis
2052 2327 2226 2380 socie-

645 2433 810 2480 tatem
839 2424 1105 2495 promisit,
1135 2438 1233 2494 per
1261 2423 1455 2478 divinae
1480 2421 1736 2476 virtutem
1772 2421 2024 2492 potentiae
2050 2420 2225 2475 homi-

646 2515 806 2570 nibus
832 2513 1031 2570 donum
1057 2513 1275 2584 pietatis
1303 2513 1582 2584 impendit.

716 2605 877 2661 Vens.
912 2605 996 2671 10,
1029 2604 1115 2658 li.
1133 2634 1206 2644 —
1231 2601 1471 2674 Erigens,
1501 2603 1694 2673 inquit,
1717 2620 1772 2659 se
1797 2602 1954 2659 Iesus
1982 2604 2114 2658 dixit
2135 2604 2182 2658 ei
2203 2623 2224 2660 :

646 2694 858 2765 Mulier,
888 2696 979 2751 ubi
1021 2705 1172 2762 sunt,
1199 2697 1288 2767 qui
1325 2705 1372 2750 te
1410 2697 1763 2751 accusabant?
1804 2696 1974 2752 Nemo
2015 2707 2063 2752 te
2102 2715 2226 2752 con-

644 2786 945 2843 demnavit?
993 2786 1124 2853 Quae
1151 2787 1329 2841 dixit:
1370 2785 1557 2854 Nemo,
1597 2787 1836 2844 Domine.
1885 2787 2057 2845 Nemo
2089 2805 2222 2846 con-

646 2880 900 2935 demnare
944 2894 1106 2935 ausus
1148 2887 1233 2934 est
1277 2879 1654 2950 peccatricem,
1686 2881 1811 2948 quia
1853 2880 1910 2937 in
1936 2896 1995 2936 se
2027 2881 2223 2952 singuli

647 2987 870 3028 cernere
913 2978 1190 3043 coeperant
1235 2971 1379 3042 quod
1421 2971 1592 3042 magis
1633 2970 1992 3028 damnandum
2022 2988 2221 3043 cogno-

645 3075 876 3122 scerent.
920 3064 1026 3121 Sed
1055 3065 1180 3136 quia
1207 3064 1571 3120 accusantium
1601 3065 1788 3120 turbas
1816 3065 2027 3135 prolato
2063 3063 2224 3134 justi-

647 3159 736 3213 tite
758 3156 996 3228 pondere
1019 3155 1240 3224 fugavit,
1263 3152 1542 3210 videamus
1565 3163 1872 3211 accusatam
1899 3163 2098 3226 quanto
2121 3157 2223 3210 mi-

649 3248 953 3304 sericordiae
979 3262 1200 3303 munere
1220 3246 1477 3302 sublevet.
1501 3268 1519 3300 ι
1553 3246 1843 3318 Sequitur:
1870 3247 2018 3302 Dixit
2047 3259 2220 3304 autem

647 3337 843 3393 Iesus:
875 3337 987 3392 Nec
1014 3355 1105 3409 ego
1124 3350 1172 3392 te
1197 3338 1566 3394 condemnabo.
1602 3336 1766 3407 Vade,
1792 3350 1841 3394 et
1865 3340 2088 3413 amplius
2113 3341 2222 3397 noli

647 3446 878 3502 peccare.
921 3429 1183 3496 Quoniam
1227 3431 1532 3487 misericors
1571 3439 1627 3486 et
1656 3432 1778 3502 pius
1802 3442 1918 3499 est,
1948 3435 2223 3506 praeterita

647 3530 868 3594 peccata
935 3522 1158 3577 relaxat.
1192 3522 1456 3589 Quoniam
1492 3522 1671 3592 justus
1713 3533 1826 3592 est,
1858 3533 1912 3580 et
1955 3527 2220 3597 justitiam

649 3617 850 3688 diligit,
884 3631 954 3672 ne
996 3616 1223 3687 amplius
1249 3616 1362 3686 jam
1405 3625 1609 3686 peccet,
1643 3617 1934 3672 interdicit.
1970 3637 1988 3670 ‹
2021 3620 2220 3675 Verum

647 3707 777 3781 quia
802 3715 1052 3780 poterant
1078 3707 1322 3762 dubitare
1348 3706 1511 3777 aliqui
1540 3723 1608 3763 an
1633 3718 1815 3778 posset
1853 3709 2028 3777 Iesus,
2058 3728 2220 3782 quem

647 3790 832 3858 verum
877 3801 1148 3857 hominem
1189 3808 1479 3867 noverant,
1523 3800 1796 3858 dimittere
1838 3813 2081 3874 peccata,
2133 3807 2218 3862 di-

650 3903 848 3965 gnatur
901 3893 1014 3962 ipse
1065 3892 1333 3962 apertius,
1383 3893 1512 3962 quid
1559 3894 1813 3950 divinitus
1871 3894 2078 3963 valeat,
2125 3912 2215 3952 os-

653 3985 893 4042 tendere.
922 3984 1048 4040 Post
1088 3986 1356 4055 repulsam
1393 4002 1624 4058 namque
1659 3994 1984 4043 tentatorum
2025 3990 2216 4061 nequi-

647 4077 811 4144 tiam,
854 4084 976 4147 post
1006 4077 1233 4133 solutam
1264 4079 1578 4150 peccatricis
1615 4081 1857 4151 culpam,
1904 4082 2098 4138 iterum
2135 4085 2218 4140 Ιο-

647 4176 803 4224 (ειιιιιε
825 4177 928 4223 est.

1240 4238 1468 4295 CAPUT
1502 4238 1622 4294 XX.

649 4329 1059 4404 Lucem_mun_di
1093 4346 1146 4383 se
1187 4329 1339 4404 dicit.
1375 4328 1675 4404 Pharismos
1721 4331 1786 4386 de
1816 4337 2026 4404 proprio
2075 4340 2220 4392 testi-

718 4399 890 4536 morlq'o
927 4399 1159 4468 refutans
1189 4399 1379 4467 arguit.
1419 4397 1689 4453 Iudicium
1722 4397 1875 4457 suum
1900 4397 2074 4461 rerum
2109 4409 2220 4479 ipse

719 4485 815 4524 con
859 4478 1011 4522 rmat.

2329 670 2490 724 modo
2513 671 2679 741 jussis
2703 681 2758 726 et
2794 672 3055 742 exemplis
3094 674 3412 743 obsequitur,
3437 694 3536 734 non
3561 683 3732 742 timebit
3764 692 3805 748 in

2329 759 2513 816 futuro
2542 763 2794 818 tenebras
2827 763 3206 830 damnationis,
3234 767 3324 822 sed
3346 768 3509 825 lucem
3529 776 3682 844 potius
3699 781 3805 851 vita,

2328 853 2421 911 ubi
2441 872 2718 927 nunquam
2741 871 2965 927 prorsus
2994 859 3271 927 moriatur,
3297 860 3500 918 habebit
3525 876 3597 920 ι.»

2404 987 2424 1021 ι
2451 969 2480 1010 b
2506 969 2710 1041 Itaque,
2735 969 2932 1026 fratres
2953 971 3079 1036 mei,
3110 986 3392 1041 sequamur
3417 973 3659 1032 Christum
3677 979 3810 1039 lumen

2327 1059 2543 1125 mundi,
2583 1073 2650 1114 ne
2673 1061 3008 1115 ambulemus
3034 1061 3086 1116 in
3106 1063 3356 1119 tenebris.
3375 1065 3610 1124 Tenebrae
3629 1081 3810 1129 metuen-

2328 1153 2410 1209 dae
2437 1161 2562 1208 sunt
2583 1169 2814 1221 morum,
2837 1170 2944 1210 non
2973 1155 3283 1223 oculorum;
3313 1166 3366 1213 et
3389 1160 3431 1215 si
3453 1161 3711 1230 oculorum,
3735 1184 3811 1224 non

2327 1246 2676 1312 exteriorum,
2703 1247 2797 1302 sed
2848 1247 3195 1314 interiorum,
3245 1252 3383 1307 unde
3428 1253 3712 1312 discernitur
3734 1276 3812 1317 non

2326 1336 2507 1392 album
2529 1346 2584 1392 et
2627 1337 2860 1408 nigrum,
2891 1340 2984 1394 sed
3019 1337 3224 1408 justum
3248 1351 3304 1398 et
3323 1343 3584 1413 iniustum.
3611 1347 3721 1404 Cum
3739 1352 3812 1408 hoc

2327 1443 2454 1498 ergo
2469 1429 2693 1484 dixisset
2719 1430 2978 1486 Dominus
3005 1441 3192 1488 noster
3211 1432 3362 1490 Iesus
3382 1435 3625 1505 Christus,
3651 1458 3814 1512 respon-

2324 1520 2520 1576 derunt
2545 1521 2714 1578 Judaei
2746 1519 2970 1596 :'(V£ns.
2995 1523 3106 1598 l5.)
3133 1524 3212 1581 Tu
3231 1527 3296 1581 de
3314 1536 3363 1582 te
3390 1531 3700 1587 testimonium
3720 1535 3813 1589 dicit

2327 1611 2459 1685 [Al.,
2472 1615 2754 1688 perhibes],
2773 1617 3124 1670 testimonium
3141 1625 3288 1672 tuum
3308 1635 3409 1673 non
3420 1630 3492 1674 est
3513 1637 3677 1676 verum.
3695 1624 3813 1680 Ante-

2326 1721 2487 1776 quam
2510 1706 2721 1761 veniret
2743 1705 3002 1762 Dominus
3031 1716 3218 1763 noster
3240 1707 3394 1764 Jesus
3413 1708 3652 1777 Christus,
3671 1715 3813 1770 multas

2326 1803 2450 1851 ante
2470 1811 2530 1852 se
2553 1796 2803 1852 lucernas
2821 1799 3166 1869 propheticas
3187 1801 3430 1856 accendit
3448 1809 3500 1856 et
3524 1804 3666 1859 misit.
3684 1805 3740 1860 De
3756 1808 3813 1861 his

2326 1894 2444 1944 erat
2494 1886 2658 1941 etiam
2703 1885 2936 1943 Joannes
2987 1889 3232 1960 Baptista
3298 1890 3422 1964 [cui
3478 1902 3578 1948 tam
3627 1912 3810 1967 magnum

2327 1978 2504 2049 ipsum
2548 1978 2768 2045 lumen,
2820 1980 2962 2050 quod
2991 1989 3073 2034 est
3115 1980 3394 2048 Christus,
3448 1985 3683 2055 perhibuit
3708 1989 3813 2042 testi-

2326 2069 2596 2136 monium,
2625 2069 2784 2140 quale
2826 2067 2960 2124 nulli
3007 2070 3321 2139 hominum;
3353 2075 3427 2129 ait
3449 2077 3579 2131 enim
3607 2096 3618 2131 :
3645 2077 3698 2132 In
3717 2081 3810 2133 nati:

2326 2163 2602 2218 mulierum
2623 2179 2729 2218 non
2741 2162 2970 2217 surrexit
2993 2164 3168 2234 major
3191 2165 3400 2220 Joanne
3423 2166 3636 2238 Baptista
3657 2168 3809 2240 (Matth.

2325 2271 2401 2323 ιι,
2434 2256 2577 2330 11)].
2616 2257 2716 2312 Hic
2742 2265 2924 2312 tamen
2948 2272 3054 2327 quo
3106 2273 3268 2313 nemo
3298 2268 3413 2315 erat
3458 2260 3613 2329 major
3649 2262 3691 2315 in
3715 2263 3811 2316 natis

2325 2347 2635 2412 mulierum,
2666 2347 2798 2402 dicit
2819 2347 2884 2402 de
2909 2347 3137 2403 Domino
3157 2359 3347 2406 nostro
3364 2349 3486 2406 Jesu
3503 2351 3683 2406 Christo
3703 2367 3715 2405 :
3733 2352 3808 2421 Ego

2323 2438 2532 2509 quidem
2571 2437 2777 2508 baptizo
2807 2454 2896 2493 vos
2921 2440 2978 2493 in
2999 2456 3135 2511 aqua
3156 2482 3170 2506 ,
3205 2442 3296 2512 qui
3317 2451 3484 2496 autem
3506 2445 3625 2497 venit
3641 2453 3727 2513 post
3743 2459 3812 2507 me,

2325 2531 2515 2602 fortior
2535 2547 2617 2585 me
2654 2539 2751 2597 est,
2785 2531 2871 2586 cui
2903 2548 3007 2586 non
3034 2549 3151 2586 sum
3177 2533 3369 2603 dignus
3392 2534 3642 2604 corrigiam
3675 2533 3812 2586 calcem

2324 2623 2483 2676 menti
2511 2621 2706 2677 solvere
2759 2621 2940 2695 (Ioan.
2983 2640 3022 2688 ι,
3064 2623 3175 2696 26).
3239 2625 3423 2680 Videte
3457 2624 3808 2696 quemadmodum

2324 2729 2384 2769 se
2411 2712 2629 2768 lucerna
2659 2713 2753 2767 Dei
2796 2711 2929 2785 [Al.,
2959 2713 3089 2788 diei]
3118 2716 3422 2771 submittat.
3453 2715 3708 2771 Lucernam
3725 2729 3809 2768 vero

2323 2811 2499 2884 ipsum
2526 2810 2787 2866 Joannem
2835 2811 3022 2880 fuisse,
3053 2813 3320 2869 Dominus
3364 2815 3473 2886 ipse
3496 2822 3689 2869 testatur
3716 2811 3812 2866 :llle

2323 2915 2454 2972 erat,
2487 2906 2684 2975 inquit,
2711 2905 2928 2961 lucerna
2957 2907 3147 2961 arden's
3179 2917 3233 2962 et
3256 2908 3449 2974 lucens,
3479 2919 3522 2962 et
3548 2924 3622 2961 vos
3645 2905 3810 2960 voluistis

2323 2996 2395 3053 ad
2448 2995 2633 3049 horam
2683 2993 2947 3050 exsultare
2999 2996 3056 3050 in
3101 2997 3304 3054 lumine
3338 2999 3448 3071 ejus
3471 2997 3629 3070 (Ioan.
3665 3012 3704 3058 v,
3735 2993 3809 3058 55).

2330 3104 2349 3139 ‹
2368 3087 2783 3158 Responderunt
2801 3101 2931 3157 ergo
2955 3085 3125 3142 Judaei
3156 3106 3170 3144 :
3203 3088 3284 3143 Tu
3303 3089 3366 3144 de
3388 3099 3434 3144 te
3457 3087 3744 3143 testimonium
3762 3083 3812 3133 di-

2323 3181 2431 3248 cis,
2461 3180 2812 3234 testimonium
2874 3187 3020 3232 tuum
3081 3197 3187 3234 non
3257 3191 3330 3237 est
3364 3198 3547 3236 verum.
3580 3176 3812 3237 Videamus,

2323 3271 2452 3344 quid
2477 3271 2700 3326 audiunt
2731 3288 2742 3324 :
2782 3270 3064 3324 audiamus
3087 3279 3140 3324 et
3162 3286 3267 3328 nos
3291 3312 3304 3337 ,
3343 3272 3434 3327 sed
3457 3287 3554 3325 non
3597 3269 3707 3323 sicut
3745 3262 3809 3316 illi.

2319 3363 2402 3420 Illi
2431 3367 2858 3425 contemnentes,
2886 3375 2987 3424 nos
3013 3360 3332 3428 credentes;
3361 3361 3434 3415 illi
3466 3358 3697 3414 Christum
3713 3350 3814 3408 occi-

2322 3455 2451 3510 dere
2484 3454 2725 3510 volentes
2748 3493 2764 3518 ,
2803 3468 2903 3509 nos
2950 3449 3234 3507 Christum
3267 3451 3444 3524 [Aug.,
3473 3465 3564 3522 per
3585 3436 3810 3511 Christum]

2319 3546 2502 3600 vivere
2524 3545 2821 3615 cupientes.
2841 3542 3060 3598 Interim
3083 3543 3188 3599 ista
3221 3542 3471 3599 distantia
3494 3538 3736 3607 distinguat
3749 3545 3813 3585 au-

2321 3651 2408 3691 res
2437 3644 2752 3705 mentesque
2779 3641 3013 3702 nostras,
3042 3642 3097 3690 et
3123 3635 3410 3691 audiamus
3450 3631 3568 3702 quid
3586 3625 3740 3683 Iudaeis
3757 3636 3814 3676 re-

2322 3727 2598 3797 sponderit
2628 3726 2888 3782 Dominus
2913 3743 2925 3779 :
3170 3725 3181 3730 ’

2391 3849 2554 3906 Vens.
2587 3848 2675 3903 14.
2691 3846 3055 3920 -—Respondit
3075 3849 3256 3916 Iesus,
3289 3860 3339 3906 et
3362 3851 3486 3906 dicit
3510 3848 3611 3903 eis:
3632 3841 3816 3908 Etsiego

2320 3943 2671 4000 testimonium
2693 3941 2934 4012 perhibeo
2967 3943 3032 3998 de
3055 3945 3259 4015 meipso
3282 3986 3298 4011 ,
3333 3961 3506 4001 verum
3546 3949 3612 3997 est
3649 3935 3816 3993 testimo-

2320 4038 2467 4092 nium
2494 4051 2698 4100 meum;
2736 4035 2860 4106 quia
2889 4036 2997 4089 scio
3022 4036 3161 4090 unde
3185 4039 3305 4093 veni
3324 4047 3373 4093 et
3399 4054 3498 4108 quo
3515 4033 3647 4090 vado.
3668 4029 3815 4082 Lumen

2318 4139 2374 4187 et
2405 4129 2509 4184 alia
2553 4130 2886 4184 demonstrat
2913 4136 2968 4184 et
3011 4129 3274 4199 seipsum.
3304 4129 3543 4186 Christus
3559 4125 3819 4181 etseosten-
3850 4115 3854 4118 ’

2320 4222 2399 4277 dit
2428 4230 2484 4276 et
2508 4221 2727 4276 Patrem
2769 4219 3030 4287 ostendit,
3062 4228 3118 4276 et
3141 4220 3212 4277 de
3235 4221 3437 4277 Judaeis
3460 4217 3579 4290 quid
3599 4218 3715 4270 esset
3729 4220 3820 4260 ren—

2320 4322 2520 4368 turum.
2546 4313 2690 4384 Ergo
2705 4312 2782 4368 ait
2801 4313 3059 4368 Dominus
3073 4354 3088 4379 ,
3115 4321 3169 4367 et
3196 4330 3390 4369 verum
3415 4313 3489 4368 ait
3517 4309 3608 4365 :Et
3630 4306 3668 4360 si
3689 4316 3757 4372 ego
3777 4295 3820 4350 de

2317 4420 2399 4458 me
2451 4404 2799 4458 testimonium
2836 4403 3076 4474 perhibeo
3097 4445 3114 4471 ,
3177 4421 3362 4460 verum
3423 4413 3494 4459 est
3545 4390 3822 4455 testimonium

2319 4511 2512 4560 meum,
2539 4495 2663 4566 quia
2690 4495 2796 4548 scio
2823 4495 2960 4549 unde
2985 4496 3102 4550 veni
3131 4505 3178 4550 et
3207 4514 3312 4568 quo
3338 4495 3488 4551 uado.
3511 4492 3702 4548 Patrem
3721 4477 3823 4535 γοιθε

721 4561 886 4617 νεκε-
917 4561 1013 4658 ηο-
1038 4559 1252 4658 ~71}:st
1291 4578 1423 4658 sunt
1452 4561 1546 4658 ιξιω
1589 4567 1792 4658 mundi-
1837 4567 1940 4634 Qui
1987 4573 2218 4644 sequitur
2243 4581 2294 4644 υ
2319 4586 2413 4640 hat
2436 4559 2852 4656 intelligi,\Patri
2878 4587 3104 4658 gloriam
3125 4559 3292 4645 dabat
3312 4588 3507 4652 Filius;
3536 4579 3726 4652 aequalis
3744 4572 3823 4642 θιίν

647 4669 748 4719 me,
776 4668 881 4706 non
907 4651 1189 4708 ambulabit
1211 4655 1268 4710 in
1287 4647 1532 4722 tenebris,
1554 4657 1645 4712 sed
1665 4657 1870 4713 habebit
1889 4659 2054 4716 lucem
2073 4666 2212 4721 vitta.

651 4745 753 4803 Ubi
782 4744 1066 4802 manifeste
1101 4749 1256 4804 docet
1280 4765 1388 4806 non
1417 4751 1591 4807 solum
1616 4769 1723 4824 qua
1756 4757 2075 4814 auctoritate
2099 4769 2217 4817 mn-

647 4838 768 4894 lieri
797 4847 1017 4910 peccata
1041 4839 1332 4909 dimiserit;
1358 4844 1450 4899 sed
1477 4845 1659 4913 etiam,
1688 4847 1830 4917 quod
1858 4849 1972 4920 ipse
1998 4853 2067 4907 sit
2089 4870 2216 4911 vera

646 4931 756 4998 lux,
801 4948 922 5004 quae
960 4932 1226 4988 illuminat
1257 4949 1469 4990 omnem
1513 4937 1784 4995 hominem
1827 4942 2128 4999 venientem
2159 4946 2216 5000 in

647 5025 794 5082 hunc
838 5027 1137 5082 mundum:
1174 5024 1326 5095 cujus
1367 5038 1684 5099 perpetuum
1727 5033 2065 5103 splendorem
2116 5037 2216 5092 hu-

648 5136 809 5178 mana
835 5121 1098 5194 fragilitas
1122 5125 1307 5180 videre
1332 5140 1439 5180 non
1466 5128 1744 5197 potuisset,
1784 5130 1886 5184 nisi
1925 5131 2065 5187 nube
2098 5149 2218 5189 car-

648 5212 734 5268 nis
755 5220 1040 5284 tegeretur,
1067 5229 1166 5284 per
1191 5230 1352 5285 quam
1389 5216 1541 5286 quasi
1570 5231 1668 5286 per
1693 5220 1958 5288 quoddam
2002 5222 2220 5280 lucidis-

649 5306 844 5361 simum
899 5307 1172 5378 speculum
1221 5307 1388 5363 divini
1439 5309 1654 5364 luminis
1706 5311 1920 5368 claritas
1966 5315 2216 5374 humanis

651 5397 918 5453 mentibus
965 5398 1339 5466 innotesceret,
1367 5415 1487 5469 quae
1536 5399 1640 5455 fide
1681 5403 1953 5471 purganda
1999 5414 2110 5472 est,
2157 5415 2216 5462 ut

647 5489 785 5544 tanti
807 5489 1023 5544 luminis
1051 5493 1288 5560 aspectui
1313 5493 1472 5565 digna
1511 5491 1790 5547 efﬁciatur.
1822 5494 1975 5552 Unde
2001 5507 2216 5557 secutus

723 5652 750 5712 ξι
784 5639 1069 5712 [lucusque
1089 5659 1154 5700 ex
1181 5645 1400 5701 homilia
1420 5645 1553 5702 Ven.
1585 5647 1759 5705 Bedte.

652 5708 770 5842 L1;
789 5708 1073 5835 E‘rgancto
1092 5715 1408 5788 Augustino,
1428 5725 1585 5775 tract.
1614 5736 1757 5778 xxxv
1783 5721 1840 5779 in
1861 5721 2040 5791 Joan.,
2062 5741 2208 5782 num.

775 5819 790 5844 ,
811 5819 922 5835 ἰν-νο

2323 4675 2566 4734 rificabat
2591 4692 2735 4744 eum,
2779 4692 2810 4731 a
2860 4692 2966 4746 quo
2995 4686 3080 4734 est
3104 4679 3307 4736 missus
3361 4698 3374 4734 :
3431 4685 3670 4748 quantum
3711 4663 3824 4722 debet

2322 4769 2484 4824 homo
2509 4768 2810 4840 glorificare
2833 4784 2978 4836 eum,
3012 4786 3042 4824 a
3072 4786 3179 4841 quo
3199 4781 3287 4828 est
3311 4771 3552 4828 creatus?
3591 4765 3696 4821 Scio
3724 4753 3824 4812 unde

2320 4862 2434 4914 veni
2455 4869 2502 4913 et
2525 4877 2628 4930 quo
2657 4859 2808 4915 vado.
2845 4879 2864 4911 ι
2891 4860 3014 4926 Iste,
3033 4863 3126 4932 qui
3152 4863 3206 4918 in
3234 4863 3519 4933 pnesentia
3540 4857 3676 4914 vobis
3697 4845 3823 4918 loqui'

2319 4961 2427 5017 tur,
2457 4953 2620 5008 habet
2656 4954 2801 5022 quod
2825 4969 2932 5008 non
2960 4955 3217 5023 deseruit,
3247 4958 3343 5012 sed
3368 4966 3542 5011 tamen
3578 4947 3728 5007 venit;
3748 4952 3822 4993 "0“

2319 5049 2462 5102 enim
2491 5047 2752 5103 veniendo
2778 5049 2901 5103 inde
2921 5049 3202 5116 discessit,
3237 5059 3334 5105 aut
3353 5045 3596 5104 redieudo
3616 5054 3700 5096 nos
3717 5034 3825 5089 deftL

2327 5137 2503 5208 liquit.
2539 5138 2678 5206 Quid
2714 5139 3029 5194 miramini?
3081 5141 3222 5196 Deus
3280 5148 3383 5196 est.
3416 5139 3528 5193 Non
3565 5138 3721 5205 potest
3751 5125 3823 5178 hoc

2318 5231 2434 5286 fieri
2453 5273 2468 5296 ,
2495 5232 2588 5286 sed
2649 5233 2717 5286 ab
2768 5231 2984 5286 homine
3013 5250 3025 5285 :
3051 5248 3158 5287 non
3182 5239 3360 5302 potest
3405 5232 3505 5286 hoc
3530 5225 3635 5282 ﬁeri
3659 5220 3715 5275 ab
3739 5217 3822 5284 ipso

2317 5321 2429 5377 sole
2457 5323 2681 5376 oriente.
2722 5320 2813 5376 Sol
2847 5323 3028 5378 oriens
3075 5323 3251 5394 pergit
3299 5324 3366 5377 ad
3417 5319 3749 5375 occidentem,
3783 5310 3822 5357 οι

2316 5413 2518 5468 deserit
2533 5413 2817 5468 orientem.
2843 5412 2959 5468 Non
2990 5429 3055 5468 eo
3075 5430 3224 5468 more
3252 5414 3508 5468 Dominus
3528 5413 3691 5464 noster
3705 5399 3822 5454 Jesus

2316 5502 2562 5558 Christus
2601 5514 2622 5542 ο
2659 5513 2754 5559 :et
2781 5503 2928 5559 venit
2950 5505 3114 5571 enim,
3161 5514 3213 5558 et
3244 5503 3316 5558 ibi
3346 5510 3463 5566 est;
3503 5508 3552 5555 et
3592 5491 3744 5553 rediit,
3783 5487 3824 5538 et

2388 5667 2411 5696 ο
2451 5658 2587 5727 Aug.
2617 5677 2629 5711 :
2666 5675 2686 5728 ς
2723 5656 2838 5712 Νοη
2866 5666 3041 5728 potest
3065 5659 3167 5715 hoc
3202 5657 3324 5714 fieri
3361 5660 3427 5713 ab
3473 5654 3706 5728 homine_:
3743 5651 3821 5728 I12“

2311 5735 2490 5799 potest
2517 5717 2619 5783 hoc
2649 5727 2764 5784 fieri
2794 5717 2998 5799 ab'ipso
3028 5731 3158 5785 sole.
3191 5729 3418 5796 Quando
3440 5725 3604 5796 pergil
3636 5717 3694 5799 δεῖ
3715 5717 3824 5799 99?;

2313 5774 2544 5863 dentem,
2557 5774 2765 5854 ξιὲεθῖοίι
2783 5774 3343 5866 ὄῆἑὲἓηῖῖὲῖἐιῖὶὲἓὲ
3355 5774 3584 5856 astus.
3601 5788 3756 5846 redeat
3771 5774 3822 5834 ad
