4088 6340
321 327 426 384 857

1133 323 1542 382 EXEGETICA.
1582 353 1654 366 --
1689 319 2044 379 COMMENT.
2084 321 2154 377 IN
2187 323 2378 383 JOAN.
2407 355 2479 368 —
2513 328 2642 384 LIB.
2682 327 2772 386 IV.

3472 341 3577 399 858

318 440 411 496 hic
433 444 535 494 est.
554 436 695 492 Audi
731 437 905 529 ipsum
931 435 1314 506 evangelistam
1335 435 1440 529 alio
1467 435 1585 529 loco
1606 434 1898 529 dicentem,
1924 429 2245 529 Ajudicare
2265 441 2544 507 mundum,
2571 441 2665 496 sed
2685 441 2894 498 salvare
2907 446 3184 513 mundum,
3213 448 3384 506 dixit:
3414 451 3574 529 [Ego]

317 536 377 585 et
398 529 444 584 si
463 535 638 600 potes,
662 543 825 597 cape;
863 527 911 582 si
933 542 1040 582 non
1067 534 1241 596 potes,
1273 525 1454 581 crede.
1482 525 1668 591 Deum,
1697 525 1893 595 inquit,

319 637 472 677 nemo
502 619 628 674 uidit
650 619 1042 689 unquam,.nisi
1066 618 1361 688 unigenitus
1395 615 1592 682 Filius,
1627 617 1716 687 qui
1739 625 1816 672 est
1839 617 1898 671 in

315 715 438 769 sinu
468 712 667 778 Patris,
709 712 816 782 ipse
844 711 1106 766 enarravit
1140 709 1321 783 (Joan.
1352 727 1394 776 ι,
1429 709 1537 781 18).
1571 709 1688 764 Νοιι
1710 709 1848 764 dixit
1877 723 1893 763 :

316 806 422 873 Qui
446 804 547 860 fuit
569 805 625 859 in
654 805 774 860 sinu
793 803 988 859 Patris.
1033 803 1133 860 Hic
1156 803 1493 874 loquebatur,
1523 813 1579 859 et
1597 803 1672 860 ibi
1698 819 1758 859 se
1775 815 1896 860 esse

317 898 532 953 dicebat
579 911 594 950 :
647 897 740 966 qui
778 905 834 952 et
859 897 988 952 hinc
1023 896 1359 952 discessurus
1414 897 1548 952 dixit
1590 915 1602 951 :
1634 896 1772 951 Ecce
1801 911 1894 966 ego

313 987 578 1042 vobiscum
602 1003 719 1042 sum
747 987 987 1043 omnibus
1011 987 1190 1043 diebus
1217 1005 1378 1060 usque
1396 987 1465 1042 ad
1493 988 1896 1043 consummatio-

313 1095 435 1134 nem
467 1077 649 1133 saeculi
687 1077 901 1150 (Matth.
947 1094 1136 1145 xxvm,
1192 1077 1304 1151 20).
1360 1096 1379 1130 ι
1404 1078 1544 1151 Ergo
1583 1093 1770 1134 verum
1811 1083 1897 1133 est

313 1169 683 1225 testimonium
730 1168 980 1235 luminis,
1026 1169 1141 1224 sive
1169 1184 1226 1224 se
1251 1169 1520 1234 ostendat,
1572 1169 1686 1224 sive
1736 1167 1840 1222 alia
1875 1186 1888 1222 :

310 1258 440 1328 quia
468 1259 583 1313 sine
631 1257 831 1312 lumine
855 1274 962 1313 non
988 1266 1167 1329 potest
1189 1257 1362 1313 videri
1405 1257 1616 1323 lumen;
1675 1263 1732 1312 et
1777 1256 1894 1312 sine

310 1351 514 1406 lumine
531 1364 639 1404 non
670 1357 849 1420 potest
867 1349 1036 1403 videri
1061 1347 1338 1419 quodlibet
1360 1347 1505 1402 aliud
1525 1347 1670 1417 quod
1689 1361 1796 1400 non
1809 1355 1893 1402 est

312 1443 514 1498 lumen.
534 1462 552 1494 ›
587 1442 772 1512 Itaque
794 1447 848 1497 et
873 1441 1055 1496 lumen
1077 1448 1133 1495 et
1153 1441 1390 1512 seipsum
1414 1439 1670 1504 ostendit,
1695 1444 1750 1492 et
1771 1451 1892 1509 quae

311 1535 458 1590 circa
488 1547 547 1588 se
564 1540 718 1599 sunt;
750 1533 826 1586 ita
845 1540 900 1587 et
925 1531 1196 1597 Christus,
1223 1537 1277 1584 et
1298 1531 1534 1600 seipsum
1551 1528 1810 1594 ostendit,
1836 1536 1892 1584 et

311 1627 446 1681 alios
457 1625 726 1679 illuminat
740 1625 832 1696 qui
849 1624 1116 1680 charitate
1131 1623 1275 1678 circa
1289 1637 1346 1677 se
1362 1629 1507 1688 sunt,
1523 1630 1578 1678 et
1593 1627 1892 1692 sequuntur

310 1720 462 1775 illum
483 1736 589 1774 non
610 1720 808 1789 pedum
831 1718 1104 1790 gressibus
1120 1758 1134 1784 ,
1157 1717 1252 1772 sed
1290 1717 1570 1772 charitatis
1606 1716 1814 1771 ofﬁciis.

2001 541 2106 579 non
2126 526 2312 597 judico
2341 546 2684 603 quemquam;
2715 532 2829 588 sive
2862 538 3310 604 quemadmodum
3341 526 3577 603 comme;

1998 621 2237 687 moravi,
2270 623 2526 691 quoniam
2569 624 2781 681 dixerat
2830 643 2842 680 :

1987 711 2245 782 judicatis
2269 753 2285 778 ,
2325 715 2528 770 addidit
2580 733 2593 769 :
2637 715 2751 788 Ego
2790 735 2894 773 non
2934 720 3118 790 judico
3153 740 3485 799 quemquam,
3513 739 3578 788 ut

1997 803 2355 874 intelligamus
2392 805 2690 874 Christum,
2718 824 2823 864 non
2851 813 3146 869 secundum
3173 831 3393 873 carnem
3427 819 3576 890 judi-

1996 907 2155 958 care,
2191 894 2331 950 sicut
2382 895 2450 950 ab
2489 897 2797 954 hominibus
2840 899 3111 968 judicatus
3147 914 3249 960 est.
3297 925 3316 959 ι
3355 907 3490 966 Nam
3514 919 3576 968 ut

1995 985 2332 1052 cognoscatis
2353 984 2467 1054 jam
2496 993 2550 1042 et
2571 988 2808 1058 judicem
2839 990 3110 1048 Christum
3136 1035 3151 1061 ,
3208 998 3388 1054 audite
3444 1003 3576 1072 quid

1996 1075 2239 1145 sequitur
2261 1095 2273 1130 :
2293 1076 2478 1149 (VI-ms.
2499 1078 2610 1152 16.)
2633 1079 2702 1134 Et
2723 1083 2769 1135 si
2781 1082 2970 1152 judico
2989 1101 3102 1157 ego,
3117 1087 3387 1157 judicium
3401 1110 3576 1152 meum

1995 1182 2170 1220 verum
2193 1177 2286 1221 est.
2317 1168 2454 1224 Ecce
2476 1169 2638 1225 habet
2652 1180 2707 1226 et
2715 1171 2976 1240 judicium
2993 1175 3176 1249 [Aug.,
3198 1188 3252 1234 et
3261 1181 3572 1252 judicem...

1993 1271 2062 1311 ne
2091 1259 2293 1314 sentias
2333 1258 2591 1334 judicem]
2615 1303 2630 1328 ,
2659 1263 2753 1320 sed
2781 1280 3011 1336 agnosce
3064 1268 3401 1332 Salvatorem
3428 1319 3443 1346 ,
3507 1297 3576 1337 ne

1993 1351 2194 1405 sentias
2213 1349 2495 1418 judicium.
2526 1353 2705 1421 Quare
2745 1365 2925 1413 autem
2962 1361 3098 1417 dixit
3118 1362 3383 1433 judicium
3415 1388 3572 1430 suum

1992 1455 2181 1536 verum
2211 1444 2365 1498 esse?
2392 1443 2529 1536 Quia
2551 1447 2694 1502 solus
2715 1489 2730 1513 ,
2766 1449 2969 1519 inquit,
2998 1469 3101 1509 non
3127 1473 3242 1513 sum
3262 1500 3277 1526 ,
3315 1465 3406 1517 sed
3457 1483 3573 1536 ego,

1991 1540 2040 1586 et
2066 1533 2155 1603 qui
2182 1550 2262 1587 me
2286 1536 2426 1588 misit
2458 1533 2640 1591 Pater.
2673 1558 2693 1591 ι
2726 1538 2863 1606 Quid
2885 1550 2970 1598 est
2997 1545 3183 1602 missio
3212 1549 3444 1619 Clu-isti,
3470 1533 3573 1612 nisi

1991 1621 2293 1679 incarnatio
2311 1625 2465 1694 ejus?
2491 1627 2685 1684 Missus
2705 1638 2790 1685 est
2827 1630 3074 1690 Christus
3096 1677 3112 1703 ,
3146 1638 3286 1694 idem
3329 1653 3412 1698 est
3437 1654 3498 1700 ut
3524 1647 3572 1701 si

1993 1714 2164 1780 dicas,
2195 1716 2510 1774 incarnatus
2553 1729 2638 1775 est
2677 1720 2948 1779 Christus.
3003 1727 3071 1782 Et
3118 1744 3148 1784 a
3188 1730 3348 1788 Patre
3374 1738 3574 1796 missus

381 1813 526 1868 Duos
556 1784 821 1868 adventus
833 1784 1053 1866 Domini
1082 1809 1253 1864 nostri
1279 1807 1407 1864 Jesu
1434 1806 1634 1864 Christi
1660 1808 1889 1878 legimus
1920 1784 1966 1843 Β
1991 1814 2131 1872 erat,
2159 1815 2213 1862 et
2243 1822 2274 1861 a
2307 1808 2466 1864 Patre
2495 1826 2770 1881 nunquam
2800 1818 3025 1871 recessit
3062 1837 3075 1872 :
3131 1830 3185 1876 et

310 1904 368 1959 in
403 1903 698 1976 Scripturis
747 1903 948 1960 sanctis
1003 1919 1036 1957 a
1084 1901 1364 1973 prophetis
1424 1916 1543 1956 esse
1579 1902 1887 1971 praedictos,

307 2012 476 2052 unum
496 1994 878 2051 misericordiae
903 1995 994 2066 qui
1033 2002 1287 2064 peractus
1309 2003 1412 2058 est,
1446 1993 1676 2048 alterum
1696 1994 1889 2064 judicii

307 2087 401 2156 qui
443 2093 702 2141 venturus
735 2093 836 2142 est.
885 2105 904 2138 ‹
927 2098 952 2126 a
977 2085 1159 2140 Prima
1174 2099 1304 2154 ergo
1329 2084 1654 2154 dispensatio
1675 2084 1890 2141 Domini

305 2179 481 2234 nostri
499 2176 628 2233 Jesu
658 2177 858 2233 Christi
882 2176 1238 2242 medicinalis,
1286 2191 1394 2230 non
1433 2175 1733 2243 judicialis;
1762 2190 1890 2229 nam

305 2273 355 2328 si
386 2272 562 2340 primo
585 2269 820 2324 venisset
863 2267 1204 2336 judicaturus
1226 2308 1243 2334 ,
1293 2267 1561 2321 neminem
1597 2266 1893 2321 invenisset

306 2361 395 2416 cui
424 2359 645 2430 praemia
667 2356 892 2426 justitise
917 2357 1186 2412 redderet.
1216 2355 1350 2423 Quia
1380 2372 1508 2425 ergo
1531 2355 1663 2410 vidit
1699 2370 1890 2412 omnes

306 2461 620 2522 peccatores
645 2493 659 2519 ,
709 2453 780 2506 et
814 2451 1032 2505 omnino
1084 2465 1203 2505 esse
1233 2449 1502 2504 neminem
1537 2449 1833 2504 immunem
1856 2464 1890 2504 a

307 2555 483 2602 morte
521 2547 758 2617 peccati,
798 2546 948 2615 prius
970 2545 1087 2615 ejus
1115 2552 1230 2598 erat
1275 2543 1645 2599 misericordia
1688 2558 1891 2612 praero-

305 2639 503 2710 ganda,
531 2645 586 2694 et
608 2645 733 2708 post
767 2636 1125 2691 exercendum
1167 2633 1359 2706 [Aug.,
1401 2631 1778 2703 exserendum]
1802 2632 1890 2702 ju-

304 2731 508 2786 dicium
556 2747 568 2783 :
622 2728 748 2798 quia
777 2727 844 2782 de
881 2727 974 2781 illo
1001 2733 1313 2781 cantaverat
1350 2723 1596 2779 Psalmus
1633 2741 1646 2777 :
1680 2722 1890 2777 Miseri-

304 2822 542 2878 cordiam
571 2832 617 2877 et
639 2822 902 2893 judicium
951 2822 1170 2876 cantabo
1211 2820 1344 2886 tibi,
1392 2819 1614 2874 Domine
1660 2815 1885 2886 (Psalm.

306 2932 362 2982 c,
381 2915 453 2988 l).
473 2915 589 2970 Non
601 2915 742 2970 enim
766 2922 889 2969 ante
910 2913 1168 2982 judicium
1199 2920 1252 2968 et
1278 2919 1401 2982 post
1425 2909 1846 2966 misericordiam
1871 2926 1884 2963 :

307 3023 436 3062 nam
458 3007 503 3061 si
529 3007 763 3077 primum
788 3013 932 3061 esset
949 3004 1233 3072 judicium,
1264 3002 1410 3057 nulla
1435 3011 1580 3057 esset
1599 3000 1760 3073 5M
1790 3001 1890 3054 mi-

307 3096 632 3163 sericordia;
674 3096 768 3150 sed
787 3095 963 3166 primo
984 3094 1375 3159 misericordia,
1401 3101 1586 3162 postea
1603 3091 1882 3162 judicium.
1913 3133 1959 3195 Ο

307 3189 441 3256 Quae
464 3195 546 3243 est
583 3187 758 3258 primo
809 3184 958 3258 [Ms.,
990 3184 1186 3256 prima]
1227 3182 1632 3238 misericordia?
1665 3181 1889 3237 Creator

306 3281 545 3336 hominis
579 3281 740 3335 homo
780 3293 900 3334 esse
935 3278 1182 3348 dignatus
1218 3283 1322 3341 est,
1363 3273 1539 3328 factus
1562 3274 1707 3344 quod
1748 3272 1890 3328 fece-

307 3381 419 3438 rat,
459 3385 525 3426 ne
545 3370 748 3442 periret
775 3368 917 3441 quod
941 3367 1162 3423 fecerat.
1190 3366 1330 3434 Quid
1358 3366 1484 3421 huic
1510 3364 1890 3420 misericordiae

308 3465 437 3520 addi
463 3464 678 3535 potest?
705 3461 924 3518 Addidit
957 3469 1155 3516 tamen.
1195 3479 1214 3511 ι
1265 3457 1401 3512 Nam
1446 3457 1762 3527 reprobatus
1806 3463 1890 3512 est

309 3557 383 3612 ab
415 3557 664 3612 omnibus
705 3553 838 3628 [Al.,
882 3550 1234 3624 hominibus],
1282 3564 1381 3620 pro
1429 3565 1657 3620 quorum
1717 3547 1890 3603 salute

309 3657 538 3706 venerat
585 3648 640 3703 in
687 3646 966 3710 mundum,
1023 3643 1299 3699 irrisiones
1334 3641 1607 3706 sustinuit,
1655 3639 1888 3712 ﬂagella,

308 3746 500 3810 sputa,
526 3736 813 3808 opprobria
856 3735 1196 3790 inimicorum
1220 3773 1235 3799 ,
1267 3731 1631 3802 turpissimam
1659 3736 1891 3784 mortem

307 3831 510 3887 crucis.
538 3828 663 3884 Hmc
687 3829 865 3884 omnia
891 3827 1147 3882 sustinuit
1175 3825 1300 3895 quia
1335 3823 1506 3880 voluit
1523 3830 1632 3889 ,ιιιι
1656 3820 1892 3876 salvaret

306 3921 587 3977 hominem
612 3935 772 3990 quem
799 3924 1095 3973 creaverat.
1116 3915 1328 3970 Nullum
1354 3928 1524 3985 genus
1542 3913 1731 3967 mortis
1752 3913 1892 3967 into-

306 4012 590 4070 lerabilius
617 4011 716 4065 fuit
755 4025 934 4075 cruce,
964 4016 1184 4079 propter
1223 4007 1410 4077 longos
1447 4004 1755 4059 cruciatus:
1795 4003 1891 4058 sed

312 4105 453 4160 nihil
475 4120 618 4158 nunc
648 4103 935 4174 gloriosius
955 4115 1116 4170 quam
1145 4099 1355 4169 signum
1395 4097 1573 4151 crucis
1591 4103 1811 4164 portare
1835 4094 1890 4149 in

312 4195 514 4251 fronte.
534 4195 686 4250 Unde
705 4191 992 4263 Apostolus
1006 4190 1100 4254 ait,
1120 4189 1344 4260 gloriam
1366 4187 1544 4242 crucis
1562 4185 1889 4256 praedicans:

316 4283 454 4338 Mihi
483 4292 654 4338 autem
692 4283 825 4336 absit
853 4281 1094 4351 gloriari,
1118 4279 1219 4332 nisi
1238 4278 1294 4330 in
1313 4291 1465 4330 cruce
1494 4274 1706 4329 Domini
1725 4276 1891 4329 nostri

311 4377 354 4433 J
357 4393 447 4432 esu
474 4375 686 4440 Christi,
711 4392 803 4446 per
827 4390 977 4446 quem
1006 4371 1134 4426 mihi
1153 4369 1377 4425 mundus
1404 4369 1688 4438 cruciﬁxus
1711 4375 1808 4434 est,
1841 4376 1892 4424 et

315 4487 412 4542 ego
435 4469 628 4524 mundo
667 4465 865 4540 (Galat.
909 4482 985 4530 vi,
1015 4465 1127 4538 14).

1991 1897 2455 1965 incarnationem,
2508 1909 2562 1955 et
2612 1902 2700 1958 hic
2731 1912 2815 1959 est
2862 1903 3023 1963 modo
3069 1927 3168 1982 per
3217 1897 3571 1978 divinitatem.

1988 1986 2150 2043 Fides
2173 2005 2303 2060 ergo
2333 1993 2554 2047 mundet
2577 1995 2741 2050 corda
2766 2006 2980 2066 nostra,
3029 2010 3083 2056 et
3127 2004 3429 2066 intellectus
3472 2013 3576 2068 im-
3655 2011 3660 2016 ’

1989 2076 2136 2146 pleat
2162 2082 2324 2136 corda
2350 2090 2556 2149 nostra,
2581 2094 2642 2139 ut
2659 2085 3020 2157 intelligamus
3043 2098 3359 2166 mysterium
3384 2101 3574 2161 salutis

1990 2181 2208 2227 nostrai.
2238 2174 2420 2230 Altum
2449 2186 2567 2244 est,
2589 2179 2915 2248 profundum
2968 2194 3052 2241 est
3076 2227 3092 2254 ,
3151 2201 3420 2249 secretum
3467 2207 3571 2252 est.

1992 2260 2109 2316 Una
2128 2272 2213 2317 est
2231 2266 2552 2334 substantia,
2574 2285 2681 2322 una
2703 2271 2976 2339 divinitas,
2996 2291 3102 2331 una
3123 2278 3378 2348 majestas
3395 2283 3574 2342 Patris

1991 2349 2222 2450 εει-1³⁵11ίί.
2250 2353 2412 2409 Pater
2433 2372 2542 2411 non
2567 2372 2761 2427 passus
2791 2370 2906 2428 est,
2937 2365 3030 2419 sed
3054 2366 3201 2422 solus
3219 2369 3404 2427 Filius.
3429 2374 3577 2450 Ergo

1990 2439 2352 2514 intelligamus
2382 2447 2695 2504 missionem
2723 2449 2845 2506 Filii
2873 2454 3207 2512 nominatam
3241 2439 3590 2520 incarnatio'

1988 2545 2112 2586 nem
2142 2531 2264 2587 Filii
2293 2553 2305 2587 :
2329 2533 2544 2591 Patrem
2582 2551 2761 2594 autem
2802 2541 3139 2600 incarnatum
3169 2561 3290 2604 esse
3322 2567 3428 2606 non
3451 2571 3573 2610 cre-

1991 2624 2196 2679 damus.
2238 2625 2389 2682 Unde
2411 2643 2538 2699 ergo
2565 2645 2754 2685 verum
2781 2631 2905 2706 [est]
2947 2634 3214 2704 judicium
3263 2641 3412 2712 ejus,
3467 2647 3573 2703 nisi

1988 2717 2114 2787 quia
2147 2732 2306 2772 verus
2347 2727 2429 2774 est
2454 2720 2622 2776 Filius
2651 2722 2866 2780 Patris?
2907 2725 3031 2783 Ideo
3064 2728 3201 2784 dixit
3244 2750 3261 2788 :
3299 2731 3572 2794 Iudicium

1987 2825 2161 2862 meum
2184 2825 2361 2864 verum
2384 2818 2460 2865 est
2483 2851 2499 2876 ,
2538 2814 2662 2884 quia
2702 2813 2846 2870 solus
2884 2833 2989 2872 non
3026 2836 3143 2873 sum
3168 2824 3213 2889 ,ἶ
3237 2823 3442 2895 inquit,
3482 2829 3572 2882 sed

1987 2915 2102 2968 ego,
2138 2908 2188 2953 et
2233 2901 2323 2970 qui
2365 2918 2446 2954 me
2486 2904 2627 2958 misit
2651 2901 2834 2961 Pater.
2863 2908 3009 2964 Idem
3048 2926 3177 2984 ergo
3211 2914 3265 2968 in
3313 2917 3419 2973 alio
3454 2919 3572 2974 loco

1990 2990 2124 3045 dixit
2151 3005 2165 3044 :
2185 2990 2296 3060 Ego
2310 3001 2358 3045 et
2382 2991 2545 3047 Pater
2563 3011 2727 3050 unum
2739 3015 2919 3055 sumus
2940 3019 2961 3067 ;
2984 3019 3153 3058 unum
3177 3005 3230 3060 in
3247 3007 3569 3078 substantia,

1991 3079 2096 3135 duo
2123 3080 2178 3135 in
2213 3096 2460 3150 persona.
2495 3082 2668 3140 Unum
2691 3088 2845 3154 dixit,
2870 3099 3091 3160 propter
3119 3093 3432 3152 substantia:
3453 3100 3575 3153 uni-

1991 3178 2159 3224 tatem
2180 3212 2194 3236 ,
2223 3188 2402 3226 sumus
2432 3173 2588 3239 dixit,
2620 3185 2843 3245 propter
2891 3194 3242 3248 personarum
3272 3185 3572 3243 distinctio-

1991 3278 2132 3318 nem.
2156 3263 2292 3319 Audi
2317 3265 2613 3339 [agnosce],
2639 3269 2767 3338 quid
2799 3271 2952 3336 dixit,
2983 3274 3098 3344 Ego
3124 3284 3172 3329 et
3197 3277 3287 3347 qui
3311 3295 3392 3332 me
3432 3279 3576 3336 misit

1993 3356 2176 3414 Pater.
2203 3359 2483 3431 Distingue
2539 3375 2833 3431 personas,
2865 3371 2919 3419 et
2963 3381 3194 3435 agnosce
3238 3369 3363 3439 quia
3412 3370 3578 3429 Pater

1989 3455 2145 3519 pater
2173 3456 2288 3514 est,
2313 3458 2367 3504 et
2394 3449 2562 3505 Filius
2588 3449 2732 3507 illius
2752 3459 2854 3518 est,
2879 3469 2948 3510 ne
2970 3455 3024 3509 in
3049 3457 3364 3514 barathrum
3388 3459 3575 3516 Sabel-

1989 3538 2118 3594 liani
2142 3541 2445 3610 pervenias.
2505 3541 2574 3596 Et
2606 3543 2715 3598 noli
2765 3545 2947 3601 dicere
2989 3564 3001 3600 :
3043 3546 3182 3603 alius
3226 3548 3372 3622 [Ms.,
3401 3552 3572 3627 aliud]

1989 3640 2039 3686 et
2062 3631 2230 3698 aliud,
2262 3634 2356 3688 sed
2376 3634 2462 3689 dic
2477 3673 2492 3700 ,
2523 3633 2660 3689 alius
2681 3645 2730 3690 et
2750 3635 2909 3692 alius.
2931 3637 3046 3694 Non
3071 3639 3216 3696 aliud
3242 3641 3296 3696 in
3318 3644 3572 3700 substan-

1990 3723 2086 3788 tia,
2138 3723 2231 3778 sed
2259 3723 2398 3780 alius
2447 3725 2504 3778 in
2552 3739 2801 3795 persona.
2843 3728 2961 3784 Non
3015 3731 3176 3788 Pater
3225 3733 3417 3803 major,
3465 3753 3574 3794 non

1989 3812 2160 3867 Filius
2185 3812 2362 3868 minor
2387 3813 2442 3866 in
2473 3813 2773 3871 divinitatis
2799 3818 2969 3886 gloria
2995 3836 3008 3885 ;
3043 3821 3138 3875 sed
3184 3823 3363 3890 crede,
3408 3842 3580 3881 unum

1989 3923 2191 3961 sumus.
2229 3925 2248 3958 ι
2277 3907 2336 3963 In
2358 3923 2424 3964 eo
2451 3911 2595 3979 quod
2618 3913 2757 3968 dixit
2786 3913 2901 3982 ipsa
2931 3914 3146 3971 Veritas
3170 3933 3352 3983 unum,
3380 3917 3572 3976 liberat

1989 4005 2044 4052 te
2068 3998 2136 4052 ab
2162 3997 2327 4066 Ario;
2374 4001 2516 4070 quod
2538 4001 2677 4057 dixit
2698 4019 2901 4071 sumus,
2931 4004 3126 4060 liberat
3162 4017 3216 4063 te
3241 4023 3274 4062 a
3314 4008 3567 4066 Sabellio.

1991 4088 2049 4144 Si
2074 4107 2257 4156 unum,
2305 4107 2414 4146 non
2445 4107 2575 4164 ergo
2601 4094 2912 4161 diversum;
2966 4096 3013 4150 si
3039 4113 3239 4164 sumus,
3292 4114 3399 4155 non
3443 4115 3572 4173 ergo

1991 4199 2149 4240 unus.
2187 4203 2207 4237 ι
2253 4185 2330 4240 De
2343 4183 2551 4253 judicio
2579 4186 2809 4252 dixerat,
2832 4186 2961 4241 dum
2987 4187 3121 4244 dixit
3146 4209 3157 4242 :
3191 4189 3304 4262 Ego
3347 4208 3454 4248 non
3471 4193 3568 4264 ju-

1991 4273 2108 4327 dico
2133 4289 2487 4345 quemquam;
2522 4275 2590 4331 de
2634 4276 2946 4345 testimonio
2967 4293 3108 4332 nunc
3133 4278 3250 4335 vult
3278 4279 3480 4348 dicere,
3512 4290 3574 4338 ut

1990 4364 2295 4421 intellectus
2318 4365 2540 4437 impleat
2558 4368 2725 4424 corda
2752 4376 2961 4425 nostra.

1914 4494 1971 4558 D
2064 4459 2226 4515 Vens.
2271 4458 2358 4513 17.
2390 4488 2462 4501 -
2490 4459 2560 4516 1η
2601 4459 2710 4531 lege
2735 4469 2939 4527 vestra,
2971 4461 3164 4532 inquit,
3196 4464 3447 4535 scriptum
3473 4475 3569 4521 est.

391 4561 553 4618 Vsus.
577 4560 664 4614 15.
690 4589 762 4600 -
785 4557 922 4625 Quia
943 4557 1094 4611 venit
1130 4555 1397 4610 neminem
1417 4551 1684 4622 judicare,
1706 4566 1893 4608 conse-
1914 4551 1958 4558 ’⁷
1999 4553 2242 4609 Vestram
2265 4553 2422 4618 dixit,
2449 4561 2702 4624 tanquam
2726 4552 2969 4610 diceret:
3001 4553 3060 4608 In
3088 4553 3204 4627 lege
3224 4571 3345 4626 qua:
3366 4557 3522 4612 vobis
3540 4571 3571 4610 a

316 4662 550 4726 quenter
588 4651 788 4708 Judzeis
839 4648 1112 4721 respondit
1155 4665 1168 4701 :
1216 4646 1318 4701 Vos
1347 4646 1632 4701 secundum
1683 4663 1894 4701 carnem

311 4745 590 4816 iudicatis,
613 4759 705 4815 ego
737 4759 840 4797 non
858 4742 1042 4813 judico
1065 4755 1392 4812 quemquam.
1442 4755 1460 4789 ι
1485 4736 1712 4791 Pertulit
1756 4737 1896 4808 inju-

317 4845 463 4892 stum
502 4835 796 4906 judicium,
849 4841 909 4888 ut
939 4839 1124 4903 ageret
1165 4832 1389 4902 justum.
1439 4829 1546 4885 Sed
1574 4829 1628 4884 in
1651 4830 1895 4900 ecquod

318 4926 542 4998 pertulit
598 4925 881 4995 injustum,
937 4923 1319 4977 misericordiae
1367 4921 1487 4976 fuit.
1539 4921 1779 4992 Denique
1820 4923 1895 4979 ita

321 5017 542 5074 humilis
566 5016 737 5072 factus
767 5023 870 5079 est,
891 5023 951 5068 ut
967 5014 1272 5083 perveniret
1301 5014 1368 5068 ad
1404 5029 1657 5079 crucem;
1691 5014 1898 5069 distulit

323 5111 543 5183 quidem
589 5109 880 5180 potentiam
905 5146 920 5172 ,
970 5107 1061 5160 sed
1105 5105 1398 5174 publicavit
1444 5106 1892 5162 misericordiam.

330 5202 483 5260 Unde
502 5201 706 5256 distulit
735 5197 1076 5270 potentiam?
1113 5197 1246 5264 Quia
1290 5197 1358 5250 de
1407 5211 1567 5251 cruce
1611 5197 1780 5251 noluit
1804 5198 1897 5252 de-

323 5297 602 5359 scendere,
625 5295 716 5364 qui
743 5292 918 5363 potuit
939 5292 1004 5346 de
1025 5291 1270 5360 sepulcro
1295 5303 1598 5358 resurgere.
1629 5289 1781 5344 Unde
1800 5305 1897 5358 pu-

322 5388 545 5444 blicavit
565 5383 1026 5441 misericordiam?
1053 5381 1187 5449 Quia
1207 5381 1446 5452 pendens
1460 5381 1514 5434 in
1542 5396 1703 5436 cruce
1725 5367 1892 5437 dixit:

327 5477 492 5534 Pater
517 5480 723 5551 ignosce
748 5476 874 5543 illis,
903 5476 1027 5547 quia
1055 5475 1287 5529 nesciunt
1349 5472 1474 5543 quid
1503 5471 1703 5542 faciunt
1742 5471 1893 5545 (Luc.

325 5588 487 5638 χχιιι,
509 5571 621 5644 24).
673 5569 798 5626 Sive
822 5584 950 5641 ergo
981 5573 1200 5638 propter
1233 5565 1353 5631 hoc,
1385 5565 1509 5634 quia
1535 5580 1642 5620 non
1678 5573 1900 5622 venerat

328 5709 614 5772 orientem,
635 5721 743 5761 non
769 5713 851 5761 est
867 5704 922 5758 in
946 5703 1152 5758 oriente
1181 5719 1194 5755 :
1229 5699 1485 5757 Dominus
1505 5707 1685 5756 autem
1714 5705 1897 5755 noster

329 5779 490 5840 Iesus
515 5777 762 5835 Christus
788 5786 842 5831 et
869 5775 1036 5840 venit,
1063 5779 1169 5828 etc.
1201 5791 1219 5823 ι

1994 4644 2104 4700 Deo
2126 4645 2249 4699 data
2277 4652 2388 4710 est;
2431 4645 2570 4700 sicut
2592 4643 2822 4699 dicimus
2857 4663 2870 4698 :
2904 4642 3106 4699 Panem
3133 4655 3366 4701 nostrum
3398 4648 3572 4720 quoti-

1994 4738 2232 4802 dianum,
2257 4751 2416 4806 quem
2455 4751 2486 4790 a
2518 4737 2628 4792 Deo
2657 4737 2814 4791 nobis
2837 4736 2956 4792 dari
2999 4738 3291 4808 poscimus.
3329 4739 3467 4806 Quid
3489 4746 3574 4795 est

1995 4830 2138 4902 quod
2159 4831 2214 4884 in
2237 4830 2352 4899 lege
2371 4839 2551 4885 vestra
2575 4828 2836 4898 scriptum
2860 4836 2944 4883 est
2965 4870 2980 4895 ,
3005 4830 3131 4900 quia
3152 4831 3377 4884 duorum
3405 4831 3574 4884 homi—

1996 4939 2120 4976 num
2151 4921 2503 4976 testimonium
2551 4935 2733 4974 verum
2763 4921 2876 4975 est?
2931 4919 3180 4991 Nunquid
3231 4935 3444 4990 semper
3465 4921 3572 4977 duo

1995 5015 2241 5070 homines
2265 5029 2450 5069 verum
2478 5015 2664 5070 dicunt
2685 5016 3087 5071 testimonium?
3109 5014 3296 5070 Nonne
3317 5015 3421 5071 duo
3447 5015 3570 5072 falsi

1995 5113 2159 5161 testes
2177 5113 2364 5160 contra
2392 5104 2694 5161 Susannam
2725 5106 2918 5162 falsum
2942 5107 3284 5177 protulerunt
3331 5106 3573 5162 testimo-

1995 5196 2143 5250 nium
2167 5194 2326 5267 (Dan.
2350 5213 2472 5263 xm,
2500 5197 2623 5271 56)?
2649 5199 2716 5253 Et
2737 5197 2934 5255 Iudaeis
2977 5199 3341 5268 quaerentibus
3375 5199 3570 5256 falsum

1997 5289 2363 5344 testimonium
2410 5300 2597 5346 contra
2641 5291 2945 5357 Christum,
3005 5291 3138 5347 dicit
3189 5291 3568 5364 Evangelistat

2000 5378 2292 5437 Novissime
2319 5393 2564 5438 venerunt
2594 5384 2699 5438 duo
2729 5382 2853 5453 falsi
2891 5391 3062 5438 testes.
3117 5403 3136 5434 ι
3164 5382 3414 5455 Nunquid
3446 5386 3573 5456 quia

1998 5469 2103 5526 duo
2133 5482 2316 5540 erant,
2348 5475 2466 5530 ideo
2496 5473 2615 5530 falsi
2646 5481 2813 5530 testes
2834 5489 2941 5528 non
2972 5477 3167 5530 erant?
3195 5475 3332 5542 Quid
3358 5477 3422 5532 de
3441 5477 3575 5532 duo-

1997 5571 2100 5627 bus
2117 5566 2343 5622 dicimus
2368 5566 2453 5622 vel
2479 5566 2680 5621 tribus?
2719 5563 3013 5621 Universus
3039 5566 3267 5636 populus
3314 5567 3574 5625 mentitus

2069 5720 2096 5748 α
2135 5707 2214 5762 Ex
2246 5705 2304 5761 S.
2333 5703 2496 5775 Aug.,
2535 5708 2692 5757 tract.
2729 5716 2920 5765 xxxvn,
2946 5716 3096 5757 num.
3125 5699 3179 5765 4,
3214 5700 3270 5767 5,
3304 5700 3354 5764 9,
3396 5698 3482 5755 10.

2907 626 3012 683 Vos
3053 633 3337 690 secundum
3363 652 3576 695 carnem
3663 654 3671 660 '
