4088 6340
615 376 720 434 865

1473 368 1534 422 Β.
1577 368 1638 422 F.
1679 366 1903 422 ALBINI
1941 362 2071 419 SEU
2109 357 2387 416 ALCUINI
2425 354 2708 414 OPERUM
2744 351 2924 408 PARS
2962 352 3002 406 ll
3709 371 3792 430 864

618 486 874 550 curritur,
899 492 1116 556 propter
1138 483 1242 539 hoc
1266 481 1358 552 qui
1377 478 1694 550 aegritudine
1717 477 1800 531 vel
1823 475 2036 530 aliunde
2060 473 2201 545 peri-
2225 476 2276 533 Δ
2304 468 2446 523 enim
2497 468 2554 522 in
2580 483 2646 522 eo
2677 466 2821 536 quod
2851 465 3101 520 dixerunt
3125 483 3136 519 :
3187 464 3262 519 Tu
3287 469 3395 538 quis
3420 474 3506 526 es?
3541 475 3652 532 nihil
3681 483 3791 543 aliud

618 579 855 644 clitatur,
885 577 987 632 sibi
1011 575 1280 631 desiderat
1303 571 1575 627 subveniri
1599 587 1615 636 ;
1654 577 1877 640 propter
1909 569 2012 624 hoc
2039 567 2202 621 etiam

619 684 818 741 sugens
859 667 1114 739 parvulus
1138 681 1169 719 a
1198 673 1372 719 matre
1407 663 1514 734 piis
1541 662 1790 717 manibus
1815 660 1883 714 ad
1910 659 2203 716 Ecclesiam

618 760 811 827 fertur,
834 775 903 815 ne
927 761 1042 814 sine
1064 757 1333 827 baptismo
1361 761 1537 820 exeat,
1569 761 1624 808 et
1649 753 1703 806 in
1728 759 1951 822 peccato
1980 749 2070 820 qui
2107 764 2204 803 na-

623 862 710 908 tus
737 859 840 917 est,
870 866 977 910 non
1022 848 1284 904 moriatur
1334 845 1491 920 [Aug.
1519 855 1568 900 et
1595 844 1720 909 hs.,
1769 859 1874 914 quo
1912 851 2071 897 natus
2097 849 2199 907 est,

619 942 925 1014 moriatur].
953 941 1210 1014 Adjunxit
1235 939 1379 997 enim
1401 940 1583 994 dicens
1607 953 1622 992 :
1670 937 1732 994 Si
1755 954 1855 992 non
1883 935 2205 991 credideritis

620 1035 746 1108 quia
770 1051 861 1106 ego
887 1051 1024 1100 sum,
1071 1033 1365 1087 moriemini
1404 1033 1463 1087 in
1503 1030 1723 1102 peccatis
1752 1031 1947 1084 vestris.
1989 1028 2132 1096 Ergo
2159 1025 2205 1082 si

619 1125 954 1181 credideritis
979 1125 1105 1194 quia
1132 1139 1230 1194 ego
1259 1139 1402 1190 sum,
1430 1138 1538 1177 non
1568 1121 1869 1177 moriemini
1892 1121 1946 1174 in
1970 1117 2207 1188 peccatis

619 1215 834 1271 vestris.
865 1233 885 1266 ι
935 1213 1165 1270 Reddita
1207 1223 1293 1270 est
1331 1228 1454 1284 spes
1485 1212 1911 1282 desperantibus,
1952 1207 2206 1264 excitatio

620 1306 763 1361 facta
801 1315 885 1362 est
911 1306 1302 1362 dormientibus
1327 1321 1343 1372 ;
1366 1305 1618 1361 cordibus
1645 1303 2052 1374 evigilaverunt,
2083 1300 2208 1357 inde

621 1398 840 1468 plurimi
888 1398 1251 1463 crediderunt,
1301 1397 1444 1452 sicut
1491 1394 1765 1466 Evangelii
1819 1393 1984 1462 ipsius
2017 1407 2209 1448 conse-

621 1488 838 1559 quentia
867 1495 1117 1554 testatur,
1166 1488 1257 1542 ubi
1301 1487 1406 1542 ait:
1459 1484 1590 1542 Hcce
1633 1483 1726 1540 illo
1756 1484 2009 1556 loquente,
2055 1482 2208 1537 multi

623 1578 954 1633 crediderunt
976 1580 1034 1633 in
1063 1595 1199 1633 cum.
1229 1578 1287 1633 In
1316 1578 1417 1634 hoc
1444 1592 1572 1649 ergo
1608 1575 1806 1646 populo
1833 1575 1918 1629 cui
1949 1574 2208 1630 Dominus

625 1667 959 1738 loquebatur,
989 1678 1143 1725 erant
1189 1670 1280 1740 qui
1321 1671 1375 1723 in
1405 1675 1627 1739 peccato
1655 1682 1752 1722 suo
1803 1667 2016 1721 fuerant
2038 1663 2208 1720 mori-

626 1760 771 1828 turi:
805 1769 961 1816 erant
1002 1761 1164 1817 etiam
1199 1761 1287 1831 qui
1331 1762 1386 1815 in
1425 1761 1597 1830 ipsum
1628 1759 1720 1828 qui
1744 1758 2062 1826 loquebatur
2087 1756 2206 1811 fue-

627 1823 1048 1918 rant'credituri,
1083 1864 1135 1909 et
1176 1823 1243 1909 ab
1291 1823 1688 1922 omni—peccato
1716 1823 2000 1906 liberandi.
2039 1869 2057 1901 ‹
2096 1850 2204 1903 Ta-
2236 1823 2282 1883 Β

627 1958 751 1997 men
775 1944 877 2000 hoc
905 1945 1137 2009 attende,
1162 1943 1326 2017 55.8
1361 1945 1504 2015 quod
1528 1945 1604 1999 ait
1633 1943 1891 1999 Dominus
1920 1942 2205 1998 Christus:

627 2032 690 2089 Si
718 2050 820 2088 non
855 2035 1181 2090 credideritis
1216 2036 1340 2107 quia
1382 2051 1474 2105 ego
1515 2051 1653 2101 sum,
1690 2034 1982 2088 moriemini
2011 2035 2066 2087 in
2092 2050 2210 2104 pec-

626 2137 741 2181 cato
763 2136 948 2182 vestro.
972 2127 1110 2196 Quid
1133 2136 1239 2195 est,
1263 2129 1309 2183 si
1331 2144 1434 2182 non
1455 2127 1780 2182 credideritis
1806 2127 1929 2197 quia
1945 2142 2036 2196 ego
2056 2142 2170 2180 sum
2186 2126 2212 2180 ?

627 2217 800 2284 Quid?
824 2217 970 2274 Nihil
987 2219 1208 2275 addidit.
1236 2218 1459 2273 Multum
1479 2227 1562 2274 est
1579 2218 1723 2288 quod
1748 2217 2163 2273 commendavit.
2183 2237 2204 2272 ›

630 2311 797 2377 Dixit,
825 2327 918 2382 ego
943 2327 1080 2378 sum,
1121 2318 1175 2367 et
1211 2325 1320 2366 non
1365 2311 1568 2366 addidit
1596 2309 1741 2380 quid,
1789 2311 1902 2366 sive
1939 2309 2210 2378 Christus,

631 2402 744 2456 sive
772 2400 944 2457 Filius
990 2401 1108 2468 Dei,
1161 2401 1274 2458 sive
1303 2401 1392 2456 ille
1429 2417 1587 2471 quem
1633 2402 1910 2471 propheta:
1950 2401 2214 2472 praedixe-

632 2500 776 2559 runt,
802 2493 914 2550 sive
941 2492 1188 2549 Salvator
1223 2495 1430 2561 mundi,
1460 2494 1573 2549 sive
1599 2492 1788 2566 [aliud]
1819 2494 2041 2565 aliquid,
2069 2495 2215 2565 quod

632 2585 698 2642 de
723 2601 788 2642 eo
813 2586 870 2641 in
913 2585 1206 2658 Scripturis
1246 2587 1462 2658 legitur.
1511 2587 1736 2641 Multum
1780 2595 1882 2653 est,
1935 2587 2078 2656 quod
2114 2587 2211 2654 ait,

632 2681 747 2750 ipse
785 2678 940 2754 [Ms.,
987 2678 1232 2753 ipsum]:
1287 2679 1400 2751 Ego
1453 2696 1587 2734 sum.
1642 2678 1774 2745 Quia
1812 2678 2026 2732 dixerat
2071 2677 2214 2734 Deus

631 2770 833 2844 Moysi:
865 2770 978 2844 Ego
1001 2789 1139 2839 sum,
1167 2773 1255 2844 qui
1281 2789 1396 2826 sum
1422 2771 1619 2843 (Exod.
1644 2788 1730 2838 ιιι,
1757 2769 1877 2843 li);
1910 2780 1962 2826 et
1986 2771 2076 2826 hic
2101 2787 2216 2826 mo-

631 2864 733 2918 do:
765 2862 886 2919 Nisi
910 2863 1232 2919 credideritis
1258 2867 1380 2936 quia
1408 2881 1501 2935 ego
1540 2881 1676 2929 sum,
1707 2865 1898 2919 eodem
1927 2864 2093 2919 verbo
2129 2879 2216 2920 es-

631 2956 821 3012 sentia:
845 2956 1185 3026 sempiterna:
1210 2971 1341 3011 usus
1369 2965 1450 3012 est
1484 2957 1552 3011 ad
1587 2957 1842 3026 populum
1883 2956 2209 3020 Judaeorum,

630 3063 738 3118 quo
782 3055 913 3105 tunc
940 3049 1009 3104 ad
1059 3047 1278 3120 Moysen
1319 3063 1417 3119 per
1443 3050 1690 3120 angelum
1737 3050 1794 3104 in
1821 3050 1958 3104 rubo
1986 3047 2214 3104 ﬂammae

631 3141 788 3212 ignis,
832 3155 994 3211 quem
1023 3141 1286 3196 missurus
1316 3149 1434 3196 erat
1478 3142 1546 3197 ad
1593 3141 1929 3198 liberandum
1958 3142 2215 3213 populum

633 3248 807 3287 suum.
838 3231 976 3300 Quid
1000 3240 1082 3288 est
1123 3232 1265 3303 quod
1310 3233 1399 3289 hic
1435 3233 1611 3289 dixit:
1660 3233 1774 3307 Ego
1817 3251 1955 3301 sum,
1994 3235 2095 3290 nisi
2128 3234 2216 3290 ille

634 3323 746 3392 ipse
769 3322 862 3392 qui
896 3330 1022 3377 tunc
1043 3323 1189 3378 venit
1218 3324 1271 3378 in
1300 3324 1545 3393 angelum
1585 3323 1733 3398 [Ms.,
1773 3325 1894 3380 veni
1921 3325 1976 3380 in
2005 3324 2216 3398 angelo]

632 3415 851 3470 mittere
880 3412 1095 3486 Moysen
1125 3430 1340 3470 servum
1385 3433 1567 3472 meum
1593 3417 1658 3471 ad
1688 3416 2025 3472 liberandum
2053 3432 2219 3488 popu-

634 3507 747 3562 lum
783 3522 1001 3574 meum;
1056 3522 1155 3580 ego
1184 3508 1298 3578 ipse
1341 3508 1499 3564 modo
1541 3523 1640 3580 per
1690 3509 1954 3580 meipsum
1981 3510 2104 3564 veni
2137 3509 2220 3564 in-

637 3607 910 3668 carnatus,
938 3601 1098 3658 homo
1121 3603 1296 3660 factus
1323 3605 1554 3660 liberare
1577 3606 1822 3661 homines
1845 3621 1980 3677 quos
2006 3605 2216 3672 creavi;

636 3691 846 3749 salvare
892 3695 984 3765 qui
1026 3696 1222 3766 perditi
1262 3694 1497 3751 fuerant.
1546 3696 1816 3767 Quidquid
1849 3697 1992 3753 enim
2038 3698 2220 3768 aliquo

634 3785 794 3840 modo
822 3787 1018 3840 mutari
1067 3795 1264 3856 potest,
1295 3786 1380 3842 vel
1424 3786 1480 3841 in
1527 3786 1718 3842 melius
1747 3787 1831 3844 vel
1879 3788 1932 3842 in
1960 3789 2217 3855 deterius,

635 3877 1031 3948 quodammodo
1052 3877 1281 3932 moritur
1304 3890 1371 3934 eo
1398 3877 1542 3946 quod
1565 3875 1666 3932 fuit
1692 3886 1832 3943 ante,
1873 3879 1999 3934 dum
2029 3877 2219 3950 incipit

637 3967 784 4024 aliud
819 3982 957 4035 esse,
1012 3969 1098 4024 vel
1146 3969 1304 4025 aliter
1347 3985 1467 4026 esse
1518 3985 1677 4040 quam
1725 3968 1845 4024 fuit.
1900 3969 2058 4026 Solus
2091 3986 2220 4026 vero

639 4060 781 4116 Deus
814 4074 1028 4130 semper
1074 4058 1217 4116 idem
1247 4068 1351 4116 est.
1403 4059 1757 4116 Immutabilis
1800 4059 2068 4133 [veritas],
2115 4061 2220 4115 im-

639 4155 914 4212 mutabilis
939 4155 1172 4223 bonitas,
1200 4157 1549 4213 immutabilis
1588 4157 2004 4228 sempiternitas,
2027 4157 2224 4212 immu-

640 4248 818 4304 tabilis
844 4257 1055 4316 natura,
1101 4249 1452 4306 immutabilis
1495 4250 1816 4306 substantia.
1864 4250 1931 4305 Et
1961 4248 2223 4320 quidquid

639 4340 706 4396 de
729 4355 796 4396 eo
818 4339 924 4395 dici
950 4349 1151 4412 potest,
1177 4357 1388 4410 semper
1415 4342 1559 4397 idem
1579 4353 1661 4397 est
1685 4341 1829 4411 quod
1864 4339 1968 4395 fuit
1995 4348 2050 4395 et
2079 4340 2223 4410 quod

639 4433 763 4486 erit.
795 4433 1024 4487 Prorsus
1052 4431 1186 4487 nihil
1225 4433 1370 4488 aliud
1414 4433 1607 4489 melius
1651 4433 1866 4488 videtur
1902 4432 2128 4504 intelligi
2166 4432 2222 4486 in

643 4526 746 4580 hoc
773 4525 958 4590 verbo,
1004 4525 1148 4594 quod
1190 4525 1267 4579 ait
1312 4523 1606 4581 Dominus:
1655 4524 1769 4596 Ego
1811 4541 1948 4590 sum,
1983 4524 2085 4579 nisi
2124 4539 2222 4595 ego

643 4630 765 4672 sum
806 4615 966 4670 Deus.
1015 4614 1312 4672 Moriemini
1362 4617 1414 4670 in
1459 4622 1677 4686 peccato
1711 4623 1910 4669 vestro.
1942 4632 1960 4666 ι
2013 4612 2120 4669 Sed
2147 4613 2224 4670 illi

643 4720 860 4778 semper
885 4714 1103 4762 terrena
1130 4709 1417 4780 sapientes,
1455 4715 1506 4762 et
1553 4721 1763 4777 semper
1788 4706 2080 4761 secundum
2105 4721 2226 4761 car-

641 4813 769 4855 nem
798 4797 1076 4854 audientes
1103 4806 1158 4854 et
1181 4799 1584 4870 respondentes,
1617 4799 1744 4869 quid
1769 4797 1817 4852 ei
1841 4797 2129 4854 dixerunt?

712 4892 875 4950 Vsus.
901 4890 992 4946 25.
1020 4922 1092 4932 —-
1121 4889 1201 4946 Tu
1227 4893 1342 4964 quis
1376 4907 1430 4946 es
1453 4891 1479 4946 Ρ
1505 4889 1622 4945 Non
1645 4891 1810 4956 enim,
1841 4905 1964 4945 cum
2001 4889 2182 4944 dixisti
2207 4905 2221 4944 :

646 4984 768 5040 Nisi
793 4982 1139 5051 credideritis,
1167 4986 1290 5056 quia
1327 5000 1417 5054 ego
1461 4999 1595 5049 sum,
1628 4982 1898 5046 addidisti,
1931 4981 2051 5050 quis
2077 4995 2225 5037 esses

648 5075 829 5149 [Aug.,
866 5076 992 5146 quid
1031 5073 1224 5148 esses].
1272 5074 1403 5143 Quis
1427 5090 1505 5141 es,
1547 5081 1607 5128 ut
1648 5072 1972 5127 credamus?
1998 5071 2066 5125 Et
2090 5069 2220 5124 ille:

649 5167 996 5238 Principium.
1033 5165 1173 5222 Ecce
1199 5165 1342 5236 quod
1369 5173 1472 5230 est,
1502 5178 1640 5218 esse.
1671 5161 1999 5231 Principium
2027 5161 2225 5216 mutari

646 5275 754 5315 non
777 5267 991 5330 potest;
1023 5259 1346 5329 principium
1374 5257 1428 5311 in
1465 5272 1524 5312 se
1564 5262 1746 5310 manet
1769 5262 1823 5308 et
1867 5253 2083 5308 innovat
2111 5270 2226 5309 om-

653 5352 779 5416 nia;
809 5349 1132 5421 principium
1155 5358 1259 5414 est,
1285 5347 1371 5403 cui
1396 5347 1596 5402 dictum
1624 5353 1706 5401 est
1731 5362 1742 5398 :
1775 5343 1854 5399 Tu
1882 5351 2053 5398 autem
2086 5345 2225 5399 idem

652 5443 761 5513 ipse
786 5458 862 5508 es,
910 5448 958 5494 et
1010 5440 1135 5494 anni
1184 5439 1261 5494 tui
1311 5453 1415 5492 non
1457 5435 1694 5506 deﬁcient
1747 5432 1970 5508 (Psalm.
2007 5449 2081 5501 Cl,
2113 5434 2225 5508 28).

654 5533 1002 5606 Principium,
1030 5531 1125 5599 ait,
1155 5530 1292 5604 quod
1318 5538 1364 5585 et
1387 5528 1570 5602 loquor
1596 5525 1752 5582 vobis.
1791 5526 2117 5596 Principium
2143 5543 2230 5583 me

2302 562 2553 616 dixerunt
2586 572 2749 629 quam
2795 557 2924 626 quid
2962 566 3015 611 te
3051 571 3170 611 esse
3194 559 3491 618 credemus?
3517 565 3789 638 Respondit;

2303 647 2630 718 Principium
2671 662 2758 702 me
2799 660 2920 702 esse
2945 647 3167 712 credite,
3195 657 3249 702 et
3288 649 3512 708 addidit:
3537 660 3657 728 quod
3679 671 3717 714 et
3735 663 3791 719 ιο-

2303 756 2434 812 quor
2458 739 2621 794 vobis.
2665 738 2724 795 id
2755 747 2859 803 est,
2905 738 3031 808 quia
3063 738 3278 794 humilis
3312 752 3514 812 propter
3545 763 3628 804 vos
3661 750 3794 812 factus

2304 831 2372 885 ad
2403 831 2502 886 ista
2551 830 2714 884 verba
2751 829 3020 884 descendi.
3074 827 3209 882 Nam
3250 830 3293 884 si
3323 832 3635 904 principium,
3675 842 3792 900 sicuti

2304 934 2407 990 est,
2436 926 2511 980 ita
2539 932 2784 979 maneret
2829 922 2970 991 apud
3015 922 3227 976 Patrem
3252 931 3310 977 ut
3332 940 3432 981 non
3457 931 3691 999 acciperet
3709 934 3792 990 for-

2306 1032 2450 1072 mam
2475 1015 2636 1081 servi,
2657 1023 2713 1070 et
2738 1014 2900 1069 homo
2924 1013 3231 1083 loqueretur
3255 1015 3562 1083 hominibus,
3586 1025 3794 1090 quomodo

2305 1109 2357 1164 ei
2391 1108 2692 1172 crederent,
2723 1121 2844 1160 cum
2875 1106 3087 1159 inﬁrma
3109 1105 3272 1160 corda
3299 1106 3604 1178 intelligibile
3622 1113 3794 1168 verbum

2307 1200 2422 1254 sine
2447 1212 2576 1253 voce
2603 1195 2841 1252 sensibili
2877 1195 3063 1250 audire
3094 1194 3224 1268 [AI.,
3253 1197 3365 1250 sine
3391 1213 3532 1266 voce,
3560 1201 3640 1255 sed
3665 1205 3793 1258 sensi-

2305 1291 2419 1356 bili,
2447 1288 2651 1362 videre]
2697 1303 2804 1344 non
2827 1287 3090 1358 possent?
3137 1288 3296 1358 Ergo,
3324 1289 3506 1358 inquit,
3545 1293 3712 1348 credite
3734 1310 3795 1348 me

2308 1397 2428 1437 esse
2453 1379 2800 1450 principium,
2848 1379 2974 1449 quia
3019 1386 3080 1433 ut
3109 1379 3470 1434 credatistnon
3506 1380 3657 1436 solum
3693 1399 3792 1450 sum,

2308 1475 2403 1530 sed
2424 1481 2478 1528 et
2507 1473 2696 1541 loquor
2721 1471 2894 1526 vobis.

2383 1584 2404 1616 ι
2441 1577 2467 1605 ι
2495 1564 2674 1621 Verba
2702 1562 2914 1619 Domini
2957 1561 3129 1617 nostri
3157 1560 3284 1618 Jesu
3317 1559 3507 1616 Christi
3533 1578 3636 1633 quae
3660 1563 3794 1619 habuit

2309 1671 2435 1712 cum
2471 1653 2690 1720 Judaeis,
2723 1653 2798 1710 ita
2841 1652 3128 1709 moderans
3155 1649 3420 1721 loquelam
3459 1667 3613 1717 suam,
3641 1656 3794 1708 utcsci

2311 1762 2420 1801 non
2457 1746 2701 1801 viderent
2725 1752 2782 1799 et
2819 1743 3002 1800 ﬁdeles
3028 1744 3215 1800 oculos
3237 1745 3496 1815 aperirent
3533 1745 3705 1817 [Addc:
3725 1748 3793 1801 ista

2309 1838 2478 1912 sunt].
2519 1838 2771 1893 Dicebant
2813 1853 2932 1910 ergo
2956 1837 3133 1892 Iudici
3152 1851 3171 1889 :
3201 1837 3284 1892 Tu
3317 1839 3427 1909 quis
3460 1839 3546 1893 es?
3566 1842 3668 1909 quia
3689 1841 3794 1896 dixe-

2310 1941 2394 1988 rat
2418 1945 2579 2000 supra
2610 1930 2868 1984 Dominus
2893 1947 2906 1982 :
2957 1927 3077 1982 Nisi
3107 1929 3432 1983 credideritis
3467 1931 3578 2000 quia
3603 1945 3676 1999 ego
3702 1947 3794 1992 sunt,

2310 2021 2603 2078 moriemini
2632 2023 2688 2075 in
2716 2022 2940 2090 peccatis
2976 2021 3175 2075 vestris.
3219 2020 3305 2075 Ad
3334 2021 3446 2076 haec
3467 2036 3582 2091 ergo
3618 2021 3704 2074 illi:
3745 2019 3794 2074 Tr

2309 2115 2424 2185 quis
2446 2113 2538 2167 es?
2582 2112 2749 2168 veluti
2773 2120 3075 2183 quaerentes
3105 2127 3287 2178 nosse,
3334 2114 3386 2167 in
3423 2128 3570 2182 quem
3607 2112 3796 2167 deberent

2311 2205 2551 2270 credere,
2581 2220 2650 2260 ne
2679 2205 2736 2259 in
2786 2221 2883 2260 suo
2927 2213 3150 2274 peccato
3191 2212 3542 2259 morerentur.
3579 2203 3799 2272 Respondit

2313 2297 2646 2352 dicentibus:
2683 2294 2762 2349 Tu
2784 2297 2901 2367 quis
2927 2296 3022 2350 es?
3047 2303 3102 2350 et
3128 2296 3204 2349 ait
3231 2314 3247 2349 :
3291 2293 3612 2365 Principium,
3644 2294 3746 2364 quod
3767 2302 3798 2346 et

2311 2387 2497 2458 loquor
2530 2387 2692 2441 vobis.
2726 2406 2745 2438 ι
2791 2385 2968 2453 Quare
3009 2399 3066 2442 se
3099 2385 3238 2440 dicit.
3270 2384 3517 2440 Dominus
3549 2385 3677 2439 Jesus
3695 2383 3797 2452 prin-

2313 2478 2554 2548 cipium?
2603 2477 2738 2545 Quia
2789 2478 2972 2533 omnia
3021 2492 3118 2548 per
3161 2478 3346 2548 ipsum
3389 2475 3522 2530 facta
3564 2483 3683 2541 sunt,
3704 2474 3800 2528 sicut

2313 2569 2560 2624 Psalmus
2584 2567 2736 2640 [Ms.,
2761 2562 3069 2641 Psalmista]
3109 2568 3250 2623 dicit
3273 2586 3286 2620 :
3336 2564 3515 2622 Omnia
3548 2568 3596 2620 in
3618 2565 3801 2634 sapientia

2316 2661 2484 2732 fecisti
2515 2660 2739 2732 (Psalm.
2769 2676 2886 2727 cm,
2915 2659 3028 2729 24).
3059 2658 3117 2713 Si
3142 2658 3316 2730 igitur
3343 2659 3514 2713 omnia
3538 2658 3585 2711 in
3615 2653 3804 2725 sapientia

2315 2754 2443 2810 fecit
2472 2753 2631 2819 Deus,
2661 2753 2714 2808 id
2738 2760 2841 2818 est,
2870 2753 2925 2807 in
2967 2751 3102 2806 Filio
3140 2766 3251 2807 suo
3277 2759 3531 2806 coaeterno
3555 2749 3641 2804 sibi
3659 2756 3703 2802 et
3722 2761 3806 2800 con-

2317 2845 2674 2911 substantiali,
2722 2844 2890 2899 Filius
2917 2845 3101 2913 utique
3146 2845 3396 2898 omnium
3438 2840 3708 2912 principium
3735 2844 3804 2891 est.

2316 2937 2568 3008 Nunquid
2607 2944 2661 2992 et
2701 2936 2863 2991 Pater
2910 2943 3086 3006 potest
3133 2935 3248 2990 dici
3294 2931 3636 3005 principium?
3667 2928 3803 2996 Utique

2318 3037 2465 3085 recte
2493 3030 2690 3084 dicitur
2727 3027 2822 3100 [et]
2867 3028 3026 3081 Pater
3052 3025 3398 3096 principium,
3441 3033 3491 3080 et
3532 3022 3672 3076 Filius
3697 3018 3802 3088 prin-

2318 3120 2518 3190 cipium
2541 3137 2555 3186 ;
2594 3135 2702 3175 non
2730 3128 2909 3172 tamen
2935 3118 3039 3172 duo
3062 3117 3352 3187 principia.
3381 3116 3522 3170 Sicut
3540 3114 3672 3169 Pater
3689 3110 3802 3170 Deus,

2321 3221 2376 3268 et
2395 3211 2564 3267 Filius
2592 3210 2751 3274 Deus,
2785 3225 2891 3264 non
2930 3217 3106 3262 tamen
3154 3209 3266 3263 duo
3295 3208 3388 3272 dii,
3433 3205 3519 3262 sed
3559 3216 3674 3257 unus
3709 3199 3805 3251 Deus

2319 3307 2577 3362 dicendus
2609 3315 2726 3372 est;
2764 3305 2841 3359 sic
2890 3303 3049 3358 Pater
3082 3303 3431 3372 principium,
3458 3309 3508 3356 et
3537 3297 3675 3354 Filius
3705 3292 3806 3362 prin-

2319 3399 2538 3470 cipium,
2585 3413 2694 3454 non
2737 3405 2917 3452 tamen
2945 3397 3050 3452 duo
3088 3398 3379 3467 principia,
3429 3395 3516 3450 sed
3541 3405 3674 3446 unum
3704 3385 3808 3456 prin-

2319 3490 2518 3560 cipium
2542 3487 2816 3543 fatendum
2842 3495 2942 3544 est.
2975 3487 3115 3559 Ergo
3157 3496 3216 3542 et
3253 3487 3482 3558 Spiritus
3504 3492 3684 3541 sanctus
3699 3476 3807 3546 prin-

2321 3581 2521 3652 cipium
2546 3588 2650 3646 est,
2673 3593 2780 3635 non
2810 3588 2988 3635 tamen
3015 3580 3118 3635 tria
3153 3579 3444 3650 principia,
3467 3578 3610 3632 Pater
3633 3581 3674 3627 et
3692 3567 3811 3624 Filius

2319 3683 2374 3729 et
2427 3673 2662 3744 Spiritus
2705 3681 2944 3738 sanctus,
2998 3673 3092 3728 sed
3134 3689 3309 3728 unum
3360 3669 3686 3743 principium;
3714 3663 3811 3716 sicut

2320 3766 2483 3826 Pater
2512 3769 2678 3834 Deus,
2705 3767 2876 3822 Filius
2902 3767 3064 3832 Deus,
3091 3765 3332 3838 Spiritus
3358 3774 3564 3823 sanctus
3588 3761 3717 3821 Deus,
3737 3766 3814 3808 non

2320 3874 2500 3920 tamen
2539 3872 2650 3918 tres
2697 3862 2792 3928 dii,
2825 3862 2918 3917 sed
2962 3878 3102 3916 unus
3154 3862 3323 3918 Deus.
3374 3860 3528 3916 Pater
3549 3853 3812 3922 omnipotens

2320 3959 2489 4014 Filius
2511 3957 2870 4027 omnipotens,
2900 3955 3134 4026 Spiritus
3159 3965 3384 4012 sanctus
3408 3953 3718 4021 omnipotens,
3739 3952 3815 3996 non

2320 4060 2500 4106 tamen
2527 4056 2636 4103 tres
2677 4048 3092 4117 omnipotentes,
3132 4049 3230 4102 sed
3272 4063 3413 4102 unus
3454 4043 3753 4110 omnipotens.
3775 4027 3814 4083 1d

2321 4141 2466 4198 enim
2495 4139 2637 4210 quod
2660 4138 2821 4192 Pater
2848 4136 2960 4211 [ad]
2989 4151 3048 4192 se
3072 4145 3176 4202 est,
3208 4136 3352 4192 Deus
3380 4141 3495 4199 est;
3535 4128 3660 4202 quod
3677 4122 3729 4180 ad
3754 4118 3817 4174 Fi-

2320 4232 2452 4286 lium
2481 4237 2581 4294 est,
2625 4229 2783 4284 Pater
2827 4238 2944 4295 est;
2994 4229 3135 4298 quod
3162 4227 3338 4284 Filius
3363 4228 3430 4282 ad
3475 4215 3820 4294 seipsum,Detts

2321 4332 2434 4390 est;
2465 4323 2607 4393 quod
2641 4338 2671 4376 a
2715 4323 2875 4376 Patre
2903 4331 3006 4389 est,
3055 4321 3228 4378 Filius
3257 4330 3361 4378 est.
3409 4321 3476 4376 Et
3518 4316 3713 4386 Spiritus
3738 4319 3823 4362 san-

2323 4424 2443 4472 ctus
2464 4415 2607 4486 quod
2632 4415 2700 4470 ad
2728 4429 2786 4470 se
2810 4420 2911 4479 est,
2946 4415 3089 4470 Deus
3115 4421 3234 4481 est;
3269 4411 3410 4484 quod
3432 4427 3461 4466 a
3480 4410 3626 4464 Patre
3645 4413 3689 4458 et
3708 4398 3821 4457 Filio,

2325 4509 2557 4580 Spiritus
2595 4515 2814 4564 sanctus
2856 4516 2973 4563 est:
3015 4507 3141 4578 quia
3190 4506 3372 4562 Patris
3419 4513 3474 4560 et
3503 4501 3615 4560 Filii
3654 4493 3826 4567 Spiritus

2324 4609 2427 4664 est,
2458 4615 2524 4654 ex
2549 4599 2708 4654 Patre
2734 4607 2789 4654 et
2831 4599 2968 4654 Filio
3006 4599 3168 4671 55.9
3206 4599 3522 4670 procedens,
3564 4595 3701 4649 unius
3733 4585 3824 4640 sub-

2325 4691 2558 4756 stantiae,
2597 4690 2899 4761 potestatis,
2949 4690 3250 4760 maiestatis
3300 4705 3422 4746 cum
3453 4687 3602 4741 Patre
3637 4689 3682 4737 et
3712 4674 3825 4732 Filio.-

2325 4787 2618 4842 Audiamus
2672 4801 2800 4856 ergo
2845 4784 3201 4854 principium,
3246 4785 3392 4855 quod
3441 4779 3659 4851 loquitur
3700 4768 3824 4826 nobis.

2327 4880 2510 4954 (Vens.
2539 4879 2630 4951 9.5)
2667 4878 2858 4944 Multa,
2896 4878 3088 4948 inquit,
3124 4878 3291 4934 habeo
3316 4878 3380 4932 de
3415 4875 3553 4931 vobis
3576 4867 3696 4941 loqui
3718 4859 3830 4932 εεὶίί·

2325 4972 2520 5026 dicare.
2561 4972 2617 5026 In
2645 4970 2750 5026 alio
2793 4985 2922 5025 vero
2950 4969 3070 5025 loco
3115 4969 3292 5024 dixit:
3349 4967 3474 5023 Non
3510 4964 3679 5036 judico
3698 4968 3829 5029 quani-

2325 5079 2500 5134 quam,
2529 5069 2846 5133 praesentem
2888 5060 3004 5131 ejus
3031 5061 3321 5116 ostendens
3347 5059 3639 5119 adventum,
3668 5063 3754 5121 quo
3771 5056 3832 5097 ve-

2325 5153 2406 5207 nit
2430 5152 2657 5217 salvare,
2689 5166 2794 5205 non
2830 5149 3112 5219 judicare:
3145 5151 3273 5222 quia
3310 5156 3549 5212 venerat,
3574 5153 3628 5198 ut
3656 5138 3832 5196 salvarct

2326 5244 2604 5308 mundum,
2637 5258 2742 5297 non
2767 5249 2826 5296 ut
2849 5241 3118 5312 iudicaret
3151 5241 3431 5296 mundum.
3461 5258 3481 5291 ‹
3529 5234 3668 5305 Quod
3703 5235 3836 5323 auten]

2327 5351 2469 5390 nunc
2493 5335 2688 5390 dicitur
2714 5331 2868 5405 μὴ..
2894 5332 3044 5406 dicit]
3067 5351 3080 5387 :
3118 5332 3291 5387 Multa
3324 5331 3484 5386 habeo
3510 5329 3571 5383 de
3591 5324 3714 5382 vobis
3734 5316 3834 5386 loqui

2327 5436 2376 5481 et
2409 5427 2677 5497 judicare,
2703 5426 2965 5497 judicium
3013 5424 3252 5480 futurum
3293 5424 3443 5480 dicit.
3487 5421 3604 5478 Ideo
3626 5414 3746 5471 enim
3776 5420 3837 5461 as-

2327 5519 2528 5584 cendit,
2573 5527 2631 5573 ut
2657 5519 2839 5573 veniat
2873 5518 3116 5590 judicare
3140 5517 3294 5573 vivos
3337 5524 3392 5572 et
3438 5522 3677 5570 mortuos.
3712 5500 3838 5557 Nemo

655 5590 881 5695 credite,
907 5590 1310 5682 ne'moria'mini
1351 5623 1406 5677 in
1431 5590 1669 5694 peccatis
1693 5620 1907 5676 vestris.
1947 5590 2228 5692 'Panquam
2323 5610 2522 5682 iustius
2565 5610 2850 5683 iudicabit,
2900 5625 3065 5681 quam
3104 5608 3197 5681 qui
3247 5607 3447 5681 injuste
3486 5600 3730 5676 judicatus
3761 5590 3836 5644 ⁸⁵³*

726 5807 754 5837 ιι
780 5786 861 5848 Ex
887 5789 945 5848 S.
975 5790 1136 5860 Aug.,
1163 5795 1320 5846 tract.
1352 5805 1536 5856 xxxix,
1567 5801 1715 5845 num.
1747 5785 1798 5852 1,
1825 5784 1878 5850 6,
1904 5783 1956 5838 7.
