4088 6340
368 387 478 448 ϐϐδ

363 595 459 668 qui
479 611 560 648 me
582 595 742 658 misit,
768 610 925 648 verax
951 602 1045 649 est.
1079 595 1289 661 Videte,
1312 595 1758 666 quemadmodum
1786 595 1935 651 Patri

364 688 460 744 det
493 684 644 760 [Ms.,
678 685 790 759 dat]
819 687 1040 757 gloriam
1065 687 1284 756 aequalis
1309 687 1473 743 Filius
1497 687 1665 742 Patri.
1695 707 1715 740 ι
1741 687 1935 742 Exem-

364 781 512 852 plum
540 781 683 836 enim
705 781 859 836 nobis
898 781 1102 852 prabet
1131 781 1353 853 gloriam
1380 782 1509 838 dare
1547 781 1678 847 Deo,
1706 779 1933 852 gloriam

366 875 464 930 Dei
487 889 747 942 quaerere,
776 889 881 928 non
926 881 1189 942 nostram,
1218 874 1372 944 quasi
1407 873 1646 930 diceret:
1691 871 1736 930 Ο
1771 873 1934 928 homo

364 967 554 1031 ﬁdelis,
587 967 632 1021 si
665 981 764 1036 ego
795 964 963 1022 Filius
1006 966 1183 1022 Patris
1227 963 1449 1036 aequalis
1489 965 1657 1029 Patri,
1703 965 1933 1020 consub-

364 1057 632 1112 stantialis
677 1057 845 1122 Patri,
896 1065 1194 1114 coaeternus
1241 1057 1412 1122 Patri,
1461 1057 1529 1112 do
1562 1056 1783 1128 gloriam
1821 1054 1872 1110 ei
1899 1069 1932 1110 a

363 1163 474 1218 quo
506 1162 646 1213 sum,
685 1148 953 1218 quomodo
997 1157 1051 1203 tu
1091 1149 1350 1220 superbus
1375 1163 1436 1203 es
1460 1146 1600 1218 apud
1628 1163 1749 1202 eum
1778 1147 1932 1217 cujus

362 1254 424 1294 es
452 1253 638 1294 servus
663 1256 677 1292 :
709 1237 900 1305 Multa,
941 1239 1134 1309 inquit,
1165 1239 1324 1293 habeo
1347 1238 1414 1294 de
1439 1238 1580 1293 vobis
1605 1236 1747 1309 loqui
1771 1245 1820 1292 et
1836 1237 1932 1308 ju-

363 1329 556 1394 dicare,
583 1329 672 1384 sed
695 1329 783 1401 qui
808 1346 888 1384 me
913 1329 1072 1395 misit,
1101 1345 1260 1384 verax
1279 1337 1354 1383 est
1377 1345 1397 1394 ;
1424 1336 1681 1398 tanquam
1699 1327 1928 1382 diceret:

362 1418 487 1474 Ideo
513 1435 700 1476 verum
745 1418 884 1485 dico,
927 1419 1050 1488 quia
1096 1418 1262 1474 Filius
1289 1419 1512 1481 veracis,
1546 1417 1745 1472 veritas
1789 1431 1928 1471 sum.

360 1511 526 1570 Pater
562 1528 727 1568 verax
752 1520 852 1578 est,
891 1512 1057 1567 Filius
1088 1513 1304 1567 veritas.
1341 1529 1361 1562 ε
1411 1509 1502 1565 Ait
1527 1510 1671 1564 enim
1697 1509 1930 1579 apertis-

361 1606 498 1664 sime
523 1607 637 1677 ipse
675 1606 964 1660 Dominus:
994 1604 1106 1676 Ego
1131 1620 1248 1658 sum
1275 1605 1378 1668 via,
1411 1611 1460 1658 et
1494 1603 1701 1667 veritas,
1727 1610 1777 1654 et
1802 1601 1926 1654 vita.

361 1700 503 1772 Ergo
525 1699 571 1755 si
597 1699 765 1754 Filius
800 1699 1019 1762 veritas,
1062 1695 1224 1751 Pater
1247 1696 1398 1765 quid,
1427 1695 1532 1751 nisi
1561 1693 1705 1765 quod
1733 1693 1811 1747 ait
1832 1706 1930 1747 ve-

318 1791 339 1803 ‘
363 1790 532 1846 ritas:
581 1789 684 1855 Qui
711 1805 792 1842 me
817 1788 978 1853 misit,
1007 1801 1163 1841 verax
1187 1785 1306 1838 est?
1333 1783 1500 1838 Filius
1521 1783 1738 1848 veritas,
1768 1781 1932 1836 Pater

1186 386 1593 444 EXEGETICA.
1632 418 1703 430 —
1738 385 2090 444 COMMENT.
2130 388 2198 446 IN
2231 389 2420 447 JOAN.
2443 421 2513 433 -
2537 392 2665 448 LIB.
2704 393 2794 450 IV.

269 561 275 566 ,
371 500 544 558 Multa
567 500 748 566 habeo,
786 499 974 571 inquit,
1008 499 1148 572 loqui
1187 510 1235 555 et
1272 503 1514 573 judicare
1539 503 1601 557 de
1625 503 1805 568 vobis;
1844 502 1934 558 sed
1961 507 2013 566 Α
2037 502 2212 576 ligno;
2245 507 2340 561 sed
2382 505 2472 561 illa
2500 506 2774 570 exaltatio,
2805 505 3108 562 humiliatio
3134 506 3254 563 fuit.
3286 507 3435 566 Tunc
3463 515 3610 567 enim

3501 397 3610 456 866

2034 591 2211 651 factus
2243 604 2326 652 est
2343 595 2489 653 Patri
2523 597 2777 653 obediens
2797 611 2966 668 usque
3001 598 3070 653 ad
3097 606 3348 666 mortem,
3378 609 3610 657 mortem

2033 695 2212 743 autem
2241 688 2416 744 crucis
2447 686 2700 760 (Philipp.
2730 705 2795 752 ιι,
2824 687 2900 762 8).
2930 687 3157 759 Propter
3183 690 3326 760 quod
3352 688 3612 747 exaltavit

2033 777 2184 834 illum
2218 777 2379 834 Deus.
2411 799 2431 832 ι
2459 777 2645 834 Altera
2673 779 2930 835 exaltatio
2968 778 3091 846 fuit,
3117 780 3332 850 quando
3368 780 3610 837 elevatus

2032 869 2197 925 estin
2229 884 2477 937 crucem;
2513 870 2681 926 altera
2719 872 2845 927 dum
2889 871 3132 927 ascendit
3168 872 3225 926 in
3267 872 3481 928 coelum.
3510 871 3607 927 Illa

2031 961 2438 1028 humiliationis,
2467 962 2570 1018 ista
2587 961 3009 1034 gloriﬁcationis.
3033 981 3053 1013 ‹
3075 962 3463 1020 Exaltationem
3485 979 3610 1020 cru-

2029 1061 2112 1118 cis
2137 1062 2416 1133 oportebat
2442 1058 2654 1129 impleri
2697 1074 2796 1131 per
2833 1074 3021 1116 eorum
3067 1076 3260 1116 manus
3287 1061 3379 1130 qui
3418 1069 3608 1132 postea

2030 1151 2244 1208 fuerant
2267 1150 2542 1217 credituri,
2572 1151 2765 1222 quibus
2786 1151 2916 1208 dicit
2944 1169 2958 1206 :
2981 1149 3115 1207 Cum
3132 1151 3484 1207 exaltaveritis
3510 1150 3612 1208 Fi-

2029 1241 2159 1298 lium
2187 1242 2431 1309 hominis,
2474 1250 2596 1296 tunc
2623 1243 2938 1313 cognoscetis
2975 1242 3100 1313 quia
3127 1258 3220 1313 ego
3262 1259 3400 1297 sum.
3429 1240 3612 1310 Quare

2030 1335 2153 1404 hoc,
2183 1335 2286 1391 nisi
2329 1343 2390 1390 ut
2415 1349 2573 1391 nemo
2603 1335 2912 1406 desperaret
2954 1336 3010 1391 in
3038 1351 3359 1408 quocunque
3404 1336 3611 1394 scelere

2031 1426 2170 1482 male
2194 1425 2343 1499 [sibi]
2366 1426 2639 1493 conscius,
2663 1425 2876 1496 quando
2891 1427 3107 1483 videbat
3127 1427 3207 1484 eis
3227 1427 3416 1484 donari
3435 1428 3612 1484 homi-

2029 1516 2254 1583 cidium,
2281 1518 2374 1588 qui
2422 1519 2734 1574 occiderant
2775 1517 3082 1574 Christum?
3116 1538 3136 1572 ι
3166 1519 3386 1576 Addidit
3417 1537 3432 1575 :
3465 1519 3612 1575 Tunc

2030 1612 2346 1681 cognoscetis
2392 1613 2518 1683 quia
2561 1629 2653 1683 ego
2696 1627 2834 1667 sum.
2881 1611 3019 1680 Quid
3063 1621 3168 1680 est,
3217 1629 3309 1685 ego
3340 1630 3476 1680 :um,
3504 1614 3614 1669 nisi

2029 1701 2191 1756 unius
2219 1703 2532 1759 substantia:
2549 1719 2673 1759 cum
2698 1703 2892 1759 Patre?
2922 1702 3075 1760 Sicut
3099 1712 3156 1761 et
3178 1704 3247 1760 ad
3277 1704 3497 1777 Moysen
3520 1720 3614 1760 su-

2029 1792 2213 1863 perius
2256 1795 2507 1858 diximus,
2562 1795 2765 1850 dictum
2807 1810 2928 1852 esse
2961 1813 2974 1851 :
3007 1797 3122 1868 Ego
3165 1814 3304 1864 sum,
3337 1800 3428 1870 qui
3471 1813 3610 1855 sunt.

362 1897 542 1938 verax.
582 1901 600 1934 ι
641 1879 792 1936 Sicut
815 1895 845 1934 a
871 1877 1032 1934 Patre
1071 1876 1260 1939 Filius,
1291 1875 1363 1928 ita
1410 1890 1442 1928 a
1483 1874 1663 1928 VCPaCi
1704 1873 1924 1929 νθτίιλεο
1954 1872 2006 1934 Β
2033 1885 2210 1942 Verbo
2238 1886 2575 1943 substantiali
2601 1889 2772 1943 utitur
2797 1890 2866 1944 de
2891 1890 3069 1959 seipso
3097 1889 3377 1957 Dominus,
3421 1899 3484 1948 ut
3522 1891 3614 1950 in-

360 1972 521 2028 Pater
546 1988 707 2028 verax
734 1979 838 2036 est,
875 1969 967 2024 sed
997 1984 1103 2024 non
1135 1984 1166 2022 a
1205 1969 1470 2032 veritate;
1512 1966 1680 2020 Filius
1708 1964 1925 2032 veritas,

359 2063 455 2120 sed
483 2080 514 2118 a
555 2063 735 2127 Patre,
761 2061 911 2133 quasi
951 2058 1083 2133 [Al.,
1113 2058 1259 2132 quia]
1288 2058 1454 2114 Filius
1480 2074 1510 2112 a
1536 2057 1716 2122 Patre,
1760 2073 1868 2113 non
1896 2073 1928 2112 a

359 2157 554 2225 seipso.
584 2155 651 2210 Et
678 2154 800 2209 ideo
827 2151 946 2226 [ait]
983 2151 1089 2206 alio
1128 2151 1245 2206 loco
1271 2169 1284 2204 :
1315 2150 1358 2202 A
1399 2166 1478 2204 me
1514 2150 1626 2220 ipso
1659 2165 1761 2202 non
1790 2149 1926 2213 veni,

359 2242 416 2302 id
439 2255 540 2309 est,
569 2261 598 2299 a
627 2261 715 2300 me
743 2245 858 2314 ipso
899 2259 1004 2298 non
1034 2258 1170 2297 sum.
1220 2241 1383 2296 Pater
1405 2241 1591 2310 utique
1631 2256 1797 2294 verax
1824 2248 1926 2303 est,

361 2351 468 2393 non
493 2335 856 2406 participando
883 2334 1093 2389 veritati
1117 2331 1269 2405 [Ms.,
1304 2329 1636 2402 veritatem],
1658 2330 1752 2384 sed
1771 2344 1930 2401 gene-

361 2426 532 2482 rando
565 2425 888 2489 veritatem;
932 2423 1057 2493 quia
1101 2422 1262 2478 Pater
1287 2422 1469 2493 genuit
1490 2419 1704 2485 Filium,
1735 2419 1828 2490 qui
1863 2420 1931 2475 de

361 2532 423 2575 se
462 2517 580 2588 ipso
626 2517 749 2571 ait:
798 2515 911 2586 Ego
937 2531 1053 2569 sum
1099 2515 1182 2569 via
1219 2522 1268 2567 et
1311 2514 1519 2567 veritas.
1572 2511 1707 2566 Cum
1748 2518 1929 2565 autem

359 2608 584 2666 dixisset
607 2609 864 2664 Dominus
895 2605 1068 2669 Iesus,
1098 2623 1254 2661 verax
1279 2615 1375 2672 est,
1405 2607 1493 2677 qui
1519 2621 1597 2659 me
1627 2604 1785 2668 misit,
1822 2617 1930 2658 non

358 2699 736 2756 intellexerunt
759 2698 858 2763 illi,
885 2698 1028 2768 quod
1051 2697 1118 2752 de
1139 2696 1303 2751 Patre
1327 2695 1406 2751 eis
1435 2695 1666 2760 dicebat,
1698 2692 1930 2748 necdum

359 2791 660 2848 habuerunt
681 2791 866 2846 oculos
891 2789 1069 2844 cordis
1114 2796 1348 2858 apertos,
1380 2794 1441 2842 ut
1482 2784 1777 2856 intelligere
1804 2798 1929 2854 pos-

356 2892 476 2942 sent
504 2883 862 2956 :equalitatem
887 2881 1095 2937 veracis
1121 2889 1176 2936 et
1199 2879 1462 2936 veritatis.

429 2979 594 3034 Vnus.
613 2976 703 3032 28.
724 3005 795 3016 —
811 2975 1026 3030 Dicebat
1051 2972 1087 3028 Ι
1090 2989 1206 3028 esus
1235 2972 1396 3026 turbis
1417 2969 1766 3024 Judazorum:
1793 2964 1928 3021 Cum

356 3067 702 3124 exaltaveritis
752 3064 952 3120 Filium
1001 3064 1243 3128 hominis,
1291 3072 1412 3116 tunc
1461 3058 1775 3131 cognoscetis
1800 3057 1928 3128 quia

357 3179 450 3234 ego
474 3178 609 3228 sum,
638 3170 687 3216 et
731 3177 764 3214 a
806 3175 887 3214 me
919 3160 1028 3230 ipso
1057 3158 1196 3228 facio
1223 3155 1352 3210 nihil
1380 3168 1398 3205 :
1428 3154 1518 3208 sed
1565 3155 1700 3208 sicut
1747 3150 1926 3206 docuit

356 3213 442 3307 ἦ
463 3213 771 3316 biiugi.“
808 3213 1009 3319 ιοᾳιιὲπ.
1047 3213 1069 3297 ἑ
1102 3258 1129 3286 ιι
1155 3243 1292 3312 Quid
1313 3251 1396 3298 est
1429 3241 1572 3297 hoc?
1601 3239 1745 3295 Nihil
1780 3238 1926 3294 enim
1953 3213 2000 3277 ο

355 3345 505 3404 aliud
530 3343 738 3400 videtur
765 3342 983 3408 dixisse,
1013 3339 1117 3395 nisi
1145 3353 1236 3394 eos
1278 3344 1399 3408 post
1434 3335 1738 3406 passionem
1774 3347 1927 3388 suam

355 3439 662 3511 cognituros
690 3435 817 3506 quid
837 3441 982 3490 esset
1001 3432 1183 3506 [Aug.,
1199 3431 1321 3501 quis
1334 3428 1518 3502 esset].
1545 3425 1740 3482 Procul
1765 3425 1928 3481 dubio

356 3547 485 3604 ergo
529 3530 747 3587 videbat
779 3529 852 3584 ibi
902 3527 1110 3597 aliquos
1162 3539 1296 3596 quos
1342 3524 1458 3594 ipse
1489 3520 1750 3595 [noverat,
1792 3535 1927 3590 quos

356 3623 492 3696 ipse]
521 3637 645 3678 cum
680 3619 889 3676 caeteris
918 3618 1118 3674 sanctis
1157 3617 1269 3672 suis
1296 3625 1420 3670 ante
1457 3614 1640 3669 mundi
1669 3613 1930 3669 constitu-

356 3715 558 3771 tionem
600 3711 929 3784 przesciendo
975 3709 1229 3781 elegerat,
1265 3715 1388 3779 post
1433 3706 1735 3776 passionem
1773 3720 1928 3759 suam

356 3821 477 3863 esse
502 3803 822 3860 credituros.
852 3799 959 3872 Ipsi
986 3807 1112 3857 sunt
1137 3799 1214 3854 illi
1242 3813 1378 3869 quos
1404 3797 1616 3853 assidue
1649 3810 1925 3850 commen-

357 3902 548 3956 damus
589 3903 643 3954 et
684 3896 754 3951 ad
786 3894 1138 3950 imitationem
1165 3907 1288 3948 cum
1325 3905 1518 3961 magna
1553 3888 1927 3944 exhortatione

356 3989 723 4063 proponimus.
786 3986 947 4042 Misso
1002 3985 1232 4055 desuper
1291 3981 1493 4052 Spiritu
1558 3988 1742 4036 sancto
1805 3986 1928 4050 post

356 4081 569 4137 Domini
610 4079 916 4152 passionem
969 4085 1025 4133 et
1071 4075 1521 4132 resurrectionem
1560 4080 1617 4127 et
1649 4071 1924 4127 ascensio-

355 4189 516 4240 nem,
567 4187 690 4229 cum
737 4169 994 4225 miracula
1048 4167 1240 4223 ﬁerent
1267 4167 1322 4221 in
1349 4163 1466 4235 ejus
1507 4163 1741 4229 nomine,
1767 4175 1927 4230 quem

357 4272 614 4335 tanquam
677 4269 950 4317 mortuum
1001 4265 1382 4330 persequentes
1447 4253 1614 4309 Judaii
1685 4260 1928 4309 contem-

353 4363 610 4427 pserunt,
673 4350 978 4423 compuncti
1025 4357 1153 4405 sunt
1192 4349 1356 4405 corde
1413 4344 1560 4418 (Act.
1603 4361 1666 4412 ll,
1698 4343 1823 4415 57);
1872 4349 1928 4397 et

356 4449 452 4518 qui
502 4447 778 4504 saevientes
829 4443 1171 4508 occiderunt,
1229 4439 1419 4494 mutati
1461 4437 1837 4501 crediderunt;
1873 4441 1928 4488 et

2029 1975 2302 2048 telligatur
2324 1985 2582 2033 aeternam
2610 1994 2729 2035 esse
2764 1981 3142 2047 substantiam,
3171 1991 3227 2038 et
3255 1999 3418 2038 unam
3451 1983 3616 2056 55o

2031 2086 2150 2127 esse
2177 2072 2532 2126 substantiam
2563 2071 2741 2128 Patris
2766 2080 2820 2127 et
2839 2073 2980 2128 Filii.
3011 2074 3211 2130 Tamen
3233 2090 3302 2131 ne
3321 2077 3438 2146 ipse
3460 2076 3616 2132 intel-

2029 2162 2284 2233 ligeretur
2319 2162 2502 2229 Pater,
2529 2165 2782 2218 continuo
2817 2163 3057 2233 adjunxit
3087 2181 3102 2220 :
3128 2166 3197 2220 Et
3227 2185 3260 2222 a
3283 2184 3363 2222 me
3390 2169 3502 2238 ipso
3523 2168 3611 2237 fa-

2030 2253 2111 2304 cio
2141 2250 2290 2317 nihil,
2313 2251 2403 2305 sed
2429 2252 2566 2304 sicut
2593 2252 2770 2306 docuit
2797 2269 2876 2306 me
2899 2251 3079 2318 Pater,
3104 2253 3215 2307 ha'c
3235 2253 3436 2325 loquor.
3461 2254 3615 2321 Quod

2029 2353 2161 2394 vero
2196 2339 2272 2393 ait
2300 2355 2314 2393 :
2339 2340 2383 2391 A
2426 2341 2618 2410 meipso
2655 2341 2794 2412 facio
2844 2341 2992 2396 nihil.
3025 2342 3164 2410 Quid
3201 2352 3306 2410 est,
3345 2344 3390 2396 A
3419 2347 3614 2414 meipso

2030 2427 2172 2498 facio
2215 2427 2386 2482 nihil?
2407 2428 2464 2483 Id
2493 2438 2604 2494 est,
2635 2444 2666 2484 a
2692 2431 2896 2500 meipso
2923 2447 3028 2486 non
3058 2447 3196 2488 sum.
3247 2431 3397 2499 Quod
3435 2442 3616 2488 autem

2031 2521 2235 2576 addidit
2263 2536 2278 2575 :
2307 2521 2456 2577 Sicut
2506 2522 2685 2577 docuit
2725 2539 2806 2577 me
2835 2520 3016 2588 Pater,
3054 2523 3164 2578 haec
3192 2522 3395 2594 loquor,
3425 2539 3615 2579 sensus

2031 2611 2324 2668 altissimus
2349 2620 2451 2668 est.
2477 2611 2583 2668 Cor
2609 2613 2754 2668 enim
2781 2613 3168 2684 mundandum,
3198 2623 3259 2681 ut
3287 2615 3616 2686 intelligatur

2029 2702 2173 2773 quod
2218 2703 2294 2757 ait
2330 2721 2343 2756 :
2378 2701 2524 2758 Sicut
2563 2703 2742 2758 docuit
2785 2721 2866 2758 me
2903 2701 3086 2772 Pater,
3138 2706 3215 2760 sic
3262 2703 3480 2776 loquor;
3507 2721 3616 2760 non

2027 2797 2174 2853 enim
2201 2797 2275 2852 ita
2302 2797 2703 2867 intelligendum
2727 2805 2827 2863 est,
2853 2797 3006 2866 quasi
3035 2798 3196 2854 homo
3221 2798 3385 2854 Pater
3405 2797 3616 2854 homini

2027 2886 2166 2943 Filio
2189 2887 2501 2958 loqueretur
2530 2902 2546 2941 :
2569 2888 2664 2943 sed
2685 2888 3037 2945 excellentius
3058 2896 3114 2944 ει
3130 2890 3414 2946 sacratius.
3441 2889 3614 2945 Aliter

2027 2994 2158 3034 vero
2173 2980 2578 3051 intelligendum
2592 2989 2674 3035 est
2687 2980 2830 3050 quod
2841 2980 2916 3035 ait
2930 2981 3259 3052 evangelista
3287 2998 3300 3034 :
3335 2979 3404 3036 In
3417 2981 3612 3052 princi-

2026 3071 2114 3140 pio
2135 3079 2248 3124 erat
2270 3067 2525 3135 Verbum;
2547 3079 2602 3124 et
2621 3070 2780 3126 aliter
2798 3070 3222 3142 intelligendum,
3248 3070 3471 3127 Verbum
3491 3089 3614 3127 caro

2031 3160 2231 3231 factum
2254 3169 2349 3215 est.
2374 3161 2544 3216 Aliter
2568 3161 2635 3216 de
2660 3161 2938 3218 divinitate
2965 3161 3188 3229 Christi,
3218 3163 3273 3218 in
3296 3179 3402 3234 qua
3427 3179 3612 3235 :equa-

2030 3252 2098 3308 lis
2135 3261 2218 3309 est
2248 3252 2358 3308 Deo
2398 3252 2578 3320 Patri;
2609 3253 2765 3309 aliter
2791 3255 2858 3310 de
2885 3255 3219 3310 humanitate
3258 3255 3395 3326 ejus,
3427 3257 3482 3311 in
3507 3272 3614 3327 qua

2029 3346 2325 3404 consimilis
2360 3355 2444 3401 est
2470 3346 2645 3402 nobis.
2675 3345 3028 3419 Cogitandum
3055 3356 3140 3404 est
3175 3363 3282 3403 non
3311 3364 3419 3404 uno
3454 3348 3615 3406 modo

2028 3439 2433 3511 intelligendum
2461 3441 2760 3509 esse,quod
2791 3442 2864 3496 ait
2895 3441 3154 3496 Dominus
3182 3459 3196 3495 :
3224 3441 3338 3512 Ego
3374 3451 3423 3496 et
3453 3440 3610 3498 Patet

2027 3547 2193 3599 unum
2220 3547 2399 3585 sumus
2429 3528 2610 3603 (Joan.
2640 3546 2696 3597 x,
2733 3530 2844 3604 50),
2861 3539 2917 3587 ει
2934 3531 3060 3586 illud
3079 3533 3222 3602 quod
3241 3531 3375 3587 dixit
3404 3550 3416 3586 :
3451 3530 3616 3588 Pater

2027 3622 2203 3693 major
2223 3638 2302 3676 me
2319 3630 2395 3676 est
2407 3619 2460 3693 (J
2466 3638 2589 3676 oan.
2613 3637 2724 3685 xiv,
2739 3621 2852 3692 28).
2878 3640 2897 3673 ‹
2928 3622 3068 3693 Ergo
3091 3622 3503 3693 incorporaliter
3523 3638 3615 3678 co-

2027 3713 2228 3785 gitetur
2247 3711 2409 3766 Pater
2430 3711 2642 3766 locutus
2687 3711 2842 3778 Filio,
2871 3712 2996 3782 quia
3025 3712 3436 3784 incorporaliter
3451 3713 3616 3769 Pater

2027 3805 2213 3877 genuit
2228 3804 2443 3860 Filium.
2463 3804 2573 3860 Nec
2583 3819 2707 3860 eum
2727 3805 2806 3860 sic
2825 3804 3028 3869 docuit,
3043 3805 3197 3874 quasi
3227 3804 3496 3860 indoctum
3524 3819 3616 3877 go-

2027 3895 2229 3950 nuerit:
2247 3895 2339 3949 sed
2353 3896 2456 3950 hoc
2475 3901 2557 3950 est
2576 3910 2699 3949 eum
2714 3894 2980 3959 docuisse,
2995 3895 3137 3964 quod
3157 3903 3236 3949 est
3249 3893 3508 3950 scientem
3523 3909 3616 3966 ge-

2028 3986 2242 4049 nuisse;
2271 3993 2327 4039 et
2356 3985 2460 4040 hoc
2487 3993 2588 4049 est,
2626 3984 2805 4038 docuit
2848 3999 2930 4038 me
2957 3980 3138 4049 Pater,
3179 3985 3321 4054 quod
3355 3984 3616 4042 scientem

2026 4094 2115 4134 me
2126 4078 2288 4133 Pater
2313 4077 2513 4148 genuit.
2543 4076 2602 4130 Si
2621 4075 2785 4141 enim,
2803 4075 2944 4144 quod
2971 4076 3126 4145 pauci
3143 4075 3467 4145 intelligunt,
3486 4077 3616 4132 sim-

2026 4167 2149 4237 plex
2161 4174 2245 4222 est
2256 4174 2445 4220 natura
2460 4165 2724 4229 veritatis,
2741 4164 2844 4219 hoc
2858 4172 2941 4219 est
2965 4163 3103 4220 Filio
3115 4180 3254 4232 esse,
3272 4168 3413 4236 quod
3432 4183 3613 4225 nosse.

2025 4257 2109 4312 Ab
2137 4255 2226 4311 illo
2252 4271 2381 4327 ergo
2430 4255 2591 4310 habet
2617 4253 2758 4324 quod
2786 4255 3012 4320 noverit,
3041 4271 3069 4308 a
3094 4271 3200 4326 quo
3228 4257 3392 4314 habet
3423 4268 3484 4314 ut
3511 4261 3612 4328 sit;

2024 4365 2135 4405 non
2163 4357 2224 4404 ut
2251 4351 2402 4421 prius
2444 4349 2512 4404 ab
2558 4347 2648 4402 illo
2676 4355 2840 4412 esset,
2871 4356 2927 4402 et
2953 4349 3020 4402 ab
3046 4347 3137 4403 illo
3180 4357 3367 4419 postea
3392 4359 3609 4407 nosset:

2026 4441 2123 4497 sed
2144 4439 2596 4512 quemadmodum
2625 4439 2700 4494 illi
2739 4438 3004 4510 gignendo
3052 4439 3200 4494 dedit
3234 4449 3295 4495 ut
3334 4450 3500 4507 esset,
3531 4443 3614 4501 sic

356 4554 520 4610 quem
563 4536 874 4606 sanguinem
897 4533 1165 4589 smviendo
1194 4529 1461 4594 fuderunt,
1489 4523 1926 4628 Cl'8dend0-bibe-
1952 4567 2003 4628 Β
2027 4534 2292 4606 gignendo
2313 4533 2459 4588 dedit
2483 4539 2542 4586 ut
2565 4539 2780 4596 nosset;
2819 4531 2942 4600 quia
2966 4530 3226 4602 simplicis
3249 4531 3504 4589 indicium
3530 4545 3615 4591 est

357 4638 488 4684 runt
538 4629 675 4701 (Act.
711 4645 784 4693 iv,
812 4627 900 4699 4);
940 4626 1032 4680 illa
1083 4625 1185 4678 tria
1215 4622 1401 4688 millia,
1452 4630 1507 4676 et
1555 4621 1647 4674 illa
1692 4619 1929 4689 quinque

356 4721 524 4778 millia
554 4719 860 4777 Iudaeorum
885 4733 1020 4790 quos
1044 4717 1118 4774 ibi
1144 4717 1379 4779 videbat,
1421 4714 1632 4784 quando
1675 4712 1928 4768 dicebat:

357 4809 492 4866 Cum
516 4810 863 4866 exultaveritis
910 4807 1109 4863 Filium
1157 4807 1401 4872 hominis,
1448 4815 1570 4860 tunc
1616 4803 1930 4874 cognoscetis

355 4901 482 4974 quia
509 4917 600 4971 ego
624 4917 772 4965 sum;
801 4911 1055 4969 tanquam
1078 4897 1263 4954 dicens
1293 4915 1306 4951 :
1349 4896 1546 4952 Dill‘ero
1570 4896 1932 4967 cognitionem

357 5001 616 5059 vestram,
639 5001 700 5047 ut
723 4993 972 5063 impleam
992 4992 1296 5062 passionem
1314 5005 1519 5056 meam;
1542 4989 1732 5046 ordine
1750 4997 1933 5044 vestro

359 5085 694 5157 cognoscetis
715 5084 808 5154 qui
835 5085 956 5138 sim.
979 5082 1095 5138 Non
1125 5085 1250 5154 quia
1275 5099 1460 5138 omnes
1483 5091 1613 5137 tunc
1638 5089 1794 5137 erant
1815 5093 1935 5135 cre-

361 5178 525 5236 dituri
561 5194 629 5234 ex
651 5178 739 5233 his
765 5178 857 5248 qui
879 5178 1184 5244 audiebant,
1212 5178 1268 5233 id
1295 5186 1398 5243 est,
1427 5187 1548 5247 post
1573 5175 1789 5232 Domini
1811 5189 1934 5245 pas-

362 5271 570 5326 sionem
601 5286 615 5322 :
647 5283 771 5324 nam
800 5267 960 5340 paulo
1007 5277 1132 5324 ante
1157 5267 1328 5340 [Leg.,
1355 5269 1514 5338 paulo
1565 5266 1708 5340 post]
1758 5267 1887 5322 dicit
1913 5282 1933 5321 :

363 5358 496 5416 Haec
525 5375 580 5416 ι)
633 5359 874 5432 loquente
919 5357 1070 5414 multi
1102 5357 1429 5414 crediderunt
1456 5359 1512 5412 in
1539 5375 1686 5424 eum;
1720 5365 1776 5414 et
1801 5372 1936 5412 non-

361 5449 491 5507 dum
547 5449 818 5506 exaltatus
867 5456 986 5506 erat
1037 5447 1181 5505 ﬁlius
1223 5447 1474 5504 hominis.
1543 5447 1937 5505 Exaltationem

364 5539 563 5612 quippe
606 5541 737 5598 dicit
776 5539 1062 5613 passionis,
1105 5556 1210 5597 non
1257 5539 1696 5612 gloriﬁcationis;
1735 5547 1932 5615 crucis,

366 5640 476 5689 non
506 5632 648 5700 coeli,
671 5648 797 5688 nam
821 5633 895 5689 ibi
941 5631 1208 5690 exaltatus
1233 5641 1336 5701 est,
1366 5635 1580 5704 quando
1603 5639 1855 5708 pependit
1879 5640 1935 5696 in

439 5765 466 5824 fl
494 5752 570 5824 Ex
602 5751 661 5809 S.
681 5753 844 5824 Aug,
869 5759 1033 5824 tract.
1055 5769 1144 5819 ιι,
1174 5769 1322 5808 num.
1355 5753 1411 5821 2,
1435 5754 1489 5822 5,
1512 5754 1568 5822 6,
1597 5757 1652 5820 8,
1679 5757 1730 5814 9.

438 5821 468 5864 δ
497 5823 597 5878 Ms.
627 5838 646 5877 :
680 5841 698 5877 ι
726 5821 860 5891 Quia
883 5823 1158 5896 simplicis,
1184 5833 1245 5881 ut
1265 5824 1465 5882 dictum
1490 5835 1592 5894 est,
1618 5837 1825 5886 natura:
1845 5844 1935 5888 ve-

2031 4637 2240 4682 naturze
2279 4625 2523 4682 veritatis
2548 4622 2666 4697 [AL
2698 4622 2932 4696 veritas]
2962 4631 3044 4679 est
3070 4623 3118 4690 ι),
3147 4638 3266 4680 εεεε
3317 4634 3373 4680 ει
3405 4643 3563 4684 ιιοεεε
3592 4645 3608 4682 :

2031 4737 2138 4777 non
2182 4727 2267 4776 est
2315 4719 2459 4774 aliud
2502 4727 2663 4788 atque
2705 4718 2870 4782 aliud,
2915 4718 3008 4772 sed
3038 4719 3141 4774 hoc
3178 4718 3373 4790 ipsum.
3413 4737 3432 4771 ι
3470 4720 3615 4776 Dixit

2029 4825 2160 4880 ergo
2196 4811 2302 4865 ista
2335 4808 2534 4864 Iudaeis
2573 4817 2629 4863 et
2676 4809 2879 4864 addidit
2909 4827 2922 4862 :
2953 4808 3138 4881 (Vens.
3167 4809 3282 4882 29.)
3310 4810 3379 4864 Et
3416 4812 3506 4881 qui
3530 4828 3612 4866 me

2030 4901 2192 4966 misit,
2221 4915 2423 4955 mecum
2466 4907 2564 4954 est.
2607 4897 2728 4953 Jam
2774 4900 2877 4956 hoc
2922 4908 3080 4956 antea
3109 4902 3338 4966 dixerat,
3366 4903 3462 4957 sed
3495 4917 3613 4956 rem

2031 5006 2279 5062 magnam
2321 4989 2537 5046 assidue
2563 4999 2950 5046 commemorat
2976 5009 2988 5044 :
3022 4989 3171 5045 Misit
3197 5007 3296 5054 me,
3329 5001 3378 5045 et
3408 5008 3612 5047 mecum

2031 5093 2127 5139 est.
2165 5081 2224 5140 Si
2267 5096 2394 5152 ergo
2442 5089 2619 5136 tecum
2645 5087 2747 5147 est,
2773 5097 2807 5137 ο
2830 5080 3074 5146 Domine,
3107 5096 3214 5136 non
3238 5091 3378 5136 unus
3405 5081 3474 5135 ab
3503 5081 3613 5137 alio

2032 5177 2230 5231 missus
2256 5180 2362 5240 est,
2400 5172 2496 5228 sed
2523 5172 2683 5228 ambo
2718 5172 2969 5234 venistis.
3004 5170 3072 5226 Et
3099 5178 3279 5226 tamen
3303 5185 3426 5226 cum
3449 5172 3611 5228 ambo

2033 5266 2193 5323 simul
2238 5265 2364 5332 sint,
2413 5279 2554 5320 unus
2584 5264 2784 5320 missus
2823 5271 2922 5327 est,
2967 5261 3104 5317 alter
3131 5262 3276 5317 misit
3308 5281 3321 5316 :
3355 5264 3612 5334 quoniam

2032 5359 2236 5424 missio,
2266 5356 2564 5414 incamatio
2591 5364 2700 5423 est;
2734 5355 2850 5428 ipsa
2889 5354 3190 5410 incarnatio
3228 5353 3353 5410 Filii
3403 5361 3612 5412 tantum

2032 5458 2135 5518 est,
2167 5464 2274 5505 non
2317 5457 2373 5506 et
2406 5448 2603 5505 Patris.
2646 5446 2791 5502 Misit
2833 5445 3017 5517 itaque
3059 5445 3221 5502 Pater
3263 5445 3484 5513 Filium,
3514 5445 3612 5503 sed

2032 5557 2139 5596 non
2163 5541 2386 5597 recessit
2409 5557 2441 5595 a
2467 5540 2621 5595 Filio.
2665 5538 2826 5610 Ergo,
2850 5537 3044 5608 inquit,
3069 5537 3160 5610 qui
3201 5554 3283 5592 me
3309 5537 3470 5603 misit,
3504 5553 3612 5593 non

2033 5630 2240 5704 reliquit
2254 5647 2332 5686 me
2356 5629 2527 5686 solum
2554 5644 2575 5682 :
2602 5626 2754 5698 cujus
2773 5627 3091 5684 auctoritate
3103 5637 3358 5698 tanquam
3383 5635 3608 5698 paterna

2032 5763 2165 5820 ritas
2189 5771 2289 5820 est.
2322 5782 2340 5817 ι
2376 5762 2510 5834 Aug.
2537 5775 2556 5814 :
2579 5760 2715 5829 Quia
2745 5760 2997 5832 simplici,
3019 5771 3082 5818 ut
3094 5763 3304 5834 dictum
3325 5770 3425 5829 est,
3456 5770 3609 5818 natu-

2033 5850 2107 5890 rai
2132 5834 2377 5891 veritatis
2403 5833 2521 5891 esse
2545 5841 2601 5890 et
2628 5847 2788 5890 nosse
2811 5848 2919 5890 non
2945 5841 3029 5890 est
3057 5833 3224 5901 aliud,
3246 5841 3352 5890 etc.
