4088 6340
595 344 697 403 871

1439 335 1501 390 Β.
1541 333 1604 390 F.
1642 331 1870 390 ALBINI
1907 332 2040 389 SEU
2080 328 2358 388 ALCUlNl
2392 327 2675 388 OPERUM
2708 328 2890 386 PARS
2922 328 2988 385 II.

3777 328 3887 390 8'72

596 476 720 518 rum
747 458 1004 515 dicerem.
1035 453 1172 510 Nam
1194 452 1332 509 dixit
1357 451 1425 506 de
1453 451 1558 506 alio
1582 451 1702 506 loco
1726 469 1739 504 :
1763 451 1896 505 Ante
1915 448 2183 504 Abraham
2209 448 2262 508 Α
2286 445 2490 500 audire.
2545 443 2654 500 Sed
2702 444 2845 498 unde
2887 441 3077 496 audire
3121 453 3229 496 non
3260 445 3515 510 poterant
3535 477 3550 503 ,
3599 437 3706 494 nisi
3754 443 3883 512 quia

596 569 692 624 ego
717 568 854 607 sum.
877 549 1030 606 Tunc
1052 563 1176 604 eum
1203 545 1281 600 illi
1301 545 1543 615 lapidare
1569 544 1874 600 voluerunt.
1907 542 2024 597 Non
2047 541 2182 598 dixit

596 647 721 702 hoc.
761 643 981 699 Interim
1010 640 1153 711 quod
1196 638 1414 704 videtis,
1446 636 1591 707 quod
1630 637 1892 707 aspicitis,
1925 635 2068 705 quod
2096 649 2182 689 me

597 736 773 793 solum
800 733 1019 804 putatis,
1047 732 1208 787 homo
1242 745 1381 785 sum.
1421 729 1706 784 Hominem
1736 729 2002 784 dicentem
2027 727 2182 782 vobis

597 829 743 897 quod
769 825 974 880 audivit
1013 839 1045 877 a
1074 822 1205 888 Deo,
1236 835 1406 892 quare
1429 820 1594 875 vultis
1623 820 1889 884 occidere,
1923 818 2027 873 nisi
2055 817 2183 888 quia

597 934 708 974 non
736 919 868 973 estis
897 915 992 970 lilii
1019 915 1289 971 Abrahae?
1329 914 1399 968 Et
1428 921 1610 970 tamen
1644 913 1893 983 superius
1919 912 2032 966 ait:
2061 909 2182 966 Scia

595 1009 720 1082 quia
738 1008 838 1078 ﬁlii
862 1007 1088 1063 Abraha:
1111 1007 1255 1062 estis.
1287 1006 1405 1062 Non
1435 1006 1650 1077 negavit
1675 1021 1864 1061 eorum
1893 1003 2180 1075 originem,

593 1103 691 1158 sed
716 1098 860 1157 facta
901 1101 1226 1157 condemnat
1254 1118 1267 1154 :
1293 1115 1424 1156 caro
1451 1114 1640 1155 eorum
1683 1115 1747 1154 ex
1789 1099 1880 1154 illo
1915 1107 2054 1163 erat,
2087 1096 2183 1152 sed

592 1191 705 1247 vita
744 1207 853 1247 non
893 1199 1033 1247 erat.
1073 1209 1092 1243 ‹
1129 1191 1272 1262 Ergo
1312 1191 1605 1246 Christiani
1652 1188 1783 1245 facti
1826 1195 1952 1244 sunt
1997 1201 2180 1242 semen

591 1279 825 1337 Abrahae
851 1282 1027 1354 gratia
1065 1281 1182 1335 Dei.
1230 1279 1347 1335 Non
1377 1281 1444 1336 de
1481 1295 1646 1336 carne
1681 1280 1916 1334 Abrahae
1947 1276 2073 1332 facti
2103 1275 2180 1330 illi

593 1371 906 1428 coheredes
933 1390 946 1426 :
973 1372 1115 1428 Deus
1159 1371 1281 1427 illos
1327 1371 1756 1436 exhzereditavit,
1788 1370 1921 1425 istos
1959 1369 2182 1438 adopta-

591 1463 688 1518 vit.
723 1483 741 1516 »
776 1463 871 1520 isti
897 1470 1023 1518 sunt
1051 1463 1117 1518 de
1139 1463 1336 1532 quibus
1361 1462 1468 1518 alio
1502 1461 1620 1518 loco
1653 1478 1684 1516 a
1708 1459 1914 1517 Joanne
1942 1458 2182 1529 Baptista

591 1557 795 1614 dictum
824 1565 906 1612 est
932 1573 947 1609 :
973 1554 1166 1610 Potens
1196 1564 1270 1611 est
1292 1555 1433 1610 Deus
1462 1555 1526 1609 de
1567 1553 1827 1626 lapidibus
1871 1554 1985 1608 istis
2016 1551 2184 1606 susci-

590 1656 704 1702 tare
753 1647 894 1717 ﬁlios
933 1646 1160 1701 Abrahae
1207 1646 1421 1718 (Matth.
1475 1663 1560 1712 Ill,
1613 1645 1689 1717 9).
1744 1644 1824 1699 llli
1872 1650 2032 1698 erunt
2084 1638 2182 1694 ﬁlii

589 1738 844 1807 Abrahae,
876 1740 969 1811 qui
1000 1740 1158 1794 ﬁdem
1188 1739 1422 1795 Abrahae
1459 1739 1760 1794 imitantur.
1790 1738 1916 1793 Ideo
1961 1736 2183 1806 subjun-

2285 537 2484 607 corrigi
2524 535 2794 594 credendo
2841 533 3137 589 nolebant?
3182 531 3252 587 Et
3299 531 3404 588 hoc
3448 531 3631 586 unde?
3668 529 3778 587 Vos
3819 552 3884 589 ex

2283 637 2432 697 patre
2457 625 2665 680 diabolo
2695 626 2840 680 estis.
2874 624 3123 693 Quandiu
3148 633 3363 696 patrem
3405 625 3884 682 commemoratis?

2284 718 2532 786 Quaudiu
2582 727 2796 788 patrem
2839 716 3003 790 55‘.
3049 719 3306 784 mutatis,
3366 717 3528 773 modo
3569 717 3878 785 Abraham,

2284 811 2445 866 modo
2482 810 2686 866 Deum?
2732 810 2929 864 Audite
2976 825 3008 863 a
3049 807 3187 864 Filio
3231 808 3348 874 Dei,
3397 809 3552 880 cujus
3579 809 3674 863 lilii
3727 811 3879 866 estis.

2284 905 2330 958 A
2349 913 2496 976 patre
2518 902 2727 958 diabolo
2757 905 2899 959 estis.
2937 923 2957 956 ›
3001 903 3145 959 Deus
3180 903 3365 972 itaque
3389 911 3609 960 creator
3636 905 3878 960 omnium

2284 1004 2659 1051 creaturarum
2699 995 2906 1051 creavit
2942 995 3236 1050 hominem.
3277 994 3560 1062 Quomodo
3587 995 3679 1051 hic
3716 996 3876 1052 dicit:

2295 1083 2397 1140 Vos
2419 1104 2451 1140 a
2471 1095 2620 1158 patre
2633 1084 2841 1140 diabolo
2861 1087 2984 1141 estis
3000 1085 3026 1140 2
3044 1085 3312 1155 Quidquid
3337 1102 3369 1140 a
3384 1087 3494 1142 Deo
3516 1095 3767 1142 creatum
3779 1097 3875 1152 est,

2283 1175 2484 1231 bonum
2504 1185 2604 1240 est,
2629 1183 2685 1231 et
2702 1177 2878 1231 omnis
2901 1179 3080 1244 homo,
3098 1188 3355 1248 quantum
3380 1186 3633 1234 creatura
3656 1179 3760 1234 Dei
3779 1190 3874 1247 est,

2283 1268 2458 1324 bonus
2477 1276 2590 1324 est:
2613 1278 2873 1338 quantum
2894 1285 3026 1325 vero
3045 1285 3103 1326 se
3125 1270 3343 1340 subjicit
3359 1286 3458 1336 per
3479 1272 3714 1328 liberum
3741 1275 3876 1329 arbi-

2285 1361 2451 1415 trium
2478 1359 2711 1426 diabolo,
2744 1377 2776 1416 a
2801 1370 2958 1432 patre
2989 1363 3201 1418 diabolo
3241 1371 3345 1419 est.
3397 1381 3416 1415 ‹
3451 1364 3602 1419 Bona
3624 1373 3716 1421 est
3738 1366 3872 1421 enim

2283 1452 2520 1511 hominis
2547 1466 2762 1523 natura,
2795 1458 2890 1512 sed
2921 1457 3108 1512 vitiata
3134 1467 3252 1512 erat
3277 1473 3376 1529 per
3403 1457 3606 1514 malam
3628 1459 3873 1515 volunta-

2285 1557 2418 1614 tem,
2457 1556 2515 1604 et
2549 1550 2674 1605 inde
2723 1567 2753 1605 a
2782 1559 2939 1620 patre
2967 1560 3086 1605 erat
3114 1551 3346 1607 diabolo.
3389 1551 3546 1619 Quod
3574 1552 3710 1609 fecit
3740 1554 3872 1609 Deus

2284 1655 2390 1695 non
2437 1649 2618 1711 potest
2653 1657 2771 1698 esse
2809 1643 3034 1708 malum,
3078 1642 3124 1698 si
3163 1643 3277 1713 ipse
3322 1643 3486 1698 homo
3533 1658 3644 1699 non
3672 1643 3747 1699 sit
3776 1645 3868 1699 sibi

2288 1734 2485 1790 malus.
2535 1735 2663 1790 Inde
2693 1751 2824 1808 ergo
2848 1735 3019 1792 Judaei
3046 1736 3175 1792 dicti
3215 1746 3342 1792 sunt
3366 1737 3464 1792 filii
3505 1738 3730 1804 diaboli,
3773 1755 3869 1793 non

588 1831 669 1886 xit
696 1805 978 1897 Dominus,
1033 1832 1258 1888 dicens:
1305 1831 1366 1886 Si
1413 1830 1512 1900 ﬁlii
1540 1830 1767 1884 Abrahw
1821 1830 1970 1896 estis,
2025 1805 2183 1898 opera
2213 1805 2259 1867 Β
2287 1831 2579 1895 nascendo,
2631 1831 2727 1885 sed
2762 1805 3053 1886 imitando.
3110 1830 3454 1887 Consuetudo
3497 1847 3630 1888 vero
3677 1844 3868 1889 sanctae

589 1921 816 1977 Abrahw
844 1921 1020 1991 facite.
1053 1922 1234 1978 Factis
1259 1921 1483 1992 probate
1521 1922 1877 1987 nobilitatem,
1909 1937 2017 1976 non
2056 1937 2182 1976 ver-

588 2012 694 2068 bis.
737 2011 845 2067 Sed
872 2011 1116 2081 quaaritis
1154 2028 1242 2067 me
1281 2012 1609 2078 interficere,
1652 2013 1926 2068 hominem
1956 2013 2050 2083 qui
2091 2029 2180 2068 ve-

589 2104 806 2159 ritatem
838 2103 1052 2159 locutus
1093 2120 1212 2159 sum
1237 2104 1393 2159 vobis
1418 2119 1581 2174 quam
1626 2104 1804 2158 audivi
1852 2121 1882 2157 a
1912 2103 2040 2168 Deo,
2078 2106 2181 2160 hoc

587 2193 862 2250 Abraham
912 2211 1019 2250 non
1062 2194 1207 2250 fecit.
1240 2196 1350 2251 Vos
1393 2195 1570 2250 facitis
1595 2212 1757 2266 opera
1781 2195 1959 2250 Patris
1980 2197 2178 2263 vestri;

585 2299 643 2346 et
671 2291 846 2346 adhuc
867 2305 976 2345 non
1003 2290 1132 2345 dicit
1158 2290 1280 2360 quis
1308 2298 1392 2346 est
1423 2290 1523 2345 iste
1550 2299 1705 2360 pater
1729 2306 1938 2346 eorum.
1972 2311 1990 2343 ‹
2021 2292 2180 2349 Modo

583 2379 664 2434 illi
705 2379 836 2450 quid
869 2381 1306 2451 responderunt?
1355 2381 1652 2451 Coeperunt
1707 2383 1852 2436 enim
1903 2392 2180 2454 utcunque

584 2485 934 2542 cognoscere,
966 2487 1074 2526 non
1105 2471 1173 2527 de
1201 2473 1382 2527 carnis
1407 2473 1753 2543 generatione
1783 2473 2069 2530 Dominum
2097 2475 2179 2529 lo-

584 2561 700 2632 qui,
731 2561 825 2617 sed
869 2561 937 2617 de
963 2562 1088 2617 vita:
1135 2563 1473 2618 institutione
1517 2581 1529 2616 :
1575 2571 1631 2617 et
1673 2563 1799 2632 quia
1848 2564 2179 2619 consuetudo

585 2650 995 2722 Scripturarum
1021 2661 1105 2710 est
1132 2670 1294 2725 quam
1326 2655 1594 2726 legebant,
1626 2653 2038 2710 fornicationem
2071 2657 2179 2726 spi-

585 2743 818 2800 ritaliter
866 2744 1147 2815 appellari,
1177 2761 1303 2800 cum
1332 2747 1434 2802 diis
1481 2746 1664 2802 multis
1715 2756 1770 2802 et
1800 2746 1952 2803 falsis
1997 2747 2178 2802 anima

584 2844 844 2907 tanquam
866 2839 1156 2907 prostituta
1179 2838 1486 2908 subjicitur,
1517 2841 1584 2895 ad
1613 2841 1716 2896 hoc
1744 2841 2173 2910 responderunt:

583 2927 773 3000 (Vens.
799 2929 915 3001 M.)
941 2930 1201 2985 Dixerunt
1231 2932 1404 3003 itaque
1432 2933 1480 2985 ei
1525 2952 1542 2989 :
1572 2931 1686 2987 Nos
1717 2951 1782 2987 ea:
1810 2936 2176 3004 prostitutione

584 3039 692 3078 non
734 3040 915 3079 sumus
946 3025 1076 3089 nati,
1113 3041 1277 3078 unum
1306 3023 1522 3079 Patrem
1550 3025 1800 3080 habemus
1829 3025 2017 3080 Deum.
2057 3025 2174 3081 Jam

583 3116 743 3172 viluit
763 3117 1039 3173 Abraham
1065 3135 1080 3174 :
1106 3117 1308 3186 repulsi
1337 3125 1461 3172 sunt
1489 3117 1652 3181 enim,
1685 3119 1956 3187 quomodo
1987 3119 2172 3188 repelli

585 3209 889 3266 debuerunt
917 3209 1071 3282 [Ms.,
1094 3207 1400 3282 voluerunt]
1447 3224 1543 3264 ore
1581 3211 1852 3276 veridico;
1895 3211 2022 3280 quia
2053 3218 2174 3266 erat

581 3301 710 3357 talis
736 3301 1031 3367 Abraham,
1059 3301 1214 3372 cujus
1253 3301 1456 3356 factum
1484 3318 1589 3356 non
1621 3302 1996 3368 imitabantur,
2023 3310 2080 3357 et
2105 3302 2173 3357 de

584 3392 729 3450 illius
753 3409 949 3465 genere
975 3395 1360 3464 gloriabantur.
1402 3395 1469 3448 Et
1497 3403 1844 3450 mutaverunt
1869 3396 2174 3465 responsio-

583 3498 733 3550 nem,
781 3484 1049 3539 credcndo
1098 3483 1256 3554 [Aug.
1285 3493 1334 3537 et
1366 3482 1704 3556 Ms.,cred0]
1749 3485 1990 3540 dicentes
2033 3488 2173 3555 apud

585 3575 822 3643 seipsos,
876 3575 1302 3643 quotiescunque
1364 3574 1824 3630 nominaverimus
1870 3575 2168 3641 Abraham,

586 3664 828 3718 dicturus
873 3669 958 3718 est
999 3662 1398 3730 nobis:Quare
1445 3679 1554 3719 non
1601 3665 1887 3720 imitamini
1935 3683 2058 3722 eum
2106 3668 2172 3724 de

584 3754 741 3824 cujus
762 3769 959 3827 genere
986 3755 1333 3827 gloriamini?
1379 3753 1488 3811 Nos
1531 3766 1796 3825 sanctum,
1825 3757 2050 3827 justum,
2086 3761 2171 3814 iu-

585 3861 896 3918 nocentem,
948 3861 1154 3906 tantum
1196 3851 1374 3906 virum
1427 3852 1627 3907 imitari
1681 3869 1787 3908 non
1839 3869 2166 3924 possumus:

586 3943 755 3999 Deum
784 3944 1030 3999 dicamus
1054 3941 1270 3998 Patrem
1299 3952 1578 4010 nostrum;
1610 3945 1888 4000 videamus
1917 3946 2047 4017 quid
2075 3963 2172 4002 no-

582 4035 670 4091 bis
695 4035 937 4091 dicturus
963 4042 1065 4090 est.
1104 4053 1123 4086 ‹
1152 4033 1407 4105 Nunquid
1451 4035 1498 4090 si
1544 4033 1754 4091 falsitas
1795 4037 1999 4092 invenit
2027 4039 2171 4108 quod

583 4126 807 4192 diceret,
849 4134 904 4181 et
929 4125 1133 4180 veritas
1172 4141 1278 4180 non
1308 4126 1577 4182 inveniret
1607 4130 1749 4198 quod
1788 4130 2170 4199 responderet?

584 4216 886 4272 Audiamus
938 4216 1067 4286 quid
1115 4215 1340 4281 dicant,
1403 4218 1685 4274 audiamus
1732 4221 1862 4289 quid
1903 4222 2166 4277 audiant:

587 4305 781 4372 Unum,
804 4306 1072 4377 inquiunt,
1098 4305 1317 4360 Patrem
1345 4307 1593 4363 habemus
1615 4309 1802 4364 Deum.
1833 4312 2019 4384 (Vens.
2050 4313 2168 4385 42.)

582 4395 730 4450 Dixit
759 4413 879 4465 ergo
908 4397 982 4450 eis
1003 4394 1158 4449 Jesus
1182 4410 1199 4446 :
1230 4394 1289 4450 Si
1316 4395 1457 4451 Deus
1486 4395 1648 4452 Pater
1675 4410 1836 4454 vester
1861 4413 2013 4470 esset,
2041 4404 2168 4457 dili-

2289 1918 2585 1989 Scripturm
2613 1929 2697 1977 est
2717 1936 2786 1976 ex
2815 1922 3112 1978 imitatione
3148 1922 3234 1978 vel
3261 1924 3616 1980 similitudine
3654 1940 3865 1996 operum

2287 2009 2428 2066 illios
2466 2025 2608 2080 saepe
2650 2012 2952 2080 nominare,
2997 2021 3058 2068 ut
3097 2013 3369 2084 Propheta
3416 2015 3484 2070 ad
3511 2013 3726 2070 Iudaeos
3768 2017 3866 2070 ait:

2288 2097 2450 2155 Pater
2491 2111 2610 2156 tuus
2641 2101 2980 2158 Amorrhreus
3021 2114 3069 2158 et
3096 2115 3266 2160 mater
3300 2117 3392 2160 tua
3433 2105 3623 2162 Cethea
3653 2109 3866 2181 (Ezech.

2285 2209 2396 2259 xvi,
2424 2192 2501 2264 5).
2528 2193 2829 2250 Amorrhtei
2853 2209 2983 2266 gens
3010 2205 3128 2250 erat
3151 2199 3420 2267 quaedam,
3445 2200 3579 2254 unde
3597 2201 3864 2272 originem

2284 2282 2456 2340 Judaei
2504 2300 2614 2340 non
2653 2285 2949 2352 ducebant;
2983 2285 3171 2342 Cethei
3219 2297 3275 2343 et
3320 2289 3422 2358 ipsi
3467 2299 3676 2361 gentem
3711 2305 3867 2345 suam

2283 2377 2554 2434 habebant
2602 2379 2822 2434 omnino
2869 2379 3030 2434 alieni
3074 2396 3107 2435 a
3155 2395 3353 2452 genere
3380 2379 3708 2438 Iudaeorum.
3765 2382 3863 2438 Sed

2283 2469 2411 2538 quia
2439 2477 2598 2524 erant
2644 2470 2794 2541 impii
2821 2470 3124 2527 Amorrhrei
3148 2480 3204 2526 et
3231 2471 3452 2540 Cethei;
3489 2471 3662 2529 Judaei
3690 2485 3864 2530 autem

2283 2560 2482 2615 imitati
2545 2569 2670 2616 sunt
2725 2563 3033 2634 impietates
3085 2564 3340 2632 illorum;
3398 2565 3719 2622 invenerant
3776 2566 3862 2621 lilii

2285 2652 2486 2728 [Aug.,
2535 2656 2861 2712 invenerunt
2909 2657 3035 2732 sibi]
3081 2669 3355 2730 parentes,
3405 2676 3513 2716 non
3565 2662 3633 2717 de
3677 2661 3864 2732 quibus

2281 2757 2656 2816 nascerentur,
2711 2753 2807 2807 sed
2849 2768 3079 2822 quorum
3139 2770 3320 2810 mores
3360 2752 3620 2811 sectando
3663 2757 3863 2826 pariter

2283 2838 2691 2895 damnarentur.
2745 2841 3001 2908 Quaeritis
3047 2853 3228 2900 autem
3273 2844 3524 2911 fortasse,
3568 2846 3710 2902 unde
3759 2847 3865 2918 ipse

2281 2930 2565 2988 diabolus?
2602 2932 2731 2989 Inde
2759 2935 2968 3004 utique,
2995 2937 3137 2992 unde
3161 2946 3216 2993 et
3240 2939 3422 2994 caeteri
3450 2938 3646 3010 angeli.
3675 2939 3865 2996 Ceteri

2283 3022 2459 3094 angeli
2507 3024 2562 3077 in
2608 3040 2705 3080 sua
2746 3025 3052 3082 obedientia
3111 3031 3469 3100 perstiterunt
3500 3050 3512 3084 :
3543 3032 3633 3087 ille
3681 3033 3866 3089 inobe-

2280 3111 2476 3169 diendo
2515 3123 2570 3170 et
2603 3116 2963 3186 superbiendo
3005 3119 3188 3190 lapsus
3223 3130 3306 3176 est
3342 3122 3582 3194 angelus,
3612 3133 3667 3178 et
3690 3124 3864 3180 factus

2279 3215 2364 3262 est
2385 3207 2648 3264 diabolus.
2679 3229 2699 3261 ‹
2732 3209 2837 3266 Sed
2867 3213 3026 3268 modo
3045 3214 3228 3270 audite
3255 3216 3384 3285 quid
3403 3217 3550 3272 dicat
3567 3217 3864 3275 Dominus:

2289 3298 2413 3365 Vos,
2448 3301 2642 3372 inquit,
2685 3321 2717 3357 a
2737 3313 2886 3374 patre
2913 3305 3120 3361 diabolo
3149 3310 3294 3376 estis,
3326 3319 3372 3364 et
3403 3310 3659 3365 desideria
3693 3315 3865 3382 patris

2277 3395 2434 3447 vestri
2478 3394 2652 3463 facere
2693 3395 2868 3452 vultis.
2919 3397 3167 3464 Quwritis
3211 3418 3291 3456 me
3320 3404 3571 3470 occidere,
3601 3405 3866 3461 hominem

2278 3485 2366 3556 qui
2409 3487 2677 3541 veritatem
2715 3488 2856 3543 vobis
2896 3491 3034 3545 dico.
3077 3493 3144 3547 Et
3192 3493 3282 3549 ille
3326 3494 3515 3550 invidit
3554 3497 3790 3564 homini,
3819 3508 3870 3554 et

2276 3578 2475 3632 occidit
2524 3579 2818 3636 hominem.
2891 3581 3146 3639 Diabolus
3189 3594 3371 3642 autem
3425 3603 3544 3643 cum
3597 3589 3868 3646 invideret

2278 3667 2503 3734 homini,
2537 3679 2844 3740 serpentem
2891 3659 3130 3740 indutus,
3164 3676 3376 3734 locutus
3415 3688 3499 3734 est
3539 3681 3786 3748 mulieri,
3817 3691 3868 3738 et

2276 3758 2344 3813 de
2378 3759 2606 3814 muliere
2630 3764 2918 3818 venenavit
2961 3774 3015 3821 et
3041 3767 3239 3823 virum.
3290 3769 3484 3825 Mortui
3517 3779 3641 3826 sunt
3679 3774 3868 3829 diabo-

2276 3847 2386 3902 lum
2417 3851 2706 3919 audiendo,
2749 3868 2910 3923 quem
2940 3872 3047 3912 non
3092 3859 3372 3915 audissent
3401 3863 3448 3917 si
3470 3862 3637 3918 Deum
3674 3865 3867 3920 audire

2273 3940 2570 3996 voluissent
2599 3959 2610 3996 :
2639 3945 2848 4013 positus
2877 3948 3020 4002 enim
3044 3949 3205 4006 homo
3235 3951 3378 4007 inter
3400 3953 3565 4008 Deum
3589 3956 3685 4024 qui
3711 3971 3865 4011 crea-

2273 4035 2352 4089 vit
2377 4052 2520 4102 eum,
2551 4038 2643 4107 qui
2695 4038 2852 4112 [Aug.
2882 4042 3078 4096 addit:
3117 4051 3172 4099 et
3212 4059 3357 4114 eum,
3399 4034 3714 4118 qui'lapsus
3757 4047 3864 4122 est]

2273 4128 2645 4198 obtemperare
2691 4132 2873 4188 debuit
2915 4135 3170 4204 creatori,
3221 4153 3332 4194 non
3373 4140 3664 4210 deceptori.
3719 4142 3865 4214 Ergo

2272 4216 2362 4272 ille
2395 4219 2659 4274 homicida
2696 4232 2808 4276 erat
2841 4224 2905 4277 ab
2938 4225 3110 4280 initio.
3155 4228 3345 4284 Videte
3387 4246 3555 4302 genus
3581 4232 3862 4287 homicidii

2274 4309 2491 4367 fratres.
2555 4313 2836 4371 Homicida
2876 4318 3073 4372 dicitur
3113 4320 3376 4387 diabolus,
3418 4338 3524 4378 non
3555 4323 3736 4395 gladio
3775 4341 3864 4378 ar-

2272 4413 2470 4472 matus,
2498 4421 2606 4461 non
2636 4405 2782 4462 ferro
2814 4409 3110 4465 accinctus.
3137 4410 3222 4465 Ad
3243 4411 3513 4468 hominem
3537 4417 3704 4479 venit,
3735 4431 3862 4472 ver-

583 4489 769 4557 geretis
803 4503 886 4542 me
910 4488 1089 4558 utique
1115 4486 1269 4558 :Ego
1289 4490 1428 4542 enim
1461 4505 1526 4542 ea:
1553 4490 1663 4545 Deo
1707 4498 1934 4563 processi
1957 4507 2006 4550 et
2028 4499 2162 4551 veni.
2195 4521 2250 4584 Ι)
2272 4497 2401 4552 bum
2429 4498 2628 4554 malum
2667 4501 2984 4568 seminavit,
3017 4511 3072 4557 et
3105 4504 3322 4559 occidit.
3355 4505 3473 4560 Noli
3511 4521 3641 4578 ergo
3666 4518 3864 4576 putare

587 4576 771 4650 Neque
798 4579 936 4633 enim
966 4596 999 4633 a
1024 4579 1218 4650 meipso
1248 4580 1382 4646 veni,
1419 4582 1510 4635 sed
1539 4582 1626 4636 ille
1654 4602 1737 4638 me
1774 4588 1936 4642 misit.
1979 4589 2171 4647 Dicitis
2195 4576 2239 4584 ’-
2273 4596 2326 4641 ιθ
2347 4603 2455 4642 non
2481 4604 2600 4645 esse
2631 4589 2978 4659 homicidam,
3019 4595 3232 4663 quando
3259 4594 3417 4649 fratri
3452 4604 3543 4650 tuo
3571 4576 3712 4651 inala
3735 4614 3863 4668 per-

585 4669 758 4724 Deum
785 4668 1022 4736 Patrem,
1056 4671 1329 4742 agnoscite
1354 4671 1437 4727 vel
1465 4671 1687 4729 fratrem
1718 4685 1956 4734 vestrum
1985 4680 2168 4754 [Aug.,

587 4762 866 4832 agnoscite
891 4779 976 4819 me
993 4765 1080 4820 vel
1098 4764 1365 4840 fratrem].
1383 4766 1485 4823 Hic
1509 4768 1686 4840 tetigit
1705 4773 1849 4841 quod
1863 4776 2058 4844 saepius
2077 4793 2168 4832 so-

585 4854 662 4911 let
689 4856 906 4913 dicere:
930 4855 1052 4913 Non
1079 4877 1110 4912 a
1133 4862 1326 4931 meipso
1349 4864 1492 4930 veni,
1537 4865 1628 4919 sed
1665 4865 1756 4921 ille
1797 4885 1877 4922 me
1920 4871 2099 4936 misit,
2135 4890 2170 4927 a

586 4946 698 5002 Deo
716 4949 942 5019 processi
955 4957 1003 5004 et
1029 4952 1160 5004 veni.
1179 4951 1379 5009 Christi
1398 4971 1527 5026 ergo
1539 4957 1747 5026 missio,
1766 4960 2069 5018 incarnatio
2085 4973 2170 5020 est

586 5037 724 5109 ejus.
736 5040 889 5108 Quod
911 5057 1041 5098 vero
1063 5043 1130 5098 de
1149 5043 1260 5100 Deo
1271 5049 1536 5116 processit
1555 5050 1808 5117 Verbum,
1833 5062 2033 5110 aeterna
2044 5072 2169 5126 pro-

587 5135 764 5190 cessio
795 5144 898 5203 est,
932 5153 1039 5196 non
1059 5138 1265 5193 habens
1300 5146 1512 5210 tempus
1543 5157 1641 5213 per
1669 5160 1830 5214 quem
1855 5145 2056 5203 factum
2084 5158 2169 5205 est

586 5232 973 5304 tempus.Ergo
994 5235 1061 5290 ab
1086 5233 1177 5288 illo
1200 5236 1464 5302 processit
1492 5245 1550 5291 ut
1575 5237 1738 5306 Deus,
1760 5248 1818 5296 ut
1841 5243 2082 5313 aequalis,
2105 5251 2167 5298 ut

586 5320 756 5378 Filius
781 5324 992 5391 unicus,
1015 5335 1075 5379 ut
1114 5324 1348 5380 Verbum
1370 5325 1580 5395 Patris;
1613 5334 1759 5388 venit
1787 5335 1852 5388 ad
1893 5350 2010 5401 nos,
2039 5334 2165 5406 quia

587 5410 826 5468 Verbum
847 5428 975 5470 caro
988 5412 1191 5470 factum
1201 5423 1306 5482 est,
1318 5426 1380 5471 ut
1393 5419 1661 5474 habitaret
1677 5423 1732 5475 iu
1761 5425 1936 5479 nobis.
1952 5425 2166 5483 Adven-

589 5509 677 5556 tus
691 5500 828 5570 ejus,
851 5503 1160 5562 humanitas
1180 5505 1325 5578 ejus;
1356 5510 1564 5565 mansio
1582 5508 1716 5577 ejus,
1743 5514 1994 5572 divinitas
2022 5519 2160 5588 ejus.

658 5593 822 5650 Vuns.
845 5595 1471 5672 45.—«Quare,inquit,
1486 5600 1745 5675 loquelam
1757 5621 1924 5660 meam
1950 5624 2052 5661 non
2077 5625 2164 5663 co-

587 5691 872 5756 gnoscitis?
901 5684 1041 5757 Quia
1069 5709 1174 5747 non
1195 5697 1408 5764 potestis
1435 5695 1619 5752 audire
1652 5714 1942 5754 sermonem
1970 5717 2160 5758 meum.

588 5779 713 5837 Ideo
757 5797 864 5838 non
895 5791 1147 5853 poterant
1192 5800 1536 5857 cognoscere,
1581 5789 1709 5860 quia
1760 5805 1868 5846 non
1913 5799 2165 5862 poterant

2271 4681 2468 4736 suades
2496 4699 2508 4734 :
2537 4682 2584 4738 si
2621 4680 2782 4738 fratri
2826 4693 2920 4739 tuo
2948 4685 3087 4739 mala
3120 4687 3436 4756 persuades,
3466 4688 3690 4744 occidis.
3718 4690 3860 4746 Audi

2270 4773 2612 4832 Psalmistam
2646 4795 2658 4830 :
2689 4776 2823 4832 Filii
2849 4779 3118 4833 hominum
3168 4781 3346 4837 dentes
3387 4799 3567 4836 eorum
3602 4800 3761 4837 arma
3813 4795 3859 4839 et

2269 4870 2493 4937 sagittte,
2519 4879 2566 4923 et
2585 4869 2765 4940 lingua
2788 4887 2967 4925 eorum
2986 4873 3250 4927 machaera
3271 4884 3427 4927 acuta
3451 4874 3620 4946 (Psal.
3641 4891 3753 4939 LVI,
3780 4875 3860 4948 5).

2269 4960 2379 5016 Vos
2409 4977 2538 5032 ergo
2562 4962 2831 5017 desideria
2875 4965 3048 5033 patris
3080 4965 3244 5020 vestri
3291 4965 3472 5021 facere
3499 4966 3685 5031 vultis,
3732 4967 3862 5023 ideo

2269 5053 2469 5107 saevitis
2517 5052 2572 5106 in
2619 5069 2860 5120 carnem,
2904 5055 3030 5123 quia
3077 5071 3180 5109 non
3229 5057 3456 5125 potestis
3495 5057 3550 5111 in
3589 5065 3856 5113 mentem.

2267 5145 2370 5201 Ille
2391 5146 2655 5201 homicida
2681 5158 2791 5202 erat
2820 5148 2883 5202 ab
2910 5149 3093 5214 initio;
3119 5150 3305 5219 utique
3330 5151 3384 5204 in
3408 5152 3584 5220 primo
3607 5151 3856 5208 homine.

2266 5237 2352 5292 Ex
2373 5237 2483 5304 illo,
2507 5238 2596 5293 ille
2618 5239 2909 5306 homicida,
2938 5255 3002 5295 ex
3023 5256 3130 5310 quo
3156 5243 3331 5312 potuit
3356 5242 3476 5297 fieri
3499 5244 3858 5300 homicidium

2269 5331 2426 5404 [Aug.
2458 5332 2604 5386 addit
2631 5346 2648 5384 :
2674 5347 2741 5387 ex
2769 5331 2859 5388 illo
2878 5333 3053 5402 potuit
3081 5332 3198 5388 ﬁeri
3225 5333 3618 5406 homicidium],
3652 5351 3720 5392 ex
3749 5352 3858 5407 quo

2265 5423 2440 5480 factus
2469 5433 2553 5478 est
2583 5425 2765 5479 homo.
2797 5423 2911 5478 Non
2941 5426 3084 5480 enim
3109 5436 3293 5496 posset
3317 5429 3494 5484 occidi
3531 5429 3719 5496 homo,
3748 5429 3857 5484 nisi

2263 5521 2417 5590 prius
2459 5519 2613 5574 ﬁeret
2659 5519 2841 5574 homo.
2874 5517 3156 5575 Homicida
3191 5539 3312 5593 ergo
3335 5521 3425 5577 ille
3453 5525 3516 5578 ab
3555 5525 3734 5579 initio.
3784 5524 3859 5580 Et

2263 5611 2405 5665 unde
2425 5609 2724 5664 homicida?
2758 5609 2828 5664 Et
2855 5611 2912 5664 in
2940 5613 3153 5666 veritate
3180 5631 3285 5668 non
3307 5616 3465 5678 stetit,
3492 5616 3615 5686 quia
3645 5615 3856 5671 veritas

2263 5717 2371 5756 non
2400 5709 2484 5756 cst
2510 5700 2562 5754 in
2592 5715 2675 5754 eo.
2705 5698 2824 5754 Non
2845 5703 3113 5770 quomodo
3143 5703 3196 5757 in
3227 5703 3464 5770 Christo,
3496 5706 3573 5760 sic
3595 5714 3680 5760 est
3704 5706 3856 5760 veri-

2265 5791 2700 5861 tas,utChristus
2717 5791 2832 5863 ipse
2855 5793 2926 5848 sit
2939 5794 3160 5849 veritas.
3187 5793 3241 5850 Si
3265 5810 3396 5866 ergo
3411 5796 3519 5853 iste
3538 5797 3593 5851 in
3614 5797 3854 5853 veritate
