4088 6340
245 409 351 470 873

1053 407 1463 473 EXEGETICA.
1488 440 1560 452 -—-
1594 405 1947 468 COMMENT.
1988 411 2056 465 IN
2093 407 2280 468 JOAN.
2317 444 2387 452 -—-
2423 411 2546 466 LIB.
2587 412 2672 467 IV.

3371 413 3475 470 87L

245 523 502 587 stetisset,
531 521 584 574 in
605 519 820 576 Christo
848 521 1102 578 stetisset.
1132 523 1237 580 Sed
1262 526 1318 580 in
1338 527 1552 581 veritate
1577 541 1682 581 non
1710 532 1812 579 ste-
1841 526 1888 584 Δ
1915 527 2089 582 ritatis
2114 545 2127 592 ;
2186 528 2279 580 lilii
2329 527 2524 582 diaboli
2580 541 2684 579 non
2733 531 2943 587 natura,
2993 525 3086 580 sed
3145 525 3479 582 imitatione?

245 620 330 682 tit,
351 617 474 689 quia
496 617 686 669 veritas
716 633 818 671 non
833 624 907 669 est
938 616 992 670 in
1020 634 1100 672 eo.

316 709 480 766 Vsus.
502 709 688 765 44.-‹
725 709 856 764 Cum
884 709 1114 780 loquitur
1133 711 1481 776 mendacium,
1504 727 1568 765 ea:
1595 710 1817 781 propriis

245 800 497 875 loquitur,
519 803 643 876 quia
669 803 894 857 mendax
915 813 987 856 est
1014 811 1062 856 et
1082 813 1228 872 pater
1250 804 1380 874 ejus.
1412 803 1547 869 Quid
1575 812 1660 858 est
1684 805 1818 858 hoc?

247 894 490 950 Audistis
533 895 698 950 verba
726 895 1023 964 Evangelii,
1070 895 1259 949 intenti
1305 896 1590 965 accepistis
1633 911 1649 950 :
1691 910 1819 951 ecce

247 993 452 1057 repeto,
484 994 544 1041 ut
587 987 890 1056 agnoscatis
933 987 1060 1057 quid
1099 988 1346 1057 exigatis.
1379 988 1455 1043 De
1480 988 1692 1043 diabolo
1714 987 1819 1044 Do-

246 1079 428 1134 minus
472 1093 536 1132 ea
581 1078 812 1145 dicebat,
855 1094 975 1149 qute
1019 1079 1085 1134 de
1132 1078 1341 1134 diabolo
1380 1079 1484 1134 dici
1535 1095 1564 1132 a
1596 1079 1820 1134 Domino

247 1177 562 1225 meruerunt
585 1168 764 1241 [Aug.,
798 1168 1140 1242 debuerunt].
1186 1171 1286 1226 Ille
1325 1171 1586 1227 homicida
1611 1181 1722 1227 erat
1755 1173 1818 1227 ab

244 1261 421 1314 initio.
455 1261 654 1316 Verum
685 1269 807 1316 est:
840 1277 962 1316 nam
1012 1262 1243 1332 primum
1274 1263 1544 1320 hominem
1591 1265 1816 1332 occidit;

246 1359 296 1403 et
331 1349 385 1403 in
415 1349 629 1404 veritate
656 1367 757 1404 non
797 1352 958 1415 stetit,
991 1350 1112 1420 quia
1143 1351 1208 1405 de
1235 1352 1464 1407 veritate
1511 1353 1694 1422 lapsus
1717 1348 1833 1409 est.

248 1437 383 1493 Cum
415 1439 646 1512 loquitur
674 1441 1022 1509 mendacium,
1066 1442 1250 1511 utique
1298 1443 1411 1511 ipse
1449 1442 1712 1509 diabolus,
1759 1444 1824 1497 de

247 1531 458 1600 proprio
503 1530 752 1602 loquitur,
806 1533 929 1602 quia
979 1532 1207 1587 mendax
1264 1543 1339 1588 est
1393 1543 1441 1587 et
1487 1541 1635 1603 pater
1687 1534 1820 1603 ejus.

256 1638 278 1672 ι
315 1619 572 1676 Diabolus
598 1630 777 1676 autem
814 1637 842 1675 a
870 1623 1158 1692 semetipso
1188 1623 1415 1677 mendax
1439 1623 1561 1689 fuit,
1599 1629 1654 1678 et
1677 1639 1826 1678 men—

253 1709 467 1764 dacium
510 1727 666 1765 suum
706 1713 821 1780 ipse
864 1712 1068 1783 genuit,
1115 1729 1144 1766 a
1187 1713 1400 1768 nemine
1439 1713 1638 1769 audivit
1677 1715 1826 1782 prius

250 1799 609 1853 mendacium.
633 1799 909 1866 Quomodo
924 1801 1065 1856 Deus
1083 1800 1244 1855 Pater
1272 1803 1455 1872 genuit
1475 1802 1664 1858 Filium
1687 1804 1824 1857 veri-

1916 617 2269 687 Reddiditque
2324 617 2450 690 [Al.-,
2500 616 2808 688 retulitque]
2858 633 3075 672 causam
3121 634 3219 674 cur
3263 621 3482 675 veritati

1916 722 2020 762 non
2037 707 2334 770 crederent,
2351 722 2473 762 cum
2495 707 2658 762 dicit:
2681 708 2864 776 (Vens.
2890 707 3002 777 47.)
3033 727 3051 758 ε
3073 709 3100 748 ιι
3118 709 3244 762 Ideo
3267 727 3350 763 vos
3377 728 3484 764 non

1917 798 2130 860 auditis,
2151 799 2274 868 quia
2303 814 2367 851 ea:
2387 797 2492 849 Deo
2520 813 2621 849 non
2649 797 2792 850 estis.
2842 796 3039 851 lterum
3072 799 3174 851 noli
3206 800 3482 853 attendere

1916 897 2180 948 naturam,
2215 888 2308 942 sed
2323 888 2533 941 vitium.
2552 886 2642 942 Sic
2656 895 2781 942 sunt
2802 888 2885 940 isti
2914 903 2978 941 ex
2999 888 3124 951 Deo,
3149 897 3201 940 et
3223 904 3327 942 non
3357 899 3484 943 sunt

1919 995 1983 1032 ex
2016 980 2146 1045 Deo,
2182 987 2371 1034 natura
2417 995 2481 1034 ex
2522 981 2651 1044 Deo,
2674 979 2806 1033 vitio
2852 996 2956 1033 non
2994 995 3060 1033 ex
3103 980 3231 1035 Deo.
3284 979 3487 1034 Natura

1919 1085 2047 1126 vero
2072 1073 2209 1127 bona
2245 1087 2362 1142 quas
2394 1089 2458 1126 ex
2485 1072 2594 1126 Deo
2622 1081 2722 1136 est,
2760 1073 3003 1143 peccavit
3038 1073 3333 1138 voluntate,
3371 1087 3491 1129 cre-

1920 1164 2094 1218 dendo
2108 1165 2248 1234 quod
2273 1164 2514 1218 diabolus
2527 1165 2813 1234 persuasit,
2830 1173 2884 1220 et
2896 1165 3080 1219 vitiata
3099 1174 3210 1222 est:
3228 1167 3347 1221 ideo
3372 1183 3491 1223 me-

1922 1253 2097 1307 dicum
2119 1262 2342 1322 quierat,
2371 1255 2496 1323 quia
2520 1269 2648 1309 sana
2677 1269 2781 1309 non
2803 1262 2905 1310 est.
2936 1255 3275 1326 Agnoscatur
3299 1266 3491 1312 natura

1923 1349 2062 1401 unde
2093 1346 2318 1402 Creator
2361 1346 2636 1412 laudetur;
2687 1355 3010 1416 agnoscatur
3054 1349 3244 1403 vitium
3273 1357 3493 1418 propter

1922 1439 2063 1511 quod
2088 1438 2330 1493 medicus
2356 1438 2662 1493 advocetur.
2688 1437 2950 1492 Terribile
2973 1448 3056 1493 est
3076 1441 3217 1510 quod
3241 1441 3420 1495 subdit
3441 1460 3449 1492 :
3467 1461 3486 1493 ι

1931 1546 1949 1580 ι
1980 1539 2001 1568 θ
2027 1527 2129 1594 Qui
2171 1537 2247 1581 est
2289 1544 2354 1582 ea:
2374 1526 2503 1590 Deo,
2545 1527 2697 1582 verba
2739 1527 2836 1584 Dei
2878 1529 3027 1583 audit
3057 1541 3366 1602 :propterea
3407 1550 3494 1587 vos

1924 1634 2029 1672 non
2049 1619 2264 1682 auditis,
2290 1619 2411 1688 quia
2432 1635 2495 1672 ex
2516 1618 2624 1673 Deo
2647 1636 2752 1676 non
2769 1621 2908 1676 estis.
2939 1618 2996 1677 Si
3024 1620 3168 1677 enim
3195 1624 3307 1692 ipse
3332 1624 3497 1678 verba

1925 1709 2018 1762 Dei
2049 1709 2199 1762 audit
2238 1709 2327 1778 qui
2370 1725 2432 1763 ex
2461 1707 2571 1764 Deo
2599 1718 2704 1777 est,
2733 1718 2789 1765 et
2822 1711 3010 1766 audire
3043 1713 3204 1767 verba
3234 1714 3349 1783 ejus
3386 1730 3494 1768 non

1925 1807 2100 1865 potest
2135 1798 2380 1868 quisquis
2417 1815 2482 1854 ex
2524 1800 2614 1855 illo
2648 1816 2754 1856 non
2791 1810 2893 1866 est,
2920 1802 3211 1873 interroget
3250 1819 3307 1858 se
3332 1819 3498 1858 unus-

251 1895 443 1954 tatem;
475 1889 555 1944 sic
574 1888 819 1944 diabolus
844 1891 1026 1962 genuit
1055 1892 1205 1961 quasi
1230 1891 1394 1946 filium
1419 1895 1820 1950 mendacium.»
1857 1882 1904 1942 Β
1929 1888 2155 1958 quisque
2187 1889 2231 1942 si
2255 1888 2418 1944 \el‘ba
2444 1889 2538 1943 Dei
2579 1890 2631 1943 in
2671 1905 2802 1944 aure
2837 1891 3014 1945 cordis
3041 1892 3286 1960 percipit,
3322 1900 3376 1946 et
3410 1893 3496 1946 in—

250 1977 584 2035 Mendacium
633 1983 853 2052 genuit,
921 1983 1046 2053 quia
1113 1984 1166 2038 in
1216 1985 1439 2039 veritate
1498 2001 1603 2040 non
1656 1987 1821 2041 stetit.

253 2068 442 2124 Omnis
486 2071 627 2125 enim
675 2073 766 2141 qui
815 2073 867 2126 iu
892 2073 998 2128 Deo
1037 2086 1238 2139 manet,
1268 2074 1321 2128 in
1349 2076 1576 2130 veritate
1622 2085 1823 2142 manet,

253 2161 381 2232 quin
408 2161 549 2218 Deus
579 2165 775 2220 veritas
802 2172 901 2221 est.
937 2164 993 2220 Si
1018 2166 1139 2235 quis
1166 2181 1296 2220 vero
1327 2182 1356 2219 a
1386 2167 1495 2222 Deo
1523 2169 1822 2233 recesserit,

252 2255 487 2310 mendax
532 2256 667 2320 erit,
717 2256 928 2311 dicente
973 2256 1431 2326 Psalmographo:
1464 2257 1644 2310 Omnis
1674 2258 1826 2312 homo

248 2349 482 2403 mendax
520 2346 691 2420 (Psal.
721 2347 864 2418 cxv).
897 2347 954 2401 In
981 2355 1238 2417 quantum
1278 2363 1407 2402 vero
1450 2349 1610 2402 homo
1659 2365 1688 2402 a
1717 2349 1826 2403 Deo

252 2442 480 2503 recedit,
509 2440 565 2494 in
595 2448 801 2494 tantum
845 2441 1075 2495 mendax
1122 2441 1245 2504 erit,
1275 2441 1400 2494 dum
1443 2455 1500 2495 se
1546 2455 1576 2494 a
1601 2441 1828 2496 veritate

253 2530 627 2593 declinaverit,
661 2537 716 2584 et
761 2530 885 2586 inde
912 2538 1162 2602 peccator
1189 2531 1294 2585 erit
1322 2550 1332 2584 :
1363 2533 1485 2600 quia
1513 2547 1671 2586 omne
1699 2547 1826 2600 pec-

254 2627 440 2675 catum
469 2635 576 2674 non
613 2628 696 2675 est
728 2622 950 2685 veritas,
993 2623 1088 2678 sed
1124 2622 1479 2688 mendacium,
1511 2625 1636 2692 quia
1678 2640 1830 2679 rece-

256 2709 434 2765 dendo
475 2726 505 2764 a
534 2710 644 2764 Deo
692 2728 798 2767 non
841 2713 1003 2768 habet
1049 2715 1352 2769 veritatem.
1401 2704 1654 2771 Diabolus
1700 2733 1829 2772 vero

256 2799 433 2854 bonus
469 2810 685 2856 creatus
726 2810 830 2866 est,
875 2803 969 2857 sed
1015 2817 1112 2873 per
1158 2805 1390 2873 seipsum
1438 2805 1611 2862 malus
1654 2805 1830 2863 factus

258 2896 362 2954 est,
391 2889 708 2947 declinando
752 2906 811 2947 se
846 2908 876 2946 a
903 2909 1112 2948 summo
1149 2895 1310 2950 bono.
1355 2895 1478 2951 ldeo
1505 2911 1570 2951 ex
1598 2898 1830 2968 propriis

257 2980 472 3037 locutus
494 2990 577 3037 est
608 2984 966 3051 mendacium,
991 2986 1115 3055 quia
1161 2987 1213 3040 in
1244 2988 1420 3057 seipso
1449 2988 1647 3042 invenit
1691 2989 1830 3043 unde

259 3081 409 3128 esset
451 3074 701 3129 mendax.
751 3075 923 3130 Homo
969 3092 1098 3131 vero
1127 3077 1383 3146 deceptus
1425 3093 1454 3131 a
1488 3076 1719 3142 diabolo,
1753 3076 1830 3131 fa-

259 3170 384 3218 ctus
411 3171 496 3219 est
534 3180 566 3219 a
609 3165 820 3221 diabolo
861 3167 1112 3221 mendax.
1163 3167 1392 3237 Ideoque
1427 3166 1568 3222 illius
1608 3167 1826 3232 diaboli,

1927 1971 2113 2049 telligit
2145 1978 2284 2033 unde
2310 1978 2397 2032 sit.
2429 1977 2712 2033 C(elestem
2749 1981 2981 2049 patriam
3013 1980 3322 2036 desiderare
3347 1981 3501 2036 Veri-

1927 2078 2010 2123 tas
2051 2068 2225 2137 jubet,
2273 2069 2452 2123 carnis
2491 2068 2755 2123 desideria
2801 2070 3029 2136 conteri,
3058 2070 3244 2126 mundi
3274 2070 3495 2141 gloriam

1927 2159 2217 2223 declinare,
2245 2157 2417 2212 aliena
2445 2173 2548 2212 non
2581 2174 2786 2230 rapere,
2819 2161 3035 2232 propria
3065 2161 3270 2231 largiri.
3304 2163 3500 2216 Penset

1927 2265 2056 2321 ergo
2084 2249 2223 2319 apud
2251 2264 2308 2304 se
2332 2251 2698 2319 unusquisque
2720 2258 2958 2304 vestrum
2987 2251 3033 2305 si
3058 2252 3173 2305 haec
3194 2267 3295 2306 vox
3318 2251 3412 2306 Dei
3441 2253 3494 2306 in

1927 2343 2107 2400 cordis
2131 2343 2248 2413 ejus
2270 2357 2401 2397 aure
2438 2343 2727 2408 convaluit,
2758 2352 2812 2398 et
2838 2344 2963 2413 quia
2988 2343 3148 2416 [jam]
3178 2360 3244 2399 ex
3271 2345 3378 2399 Deo
3404 2345 3498 2412 sit,

1930 2439 2189 2509 agnoscit.
2240 2438 2503 2493 Dixerunt
2547 2455 2676 2511 ergo
2703 2437 2870 2495 Judaei
2901 2459 2913 2492 :
2946 2440 3131 2512 (Vens.
3158 2439 3272 2512 48.)
3313 2437 3502 2495 Nonne

1929 2529 2052 2582 bene
2077 2529 2304 2583 dicimus
2340 2546 2451 2595 nos,
2489 2531 2613 2601 quia
2643 2530 3013 2586 Samaritanus
3041 2549 3094 2586 es
3123 2540 3197 2596 tu,
3229 2541 3278 2587 et
3303 2533 3500 2587 dwmo-

1930 2619 2074 2672 niam
2098 2619 2298 2674 habes?
2334 2617 2563 2690 Accepta
2602 2629 2780 2676 autem
2822 2631 2968 2677 tanta
2997 2624 3338 2690 contumelia,
3370 2624 3500 2694 quid

1929 2706 2188 2763 Dominus
2241 2710 2578 2780 respondeat,
2627 2712 2910 2768 audiamus
2951 2729 2966 2767 :
3015 2713 3200 2786 (Vens.
3232 2715 3346 2786 49.)
3381 2714 3495 2786 Ego

1929 2800 2242 2854 da’monium
2277 2819 2379 2855 non
2407 2802 2588 2866 habeo,
2622 2803 2712 2857 sed
2750 2804 3038 2874 honorifico
3060 2805 3276 2861 Patrem
3303 2823 3498 2873 meum,

1929 2902 1978 2946 et
2007 2910 2092 2947 vos
2114 2893 2438 2948 inhonoratis
2464 2909 2562 2948 me.
2595 2894 2730 2961 Quia
2759 2897 2901 2950 enim
2931 2895 3300 2953 Samaritanus
3336 2899 3503 2953 inter-

1929 2990 2174 3052 pretatur
2201 2990 2402 3048 custos,
2434 2993 2487 3039 et
2515 2985 2628 3054 ipse
2657 2988 2922 3040 veraciter
2951 2996 3130 3043 custos
3157 2997 3259 3055 est,
3296 2990 3362 3044 de
3389 3006 3498 3060 quo

1930 3073 2212 3129 Psalmista
2239 3075 2314 3128 ait
2338 3091 2352 3130 :
2383 3073 2504 3129 Nisi
2535 3075 2788 3130 Dominus
2817 3079 3116 3132 custodierit
3144 3080 3422 3144 civitatem,
3449 3081 3506 3134 in

1935 3181 2122 3218 vanum
2151 3163 2385 3234 vigilant,
2413 3166 2500 3236 qui
2525 3165 2820 3221 custodiunt
2840 3185 2954 3222 eam
2978 3167 3199 3238 (Psalm.
3223 3184 3402 3233 cxxw,
3428 3169 3502 3239 1).

260 3270 370 3310 non
392 3262 602 3322 natura,
629 3258 722 3313 sed
744 3255 1062 3314 imitatione.
1093 3257 1426 3314 Recedamus
1450 3273 1576 3330 ergo
1619 3273 1649 3312 a
1676 3267 1831 3328 patre
1859 3243 1902 3305 C
1935 3254 2003 3309 Et
2025 3255 2109 3310 cui
2135 3270 2232 3325 per
2258 3254 2450 3309 Isaiam
2477 3273 2490 3308 :
2515 3253 2700 3310 Custos
2729 3257 2852 3328 quid
2880 3257 2944 3310 de
2973 3259 3158 3312 nocte?
3185 3268 3355 3313 custos
3381 3259 3506 3330 quid

266 3346 429 3418 555
468 3349 769 3414 mendacii,
822 3365 1102 3406 curramus
1173 3352 1240 3406 ad
1291 3351 1504 3406 Patrem
1560 3351 1828 3407 veritatis.

261 3439 666 3510 Amplectamur
706 3443 989 3498 veritatem
1019 3451 1079 3497 ut
1107 3443 1433 3513 accipiamus
1462 3457 1643 3498 veram
1673 3443 1833 3499 liber-

263 3539 454 3586 tatem.
488 3550 508 3583 ι
538 3531 706 3588 Judaei
739 3535 876 3603 apud
903 3542 1112 3603 patrem
1135 3550 1290 3589 suum
1317 3535 1560 3589 viderant
1587 3535 1728 3604 quod
1758 3535 1834 3590 lo-

264 3621 572 3689 quebantur
595 3641 608 3676 :
633 3623 782 3693 quid,
811 3623 912 3679 nisi
935 3624 1309 3680 mendacium?
1354 3625 1612 3680 Dominus
1649 3633 1832 3680 autem

263 3714 408 3784 apud
449 3722 658 3784 patrem
705 3731 858 3770 suum
904 3717 1036 3771 vidit
1077 3717 1218 3787 quod
1265 3718 1574 3787 loqueretur
1623 3736 1636 3771 :
1683 3719 1830 3788 quid,

261 3804 375 3860 nisi
421 3806 689 3875 seipsum?
735 3807 883 3876 quid,
936 3808 1039 3863 nisi
1091 3810 1311 3864 verbum
1358 3809 1536 3864 Patris
1573 3817 1834 3864 aeternum

263 3905 322 3952 et
341 3894 492 3951 Patri
531 3899 892 3953 coceternum?
923 3919 940 3950 ι
996 3898 1120 3954 Ideo
1163 3901 1437 3971 subjunxit
1467 3918 1479 3952 :
1507 3900 1689 3972 (Vens.
1718 3901 1833 3974 45.)

263 3987 385 4060 Ego
411 3989 672 4043 veritatem
695 3990 810 4044 dico
853 3991 1009 4051 vobis,
1043 4000 1091 4044 et
1121 4007 1226 4045 non
1265 3991 1471 4045 creditis
1501 3992 1648 4045 mihi.
1701 3991 1834 4045 Nam

264 4078 501 4132 mendax
545 4065 881 4134 mendacium
912 4078 1166 4147 loquitur,
1196 4080 1288 4133 sed
1315 4080 1511 4134 veritas
1550 4081 1834 4136 veritatem

265 4169 495 4242 profert.
537 4171 786 4225 Diabolus
823 4171 1070 4235 mendax,
1097 4170 1342 4225 Christus
1379 4186 1508 4226 vero
1545 4172 1746 4226 veritas
1784 4180 1837 4225 et

261 4261 512 4317 veritatis
554 4269 790 4316 assertor
819 4278 832 4314 :
865 4262 989 4331 quia
1019 4276 1086 4316 ex
1127 4261 1372 4317 veritatis
1407 4277 1500 4317 ore
1529 4262 1662 4316 nihil
1694 4262 1837 4317 aliud

257 4353 469 4424 poterit
493 4353 802 4423 procedere,
826 4353 928 4408 nisi
953 4354 1170 4408 veritas.
1196 4351 1448 4424 Sequitur
1473 4369 1626 4424 ergo:

813 4463 1038 4520 CAPUT
1095 4464 1280 4519 XXIII.

267 4554 379 4621 Qui
405 4571 689 4610 sermonem
722 4573 872 4611 suum
906 4559 1210 4620 servaverit,
1240 4574 1355 4612 eum
1383 4567 1599 4613 mortem
1629 4577 1731 4616 non
1767 4561 1840 4615 vi-

1934 3347 1999 3400 de
2043 3355 2190 3401 nocte
2224 3345 2378 3418 (Isai.
2411 3347 2681 3421 xx1,11)?
2728 3349 3072 3419 Respondere
3113 3351 3284 3406 noluit
3323 3351 3505 3407 Domi-

1933 3454 2053 3503 nus,
2088 3437 2458 3495 Samaritanus
2491 3457 2598 3496 nou
2626 3457 2778 3507 sum;
2824 3443 2915 3498 sed
2939 3459 3031 3514 ego
3059 3443 3374 3498 dwmonium
3400 3462 3505 3499 non

1935 3530 2117 3585 habeo.
2149 3530 2266 3586 Duo
2292 3532 2488 3602 quippe
2524 3533 2574 3587 ei
2620 3533 2767 3588 illata
2799 3533 3033 3602 fuerant,
3068 3548 3234 3589 unum
3267 3536 3505 3607 negavit,

1935 3629 1991 3676 et
2026 3622 2169 3677 aliud
2205 3623 2431 3678 tacendo
2466 3624 2756 3680 consensit.
2805 3623 2999 3681 Custos
3025 3640 3257 3698 namque
3283 3627 3509 3683 humani

1936 3713 2147 3782 generis
2192 3721 2451 3779 venerat;
2498 3722 2556 3770 et
2600 3715 2645 3769 si
2689 3713 3087 3770 Samaritanum
3132 3731 3192 3771 se
3235 3733 3343 3772 non
3389 3732 3510 3772 esse

1939 3803 2158 3870 diceret,
2187 3820 2304 3860 esse
2329 3821 2388 3861 se
2414 3808 2691 3862 custodem
2737 3817 2976 3880 negaret.
3019 3809 3124 3865 Sed
3160 3811 3327 3864 tacuit
3364 3810 3508 3880 quod

1940 3899 2270 3968 recognovit,
2295 3906 2349 3953 et
2376 3899 2645 3967 patienter
2687 3902 2880 3970 repulit
2905 3902 3048 3970 quod
3075 3901 3275 3956 dictum
3306 3901 3512 3958 fallaci-

1940 3997 2024 4041 ter
2049 3988 2273 4054 audivit,
2305 3989 2488 4044 dicens
2521 4007 2533 4043 :
2568 3989 2680 4056 qu
2720 3991 3033 4046 dtemonium
3064 4009 3167 4047 non
3193 3992 3376 4048 habeo.
3411 3995 3511 4050 Hic

1941 4092 2070 4132 vero
2096 4077 2149 4131 in
2179 4079 2467 4147 semetipso
2505 4079 2658 4134 nobis
2691 4079 2949 4136 Dominus
2983 4083 3258 4152 patientiae
3285 4083 3515 4154 praebuit

1942 4166 2271 4235 exemplum;
2305 4169 2429 4236 quia
2454 4169 2499 4222 si
2530 4171 2850 4239 respondere
2875 4170 3130 4227 voluisset
3157 4172 3376 4241 Judaais,
3401 4175 3510 4231 Vos

1944 4259 2260 4313 daemonium
2285 4260 2515 4327 habetis,
2539 4277 2725 4316 verum
2749 4264 2932 4334 utique
2961 4265 3186 4322 dixisset
3211 4285 3224 4321 :
3249 4269 3373 4338 quia
3402 4269 3509 4325 nisi

1945 4348 2146 4418 impleti
2167 4349 2450 4417 daemonio,
2477 4362 2585 4407 tam
2605 4369 2855 4424 perverse
2877 4354 3077 4428 [Greg.,
3099 4367 3207 4413 tam
3227 4361 3505 4434 perversa]

1946 4439 2010 4494 de
2032 4439 2142 4494 Deo
2169 4439 2310 4510 loqui
2333 4458 2436 4498 non
2460 4453 2698 4514 possent.
2729 4444 2834 4500 Sed
2863 4456 3081 4518 accepta
3105 4450 3319 4520 injuria,
3347 4454 3512 4508 etiam

1948 4530 2090 4598 quod
2131 4546 2317 4585 verum
2347 4542 2464 4587 erat
2507 4534 2686 4589 dicere
2707 4535 2915 4592 Veritas
2946 4538 3134 4605 noluit,
3182 4555 3249 4596 ne
3288 4557 3396 4598 non
3434 4544 3516 4599 di-

337 4627 598 4701 suruntin
625 4635 875 4701 (sternam
899 4627 1068 4701 dicit.“
1091 4626 1160 4680 Et
1187 4602 1327 4682 inter
1352 4639 1550 4701 ca'tera
1590 4631 1838 4701 plurima,

1948 4619 2091 4674 xisse
2117 4622 2415 4686 veritatem,
2448 4623 2541 4679 sed
2565 4635 2884 4693 provocatus
2920 4631 3296 4686 contumeliam
3337 4634 3514 4689 reddi-

340 4705 463 4749 ante
484 4695 746 4749 Abraham
773 4713 827 4750 se
853 4713 960 4751 esse
987 4698 1251 4769 afﬁrmans
1278 4699 1432 4753 exivit
1470 4701 1534 4754 de
1555 4695 1768 4772 templo.

341 4788 506 4842 Vens.
544 4787 632 4841 46.
655 4818 726 4828 —-
749 4787 877 4854 Quis
914 4806 979 4843 ea:
1015 4790 1154 4843 vobis
1182 4798 1365 4860 arguet
1402 4807 1483 4845 me
1521 4792 1585 4846 de
1611 4801 1840 4863 peccato,

261 4878 413 4933 sicut
449 4892 548 4948 ego
575 4893 742 4950 arguo
775 4894 890 4943 vos,
915 4890 1258 4950 vestrumque
1290 4888 1498 4951 patrem
1527 4881 1594 4937 de
1621 4891 1843 4952 peccato

261 4976 323 5022 et
357 4967 670 5022 mendacio?
711 4968 852 5022 Ecce
885 4967 1057 5038 qualis
1101 4978 1184 5024 est
1225 4973 1577 5027 mansuetudo
1618 4971 1840 5028 Christi.

269 5078 294 5110 ι
327 5071 354 5100 ο
383 5057 650 5115 Relaxare
689 5068 912 5128 peccata
950 5069 1187 5124 venerat,
1231 5072 1287 5117 et
1329 5063 1542 5118 dicebat
1573 5081 1586 5117 :
1623 5063 1752 5130 Quis
1778 5082 1842 5119 ea:

260 5156 414 5212 vobis
439 5166 621 5228 arguet
654 5175 735 5212 me
764 5157 829 5212 de
850 5158 1105 5228 peccato?
1147 5158 1263 5213 Non
1301 5160 1619 5231 dedignatur
1657 5176 1725 5216 ex
1758 5177 1843 5215 ra-

266 5253 422 5310 tione
447 5252 733 5309 ostendere
761 5267 818 5307 se
841 5259 1181 5322 peccatorem
1220 5267 1326 5306 non
1357 5267 1493 5316 esse,
1522 5252 1612 5322 qui
1640 5269 1705 5309 ex
1735 5255 1844 5308 vir—

256 5355 390 5404 tute
434 5347 730 5404 divinitatis
752 5355 966 5417 poterat
990 5354 1301 5417 peccatores
1330 5343 1648 5412 iustiﬁcam.
1683 5364 1702 5397 ι
1755 5344 1842 5398 Iu-

255 5449 518 5514 terrogat
546 5457 641 5498 eos
677 5457 844 5513 quare
871 5442 1153 5497 veritatem
1177 5457 1286 5496 non
1319 5439 1483 5495 velint
1515 5440 1737 5496 credere
1765 5442 1845 5495 di-

249 5539 485 5589 centem
515 5551 528 5587 :
562 5531 622 5588 Si
668 5534 932 5588 veritatem
976 5531 1333 5586 locutusisum
1365 5531 1528 5597 vobis,
1556 5548 1716 5604 quare
1744 5549 1848 5586 non

1949 4710 2091 4766 disse
2115 4713 2407 4768 videretur.
2449 4716 2526 4769 Ex
2548 4732 2650 4785 qua
2679 4731 2760 4783 re,
2781 4718 2907 4786 quid
2933 4719 3083 4776 vobis
3111 4722 3369 4793 innuitur,
3414 4729 3518 4783 nisi

1950 4811 2009 4858 ut
2033 4819 2098 4859 eo
2125 4814 2388 4874 tempore,
2430 4823 2537 4877 quo
2577 4825 2607 4862 a
2645 4811 2908 4879 proximis
2945 4827 3009 4867 ex
3049 4812 3284 4872 falsitate
3321 4826 3513 4874 contu-

1948 4897 2137 4952 melias
2161 4899 2474 4968 accipimus,
2505 4915 2690 4956 eorum
2715 4903 2876 4957 etiam
2903 4919 3027 4959 vera
3050 4906 3188 4962 mala
3220 4915 3513 4975 taceamus,

1950 5004 2018 5043 ne
2046 4989 2400 5045 ministerium
2425 4991 2581 5062 justas
2604 4994 2958 5063 correptionis
2988 4996 3039 5050 in
3069 5012 3219 5052 arma
3243 5005 3518 5053 vertamus

1949 5077 2180 5132 furoris?
2207 5079 2310 5133 Sed
2335 5080 2461 5149 quid
2493 5082 2646 5137 nobis
2672 5084 2739 5137 ad
2767 5084 2867 5139 ista
2896 5083 3196 5140 faciendum
3226 5088 3314 5151 sit,
3343 5087 3519 5144 adhuc

1949 5171 2192 5239 exemplo
2227 5187 2327 5226 nos
2373 5173 2643 5238 admonet,
2674 5191 2796 5229 cum
2843 5178 3117 5248 subjungit
3149 5196 3161 5230 :
3191 5179 3374 5249 (Vsus.
3403 5179 3517 5251 50.)

1947 5260 2061 5332 Ego
2090 5279 2192 5316 non
2219 5279 2396 5334 quwro
2423 5263 2645 5334 gloriam
2680 5284 2867 5332 meam,
2897 5277 2971 5321 est
2998 5269 3086 5339 qui
3121 5267 3281 5340 556
3318 5279 3522 5342 quatrat

1948 5361 1996 5406 et
2026 5352 2245 5421 judicet.
2298 5353 2510 5410 Scimus
2562 5364 2709 5412 certe
2760 5359 2900 5428 quod
2945 5360 3202 5430 scriptum
3247 5369 3347 5428 est,
3393 5363 3523 5433 quia

1949 5437 2112 5494 Pater
2155 5459 2302 5497 omne
2337 5443 2602 5513 judicium
2643 5447 2782 5500 dedit
2825 5446 2968 5502 Filio
3003 5448 3183 5521 (Joan.
3212 5468 3266 5517 v,
3297 5451 3385 5524 εξ)
3417 5470 3430 5506 :
3461 5457 3524 5509 et

1948 5540 2129 5588 tamen
2165 5549 2292 5590 ecce
2326 5535 2466 5591 idem
2501 5535 2670 5593 Filius
2698 5538 2921 5609 injurias
2965 5541 3251 5612 accipiens,
3293 5543 3522 5614 gloriam

245 5621 486 5680 creditis
513 5623 664 5687 mihi,
713 5623 816 5679 nisi
844 5624 970 5694 quia
994 5623 1089 5678 lilii
1124 5623 1320 5679 diaboli
1353 5624 1502 5690 estis,
1537 5632 1594 5679 et
1626 5639 1732 5679 non
1758 5639 1851 5678 ve-
1949 5639 2101 5680 suam
2141 5642 2246 5682 non
2275 5628 2486 5697 quierit.
2531 5626 2713 5683 Illatas
2738 5631 3089 5687 contumelias
3116 5631 3292 5688 Patris
3315 5631 3521 5702 judicio

343 5766 372 5829 ξι
412 5753 493 5829 Ex
531 5753 590 5829 ξ.
616 5754 776 5829 Greg.
807 5758 953 5812 hom.
979 5759 1068 5826 18,
1097 5775 1244 5814 num.
1275 5759 1324 5813 1.

345 5825 377 5868 ιν
414 5825 496 5880 Ex
533 5825 590 5882 S.
617 5825 778 5897 Augi.
811 5835 969 5883 tract.
996 5825 1130 5896 xw,
1157 5846 1305 5885 num.
1337 5829 1423 5896 15,
1456 5828 1538 5884 16.

681 5921 924 5982 Parnm.
983 5921 1054 5989 C.

2025 5772 2048 5801 ο
2087 5761 2167 5817 Ex
2205 5761 2263 5817 S.
2291 5762 2450 5834 Greg.
2487 5761 2592 5820 loc.
2621 5763 2713 5818 cit.
2745 5779 2893 5819 num.
2925 5765 2978 5820 2.

3015 5931 3092 5990 ‘28
