4088 6340
240 412 360 498 -ιιει

1035 431 1449 490 EXEGETICA.
1495 461 1563 472 ——
1591 425 1945 486 COMMENT.
1983 423 2051 479 1N
2089 421 2278 479 IOAN.
2306 451 2379 463 —
2413 419 2543 475 LIB.
2582 420 2642 476 ν.

3405 418 3513 477 882

256 562 316 613 et
338 555 554 610 dorsum
569 556 770 622 pomus
798 555 985 607 contra
1012 548 1333 603 Dominum?
1357 546 1463 601 Sed
1491 560 1593 601 nec
1618 557 1835 599 servum
1860 545 1912 602 Δ
1936 548 2089 595 orate
2131 549 2190 594 ut
2220 539 2370 595 vobis
2413 536 2815 609 proficientibus
2854 538 2968 607 ipsa
2995 536 3264 593 deficiant.
3302 535 3511 592 Tamen

258 643 587 716 sequimini;
617 658 742 696 nam
767 656 866 712 per
893 640 1041 695 illum
1074 640 1142 695 ad
1175 638 1462 694 Dominum
1486 633 1837 691 duceremini.

335 737 500 792 Vens.
526 733 618 801 50,
640 734 728 790 51.
754 763 825 774 ——
848 730 1133 802 Respondit
1153 729 1243 783 ille
1269 730 1422 783 homo
1441 769 1456 793 ,
1484 736 1533 782 et
1574 726 1707 780 dixit
1726 725 1800 778 eis
1822 737 1840 775 :

260 825 334 884 In
357 827 454 882 hoc
480 825 717 881 mirabile
736 833 831 891 est,
862 825 987 896 quia
1007 839 1095 877 vos
1124 822 1329 877 nescitis
1360 820 1496 875 unde
1542 820 1626 883 sit,
1655 828 1703 873 et
1723 834 1845 889 ape-

260 917 374 971 ruit
401 915 577 970 oculos
600 931 760 969 meos.
794 912 1001 969 Scimus
1026 920 1220 977 autem,
1242 912 1364 982 quia
1385 919 1677 981 peccatores
1702 908 1844 962 Deus

262 1026 374 1065 non
404 1008 641 1074 exaudit,
677 1006 769 1062 sed
795 1007 885 1077 qui
918 1004 1067 1078 [Ms.,
1094 1005 1140 1058 si
1163 1002 1303 1075 quis]
1338 1002 1436 1056 Dei
1467 1001 1637 1056 cultor
1662 1010 1755 1065 est,
1796 1009 1845 1053 et

262 1098 584 1155 voluntatem
624 1097 738 1168 ejus
782 1097 933 1168 facit,
981 1096 1117 1150 hunc
1153 1093 1364 1147 exaudit
1399 1091 1560 1146 Deus.
1608 1110 1624 1140 α
1659 1090 1848 1146 Adhuc

265 1191 520 1245 iuunctus
551 1187 809 1258 loquitur.
841 1186 976 1241 Nam
1005 1192 1061 1240 et
1087 1192 1400 1254 peccatores
1428 1182 1647 1238 exaudit
1681 1180 1842 1236 Deus.

265 1279 326 1336 Si
355 1280 501 1333 enim
530 1284 843 1349 peccatores
887 1277 1028 1332 Deus
1051 1292 1158 1331 non
1186 1274 1486 1338 exaudiret,
1516 1272 1718 1329 frustra
1758 1272 1847 1328 ille

262 1369 585 1439 publicanus
626 1368 811 1424 oculos
858 1368 912 1422 in
960 1374 1162 1421 terram
1203 1365 1516 1429 dimittens,
1562 1371 1616 1418 et
1662 1371 1850 1433 pectus

266 1475 424 1516 suum
449 1460 756 1530 percutiens
776 1458 980 1524 diceret
1003 1475 1015 1509 :
1045 1456 1283 1521 Domine,
1308 1456 1562 1527 propitius
1589 1463 1697 1509 esto
1722 1454 1850 1507 mihi

263 1552 529 1623 peccatori
564 1549 716 1621 (Luc.
740 1564 895 1613 xvm,
926 1548 1036 1621 15).
1068 1548 1136 1602 Ει
1158 1548 1261 1602 ista
1284 1545 1623 1602 confessione
1648 1546 1850 1601 meruit

260 1640 739 1710 justifieationem,
800 1639 1070 1709 quomodo
1121 1638 1224 1693 iste
1280 1652 1453 1692 caecus
1505 1636 1851 1692 illuminatio-

266 1749 413 1790 nem.
450 1755 469 1786 ι
503 1732 611 1788 Sed
632 1733 1010 1804 peccatoribus
1034 1730 1320 1785 lavandum
1345 1738 1430 1785 est
1458 1745 1553 1785 cor
1575 1730 1848 1800 paeniten-

1942 633 2108 689 nolite
2130 633 2441 704 desperare,
2468 639 2523 687 et
2548 636 2861 702 peccatores
2879 637 3051 683 orate.
3073 627 3206 695 Quis
3230 626 3377 683 enim
3404 640 3516 682 non

1941 724 2219 797 peccavit?
2258 724 2303 778 A
2349 721 2720 779 sacerdotibus
2766 721 2961 791 incipe.
3006 718 3389 774 Sacerdotibus
3436 715 3520 771 di-

1944 826 2087 874 ctum
2112 827 2196 873 est
2223 833 2237 872 :
2264 815 2425 871 Prius
2447 817 2627 886 offerte
2654 814 2914 885 sacriﬁcia
2941 831 3035 885 pro
3060 813 3282 885 peccatis
3313 811 3519 879 vestris,

1943 919 1990 965 et
2009 911 2083 965 sic
2106 927 2199 981 pro
2225 909 2416 982 populo
2442 907 2627 979 (Hebr.
2650 924 2749 973 vu,
2770 906 2881 978 27).
2916 906 3174 976 Sequitur
3197 925 3210 960 :

2014 1001 2177 1055 Vens.
2209 1002 2297 1055 59.
2345 1030 2417 1040 ——
2463 999 2529 1054 In
2558 999 2820 1069 judicium
2862 1014 2955 1069 ego
2999 998 3053 1051 in
3090 998 3229 1051 hunc
3265 996 3522 1053 mundum

1945 1091 2081 1156 veni,
2127 1100 2180 1144 ut
2217 1092 2306 1162 qui
2329 1107 2433 1145 non
2465 1090 2658 1153 vident,
2703 1090 2930 1155 uideant,
2959 1098 3010 1143 et
3046 1088 3135 1160 qui
3174 1086 3368 1153 vident,
3396 1090 3528 1145 (ιιι-οἰ

1945 1183 2099 1252 ﬁant.
2131 1182 2270 1248 Quid
2295 1190 2399 1246 est,
2430 1183 2573 1250 quod
2597 1181 2751 1247 dicit,
2778 1179 2846 1234 In
2879 1179 3140 1250 judicium
3179 1196 3272 1250 ego
3301 1179 3358 1234 in
3386 1181 3527 1236 hunc

1946 1276 2199 1331 mundum
2224 1276 2358 1340 veni,
2387 1276 2512 1330 dum
2556 1274 2661 1328 alio
2691 1273 2809 1329 loco
2847 1272 2977 1328 dicit
3008 1291 3021 1326 :
3061 1270 3186 1326 Non
3224 1272 3362 1326 enim
3390 1272 3527 1339 veni,

1946 1378 2005 1422 ut
2037 1367 2270 1439 judicem
2310 1365 2560 1421 mundum
2602 1363 2784 1435 (Ioan.
2831 1379 2917 1429 ιιι,
2965 1362 3055 1429 17,
3086 1361 3211 1433 l8)?
3256 1362 3359 1417 nisi
3401 1361 3528 1431 quia

1948 1460 2092 1515 aliud
2120 1468 2205 1514 est
2243 1457 2505 1527 judicium
2551 1456 2930 1520 discretionis,
2978 1452 3124 1508 aliud
3152 1462 3234 1509 est
3265 1452 3529 1523 judicium

1949 1550 2326 1615 damnationis,
2355 1549 2423 1603 de
2442 1563 2550 1618 quo
2576 1548 2689 1618 ipse
2714 1545 2976 1600 Dominus
3000 1545 3076 1599 ait
3095 1544 3223 1599 alibi
3253 1558 3268 1598 :
3294 1542 3398 1609 Qui
3427 1560 3531 1599 non

1949 1643 2112 1699 credit
2136 1642 2193 1696 in
2216 1657 2319 1706 me,
2334 1641 2453 1711 jam
2471 1638 2742 1709 judicatus
2762 1646 2861 1703 est,
2883 1637 2939 1691 id
2964 1645 3071 1703 est,
3094 1636 3397 1691 damnatus.
3432 1634 3532 1689 llic

1950 1732 2092 1788 enim
2121 1732 2174 1785 in
2196 1732 2301 1786 hoc
2330 1731 2446 1786 loco
2473 1771 2488 1795 ,
2515 1730 2657 1785 sicut
2682 1729 2736 1783 in
2764 1728 3115 1799 sequentibus
3134 1727 3323 1783 .verbis
3359 1732 3528 1797 patet,

268 1828 361 1883 tim
382 1826 656 1898 lacrymis,
682 1834 744 1881 ut
765 1826 1152 1889 exaudiantur;
1182 1832 1237 1879 et
1269 1822 1361 1877 fiat
1387 1822 1541 1896 [Ms.,
1566 1833 1621 1878 et
1646 1821 1759 1896 fiet]
1795 1824 1849 1879 in
1891 1876 1906 1898 ἓ
1944 1823 2209 1894 judicium
2236 1821 2579 1878 discretionis
2600 1819 2885 1891 signiﬁcat,
2915 1819 3043 1872 dum
3062 1819 3138 1871 ait
3170 1836 3182 1871 :
3218 1815 3283 1870 Ut
3313 1817 3403 1887 qui
3429 1830 3535 1870 non

265 1918 433 1976 corde
479 1918 693 1973 illorum
720 1918 863 1988 quod
900 1917 1101 1973 factum
1144 1926 1228 1972 est
1254 1917 1310 1971 in
1339 1915 1479 1971 facie
1508 1916 1635 1972 cmi
1662 1916 1847 1986 hujus;

263 2017 327 2067 et
354 2010 594 2065 sentiunt
639 2010 809 2065 Deum
849 2010 971 2065 illos
1005 2009 1296 2074 exaudire,
1326 2008 1419 2079 qui
1454 2014 1513 2063 ut
1538 2017 1854 2079 peccatores

269 2099 510 2157 salvaret
532 2100 681 2155 venit
701 2100 757 2154 in
784 2101 929 2156 hunc
955 2100 1233 2155 mundum.
1737 2092 1749 2099 “

343 2193 506 2247 Vnus.
539 2191 630 2259 52,
662 2193 752 2248 55.
795 2223 866 2233 —
908 2193 954 2247 A
979 2191 1171 2247 smculo
1200 2209 1305 2246 non
1335 2201 1407 2246 est
1436 2191 1693 2255 auditum,
1731 2192 1855 2262 quia

267 2284 476 2354 aperuit
503 2283 619 2354 quis
649 2281 827 2338 oculos
863 2284 988 2338 carci
1032 2286 1162 2337 nati.
1202 2282 1322 2337 Nisi
1371 2293 1500 2337 esset
1543 2283 1626 2336 hic
1657 2300 1689 2337 a
1721 2282 1852 2349 Deo,

269 2387 381 2425 non
423 2381 625 2442 poterat
661 2372 835 2442 facere
866 2372 1170 2444 quidquam.
1203 2372 1395 2428 Libcre
1439 2379 1859 2443 constanterque

269 2463 556 2520 confessus
585 2472 667 2520 est
695 2466 996 2520 veritatem.
1024 2465 1150 2520 Haec
1184 2466 1325 2520 enim
1361 2480 1481 2533 qua:
1506 2464 1649 2520 facta
1677 2472 1801 2520 sunt
1826 2479 1857 2518 a

272 2557 543 2622 Domino,
598 2573 629 2613 a
659 2574 766 2628 quo
816 2557 1008 2613 tierent
1048 2558 1153 2613 nisi
1181 2574 1211 2612 a
1242 2557 1385 2612 Deo?
1426 2556 1534 2612 Aut
1574 2557 1788 2626 quando
1826 2572 1859 2612 a

270 2646 559 2718 discipulis
579 2649 709 2703 talia
728 2649 945 2716 fierent,
968 2650 1071 2704 nisi
1094 2650 1149 2703 in
1171 2650 1251 2705 eis
1272 2649 1531 2704 Dominus
1555 2648 1860 2705 habitaret?

271 2737 468 2811 (Vens.
490 2738 604 2811 54.)
622 2738 1052 2811 «Responderunt
1077 2750 1125 2795 et
1145 2740 1391 2795 dixerunt
1413 2741 1459 2795 ei
1490 2755 1508 2792 :
1539 2740 1606 2795 In
1634 2741 1859 2811 peccatis

274 2839 436 2883 natus
465 2846 519 2884 es
547 2840 706 2885 totus.
738 2831 878 2897 Quid
918 2842 1003 2887 est
1046 2832 1226 2886 totus?
1257 2831 1392 2888 Cum
1432 2832 1601 2888 oculis
1636 2832 1854 2889 clausis.

277 2920 391 2976 Sed
423 2924 516 2993 qui
544 2925 755 2992 aperuit
778 2924 994 2991 oculos,
1034 2925 1207 2980 salvat
1234 2935 1289 2981 et
1319 2934 1486 2981 totum
1520 2946 1532 2980 :
1563 2927 1680 2997 ipse
1711 2926 1859 2982 dabit

280 3010 339 3065 iu
368 3013 528 3067 corde
552 3015 1021 3082 resurrectionem,
1047 3016 1140 3086 qui
1170 3016 1225 3070 in
1251 3015 1389 3071 facie
1417 3018 1565 3072 dedit
1588 3016 1859 3071 illumina-

279 3104 505 3159 tionem.
538 3104 606 3159 In
624 3108 846 3175 peccatis
869 3115 1008 3162 totus
1034 3116 1187 3162 natus
1214 3125 1287 3173 es,
1313 3118 1363 3161 et
1384 3118 1439 3161 tu
1458 3109 1611 3164 doces
1634 3126 1727 3164 nos
1744 3110 1770 3163 ?
1791 3108 1861 3162 Et

275 3193 543 3262 ejeceruut
582 3192 699 3248 eum
726 3195 890 3265 foras.
931 3198 1035 3267 Ipsi
1064 3197 1213 3251 illum
1249 3199 1565 3269 magistrum
1596 3198 1858 3265 fecerant,

1885 1897 1930 1956 Β
1955 1916 2148 1983 vident,
2166 1915 2393 1979 videant,
2423 1923 2472 1969 et
2492 1914 2581 1984 qui
2602 1911 2794 1978 vident,
2823 1911 2947 1967 cwci
2970 1910 3121 1980 ﬁant.
3152 1927 3171 1960 ι
3191 1908 3331 1975 Quid
3353 1916 3458 1974 cst,
3474 1914 3535 1962 ut

1952 2010 2042 2081 qui
2067 2025 2171 2063 non
2196 2008 2389 2074 vident,
2420 2006 2667 2062 videant?
2703 2004 2804 2072 Qui
2848 2020 2906 2060 se
2928 2020 3034 2059 non
3064 2004 3246 2058 videre
3268 2001 3533 2057 confiten-

1954 2111 2063 2169 tur,
2093 2108 2151 2157 et
2193 2099 2459 2156 medicum
2494 2105 2741 2168 quaerunt
2769 2106 2826 2150 ut
2849 2095 3089 2150 videant.
3127 2092 3196 2146 Et
3221 2092 3311 2163 qui
3339 2090 3533 2156 vident,

1954 2193 2079 2248 caeci
2099 2193 2250 2260 ﬁant.
2291 2191 2429 2258 Quid
2451 2198 2553 2251 est,
2575 2189 2664 2261 qui
2685 2188 2878 2253 vident,
2901 2186 3025 2241 οωσὶ
3049 2185 3179 2254 ﬁant
3204 2184 3422 2248 ?ldest,
3443 2183 3537 2252 qui

1956 2298 2016 2339 se
2035 2290 2226 2355 putant
2246 2282 2452 2346 videre,
2467 2288 2521 2336 et
2540 2279 2810 2334 medicum
2832 2291 2942 2331 non
2960 2282 3230 2346 quwrunt,
3247 2275 3339 2329 sed
3362 2274 3414 2326 in
3438 2287 3537 2328 sua

1956 2373 2199 2429 caecitate
2227 2371 2382 2444 561
2408 2378 2724 2441 permanent
2749 2368 2930 2441 [Aug.,
2962 2365 3358 2438 permaneant].
3390 2365 3532 2436 Ergo

1958 2466 2115 2521 istam
2134 2465 2509 2520 discretionem
2532 2463 2746 2519 vocavit
2762 2461 3056 2539 judicium;
3082 2481 3100 2513 ι
3128 2460 3254 2529 quia
3277 2458 3539 2514 discernit

1958 2553 2188 2609 humiles
2205 2570 2236 2608 a
2256 2554 2521 2624 superbis,
2545 2552 2828 2609 credentes
2848 2569 2880 2607 a
2897 2568 3003 2607 non
3027 2551 3393 2616 credentibus,
3419 2564 3539 2603 me-

1961 2646 2141 2702 dicum
2165 2654 2468 2715 quaerentes
2497 2646 2566 2701 ab
2594 2645 2675 2702 eis
2704 2645 2797 2714 qui
2840 2642 3108 2699 medicum
3132 2655 3372 2712 quaerere
3401 2656 3535 2695 con-

1963 2745 2226 2792 temnunt.
2258 2736 2303 2792 Ο
2326 2737 2577 2801 Domine,
2612 2735 2834 2799 venisti,
2870 2742 2934 2788 ut
2955 2733 3045 2804 qui
3074 2748 3181 2787 non
3207 2731 3423 2796 vident,
3459 2730 3540 2784 vi—

1960 2833 2161 2897 deant;
2202 2840 2375 2896 recte,
2420 2830 2545 2901 quia
2574 2829 2755 2884 lumen
2778 2844 2878 2894 es;
2918 2834 3097 2891 recte,
3142 2825 3267 2894 quia
3296 2824 3410 2879 dies
3437 2837 3539 2887 es;

1961 2935 2126 2990 recte,
2150 2926 2275 2995 quia
2305 2925 2371 2979 de
2400 2923 2637 2978 tenebris
2672 2920 2874 2975 liberas
2900 2918 3163 2973 homines.
3215 2915 3328 2970 Hoc
3364 2913 3543 2970 omnis

1962 3020 2140 3075 anima
2172 3018 2432 3088 accipiat,
2459 3017 2563 3071 hoc
2588 3014 2765 3070 omnis
2793 3011 2972 3067 anima
3003 3009 3300 3080 intelligat,
3340 3016 3399 3063 ut
3427 3022 3536 3062 non

1963 3118 2179 3166 maneat
2205 3110 2259 3163 in
2290 3107 2562 3173 tenebris;
2595 3106 2691 3161 sed
2715 3104 3047 3160 illuminetur
3074 3103 3141 3157 ab
3163 3116 3227 3155 eo
3248 3100 3265 3167 ,'
3289 3101 3379 3172 qui
3407 3099 3536 3154 illu-

1965 3202 2129 3257 minat
2152 3215 2355 3254 omnem
2378 3198 2639 3253 hominem
2662 3196 2944 3251 venientem
2967 3194 3022 3249 in
3044 3193 3181 3247 hunc
3210 3192 3483 3247 mundum.

281 3283 390 3352 ipsi
421 3292 479 3337 ut
521 3263 819 3365 discerent;
854 3263 1014 3342 toties
1054 3263 1541 3357 interrogaverunt,
1588 3296 1642 3342 et
1667 3263 1864 3359 ingrati
1893 3263 1937 3325 (ἶ
2038 3292 2202 3347 Vsus.
2239 3289 2329 3343 40.
2352 3319 2423 3328 ——
2446 3287 2708 3344 Commoti
2739 3295 2862 3342 sunt
2890 3285 3034 3342 enim
3063 3284 3243 3339 verbis
3279 3284 3399 3340 istis
3424 3283 3549 3354 qui-

280 3372 571 3428 docentem
598 3376 961 3446 projecerunt.
1013 3376 1118 3432 Sed
1148 3387 1207 3432 ut
1250 3379 1356 3432 dixi
1390 3377 1730 3447 jamdudum,
1759 3380 1868 3434 fra—

283 3476 435 3530 tres,
482 3464 558 3518 illi
598 3466 833 3536 pellunt,
865 3467 1122 3523 Dominus
1165 3470 1384 3539 suscipit
1431 3488 1444 3523 ;
1496 3471 1670 3542 magis
1698 3471 1865 3537 enim,

279 3560 416 3629 quia
462 3560 715 3631 expulsus
756 3570 858 3627 est,
905 3563 1244 3619 Christianus
1278 3563 1452 3620 factus
1499 3573 1601 3619 est.
1645 3584 1664 3617 ι
1708 3564 1868 3620 Certe

276 3650 560 3722 projectus
584 3659 668 3707 est
698 3653 801 3708 iste
828 3652 895 3707 de
924 3668 1215 3725 synagoga.
1242 3655 1461 3709 Audivit
1491 3654 1669 3722 Iesus,
1699 3665 1752 3709 et
1787 3656 1869 3709 in-

278 3742 440 3797 venit
469 3758 615 3809 eum,
638 3752 694 3798 et
718 3743 856 3798 dixit
883 3745 931 3800 ei
966 3762 978 3797 :
1007 3746 1191 3815 (Vens.
1217 3744 1307 3811 55,
1340 3744 1453 3818 56.)
1495 3745 1573 3799 Tu
1603 3747 1771 3801 credis
1812 3749 1867 3802 in

281 3825 491 3885 Filium
519 3831 659 3886 Dei?
686 3830 753 3886 Et
781 3833 869 3887 ille
889 3848 907 3885 .'
933 3833 1061 3900 Quis
1098 3846 1190 3897 est,
1226 3836 1464 3903 Domine,
1494 3847 1551 3890 ut
1581 3837 1787 3891 credam
1812 3839 1868 3892 in

279 3924 446 3978 eum?
476 3924 721 3990 Videbat,
772 3935 827 3980 et
866 3942 973 3981 non
1016 3927 1254 3993 videbat,
1302 3928 1516 3983 videbat
1555 3928 1725 3985 oculis
1751 3938 1869 3982 tan-

286 4021 430 4078 tum,
456 4015 549 4068 sed
581 4016 746 4069 corde
769 4016 944 4070 adhuc
970 4030 1076 4071 non
1102 4018 1336 4072 videbat.
1364 4018 1454 4071 Ait
1475 4018 1551 4071 illi
1579 4019 1864 4073 Dominus:

286 4100 364 4155 Et
411 4104 581 4157 vidisti
620 4121 759 4171 eum,
801 4106 1014 4176 quando
1054 4105 1383 4162 illuminatus
1420 4107 1594 4172 fuisti,
1638 4109 1741 4163 hoc
1787 4116 1871 4164 est

284 4194 494 4260 oculis;
526 4192 596 4249 Et
633 4197 721 4267 qui
750 4195 980 4267 loquitur
1016 4206 1182 4251 tecum
1204 4238 1220 4264 ,
1252 4198 1359 4268 ipse
1384 4208 1480 4252 est.
1527 4215 1545 4250 ι
1573 4197 1715 4252 Dum
1747 4215 1869 4271 ergo

285 4284 492 4340 audivit
519 4285 675 4341 Iesus
694 4328 709 4353 ,
731 4289 856 4358 quia
878 4288 1140 4359 ejecerunt
1167 4304 1285 4342 eum
1314 4288 1481 4358 foras,
1512 4298 1559 4343 et
1588 4304 1706 4341 cum
1730 4290 1871 4344 inve-

287 4378 456 4447 nisset
479 4392 597 4433 eum
618 4420 630 4444 ,
659 4381 790 4434 dixit
822 4381 910 4434 ei.‘
946 4380 1021 4434 Tu
1046 4380 1214 4435 credis
1240 4381 1293 4435 in
1318 4379 1517 4434 Filium
1538 4379 1672 4434 Dei?
1716 4380 1871 4436 Modo

280 4468 441 4525 lavat
485 4469 678 4527 faciem
729 4472 926 4527 cordis.
980 4470 1261 4542 Respondit
1290 4469 1401 4536 ille,
1432 4478 1479 4523 et
1509 4469 1676 4537 dixit,
1716 4470 1870 4540 quasi

286 4560 473 4617 adhuc
517 4561 765 4617 inunctus
813 4576 828 4615 :
885 4561 1011 4627 Quis
1045 4570 1151 4625 est,
1188 4561 1430 4625 Domine,
1469 4570 1525 4613 ut
1571 4561 1780 4615 credam
1814 4561 1870 4615 in

284 4668 417 4708 eum
438 4652 464 4705 ?
490 4652 676 4726 (Vens.
707 4652 821 4725 57.)
850 4651 920 4706 Ει
954 4653 1085 4707 dixit
1111 4653 1159 4707 ei
1192 4652 1348 4707 Iesus
1376 4667 1394 4705 :
1433 4651 1500 4706 Et
1530 4653 1702 4708 vidisti
1729 4670 1869 4719 eum,

286 4751 349 4799 et
374 4743 463 4815 qui
489 4741 717 4815 loquitur
741 4754 931 4810 tecum,
972 4745 1080 4814 ipse
1100 4753 1194 4799 est.
1227 4744 1378 4799 Tunc
1404 4752 1708 4815 prostratus
1738 4745 1871 4799 ado-

289 4832 441 4888 ravit
466 4845 608 4886 eum.
642 4832 794 4888 Tunc
816 4832 949 4905 [Al.,
973 4832 1146 4906 Nunc]
1168 4834 1298 4888 lavit
1326 4833 1518 4889 faciem
1546 4835 1746 4888 cordis.
1771 4833 1874 4889 De-

291 4923 463 4993 nique
483 4921 596 4991 jam
624 4923 761 4979 facie
792 4923 903 4978 lota
929 4924 1128 5001 cordis,
1156 4932 1210 4979 et
1236 4924 1490 4978 mundata
1518 4924 1870 4990 conscientia,

291 5034 601 5089 agnoscens
636 5019 781 5074 illum
825 5034 929 5073 non
960 5019 1154 5073 Filium
1193 5021 1426 5075 hominis
1470 5028 1698 5086 tantum,
1731 5020 1872 5091 quod

293 5118 432 5165 ante
465 5111 803 5176 crediderat,
846 5109 939 5165 sed
958 5108 1072 5178 jam
1097 5110 1291 5165 Filium
1317 5111 1448 5177 Dei,
1476 5127 1633 5180 quem
1660 5112 1877 5167 videbat

296 5201 488 5274 [Aug.,
522 5200 717 5255 Filium
768 5201 905 5264 Dei,
954 5200 1046 5270 qui
1092 5216 1309 5254 carnem
1357 5199 1713 5271 susceperat],
1760 5201 1875 5254 ait:

297 5292 494 5368 (Vens.
526 5294 639 5365 58.)
671 5293 873 5360 Credo,
912 5294 1150 5349 Domine.
1185 5295 1290 5350 Sed
1320 5311 1509 5365 parum
1542 5304 1624 5351 est
1667 5296 1875 5363 dicere,

297 5389 483 5445 credo.
518 5389 613 5445 Vis
636 5389 817 5444 videre
844 5388 1053 5458 qualem
1083 5388 1308 5444 credat?
1336 5386 1622 5442 Procidens
1644 5388 1881 5444 adoravit

297 5494 448 5535 eum.
483 5498 502 5531 ι
559 5473 618 5534 Si
670 5478 959 5534 Dominum
1016 5478 1106 5533 Dei
1159 5477 1354 5532 Filium
1410 5494 1517 5532 non
1563 5477 1881 5533 credidisset

300 5585 473 5643 quem
495 5571 732 5639 videbat,
758 5571 1064 5627 nullatenus
1091 5571 1370 5626 adorasset
1395 5585 1541 5624 eum.
1586 5570 1883 5625 lncumbite

302 5678 447 5736 ergo
503 5663 857 5735 orationibus,
885 5671 1199 5734 peccatores
1222 5703 1236 5728 ,
1288 5660 1615 5717 confitemini
1664 5669 1883 5732 peccata

303 5764 493 5813 vestra
519 5797 534 5822 ,
586 5764 742 5813 orate
783 5765 844 5811 ut
893 5755 1192 5821 deleantur,
1236 5762 1388 5810 orate
1439 5761 1499 5808 ut
1551 5753 1884 5817 minuantur,

1968 3383 2090 3439 dam
2112 3398 2179 3437 ex
2207 3381 2514 3447 Pharisaais,
2544 3388 2599 3434 et
2622 3380 2878 3434 dixerunt
2911 3379 2961 3432 ei
3002 3396 3016 3430 :
3046 3396 3065 3428 ι
3097 3374 3352 3447 Nunquid
3379 3384 3426 3429 et
3455 3390 3549 3429 nos

1967 3476 2091 3528 cwci
2121 3474 2341 3529 sumus?
2372 3473 2608 3526 Andiaut
2644 3470 2791 3543 [Ms.,
2822 3470 2943 3524 audi
2974 3467 3113 3541 jam]
3145 3468 3274 3536 quid
3297 3474 3379 3522 est
3409 3467 3553 3535 quod

1967 3569 2217 3622 movebat
2247 3585 2259 3620 :
2287 3565 2357 3620 Et
2393 3566 2481 3637 qui
2501 3565 2695 3630 vident,
2726 3564 2851 3618 eieci
2883 3563 3034 3633 fiant.

2037 3662 2202 3716 Vsus.
2240 3658 2331 3712 41.
2357 3688 2428 3698 -
2455 3657 2604 3712 Dixit
2632 3657 2705 3711 eis
2740 3655 2898 3710 Iesus
2928 3669 2946 3707 :
2977 3652 3034 3710 Si
3062 3654 3186 3709 ca’ci
3211 3654 3412 3720 essetis,
3452 3668 3557 3707 non

1967 3749 2223 3807 haberetis
2257 3758 2544 3820 peccatum.
2576 3747 2710 3803 Cum
2738 3747 2810 3803 sit
2834 3746 3050 3801 caecitas
3091 3746 3205 3816 ipsa
3249 3753 3552 3814 peccatum.

1969 3842 2029 3900 Si
2066 3844 2191 3899 ca'ci
2238 3844 2436 3904 essetis,
2466 3842 2520 3895 id
2540 3850 2640 3907 est,
2670 3841 2715 3895 si
2759 3856 2856 3897 vos
2883 3856 3056 3895 ca:cos
3097 3839 3474 3901 adverteretis,
3502 3845 3559 3892 et

1968 3932 2037 3987 ad
2062 3932 2327 3987 medicum
2353 3932 2679 3996 curreretis;
2729 3930 2773 3984 si
2806 3944 2934 3999 ergo
2961 3930 3032 3982 ita
3063 3928 3188 3983 ρευρὶ
3212 3928 3420 3991 essetis,
3453 3942 3558 3980 non

1969 4024 2225 4078 haberetis
2251 4032 2536 4093 peccatum.
2567 4023 2725 4077 Nunc
2755 4039 2872 4076 vero
2922 4022 3115 4086 dicitis,
3149 4022 3272 4093 quia
3301 4021 3554 4083 videmus,

1968 4123 2193 4169 vestrum
2211 4121 2477 4184 peccatum
2497 4124 2690 4168 manet.
2721 4113 2933 4180 Quare?
2959 4112 3096 4180 Quia
3124 4111 3369 4178 dicendo,
3405 4110 3558 4166 Vide-

1971 4221 2108 4271 mus,
2127 4205 2393 4261 medicum
2418 4220 2525 4259 non
2544 4206 2804 4274 quaeritis,
2832 4206 2887 4260 in
2913 4205 3158 4262 ctecitate
3171 4216 3350 4261 vestra
3380 4221 3556 4261 rema-

1971 4298 2130 4354 netis.
2152 4318 2172 4350 ›
2218 4296 2473 4367 Sequitur
2494 4316 2507 4352 :

2535 4391 2763 4450 CAPUT
2818 4393 2989 4449 XXV.

1975 4501 2078 4570 Qui
2106 4519 2209 4585 non
2227 4504 2391 4558 intrat
2417 4521 2510 4575 per
2535 4506 2726 4561 ostium
2746 4506 2800 4559 in
2845 4505 2977 4585 erile
2996 4507 3189 4572 ovium,
3217 4507 3387 4585 furem
3426 4526 3557 4576 esse,

2042 4578 2333 4646 ostiumque
2366 4593 2421 4629 se
2443 4584 2491 4628 et
2513 4586 2774 4645 pastorem
2804 4578 2999 4647 ouium,
3029 4594 3123 4647 pro
3145 4578 3330 4647 quibus
3369 4596 3424 4634 se
3444 4581 3563 4634 ani-

2047 4661 2186 4717 mam
2222 4645 2512 4717 positurum
2538 4662 2709 4709 suam,
2733 4654 2781 4699 et
2800 4645 2934 4700 alias
2965 4645 3080 4701 oves
3104 4645 3474 4717 adducturum,
3502 4660 3560 4705 ut

2049 4715 2143 4785 ﬁat
2164 4714 2326 4769 unum
2351 4714 2484 4770 ovile
2507 4726 2557 4769 et
2577 4732 2712 4770 unus
2749 4726 2948 4786 pastor,
2976 4718 3123 4772 dicit.
3461 4714 3489 4731 ”

2047 4825 2227 4882 Ουυτ
2256 4842 2309 4881 x.
2340 4827 2503 4882 Vens.
2537 4826 2737 4881 l-6.—
2754 4827 2942 4896 Amen,
2968 4848 3118 4886 amen
3138 4832 3254 4888 dico
3284 4832 3447 4897 vobis,
3469 4835 3561 4906 qui

1978 4936 2084 4974 non
2113 4920 2275 4974 intrat
2329 4936 2420 4990 per
2460 4920 2653 4974 ostium
2681 4919 2736 4973 in
2782 4920 2915 4976 ovile
2950 4923 3143 4989 ovium,
3184 4923 3275 4977 sed
3326 4922 3562 4977 ascendit

1978 5012 2206 5078 aliunde,
2241 5013 2328 5068 ille
2352 5015 2440 5084 fur
2458 5023 2552 5078 est,
2583 5032 2629 5069 et
2661 5015 2830 5082 latro;
2853 5016 3045 5089 [usque
3082 5020 3137 5072 in
3159 5034 3281 5074 eum
3310 5018 3511 5092 locum]
3541 5038 3558 5076 :

1981 5106 2095 5161 Hoc
2127 5105 2449 5176 prouerbium
2477 5105 2613 5159 dixit
2633 5107 2707 5160 eis
2731 5107 2958 5162 Iesus:1
2966 5109 3025 5162 lli
3048 5118 3220 5162 autem
3246 5126 3351 5162 non
3369 5126 3561 5180 cogno-

1977 5204 2162 5251 verunt
2186 5194 2312 5266 quid
2337 5195 2634 5266 loqueretur
2651 5198 2747 5250 eis.
2781 5214 2799 5248 ‹
2839 5210 2866 5238 a
2894 5197 3122 5267 Propter
3163 5197 3561 5253 Pharisaiorum

1978 5286 2151 5357 quise
2174 5286 2355 5342 videre
2374 5286 2653 5356 jactabant
2680 5302 2803 5342 cum
2829 5287 2956 5342 caeci
2993 5296 3166 5354 erant,
3214 5296 3558 5355 venenatam,

1981 5387 2038 5432 et
2063 5379 2370 5447 superbam,
2401 5385 2458 5433 et
2491 5378 2841 5433 insanabilem
2882 5379 3270 5449 arrogantiam,
3302 5378 3562 5434 Dominus

1980 5469 2138 5525 Iesus
2160 5470 2263 5525 ista
2289 5470 2587 5536 contexuit,
2617 5491 2635 5522 ι
2661 5484 2780 5539 quae
2807 5470 2863 5523 in
2885 5469 2987 5523 hac
3006 5470 3263 5538 parabole
3288 5470 3558 5541 leguntur,

1980 5578 2141 5632 quam
2166 5563 2278 5633 ipse
2304 5562 2405 5617 illis
2426 5578 2533 5617 non
2558 5560 2976 5632 intelligentihus
3019 5576 3285 5630 exponere
3312 5560 3562 5632 dignatus

1981 5663 2094 5720 est;
2124 5654 2178 5709 in
2207 5669 2312 5725 qua
2334 5669 2435 5709 nos
2458 5653 2766 5718 salubriter,
2788 5651 2836 5707 si
2862 5652 3226 5717 advertamus,
3259 5651 3559 5719 admonuit,

1981 5765 2087 5806 non
2113 5749 2333 5820 gloriari
2360 5750 2415 5803 in
2440 5748 2701 5818 sapientia
2720 5747 2975 5813 humana,
2998 5764 3104 5803 non
3146 5749 3201 5802 in
3240 5762 3453 5803 morum
3481 5746 3540 5805 di

390 5867 415 5897 ⁸
444 5866 518 5921 Ex
562 5875 748 5923 sancto
786 5865 1106 5935 Augustino,
1136 5872 1294 5921 tract.
1320 5879 1422 5920 xcv
1444 5862 1499 5919 in
1523 5863 1701 5930 Joan.,
1731 5877 1879 5917 num.
1916 5861 1972 5929 2,
2001 5863 2055 5926 5,
2080 5860 2135 5926 5,
2165 5860 2219 5925 6,
2244 5860 2299 5924 8,
2329 5858 2382 5924 9,
2407 5857 2495 5925 M,
2528 5858 2611 5912 15.
