4088 6340
624 430 728 486 887

1509 427 1569 482 Β.
1603 427 1662 482 F.
1704 427 1928 482 ALBINI
1969 428 2100 482 SEU
2139 426 2415 484 ALCUI‘NI
2458 428 2736 485 OPEHUM
2767 431 2948 487 PARS
2985 433 3048 487 ll.

3781 437 3892 494 888

623 547 848 601 Diversa
875 550 1003 602 sunt
1027 543 1263 608 nomina,
1310 549 1514 610 pastor,
1552 541 1815 614 [ostium],
1849 542 1984 605 ovis,
2025 555 2190 593 unum
2219 544 2266 600 Α
2293 539 2425 594 alius
2453 539 2608 609 lupus
2630 542 2719 609 qui
2757 543 2872 597 sine
2895 543 3197 598 cessatione
3228 543 3468 612 quotidie
3494 559 3599 598 non
3622 559 3889 616 corpora,

623 637 826 710 aliquid
856 636 1232 710 signiﬁcantia.
1267 634 1399 688 Nam
1425 635 1592 704 ipsius
1617 633 1826 688 Domini
1860 631 2021 686 verba
2045 631 2204 700 paulo

552 709 564 716 ’
627 709 754 786 ante
781 709 1082 784 audivimus
1111 742 1124 780 :
1159 727 1273 796 Ego
1301 742 1415 780 sum
1447 727 1669 791 ostium;
1700 733 1754 780 et
1809 724 1896 779 hic
1944 724 2102 778 modo
2132 723 2207 778 le-

626 828 775 875 ctum
800 828 883 874 est
910 819 1064 874 nobis
1089 833 1103 870 :
1138 816 1251 887 Ego
1273 833 1389 870 sum
1409 825 1606 886 pastor.
1628 815 1729 882 Qui
1757 816 1920 870 etiam
1946 816 2013 868 ab
2035 814 2206 868 amico

628 910 811 980 sponsi
826 909 1009 979 Agnus
1029 909 1360 973 nominatur,
1384 909 1523 962 sicut
1548 906 1603 961 in
1634 909 1738 962 hoc
1762 907 2010 975 praesenti
2033 907 2208 960 Evan-

624 1003 764 1074 gelio
789 1003 1090 1056 audivimus
1113 1019 1126 1054 :
1159 987 1297 1055 Ecce
1331 1002 1509 1072 Agnus
1545 999 1662 1064 Dei,
1685 1017 1798 1053 ecce
1823 1000 1909 1070 qui
1936 998 2070 1053 tollit
2091 1015 2208 1068 pec-

623 1105 743 1150 cata
790 1095 972 1147 mundi
1020 1093 1201 1163 (Joan.
1238 1110 1274 1157 l,
1319 1093 1430 1164 29).
1486 1093 1561 1146 De
1589 1108 1694 1162 quo
1723 1091 1890 1145 multo
1921 1100 2044 1146 ante
2071 1090 2205 1145 Pro-

621 1187 782 1257 pheta
809 1186 1061 1256 prazdixit
1088 1203 1100 1238 :
1132 1185 1401 1255 Tanquam
1429 1186 1536 1238 ovis
1565 1184 1633 1238 ad
1678 1185 1986 1238 occisionem
2022 1183 2205 1236 ductus

620 1287 698 1333 est
740 1278 892 1349 (Isai.
923 1294 1038 1341 Lm,
1065 1277 1116 1348 7)
1156 1296 1168 1330 :
1193 1277 1438 1346 quamvis
1461 1286 1634 1331 totum
1666 1291 1860 1344 corpus
1880 1290 2055 1338 suum,
2079 1288 2206 1328 oves

622 1368 767 1424 illius
797 1369 1180 1440 intelligantur.
1231 1369 1414 1424 Potest
1443 1376 1497 1423 et
1534 1369 1625 1423 ille
1666 1368 1921 1424 ostiarius
1959 1365 2202 1436 intelligi,

623 1465 748 1535 quia
778 1479 936 1518 nemo
964 1465 1265 1535 ingreditur
1284 1464 1368 1519 vel
1380 1463 1669 1534 egreditur,
1697 1464 1796 1517 nisi
1826 1477 1890 1515 eo
1911 1460 2200 1529 aperiente,

621 1555 715 1625 qui
746 1555 908 1609 habet
935 1556 1138 1610 clavem
1170 1556 1353 1618 David,
1386 1556 1478 1625 qui
1505 1554 1696 1625 aperit,
1721 1562 1775 1607 et
1794 1568 1952 1606 nemo
1976 1551 2202 1616 claudit;

623 1647 847 1713 claudit,
903 1656 958 1701 et
1004 1664 1161 1701 neruo
1207 1647 1381 1717 aperit
1429 1646 1610 1718 (Apoc.
1639 1663 1722 1710 Ill,
1755 1645 1830 1715 7).
1865 1663 1880 1696 ι
1920 1643 2034 1699 Νοη
2081 1659 2208 1712 ergo

623 1741 804 1811 pigeat
825 1756 923 1795 nos
948 1741 1241 1796 secundum
1272 1741 1554 1810 quamdam
1585 1739 2010 1801 similitudinem,
2034 1737 2208 1806 ipsum

621 1833 901 1888 ostiarium
933 1834 1197 1902 accipere,
1233 1847 1389 1902 quem
1419 1843 1474 1887 et
1509 1835 1726 1887 ostium.
1759 1831 1890 1897 Quis
1937 1839 2020 1885 est
2044 1831 2208 1884 ostia-

625 1926 756 1991 rius,
778 1926 879 1980 nisi
898 1927 989 1994 qui
1019 1927 1225 1996 aperit?
1254 1924 1384 1992 Quis
1411 1927 1598 1994 aperit,
1632 1926 1734 1980 nisi
1765 1927 1854 1994 qui
1878 1939 1936 1978 se
1958 1925 2208 1994 exponit?

623 2018 835 2072 dicente
867 2017 1042 2086 seipso
1073 2020 1138 2072 de
1164 2018 1342 2086 seipso
1368 2033 1381 2070 :
1413 2016 1526 2086 Ego
1553 2034 1667 2070 sum
1701 2018 1806 2079 via,
1837 2026 1883 2070 et
1926 2016 2134 2078 veritas,
2164 2028 2212 2071 et

620 2110 747 2162 vita.
783 2107 840 2164 Si
869 2109 1007 2163 forte
1039 2108 1134 2162 tibi
1156 2109 1406 2162 voluntas
1427 2118 1509 2162 est
1552 2108 1711 2162 aliam
1756 2123 1998 2178 quzerere
2027 2123 2212 2177 perso—

622 2217 747 2257 nam
774 2202 1002 2266 ostiarii,
1035 2200 1270 2270 Spiritus
1298 2210 1516 2256 sanctus
1537 2209 1638 2265 est,
1670 2201 1734 2256 de
1761 2215 1867 2270 quo
1891 2200 2003 2270 ipse
2030 2199 2211 2252 Domi-

621 2310 724 2349 nus
753 2293 1030 2363 discipulis
1057 2294 1170 2348 suis
1199 2293 1274 2346 ait
1308 2311 1320 2346 :
1354 2291 1474 2363 Ipse
1504 2310 1588 2347 eos
1616 2293 1816 2347 docebit
1855 2308 2057 2345 omnem
2080 2293 2210 2345 veri-

617 2395 777 2438 tatem
827 2383 1006 2456 (Joan.
1062 2401 1177 2450 xvr,
1228 2385 1334 2455 15).
1387 2383 1594 2438 Ostium
1639 2385 1769 2454 quid
1794 2384 1908 2438 cst?
1938 2381 2205 2437 Christus.

619 2473 868 2530 Christus
917 2475 1043 2544 quid
1087 2474 1204 2530 est?
1233 2475 1465 2531 Veritas.
1499 2475 1630 2541 Quis
1659 2475 1831 2545 aperit
1860 2474 2076 2537 ostium,
2105 2474 2208 2530 nisi

622 2567 715 2636 qui
747 2567 905 2622 docet
944 2583 1159 2622 omnem
1209 2569 1528 2622 veritatem?
1561 2588 1578 2618 ι
1615 2567 1748 2622 Dum
1797 2566 2053 2620 Dominus
2083 2566 2208 2620 boni

623 2658 856 2726 pastoris
885 2673 1019 2727 opus
1047 2658 1333 2713 ostendere
1356 2659 1542 2724 voluit,
1589 2658 1820 2728 seipsum
1851 2658 2129 2728 proposuit
2151 2657 2207 2710 in

615 2747 864 2816 exemplo
883 2748 1068 2802 dicens
1101 2765 1114 2801 :
1143 2746 1323 2802 Bonus
1345 2760 1524 2819 pastor
1538 2750 1766 2802 animum
1793 2766 1938 2801 suam
1957 2751 2098 2817 ponit
2113 2766 2205 2821 pro

617 2840 796 2894 ovibus
819 2842 947 2894 suis.
981 2841 1133 2897 Fecit
1159 2843 1301 2911 quod
1329 2843 1552 2905 monuit,
1583 2843 1816 2897 ostendit
1838 2843 1978 2910 quod
2002 2843 2200 2912 jussit:

617 2932 857 2986 animam
889 2949 1042 2987 suam
1069 2936 1249 3005 posuit
1269 2950 1368 3005 pro
1388 2935 1578 2988 ovibus
1599 2934 1728 2989 suis.
1762 2935 1986 2989 Ostensa
2009 2943 2093 2989 est
2111 2949 2205 2988 no-

616 3019 706 3076 bis
725 3021 790 3076 de
817 3032 1126 3095 contemptu
1152 3027 1344 3081 mortis
1369 3027 1454 3079 via
1497 3041 1659 3095 quam
1704 3041 2010 3095 sequamur,
2041 3041 2202 3094 appo-

621 3111 727 3167 sita
747 3113 917 3168 forma
947 3115 1032 3170 cui
1055 3116 1443 3185 imprimamur.
1496 3115 1736 3170 Primum
1766 3117 1920 3171 nobis
1947 3125 2031 3170 est
2053 3126 2202 3170 exte-

617 3205 764 3260 riora
803 3215 987 3261 nostra
1045 3207 1467 3263 misericm'diter
1494 3210 1684 3264 ovibus
1709 3209 1826 3279 ejus
1855 3210 2193 3279 impendere;

616 3307 949 3366 postremum
974 3315 1124 3363 vero,
1172 3301 1216 3355 si
1258 3316 1473 3356 necesse
1503 3301 1594 3367 sit,
1638 3301 1801 3356 etiam
1841 3311 2068 3356 mortem
2097 3317 2197 3355 no-

619 3397 788 3442 stram
816 3404 914 3457 pro
934 3390 1136 3446 eisdem
1164 3392 1353 3446 ovibus
1380 3393 1706 3447 ministrare.
1739 3392 1839 3458 Qui
1863 3409 1968 3447 non
1991 3394 2081 3446 dat
2103 3408 2200 3460 pro

615 3475 809 3533 ovibus
835 3479 1185 3533 substantiam
1209 3496 1384 3546 suam,
1414 3483 1625 3550 quando
1647 3483 1844 3550 procis
1869 3483 2094 3536 (laturus
2117 3489 2200 3536 est

619 3570 855 3624 animam
881 3572 1070 3624 suam?
1100 3572 1478 3641 Exposuimus,
1508 3574 1594 3627 vcl
1637 3575 1829 3642 magis,
1857 3575 2082 3629 Domino
2107 3575 2201 3629 do-

617 3668 797 3725 cente,
818 3661 1199 3726 intelleximus,
1226 3663 1348 3732 quis
1370 3663 1439 3716 sit
1466 3671 1670 3733 pastor,
1701 3664 1819 3732 quis
1840 3664 2058 3727 ostium,
2081 3663 2200 3732 quis

621 3751 895 3816 ostiarius,
919 3752 1039 3821 quis
1064 3752 1224 3806 etiam
1249 3761 1306 3807 et
1330 3754 1445 3807 ovis
1471 3771 1482 3806 :
1516 3769 1615 3808 nec
1643 3770 1748 3808 non
1785 3755 1876 3824 qui
1921 3755 2027 3809 sint
2054 3754 2200 3809 fures

616 3849 672 3894 et
698 3841 931 3896 latrones
955 3843 1322 3912 cOgnovimus.
1347 3843 1452 3898 Sed
1500 3845 1657 3898 modo
1687 3845 1758 3899 de
1787 3840 2118 3900 mercenario
2145 3853 2200 3900 et

619 3931 747 4002 lupo
775 3934 1193 3999 consideremus,
1227 3935 1293 3989 de
1329 3936 1526 4004 quibus
1577 3937 1689 4005 ipse
1727 3937 1986 3990 Dominus
2015 3937 2191 3991 dixit:

624 4021 982 4078 Mercenarius
1012 4035 1206 4090 autem,
1237 4035 1284 4079 et
1316 4029 1406 4094 qui
1446 4043 1548 4080 non
1587 4037 1661 4081 est
1690 4039 1889 4098 pastor,
1912 4031 2062 4099 cujus
2094 4045 2196 4082 non

619 4124 739 4167 sunt
761 4132 877 4170 oves
907 4118 1154 4187 propria',
1191 4117 1327 4172 videt
1353 4119 1533 4190 lupum
1569 4121 1876 4187 uenientem,
1908 4131 1956 4174 et
1984 4121 2196 4175 dimittit

617 4220 756 4269 oves,
787 4214 833 4258 et
881 4206 1034 4276 fugit.
1076 4226 1093 4257 ι
1124 4219 1149 4247 ει
1178 4206 1296 4263 Non
1335 4219 1542 4278 pastor,
1577 4212 1669 4266 sed
1708 4213 2076 4267 mercenarius
2097 4227 2194 4267 vo-

622 4303 797 4361 catur,
827 4297 918 4364 qui
950 4312 1056 4351 non
1081 4313 1180 4366 pro
1223 4315 1407 4354 amore
1457 4301 1645 4355 intimo
1697 4317 1823 4356 oves
1867 4303 2190 4367 Dominicas,

617 4388 711 4440 sed
766 4387 834 4441 ad
879 4390 1206 4454 temporales
1259 4390 1533 4445 mercedes
1580 4392 1770 4460 pascit.
1834 4393 2196 4448 Mercenarius

616 4475 812 4544 quippe
857 4485 940 4530 est
988 4478 1079 4545 qui
1123 4477 1300 4530 locum
1341 4477 1600 4552 [quidem]
1627 4482 1856 4550 pastoris
1897 4490 2063 4548 tenet,
2100 4484 2192 4539 sed

617 4562 768 4616 lucra
812 4565 1112 4619 animarum
1167 4581 1276 4621 non
1319 4570 1514 4637 quaerit
1563 4587 1574 4622 :
1621 4572 1850 4624 terrenis
1900 4575 2194 4630 commodis

619 4653 812 4720 inhiat,
844 4656 1044 4711 honore
1067 4657 1397 4726 praelationis
1443 4663 1656 4729 gaudet,
1706 4663 2085 4733 temporalibus
2111 4665 2192 4718 lu-

615 4743 727 4799 cris
746 4745 1005 4813 pascitur,
1036 4747 1276 4816 impensa
1305 4748 1405 4804 sibi
1435 4751 1501 4803 ab
1537 4751 1841 4808 hominibus
1889 4756 2188 4810 reverentia

614 4831 847 4888 laetatur.
898 4836 1018 4892 Istae
1059 4847 1182 4892 sunt
1228 4840 1425 4894 etenim
1460 4843 1733 4898 mercedes
1755 4847 2092 4909 mercenarii,
2131 4856 2189 4900 ut

614 4942 714 4996 pro
737 4942 800 4981 eo
828 4927 945 4996 ipso
973 4929 1113 4998 quod
1139 4930 1192 4983 in
1217 4931 1473 5001 regimine
1493 4932 1722 4999 laborat,
1750 4935 1839 4989 hic
1877 4935 2018 5004 quod
2045 4951 2189 5003 quee-

617 5017 710 5082 rit,
752 5017 1007 5084 inveniat,
1037 5021 1184 5074 etab
1237 5021 1551 5079 haereditate
1587 5025 1766 5094 gregis
1818 5026 1872 5078 in
1912 5033 2187 5092 posterum

616 5107 824 5163 alienus
854 5110 1068 5164 existat.
1115 5110 1294 5180 Lupus
1327 5115 1467 5168 enim
1501 5130 1661 5184 super
1699 5131 1826 5168 oves
1860 5115 2026 5179 venit,
2064 5131 2186 5170 cum

617 5196 840 5263 quilibet
867 5196 1096 5266 injustas
1130 5209 1185 5254 et
1216 5210 1398 5271 raptor
1421 5202 1605 5257 ﬁdeles
1635 5219 1871 5272 quosque
1903 5214 2060 5273 atque
2083 5207 2186 5260 hu-

614 5286 768 5340 miles
821 5289 1095 5357 opprimit.
1144 5289 1251 5344 Sed
1277 5291 1322 5344 is
1355 5293 1446 5358 qui
1472 5301 1659 5360 pastor
1685 5308 1805 5347 esse
1835 5294 2108 5350 videbatur
2133 5306 2188 5350 et

615 5391 721 5429 non
753 5385 890 5442 erat,
922 5379 1173 5448 relinquit
1197 5397 1324 5434 oves
1350 5391 1404 5435 et
1432 5381 1599 5450 fugit;
1637 5383 1759 5450 quia
1807 5384 1932 5437 dum
1966 5387 2066 5440 sibi
2118 5388 2186 5441 ab

611 5483 677 5522 eo
703 5469 996 5536 periculum
1044 5472 1253 5534 metuit,
1307 5471 1556 5525 resistere
1602 5473 1717 5542 ejus
1757 5473 2030 5540 iniustitiae
2078 5492 2185 5530 non

613 5562 910 5629 praesumit.
943 5561 1099 5632 Fugit
1118 5571 1294 5616 autem
1323 5578 1427 5615 non
1451 5565 1704 5619 mutando
1727 5565 1917 5630 locum,
1945 5567 2038 5622 sed
2063 5569 2186 5622 sub-

612 5654 874 5709 trahendo
923 5655 1205 5720 solatium;
1260 5654 1393 5725 fugit
1443 5657 1533 5725 qui
1581 5655 1897 5724 injustitiam
1951 5659 2084 5714 vidit
2132 5668 2187 5714 et

611 5743 813 5810 tacuit;
844 5742 978 5815 fugit
1011 5744 1100 5812 qui
1133 5759 1192 5798 se
1213 5745 1310 5798 sub
1336 5745 1551 5800 silentio
1575 5748 1873 5801 abscondit.
1911 5766 1928 5798 ι
1967 5747 2073 5803 Sed
2102 5757 2186 5804 est

686 5871 710 5901 τι
740 5859 818 5914 Ex
850 5858 907 5914 S.
942 5859 1101 5938 Greg.
1129 5857 1321 5914 Homil.
1356 5857 1446 5913 lib.
1480 5878 1518 5926 ι,
1553 5860 1734 5916 homil.
1769 5860 1857 5930 14,
1889 5878 2036 5917 num.
2063 5861 2178 5918 2—5.

2310 631 2404 684 sed
2433 642 2640 686 mentes
2669 633 2908 699 dilaniat,
2939 634 3202 702 malignus
3249 633 3498 689 videlicet
3522 635 3768 705 spiritus,
3800 640 3893 708 qui

2306 721 2487 776 caulas
2510 722 2745 778 ﬁdelium
2776 725 3034 780 insidians
3057 727 3328 792 circumit,
3355 736 3410 781 et
3440 735 3640 784 mortes
3673 729 3895 784 anima-

2308 828 2430 867 rum
2471 815 2682 882 qurerit.
2738 815 2814 869 De
2857 831 2964 887 quo
2994 816 3115 887 lupo
3143 833 3262 872 mox
3310 818 3597 872 subditur:
3633 818 3706 872 Et
3738 819 3894 890 lupus

2308 905 2464 974 rapit,
2495 915 2543 958 et
2580 906 2827 978 dispergit
2874 925 3010 963 oves.
3041 909 3197 981 567
3224 910 3405 982 Lupus
3432 913 3577 966 venit
3603 921 3656 968 et
3683 929 3896 969 merce-

2307 996 2494 1050 narius
2516 995 2678 1066 fugit;
2706 999 2829 1068 quia
2851 1001 3118 1071 malignus
3153 1003 3374 1071 spiritus
3399 1014 3608 1060 mentes
3645 1005 3890 1063 ﬁdelium

2308 1084 2366 1139 in
2395 1087 2691 1143 tentatione
2713 1089 2953 1154 dilaniat,
2991 1099 3046 1145 et
3071 1092 3116 1146 is
3143 1094 3231 1162 qui
3258 1103 3433 1149 locum
3456 1097 3692 1166 pastoris
3724 1105 3892 1163 tenet,

2301 1190 2494 1234 curam
2522 1177 2897 1234 sollicitudinis
2925 1196 3030 1235 non
3079 1183 3260 1237 habet.
3308 1184 3516 1240 Anima:
3552 1197 3810 1256 pereunt,
3843 1197 3894 1244 et

2308 1265 2422 1334 ipse
2445 1266 2511 1320 de
2541 1269 2770 1323 terrenis
2811 1272 3107 1327 commodis
3147 1274 3375 1329 laetatur.
3426 1276 3608 1347 Lupus
3655 1280 3806 1349 rapit
3845 1291 3896 1336 et

2307 1359 2568 1431 dispergit
2593 1378 2739 1428 oves,
2782 1380 2903 1419 cum
2953 1366 3116 1420 alium
3161 1369 3228 1423 ad
3282 1369 3549 1425 luxuriam
3599 1375 3891 1442 pertrahit,

2309 1449 2472 1504 alium
2518 1453 2573 1505 in
2622 1456 2904 1510 avaritiam
2958 1460 3220 1527 accendit,
3267 1462 3433 1516 alium
3482 1463 3536 1517 in
3582 1469 3892 1535 superbiam

2307 1538 2488 1606 erigit,
2533 1542 2693 1596 alium
2724 1559 2820 1614 per
2857 1545 3187 1602 iracundiam
3238 1550 3443 1618 dividit,
3502 1553 3646 1611 hunc
3694 1558 3888 1613 invidia

2307 1629 2569 1697 stimulat,
2615 1634 2761 1689 illum
2816 1637 2869 1690 in
2916 1637 3124 1694 fallacia
3177 1642 3502 1711 supplantat.
3548 1645 3718 1712 Quasi
3771 1665 3891 1720 ergo

2308 1735 2522 1808 gregem
2552 1723 2706 1795 lupus
2735 1728 2982 1798 dissipat,
3028 1748 3149 1785 cum
3178 1732 3387 1789 fidelem
3418 1740 3680 1808 populum
3709 1743 3890 1799 diabo—

2311 1805 2395 1865 lus
2420 1828 2518 1883 per
2543 1817 2863 1873 tcntationes
2884 1830 3061 1874 necat.
3091 1822 3195 1877 Sed
3233 1805 3434 1880 contra
3459 1805 3577 1884 haec
3622 1847 3888 1890 mercena-

2239 1887 2286 1947 Β
2317 1905 2430 1960 rius
2457 1907 2602 1962 nullo
2630 1909 2744 1964 zelo
2772 1913 3107 1980 accenditur,
3148 1915 3292 1971 nullo
3338 1917 3551 1976 fervore
3591 1923 3888 1982 dilectionis

2221 4605 2276 4666 D

2315 1997 2614 2062 excitatur;
2643 2000 2766 2068 quia
2796 2002 2921 2055 dum
2950 2003 3061 2058 sola
3105 2007 3376 2063 exteriora
3405 2015 3688 2069 commoda
3720 2019 3888 2086 requi-

2315 2088 2405 2153 rit,
2431 2089 2687 2143 interiora
2714 2093 2891 2163 gregis
2917 2094 3112 2150 damna
3138 2099 3470 2170 negligenter
3496 2107 3713 2172 patitur.
3746 2109 3890 2167 Unde

2313 2187 2368 2233 et
2393 2195 2516 2234 mox
2548 2180 2854 2253 adjungitur
2887 2205 2898 2238 :
2935 2187 3116 2256 (Vens.
3153 2190 3264 2261 15.)
3323 2193 3670 2251 Mercenan'us
3709 2211 3890 2253 autem

2311 2271 2468 2340 fugit,
2491 2273 2614 2342 quia
2641 2279 2990 2332 mercenarius
3011 2290 3109 2346 est,
3133 2292 3182 2335 et
3211 2300 3314 2338 non
3351 2287 3566 2354 pertinet
3594 2289 3659 2341 ad
3687 2307 3803 2343 eum
3827 2292 3891 2346 de

2311 2365 2513 2419 ovibus.
2541 2364 2666 2421 Sola
2697 2382 2824 2439 ergo
2850 2385 3010 2425 causa
3063 2383 3146 2428 est
3184 2384 3242 2429 ut
3285 2380 3658 2435 mercenarius
3708 2381 3886 2452 fugiat,

2310 2455 2437 2524 quia
2459 2459 2824 2513 mercenarius
2851 2468 2953 2516 est.
2979 2460 3058 2518 Ac
3097 2464 3141 2517 si
3171 2475 3357 2535 aperte
3389 2467 3668 2524 diceretur
3698 2490 3711 2524 :
3741 2471 3886 2528 Stare

2310 2545 2364 2599 in
2389 2548 2629 2617 periculo
2651 2550 2829 2604 ovium
2858 2567 2963 2606 non
2990 2563 3188 2622 potest,
3233 2557 3325 2626 qui
3352 2558 3405 2612 in
3433 2573 3500 2614 eo
3530 2560 3682 2628 quod
3710 2563 3884 2617 ovibus

2308 2645 2527 2707 pneest,
2551 2655 2658 2694 non
2689 2656 2818 2696 oves
2847 2643 3037 2713 diligit,
3071 2645 3164 2700 sed
3205 2645 3414 2702 lucrum
3444 2658 3727 2706 terrenum
3754 2669 3884 2722 qum-

2307 2727 2396 2780 rit.
2446 2727 2580 2782 Dum
2608 2730 2752 2784 enim
2775 2731 3034 2787 honorem
3067 2735 3426 2805 amplectitur,
3464 2740 3592 2794 dum
3624 2750 3884 2812 tempora-

2307 2817 2446 2873 libus
2467 2822 2766 2876 commodis
2800 2821 3030 2889 lzetatur,
3063 2840 3333 2894 opponere
3361 2842 3420 2883 se
3445 2840 3638 2885 contra
3684 2835 3882 2903 pericu-

2305 2906 2416 2962 lum
2445 2910 2696 2978 trepidat,
2732 2927 2799 2966 ne
2828 2912 2930 2967 hoc
2956 2915 3099 2982 quod
3144 2915 3341 2986 diligit,
3368 2920 3604 2974 amittat.
3637 2921 3742 2978 Sed
3771 2927 3887 2993 quia

2305 2993 2631 3068 Redemptor
2657 3009 2839 3054 noster
2865 3001 3048 3072 culpas
3097 3002 3205 3058 ﬁcti
3236 3008 3468 3075 pastoris
3510 3010 3769 3077 innotuit,
3798 3015 3884 3068 ite-

2304 3102 2422 3141 rum
2446 3087 2673 3144 formam
2697 3092 2780 3145 cui
2803 3092 3095 3148 debeamus
3123 3095 3380 3166 imprimi,
3406 3103 3649 3156 ostendit
3670 3105 3882 3159 dicens:

2304 3178 2490 3249 (Vnus.
2520 3181 2631 3252 M.)
2659 3182 2771 3254 Ego
2794 3201 2907 3238 sum
2933 3193 3114 3255 pastor
3140 3187 3303 3242 bonus
3323 3205 3341 3242 :
3386 3197 3548 3261 atque
3573 3193 3848 3266 subjungit
3871 3215 3884 3250 :

2306 3267 2372 3321 Et
2411 3288 2662 3341 cognosco
2693 3290 2855 3338 meas,
2893 3274 2995 3329 hoc
3020 3285 3123 3332 est.
3157 3278 3342 3349 diligo,
3372 3292 3422 3333 et
3462 3298 3784 3352 cognoscunt
3813 3303 3886 3340 me

2302 3377 2449 3413 mea).
2498 3362 2577 3416 Ac
2606 3363 2649 3416 si
2676 3373 2925 3432 patenter
2965 3367 3110 3421 dicat
3138 3386 3150 3421 :
3183 3369 3474 3440 Diligentes
3498 3373 3884 3444 obsequuntur.

2307 3469 2324 3500 ι
2357 3450 2507 3506 Unde
2554 3469 2677 3507 mox
2703 3455 3017 3524 sulijunxit:
3056 3457 3240 3528 (Vens.
3287 3459 3396 3532 l5.)
3437 3461 3584 3516 Sicut
3620 3464 3767 3515 norit
3809 3482 3888 3518 me

2304 3540 2482 3609 Pater,
2513 3554 2559 3597 et
2585 3561 2675 3614 ego
2695 3563 2946 3616 cognosco
2971 3548 3208 3614 Patrem,
3233 3561 3280 3604 et
3303 3553 3535 3608 animam
3561 3572 3727 3608 meam
3753 3573 3885 3624 pono

2297 3649 2390 3702 pro
2412 3633 2591 3687 ovibus
2626 3635 2772 3689 meis.
2796 3636 2875 3691 Ac
2897 3637 2940 3691 si
2967 3646 3216 3707 patenter
3241 3641 3385 3696 dicat
3413 3661 3424 3696 :
3460 3643 3516 3696 ιιι
3545 3645 3646 3699 hoc
3667 3653 3886 3701 constat

2300 3726 2426 3794 quia
2451 3733 2506 3779 et
2532 3742 2797 3797 cognosco
2821 3727 3034 3783 Patrem
3063 3738 3118 3784 et
3147 3745 3444 3801 cognoscor
3465 3751 3496 3787 a
3524 3733 3704 3799 Patre,
3755 3737 3880 3806 quia

2301 3816 2536 3870 animam
2563 3833 2736 3872 meam
2763 3835 2904 3890 pono
2932 3836 3030 3890 pro
3058 3822 3250 3877 ovibus
3271 3825 3435 3889 meis;
3467 3826 3517 3878 id
3541 3834 3646 3889 est,
3666 3841 3737 3879 ea
3763 3828 3887 3880 cha-

2299 3912 2458 3966 ritate
2482 3927 2586 3981 qua
2611 3927 2708 3982 pro
2736 3914 2925 3967 ovibus
2973 3915 3190 3981 morior,
3219 3927 3476 3986 quantum
3517 3918 3736 3972 Patrem
3769 3919 3887 3973 dili-

2299 4021 2420 4077 gam
2463 4006 2705 4060 ostendo.
2752 4006 2884 4071 Quia
2925 4022 3054 4060 vero
3096 4023 3205 4062 non
3253 4009 3424 4065 solum
3465 4010 3729 4076 Judmam,
3787 4013 3879 4067 sed

2299 4095 2460 4148 etiam
2475 4096 2828 4165 gentilitatem
2850 4097 3113 4152 redimere
3134 4108 3376 4165 venerat,
3393 4099 3630 4171 adjungit
3651 4120 3662 4154 :
3682 4103 3881 4173 (Vens.

2298 4189 2408 4261 16.)
2444 4188 2512 4242 Et
2543 4189 2676 4243 alias
2707 4207 2824 4243 oves
2863 4191 3048 4256 habeo,
3084 4211 3199 4264 qua:
3233 4212 3335 4249 non
3360 4206 3478 4249 sunt
3506 4213 3568 4250 es
3609 4197 3708 4251 hoc
3744 4199 3890 4265 ouili,

2295 4293 2344 4336 et
2363 4281 2483 4337 illas
2511 4292 2708 4354 oportet
2736 4300 2816 4336 me
2854 4284 3136 4351 adducere,
3165 4297 3212 4339 et
3235 4304 3404 4341 vocem
3433 4305 3598 4342 meant
3636 4291 3886 4352 audient,

2296 4381 2344 4426 et
2374 4372 2465 4441 ﬁet
2493 4389 2653 4426 unum
2680 4371 2811 4426 ovile
2841 4382 3046 4429 et-untts
3082 4385 3279 4445 pastor.
3319 4376 3768 4447 Redemptionem
3793 4396 3890 4434 no-

2297 4473 2466 4518 stram
2492 4464 2583 4533 qui
2612 4478 2675 4517 ex
2703 4464 2887 4535 gentili
2914 4467 3110 4536 populo
3128 4468 3370 4522 venimus
3386 4467 3643 4523 Dominus
3659 4483 3894 4539 aspexe-

2298 4562 2402 4620 rat,
2432 4569 2553 4608 cum
2582 4569 2639 4608 se
2659 4555 2928 4610 adducere
2953 4566 3005 4612 et
3038 4556 3170 4610 alias
3195 4572 3322 4611 oves
3353 4559 3580 4613 dicebat.
3608 4558 3726 4613 Hoc
3758 4576 3892 4630 quo-

2299 4645 2427 4698 tidie
2452 4645 2590 4709 ﬁeri,
2631 4643 2848 4710 fratres,
2877 4646 3152 4715 aspicitis;
3183 4647 3287 4703 hoc
3328 4648 3686 4703 reconciliatis
3709 4651 3893 4720 genti-

2291 4735 2392 4789 bus
2414 4734 2614 4789 factum
2660 4735 2819 4789 hodie
2848 4735 3057 4790 videtis.
3093 4736 3255 4802 Quasi
3285 4752 3352 4791 ex
3400 4739 3604 4792 duobus
3630 4741 3891 4809 gregibus

2291 4842 2456 4879 unum
2477 4825 2616 4880 ovile
2655 4824 2839 4892 eﬁicit,
2885 4826 3012 4896 quia
3041 4826 3323 4881 Judaicum
3355 4835 3411 4883 et
3436 4828 3688 4898 gentilem
3713 4845 3894 4900 popu-

2291 4914 2402 4967 lum
2432 4913 2484 4965 in
2512 4929 2608 4967 sua
2640 4913 2745 4967 ﬁde
2775 4913 3071 4984 conjungit,
3101 4915 3269 4971 Paulo
3298 4925 3604 4980 attestante,
3637 4918 3734 4986 qui
3768 4919 3888 4973 ait:

2291 5003 2409 5073 Ipse
2425 5013 2500 5058 est
2524 5021 2628 5074 pax
2655 5015 2854 5071 nostra,
2877 5006 2966 5077 qui
2988 5007 3108 5075 fecit
3129 5017 3354 5080 utraque
3377 5026 3537 5062 unum
3565 5008 3798 5081 (Ephesi.
3829 5028 3890 5075 tt,

2292 5094 2400 5166 14).
2430 5094 2566 5148 Dum
2582 5096 2725 5149 enim
2741 5097 2808 5150 ad
2833 5104 3089 5152 aeternam
3116 5099 3281 5153 vitam
3307 5116 3374 5155 ex
3399 5108 3628 5170 utraque
3655 5103 3886 5157 natione

2291 5189 2564 5257 simplices
2591 5188 2760 5258 eligit,
2785 5192 2853 5243 ad
2873 5191 3014 5244 ovile
3039 5191 3316 5261 preprium
3337 5207 3467 5248 oves
3486 5193 3720 5248 deducit.
3762 5214 3783 5246 ι
3817 5196 3892 5251 De

2289 5281 2482 5349 quibus
2510 5280 2753 5350 profecto
2785 5281 2974 5336 ovibus
2998 5298 3214 5337 rursum
3244 5284 3379 5338 dixit
3414 5302 3427 5337 :
3461 5283 3590 5339 Oves
3626 5302 3766 5339 mea:
3797 5305 3888 5341 co-

2288 5385 2395 5422 cem
2425 5384 2592 5421 meam
2617 5369 2861 5433 audiunt,
2891 5378 2939 5422 et
2968 5387 3060 5439 ego
3106 5387 3359 5442 cognosco
3385 5390 3496 5439 eas,
3521 5383 3569 5428 et
3590 5385 3893 5446 sequuntur

2286 5476 2388 5524 me,
2416 5469 2463 5513 et
2489 5477 2580 5529 ego
2604 5461 2763 5514 vitam
2785 5471 3034 5516 a’ternam
3060 5463 3127 5517 do
3159 5466 3265 5530 eis;
3304 5466 3370 5520 de
3413 5468 3607 5535 quibus
3637 5477 3698 5522 et
3720 5469 3892 5538 paulo

2286 5552 2531 5619 superius
2561 5552 2689 5606 dicit
2713 5571 2723 5604 :
2758 5549 2865 5606 Per
2885 5570 2966 5608 me
2989 5554 3033 5608 si
3053 5556 3167 5625 quis
3187 5556 3468 5622 introierit,
3493 5557 3817 5624 minabitur,
3838 5567 3892 5613 et

2284 5643 2624 5712 ingredietur,
2652 5653 2702 5698 et
2725 5645 3039 5715 egredietur,
3079 5657 3129 5701 et
3168 5665 3364 5718 pascua
3412 5650 3656 5708 inveniet.
3689 5651 3886 5720 [ngre-

2286 5734 2464 5792 dietur
2485 5739 2681 5811 quippe
2707 5739 2774 5794 ad
2811 5739 3012 5808 ﬁdem;
3052 5742 3361 5817 egredietur
3397 5759 3530 5802 vero
3570 5759 3601 5799 a
3647 5744 3755 5803 ﬁde
3809 5744 3888 5802 ad
