4088 6340
298 428 407 489 889

1112 427 1523 487 EXEGETICA.
1563 458 1635 471 —
1668 426 2021 486 COMMENT.
2057 428 2127 484 ΙΝ
2162 427 2353 486 JOAN.
2390 460 2461 471 —
2495 428 2623 486 LIB.
2665 430 2729 487 V.

3434 432 3539 490 890

297 537 556 612 speciem,
586 552 619 592 a
642 536 961 595 credulitate
1003 538 1072 594 ad
1098 542 1635 613 contemplationem;
1674 556 1874 613 pascua
1901 546 1949 603 Α
1973 557 2165 612 ponam
2203 541 2383 615 (Joan.
2430 558 2550 607 xm,
2591 542 2703 616 57),
2743 543 2799 598 id
2841 551 2942 610 est,
2990 552 3211 615 propter
3246 552 3298 601 te
3340 512 3544 604 moriar

297 637 483 687 autem
507 629 744 685 inveniet
767 629 823 684 in
859 637 1061 685 aeterna
1090 629 1417 714 refectione“
1435 631 1573 688 Oves
1596 646 1725 702 ergo
1760 630 1876 699 ejus

295 736 501 795 pascua
524 720 820 787 invenient,
849 721 977 791 quia
1006 721 1250 792 quisquis
1277 721 1427 778 illum
1454 723 1615 778 corde
1646 722 1875 793 simplici

296 813 566 884 sequitur,
583 820 803 869 sternte
820 812 1109 869 viriditatis
1129 813 1327 883 pabulo
1354 815 1608 870 nutritur.
1631 814 1760 881 Quae
1778 830 1875 869 au-

297 911 410 960 tem
438 911 565 959 sunt
592 902 821 959 istarum
862 904 1045 959 ovium
1071 918 1292 974 pascua,
1329 903 1433 959 nisi
1460 912 1658 960 aeterna
1681 904 1874 975 gaudia

294 999 627 1070 sempiterno
649 997 877 1054 virentis
902 997 1172 1069 paradisi?
1198 997 1403 1054 Pascua
1426 1012 1658 1068 namque
1677 997 1875 1052 electo-

297 1106 421 1150 rum
445 1097 594 1155 sunt,
620 1088 800 1145 vultus
825 1104 1067 1160 praesens
1092 1088 1212 1156 Dei,
1244 1089 1337 1159 qui
1364 1090 1491 1145 dum
1520 1088 1636 1143 sine
1663 1087 1873 1145 defectu

293 1182 648 1253 conspicitur,
675 1181 793 1238 sine
815 1180 923 1238 line
941 1197 1096 1239 mens
1117 1181 1243 1237 vita;
1268 1181 1389 1238 cibo
1416 1181 1661 1237 satiatur.
1686 1200 1706 1233 ι
1736 1193 1761 1222 ι
1777 1180 1874 1257 Se-

293 1273 480 1348 quitur
510 1288 526 1328 :

366 1364 528 1422 Vitas.
561 1363 647 1418 l7.
677 1362 707 1403 δ
725 1392 797 1405 --
817 1360 1099 1433 Propterea
1136 1378 1217 1415 me
1234 1359 1405 1433 diligit
1429 1358 1610 1423 Pater,
1637 1360 1758 1431 quia
1780 1376 1871 1431 ego

292 1474 432 1530 pono
460 1457 693 1511 animant
719 1470 910 1520 meam,
933 1462 982 1509 et
1000 1453 1189 1507 iterum
1209 1469 1359 1506 sumo
1372 1469 1537 1506 eam.¢
1562 1451 1700 1519 Quid
1728 1453 1803 1506 ait
1820 1462 1867 1505 cz

303 1544 584 1619 Propterea
620 1564 703 1601 me
730 1544 895 1602 Pater
920 1546 1133 1618 diligit?
1157 1546 1291 1614 Quia
1318 1548 1543 1611 morior,
1590 1553 1649 1602 ut
1690 1561 1872 1602 resur—

293 1653 440 1709 gam.
492 1635 626 1693 Cum
670 1651 867 1708 magno
903 1638 1047 1692 enim
1076 1638 1313 1709 pondere
1354 1638 1558 1693 dictum
1587 1647 1670 1694 est
1697 1657 1708 1691 :
1733 1638 1868 1708 Ego.

298 1728 437 1796 Quia
480 1744 594 1800 ego,
641 1728 836 1799 inquit,
880 1745 1016 1800 pono
1059 1732 1290 1784 animam
1335 1747 1522 1784 meam.
1571 1730 1683 1802 Ego
1710 1746 1866 1801 pono.

295 1820 435 1888 Quid
461 1827 701 1892 est:ego
737 1820 914 1891 pono?
937 1820 1071 1892 Ego,
1116 1819 1310 1890 inquit,
1360 1820 1507 1875 illam
1551 1835 1709 1890 pono.
1752 1819 1868 1874 Non

1975 648 2160 689 carne.
2196 633 2336 690 Caro
2362 636 2540 704 posuit
2582 636 2816 691 animam
2863 652 3037 704 suam,
3082 645 3139 693 et
3177 654 3306 694 caro
3344 640 3543 697 iterum

1975 725 2265 794 assumpsit
2305 726 2573 792 animam;
2605 744 2711 782 non
2752 737 2931 783 tamen
2965 738 3231 800 potestate
3269 747 3365 787 sua
3390 748 3542 801 caro,

1972 815 2070 870 sed
2094 824 2360 886 potestate
2388 818 2734 875 inbabitantis
2761 839 2781 873 ι
2809 820 2971 876 Verbi
3005 821 3120 877 Dei.
3153 823 3389 880 Verbum
3412 838 3545 882 vero

1972 905 2068 963 Dei
2109 924 2382 981 nunquam
2410 912 2588 981 posuit
2634 913 2869 969 animam
2916 929 2983 969 ex
3007 930 3072 971 eo
3111 931 3269 986 quam
3317 917 3547 989 sumpsit

1970 1012 2093 1052 eam
2120 999 2177 1053 in
2204 1000 2462 1056 unitatem
2491 1018 2735 1073 persona:
2778 1004 2908 1071 sibi,
2948 1006 3042 1060 sed
3084 1020 3115 1060 a
3158 1022 3324 1063 carne
3362 1008 3543 1064 anima

1971 1090 2145 1159 posita
2171 1098 2274 1157 est,
2310 1100 2365 1147 et
2391 1093 2585 1148 iterum
2626 1107 2897 1166 resumpta
2924 1112 3024 1167 per
3057 1106 3379 1167 potestatem
3409 1100 3547 1156 divi-

1971 1181 2179 1236 nitatis.
2209 1181 2350 1238 Caro
2378 1198 2506 1256 ergo
2546 1186 2695 1256 ponit
2736 1187 2971 1243 animam
3008 1204 3162 1245 suam
3192 1191 3541 1260 exspirando.

1971 1270 2105 1326 Vide
2151 1270 2325 1343 ipsum
2369 1273 2652 1330 Dominum
2699 1277 2754 1332 in
2800 1294 2982 1341 cruce,
3032 1281 3161 1351 quid
3199 1282 3368 1336 dixit?
3406 1280 3545 1338 Sitio

1973 1360 2153 1435 (Joan.
2196 1379 2308 1430 xtx,
2332 1365 2423 1433 ‘28,
2447 1366 2601 1440 seq.).
2634 1368 2734 1436 Qui
2780 1370 3027 1438 aderant,
3066 1373 3339 1427 tinxerunt
3377 1388 3543 1444 spon-

1970 1455 2109 1525 giam
2139 1456 2193 1511 in
2219 1467 2394 1524 aceto,
2419 1459 2772 1531 alligaverunt
2802 1463 3075 1528 arundini,
3097 1472 3152 1518 et
3180 1473 3545 1536 apposuernnt

1970 1546 2053 1599 ori
2093 1546 2243 1616 ejus:
2270 1550 2412 1618 quod
2455 1566 2578 1606 cum
2623 1554 2936 1623 accepisset,
2972 1552 3403 1625 aitzPerfeetum
3443 1564 3540 1609 est.

1970 1633 2107 1701 Quid
2150 1647 2251 1703 est,
2286 1636 2583 1709 Perfectum
2622 1645 2738 1697 est?
2772 1643 2993 1715 lmpleta
3038 1656 3163 1701 sunt
3206 1647 3383 1701 omnia
3424 1662 3545 1716 qua:

1970 1736 2094 1780 ante
2133 1739 2361 1784 mortem
2392 1729 2568 1786 futura
2612 1732 2699 1804 [de
2730 1734 2837 1807 me]
2866 1734 3083 1790 fuerant
3109 1737 3447 1805 prophetata.
3478 1735 3546 1792 Et

1969 1818 2091 1886 quia
2127 1828 2447 1887 potestatem
2490 1822 2719 1878 habebat
2744 1827 2959 1894 quando
2987 1826 3146 1881 vellet
3171 1827 3400 1898 ponendi
3430 1826 3546 1881 ani-

294 1913 594 1985 glorientur
618 1911 787 1968 Judaei
818 1931 832 1967 :
861 1912 1050 1969 saevire
1073 1922 1384 1983 potuerunt,
1429 1920 1751 1982 potestatem
1776 1913 1872 1967 ha-
1899 1910 1947 1970 Β
1973 1925 2115 1964 mam
2158 1927 2331 1979 suam,
2375 1922 2725 1984 posteaquam
2773 1917 2927 1983 dixit,
2977 1915 3273 1987 Perfectum
3319 1927 3413 1983 est,
3468 1918 3547 1972 ait

291 2004 425 2061 bere
463 2021 570 2060 non
598 2014 906 2077 potuerunt.
940 2006 1177 2062 Saaviant
1220 2015 1481 2077 quantum
1527 2016 1792 2078 possunt:
1822 2008 1869 2063 si

292 2110 394 2169 ego
428 2097 651 2154 noluero
688 2114 891 2170 ponere
926 2100 1162 2156 animam
1204 2115 1403 2166 meam,
1432 2098 1560 2171 quid
1600 2100 1867 2156 saeviendo

293 2183 492 2242 facturi
516 2188 671 2242 sunt?
693 2187 810 2244 Una
830 2190 1179 2259 responsione
1203 2190 1462 2260 prostrati
1487 2199 1631 2255 sunt,
1655 2189 1867 2259 quando

291 2276 375 2332 eis
402 2277 604 2332 dictum
643 2284 727 2332 est
754 2293 770 2332 :
802 2276 969 2343 Quem
993 2280 1227 2351 qureritis
1260 2279 1437 2351 (Joan.
1478 2295 1630 2344 xvut,
1663 2279 1753 2352 6)?
1778 2280 1868 2334 Di-

292 2377 511 2435 xerunt,
539 2368 755 2436 Jesum;
796 2378 851 2426 et
885 2372 960 2428 ait
984 2372 1064 2428 eis
1090 2390 1104 2427 :
1135 2372 1251 2444 Ego
1285 2388 1402 2427 sum
1432 2390 1451 2427 :
1479 2372 1757 2428 redierunt
1782 2386 1869 2426 re-

294 2467 405 2524 tro,
432 2467 489 2514 et
526 2460 856 2516 ceciderunt.
886 2460 987 2528 Qui
1016 2460 1329 2521 ceciderunt
1374 2460 1444 2517 ad
1469 2477 1634 2516 unam
1680 2476 1867 2519 vocem

293 2544 498 2605 Christi
548 2550 820 2616 morituri,
847 2551 976 2622 quid
1022 2550 1223 2608 facient
1261 2553 1361 2608 sub
1386 2567 1520 2609 voce
1568 2551 1719 2625 [Ms.,
1767 2554 1867 2609 sub

289 2639 506 2712 vocem]
528 2641 852 2712 judicaturi?
878 2642 1014 2715 Ego,
1041 2644 1234 2713 inquit,
1258 2661 1393 2715 pono
1421 2646 1650 2700 animam
1675 2662 1864 2699 meam.

288 2727 413 2784 Non
441 2729 740 2800 glorientur
764 2729 955 2799 Judaei,
986 2734 1141 2802 quasi
1180 2734 1271 2803 qui
1309 2734 1725 2804 praevalucrint:
1752 2735 1868 2804 ipse

288 2818 475 2890 posuit
507 2819 742 2874 animam
766 2835 939 2875 suam.
973 2841 993 2874 ι
1028 2821 1182 2878 Sicut
1204 2830 1527 2892 potestatem
1559 2823 1749 2879 habuit
1774 2838 1869 2894 po-

284 2908 477 2975 nendi,
518 2909 594 2964 ita
629 2918 954 2980 potestatem
993 2914 1321 2968 resumendi.
1349 2913 1503 2981 Quod
1539 2913 1658 2969 aliis
1687 2915 1869 2970 verbis

288 2997 350 3054 in
376 2999 481 3054 hoc
515 2998 633 3070 ipso
658 2999 948 3073 Evangelio
983 3003 1241 3071 ostendit,
1271 3003 1493 3059 dicens:
1522 3001 1713 3059 Solvite
1739 3013 1869 3058 tem-

284 3090 435 3164 plum
461 3090 578 3157 hoc,
603 3101 651 3145 et
676 3092 731 3146 in
756 3092 920 3148 tribus
945 3092 1124 3148 diebus
1164 3094 1400 3149 excitabo
1438 3093 1569 3149 illud
1596 3093 1775 3166 (Joan.
1803 3110 1863 3158 ιι,

289 3181 384 3246 19,
412 3180 502 3254 21)
530 3198 543 3235 :
575 3181 717 3252 quod
748 3183 1076 3256 evangelista
1115 3183 1278 3259 568
1318 3193 1535 3241 secutus
1573 3186 1859 3257 exposuit;

1967 2002 2290 2071 evangelista
2323 2002 2428 2057 :Et
2469 2003 2719 2060 inclinato
2762 2008 2927 2076 capite
2969 2007 3185 2061 tradidit
3224 2008 3487 2077 spiritum.
3516 2026 3540 2063 ι

1968 2090 2119 2157 Quod
2160 2092 2233 2147 ibi
2276 2092 2473 2148 dicitur
2515 2094 2756 2160 tradidit,
2802 2104 2856 2150 et
2900 2096 2989 2150 hic
3022 2096 3228 2150 dictum
3257 2105 3341 2152 est
3377 2096 3545 2166 uouit,

1967 2186 2092 2255 quia
2121 2201 2286 2239 unum
2325 2194 2408 2241 est
2448 2188 2658 2242 tradere
2706 2196 2763 2244 et
2804 2204 3024 2257 ponere.
3058 2207 3075 2238 ‹
3111 2189 3241 2254 Quis
3290 2189 3547 2245 tradidit?

1968 2274 2135 2342 Quem
2178 2277 2430 2332 tradidit?
2459 2277 2718 2349 Spiritum
2749 2281 2987 2345 tradidit,
3015 2296 3143 2335 caro
3187 2281 3337 2335 illum
3381 2282 3546 2336 tradi-

1966 2365 2065 2421 dit.
2098 2366 2235 2433 Quid
2264 2375 2363 2431 est,
2394 2382 2524 2422 caro
2553 2367 2701 2423 illum
2725 2370 2977 2424 tradidit?
2997 2370 3137 2425 Caro
3159 2370 3310 2424 illum
3341 2371 3544 2438 emisit,

1968 2473 2094 2514 caro
2124 2459 2269 2513 illum
2312 2460 2625 2531 exspiravit.
2664 2461 2788 2516 ldeo
2826 2463 2970 2517 enim
3014 2461 3213 2517 dicitur
3240 2462 3541 2531 exspirare,

1965 2559 2123 2605 extra
2158 2551 2404 2621 spiritum
2456 2551 2605 2618 ﬁeri;
2646 2554 2915 2622 quomodo
2956 2564 3041 2610 est
3079 2554 3344 2620 exsulare,
3388 2564 3543 2609 extra

1967 2641 2139 2696 solum
2185 2641 2321 2698 ﬁeri.
2360 2663 2378 2695 ι
2404 2643 2555 2710 Quod
2597 2644 2934 2700 hic‘dicitur
2969 2643 3327 2702 :Potestatem
3382 2647 3545 2702 habeo

1964 2732 2189 2803 ponendi
2210 2735 2441 2789 animam
2466 2751 2654 2801 meam,
2685 2736 2760 2790 ibi
2784 2737 2986 2792 dictum
3013 2746 3096 2793 est
3123 2755 3136 2791 :
3170 2736 3433 2792 Inclinato
3456 2756 3545 2793 ca-

1964 2822 2070 2892 pite
2093 2823 2310 2877 tradidit
2332 2827 2595 2895 spiritum,
2625 2827 2749 2896 quia
2774 2828 2995 2897 spiritus
3021 2829 3199 2884 anima
3224 2838 3327 2884 est.
3358 2847 3378 2879 t
3409 2827 3547 2886 Cum

1966 2928 2096 2984 ergo
2122 2915 2233 2968 exit
2273 2916 2449 2970 anima
2471 2932 2503 2971 a
2546 2931 2732 2984 carne,
2777 2927 2831 2974 et
2854 2928 3098 2974 remanet
3133 2935 3261 2975 caro
3285 2921 3401 2975 sine
3427 2918 3547 2975 ani-

1966 3021 2086 3072 ma,
2135 3015 2261 3062 tunc
2306 3007 2467 3062 homo
2513 3023 2715 3079 ponere
2766 3010 3001 3067 animam
3049 3010 3268 3065 dicitur.
3322 3010 3544 3078 Quando

1968 3094 2216 3153 Christus
2259 3098 2492 3153 animam
2539 3100 2750 3171 posuit?
2804 3100 3027 3169 Quando
3064 3103 3303 3158 Verbum
3350 3101 3538 3158 voluit.

1967 3185 2306 3260 Principatus
2342 3196 2485 3244 enim
2527 3191 2582 3244 in
2608 3191 2786 3246 Verbo
2821 3201 2977 3246 erat:
3008 3193 3079 3246 ibi
3128 3200 3366 3263 potestas
3401 3201 3543 3262 erat,

287 3268 410 3325 Hoc
438 3272 573 3326 enim
599 3272 799 3327 dicebat
822 3254 1100 3346 deitemplo
1127 3254 1358 3347 corporis
1383 3277 1484 3331 sui.
1516 3276 1583 3331 Et
1621 3254 1864 3348 adiunxit
1890 3254 1936 3319 Ο
1967 3254 2179 3350 quando
2205 3289 2429 3352 poneret
2455 3296 2584 3338 caro
2611 3283 2868 3349 animam,
2896 3283 3109 3353 quando
3129 3254 3396 3339 sumcret.
3427 3254 3541 3340 Sic-2

286 3361 581 3434 discipulos
609 3378 735 3420 suos
761 3364 877 3421 haec
900 3366 1066 3421 verba
1091 3380 1500 3434 rememorasse,
1527 3382 1650 3423 cum
1684 3383 1864 3423 resur-

285 3456 524 3513 rexisset
546 3455 794 3513 Christus
821 3472 854 3512 a
878 3459 1124 3514 mortuis.
1158 3457 1273 3515 Hoc
1309 3459 1692 3524 suscitabatur,
1722 3460 1865 3530 quod

286 3551 655 3617 moriebatur;
709 3566 835 3605 nam
890 3551 1125 3607 Verbum
1172 3552 1310 3607 mori
1363 3568 1471 3608 non
1521 3553 1711 3624 potuit,
1764 3568 1864 3608 nec

287 3642 479 3703 anima
498 3641 590 3700 illa
616 3649 829 3700 mortua
862 3639 984 3699 fuit.
1016 3640 1156 3700 Caro
1193 3652 1405 3699 tantum
1442 3651 1653 3699 mortua
1681 3649 1784 3708 est,
1810 3648 1866 3697 et

285 3738 591 3793 resurrexit
627 3738 787 3793 tertia
832 3737 937 3792 die.
987 3736 1092 3792 Sed
1133 3737 1476 3807 quaerendum
1517 3744 1600 3792 est
1625 3736 1754 3807 quid
1794 3736 1867 3792 sit

284 3829 436 3902 quod
463 3830 600 3885 dixit
630 3847 642 3884 :
677 3847 696 3880 ι
725 3828 839 3901 Ego
864 3846 999 3901 pono
1020 3831 1250 3886 animum
1275 3832 1481 3887 meam?
1499 3831 1631 3899 Quis
1655 3831 1864 3902 posuit?

287 3917 465 3990 Quem
488 3920 701 3991 posuit?
716 3919 848 3987 Quis
871 3928 954 3975 est
974 3920 1063 3989 qui
1084 3922 1293 3992 posuit?
1313 3921 1453 3988 Quid
1479 3931 1563 3977 est
1585 3920 1865 3977 Christus?

284 4012 529 4072 Verbum
575 4021 630 4067 et
671 4012 852 4069 homo.
883 4010 994 4066 Nec
1021 4012 1101 4068 sic
1133 4014 1314 4079 homo,
1346 4020 1406 4066 ut
1432 4012 1543 4067 sola
1574 4027 1739 4067 caro:
1772 4012 1867 4067 sed

287 4106 423 4178 quia
450 4105 610 4160 homo
636 4112 850 4159 constat
885 4118 953 4158 ex
980 4117 1145 4158 carne
1189 4111 1243 4158 et
1282 4102 1480 4169 anima,
1513 4110 1657 4157 totus
1686 4111 1865 4159 autem

284 4197 456 4255 homo
510 4197 568 4251 in
623 4195 860 4252 Christo.
920 4194 1038 4249 Non
1099 4195 1243 4249 enim
1282 4202 1493 4264 partem
1544 4193 1866 4249 deteriorem

287 4289 637 4360 suscepisset,
666 4296 721 4345 et
766 4295 979 4359 partem
1014 4286 1290 4341 meliorem
1319 4285 1645 4342 deseruisset
1686 4303 1699 4340 :
1739 4302 1867 4358 pars

285 4381 490 4455 quippe
513 4378 748 4437 hominis
773 4378 964 4435 melior
989 4386 1074 4435 est
1091 4378 1270 4435 anima
1294 4392 1457 4448 quam
1483 4392 1700 4447 corpus.
1731 4376 1867 4444 Quia

286 4489 423 4547 ergo
448 4481 591 4530 totus
626 4472 789 4528 homo
817 4472 872 4528 in
906 4471 1138 4535 Christo,
1167 4470 1296 4540 quid
1320 4479 1406 4527 est
1430 4468 1710 4526 Christus?
1735 4468 1867 4525 Ver-

284 4567 442 4630 bum,
478 4564 719 4635 inquam,
747 4571 804 4619 et
825 4564 1004 4619 homo.
1044 4561 1264 4617 Verbum
1306 4578 1429 4615 caro
1457 4562 1654 4633 factum
1692 4569 1789 4628 est,
1812 4561 1867 4617 id

286 4664 398 4723 est,
426 4654 570 4713 Dens
592 4657 753 4712 homo
778 4654 955 4712 factus
979 4662 1094 4720 est;
1118 4652 1249 4709 dicit
1274 4653 1420 4709 enim
1448 4668 1461 4705 :

855 4765 1082 4823 CAPUT
1115 4763 1304 4821 XXVI.

281 4857 613 4917 Potestatem
638 4859 827 4928 habere
854 4876 907 4915 se
935 4858 1059 4913 dicit
1086 4856 1311 4928 ponendi
1338 4873 1401 4911 ac
1432 4855 1726 4928 resumendi
1753 4861 1871 4928 aut-

363 4946 505 5001 mam
528 4946 707 5001 suam.
727 4927 894 5001 Facta
912 4925 1112 5001 quoque
1131 4928 1361 5001 enormia
1386 4929 1441 5001 in
1468 4925 1865 5001 Hierosolymis,

364 5009 411 5054 et
440 5000 576 5055 inter
598 4998 762 5053 multa
800 4995 1085 5053 Pharisreis
1125 4996 1505 5052 sciscitantibus
1537 4997 1609 5051 ait
1634 5013 1652 5050 :
1675 4995 1786 5066 Ego
1814 5004 1871 5052 et

360 5067 525 5125 Pater
548 5085 715 5125 unum
740 5084 944 5125 sumus.
973 5068 1041 5123 Et
1069 5067 1220 5122 multi
1248 5067 1573 5122 crediderant
1599 5068 1655 5122 in
1679 5083 1817 5121 eum.

362 5181 529 5239 Vm.
572 5182 751 5240 18.--
784 5179 1102 5236 Potestatem
1142 5180 1305 5234 habeo
1360 5181 1585 5251 ponendi
1636 5182 1867 5235 animam

285 5290 500 5339 meam,
536 5283 586 5328 et
639 5282 945 5345 potestatem
992 5272 1155 5326 habeo
1200 5272 1391 5325 iterum
1438 5272 1677 5326 sumendi
1730 5287 1865 5325 eam.

1965 3378 2028 3425 ut
2051 3372 2194 3427 enim
2222 3388 2359 3427 unus
2386 3373 2546 3429 homo
2573 3374 2748 3428 anima
2777 3384 2831 3429 et
2861 3390 3078 3445 corpus,
3122 3377 3201 3431 sic
3225 3392 3363 3430 unus
3387 3373 3542 3431 Chri—

1962 3475 2079 3521 stus
2094 3466 2328 3521 Verbum
2352 3476 2407 3522 et
2430 3467 2608 3522 homo.
2631 3467 2822 3523 Anima
2844 3477 2898 3523 et
2926 3484 3123 3540 corpus
3142 3470 3259 3524 dum
3286 3484 3374 3524 res
3395 3478 3541 3535 sunt,

1963 3559 2055 3614 sed
2081 3573 2219 3613 unus
2250 3559 2431 3614 homo.
2461 3560 2695 3615 Verbum
2723 3569 2778 3615 et
2806 3561 2968 3617 homo
2992 3562 3109 3617 dua:
3138 3578 3227 3617 res
3264 3571 3406 3626 sunt,
3445 3563 3540 3619 sed

1961 3662 2101 3703 unus
2143 3646 2409 3703 Christus.
2460 3646 2630 3704 Nemo
2672 3650 2816 3704 enim
2858 3650 3052 3706 titubet
3090 3652 3144 3705 in
3175 3651 3300 3718 ﬁde,
3326 3651 3542 3721 quando

1962 3737 2111 3792 audit
2138 3736 2423 3792 Dominum
2472 3737 2673 3794 dixisse
2707 3756 2720 3793 :
2753 3737 3069 3795 Potestatem
3113 3741 3276 3794 habeo
3320 3741 3547 3811 ponendi

1963 3831 2195 3885 animam
2244 3846 2431 3884 meam.
2462 3830 2622 3885 Ponit
2666 3846 2787 3885 eam
2834 3847 2981 3897 caro,
3029 3833 3121 3887 sed
3159 3848 3224 3886 ex
3276 3841 3546 3902 potestate

1963 3922 2157 3985 Verbi;
2205 3922 2370 3975 sumit
2407 3936 2525 3975 eam
2568 3936 2716 3985 caro,
2762 3924 2855 3976 sed
2896 3938 2964 3976 ex
3008 3931 3272 3993 potestate
3300 3924 3485 3978 Verbi.
3521 3945 3540 3978 ι

1964 4012 2224 4075 Verbum,
2255 4011 2450 4074 anima,
2503 4026 2650 4076 caro,
2693 4028 2831 4067 unus
2875 4022 2959 4067 est
2991 4012 3254 4069 Christus.
3307 4013 3374 4067 Et
3418 4014 3545 4068 dum

1964 4119 2092 4159 caro
2120 4102 2300 4159 occisa
2326 4101 2449 4168 fuit,
2492 4100 2742 4158 Christus
2767 4103 2980 4159 occisus
3006 4103 3135 4169 fuit;
3166 4112 3223 4157 et
3249 4104 3372 4158 dum
3417 4118 3548 4158 caro

1938 4264 1941 4267 Ἴ
1966 4195 2198 4248 animam
2220 4191 2532 4261 resumpsit,
2553 4190 2800 4247 Christus
2818 4191 3050 4246 animam
3076 4192 3383 4261 resumpsit.
3408 4190 3544 4259 Quia

1965 4283 2226 4356 quidquid
2265 4283 2340 4338 ibi
2382 4281 2585 4338 factum
2634 4291 2717 4338 est
2761 4283 2816 4337 in
2856 4283 3255 4352 dispensatione
3297 4284 3546 4337 humanae

1966 4378 2175 4443 salutis,
2222 4384 2393 4432 totum
2441 4391 2580 4432 unus
2622 4374 2869 4432 Christus
2914 4376 3043 4448 egit,
3092 4391 3232 4431 unus
3256 4375 3424 4431 Filius
3448 4374 3545 4431 Dei

1965 4470 2216 4542 proprius
2243 4477 2297 4525 et
2331 4466 2625 4539 perfectus,
2671 4468 2810 4522 unus
2840 4468 2983 4523 Deus
3017 4481 3180 4522 verus
3213 4477 3268 4523 et
3304 4466 3549 4537 omnipo-

1968 4569 2107 4625 tens,
2136 4560 2298 4614 homo
2321 4565 2543 4629 propter
2572 4557 2807 4613 Verbum
2838 4557 3003 4623 Deus,
3034 4556 3175 4611 Deus
3203 4563 3424 4627 propter
3453 4558 3547 4611 ho-

1889 4621 1944 4682 Β
1971 4621 2170 4708 minem
2194 4621 2375 4714 homo,
2401 4621 2542 4705 sicut
2566 4648 2770 4704 dictum
2799 4656 2884 4703 est
2911 4665 2924 4701 ε
2962 4645 3186 4701 Verbum
3210 4664 3332 4700 caro
3352 4648 3549 4717 factum

1970 4749 2066 4795 est.
2100 4739 2207 4795 Sed
2241 4739 2358 4793 hmo
2390 4738 2571 4793 omnia
2619 4738 2760 4791 unde
2786 4737 3153 4807 implerentur,
3204 4737 3549 4808 subsequenti

1969 4829 2137 4886 verbo
2178 4828 2433 4884 ostendit.
2470 4845 2488 4877 ι
2518 4824 2658 4894 Hoc,
2702 4827 2894 4896 inquit,
2941 4828 3247 4882 mandatum
3294 4829 3471 4897 accepi
3515 4845 3547 4881 a

1971 4921 2132 4978 Patre
2157 4938 2288 4975 meo.
2318 4919 2556 4974 Verbum
2596 4933 2707 4975 non
2749 4920 2914 4974 verbo
2958 4922 3167 4991 accepit
3211 4920 3542 4984 mandatum,

1969 5017 2064 5073 sed
2099 5016 2152 5070 in
2200 5014 2372 5069 Verbo
2401 5012 2678 5083 unigenito
2707 5010 2885 5068 Patris
2914 5021 2999 5067 est
3024 5026 3181 5067 omne
3211 5011 3542 5064 mandatum.

1969 5104 2103 5161 Cum
2133 5112 2309 5157 autem
2357 5101 2556 5156 dicitur
2602 5100 2772 5155 Filius
2812 5100 2975 5172 569
3017 5116 3049 5154 a
3077 5099 3236 5153 Patre
3280 5098 3543 5166 accipere,

1970 5194 2109 5264 quod
2154 5190 2582 5248 substantialiter
2627 5191 2807 5255 habet,
2858 5192 3124 5261 quomodo
3175 5190 3375 5244 dictum
3422 5195 3543 5241 est:

1972 5284 2119 5340 Sicut
2140 5283 2291 5338 habet
2319 5280 2481 5336 Pater
2504 5283 2661 5336 vitam
2690 5283 2745 5335 in
2776 5282 3067 5351 semetipso,
3098 5281 3173 5333 sic
3216 5279 3360 5333 dedit
3401 5277 3545 5332 Filio

291 5384 317 5420 ι
353 5363 381 5405 ει
409 5363 656 5421 Christus
695 5372 895 5431 autem,
931 5373 988 5419 et
1018 5379 1117 5435 pro
1156 5364 1310 5419 nobis
1346 5365 1544 5434 posuit,
1575 5373 1631 5419 et
1655 5364 1869 5434 quando

1968 5376 2128 5431 vitam
2157 5374 2345 5429 habere
2384 5374 2440 5427 in
2479 5373 2748 5443 semetipso
2789 5370 2971 5443 (Joan.
3002 5387 3054 5435 v,
3088 5370 3202 5443 26),
3230 5386 3351 5426 cum
3381 5368 3549 5425 Filius

284 5455 466 5513 νοιυίῐ
505 5453 727 5528 [Ροθιιίῐν
775 5463 830 5510 εἴ
873 5454 1085 5525 quando
1129 5453 1319 5527 voluit]
1364 5454 1589 5523 sumpsit
1632 5455 1868 5509 animam
1971 5465 2085 5536 ipse
2118 5465 2189 5520 sit
2208 5465 2315 5519 vita
2343 5482 2356 5517 :
2381 5478 2487 5518 non
2517 5470 2755 5534 potestas
2807 5461 3085 5526 minuitur,
3133 5462 3227 5515 sed
3270 5460 3548 5533 generatio

287 5564 473 5609 suam.
501 5549 707 5606 Ponere
736 5565 864 5622 ergo
893 5550 1127 5603 animam
1163 5548 1300 5603 mori
1334 5555 1438 5603 est.
1480 5546 1872 5617 Sicutﬂaposto-

1971 5555 2291 5611 ostenditur.
2339 5554 2602 5622 Quoniam
2648 5551 2811 5606 Pater
2838 5567 2942 5605 non
2992 5553 3147 5624 quasi
3178 5553 3227 5607 ei
3270 5552 3427 5617 Filio,
3452 5552 3547 5623 qui

288 5638 387 5698 lus
410 5639 603 5697 Petrus
630 5641 855 5696 Domino
897 5640 1069 5696 dixit:
1102 5639 1342 5694 Animam
1385 5656 1552 5693 meam
1594 5650 1801 5711 propter
1824 5650 1872 5694 te
1972 5641 2319 5716 imperfectus
2347 5643 2479 5717 [At.,
2514 5639 2848 5712 imperfecto]
2894 5650 3051 5697 natus
3079 5651 3185 5708 est,
3213 5641 3414 5713 aliquid
3451 5641 3548 5697 ad-

2044 5788 2067 5816 ο
2103 5776 2164 5831 Ιιι
2191 5775 2312 5832 cod.
2339 5773 2627 5829 Rhemensi
2656 5771 2745 5827 hic
2772 5770 2962 5841 incipit
2974 5786 3103 5841 cap.
3132 5769 3222 5824 27.

374 5784 403 5815 ι
440 5771 591 5829 Hucu
658 5789 723 5830 ue
750 5772 809 5829 S.
835 5771 1146 5843 Gregorius.

376 5841 407 5887 δ
442 5843 520 5899 Ex
547 5788 788 5914 5.81%.,
819 5852 975 5904 tract.
1005 5859 1169 5910 xsvu,
1200 5860 1349 5905 num.
1381 5843 1435 5914 7,
1460 5844 1512 5901 9.

2044 5788 2067 5816 ο
2103 5776 2164 5831 Ιιι
2191 5775 2312 5832 cod.
2339 5773 2627 5829 Rhemensi
2656 5771 2745 5827 hic
2772 5771 2962 5840 incipit
2984 5786 3009 5825 c

2042 5846 2067 5887 ἀ
2110 5847 2166 5902 S.
2197 5846 2336 5914 Aug.
2363 5843 2469 5899 loc.
2497 5842 2614 5908 cit.,
2642 5857 2789 5897 num.
2829 5840 3009 5895 ll-M.

376 5841 407 5887 δ
442 5843 520 5899 Ex
547 5844 605 5901 S.
629 5841 788 5918 Aug,
819 5841 975 5904 tract.
1005 5859 1169 5910 xsvu,
1200 5860 1349 5905 num.
1381 5843 1435 5914 7,
1460 5844 1512 5901 9.
