4074 6448
287 374 385 440 893

1080 392 1486 455 exeamus.
1524 426 1596 441 —
1628 397 1978 458 comam.
2018 400 2088 459 lN
2124 400 2313 487 toan.
2350 433 2423 448 -
2444 402 2571 493 Lis.
2610 402 2676 465 v.

2238 324 2258 356 Ι

3393 411 3501 476 894

285 497 423 603 quod
449 512 556 603 non
581 501 842 603 approbat
863 504 1079 603 dignum
1106 511 1230 566 vitae
1256 521 1489 569 aeternae.
1516 514 1667 571 Unde
1693 524 1747 571 et
1775 517 1843 572 ad
1870 518 1921 582 Α
1947 519 2246 573 execranda
2292 522 2629 603 monstravit.
2677 544 2696 577 ι
2732 523 3072 585 Conticescat
3116 528 3381 589 Sabellius
3420 550 3518 591 au-

283 593 474 662 impios
500 594 740 651 dicturus
765 598 905 653 erit:
938 600 1061 656 Non
1090 605 1211 659 novi
1245 623 1335 661 eos
1360 606 1575 679 (Matth.
1602 625 1702 675 vn,
1731 610 1844 682 23).

284 684 539 754 Sequitur
574 686 640 743 de
682 690 873 745 ovibus
900 710 913 745 :
944 691 1016 747 Et
1046 709 1140 765 ego
1176 682 1331 751 vitam
1359 707 1605 754 (sternam
1643 701 1711 754 de
1750 701 1843 756 eis.

281 773 406 830 Haec
429 784 553 832 sunt
578 792 778 848 pascua
806 798 926 852 qua:
951 786 1199 854 superius
1227 789 1474 858 promisit
1494 791 1684 847 ovibus
1711 792 1844 860 suis,

278 866 367 921 ubi
408 866 553 921 nulla
594 870 759 925 herba
797 874 1011 939 suam,
1057 883 1241 939 totum
1269 879 1424 945 viret,
1466 888 1635 937 totum
1678 883 1845 954 viget,

1949 609 2102 664 diens
2127 628 2138 663 :
2166 609 2281 681 Ego
2306 621 2356 666 et
2396 611 2573 678 Pater,
2618 615 2710 683 qui
2739 631 2900 671 unam
2942 633 3229 695 personam
3260 622 3435 681 Patris
3461 631 3520 682 et

1944 698 2065 753 Filii
2094 715 2259 769 prava
2278 702 2523 757 doctrina
2548 704 2829 787 disseruit;
2858 723 2980 763 nam
3003 726 3094 780 ego
3123 720 3172 765 et
3195 706 3376 789 Pater,
3398 708 3519 772 dum

1944 799 2069 845 sunt
2096 806 2355 862 personae.
2382 794 2513 850 Item
2542 780 2825 875 erubescat
2859 796 3019 855 Arius
3034 798 3266 857 audiens
3291 821 3305 858 :
3330 780 3521 863 'Ununt

1942 896 2139 945 sumus,
2181 884 2271 951 qui
2310 882 2445 938 duas
2484 892 2703 962 naturas
2745 887 2799 942 in
2840 884 3089 962 Patre‘et
3133 876 3269 946 Filio
3298 880 3516 962 astruit,

277 962 449 1057 iptum
484 957 751 1057 integpuin
778 975 1096 1057 Apermapet;
1124 974 1179 1029 et
1213 971 1469 1047 qpidquid
1504 972 1669 1029 semel
1705 974 1848 1043 acci-
1944 971 2069 1026 dum
2110 988 2271 1027 unum
2302 990 2465 1029 unam
2512 960 2761 1053 naturam
2797 958 3085 1049 signiﬁcat;
3129 981 3269 1051 sicut
3312 957 3515 1057 sumus,

273 1046 444 1125 pitur,
471 1046 683 1121 setpper
704 1046 950 1119 habetur.
977 1056 1048 1112 Et
1078 1075 1182 1117 non
1216 1046 1456 1130 peribunt
1491 1062 1547 1116 iu
1572 1073 1840 1118 internum.

272 1135 376 1193 llic
402 1140 826 1203 subaudiendum
864 1154 970 1212 est,
999 1149 1267 1217 quomodo
1300 1165 1394 1205 vos
1423 1151 1687 1221 peribitis,
1718 1152 1844 1222 quia

271 1247 382 1288 non
408 1234 539 1289 estis
557 1249 623 1289 ex
648 1238 840 1294 ovibus
866 1240 1018 1296 meis.
1042 1240 1113 1295 Et
1141 1258 1246 1297 non
1273 1244 1435 1313 rapiet
1458 1261 1547 1298 eas
1572 1244 1843 1316 quisquam

268 1321 337 1391 ἀρ
361 1339 524 1391 φημι
549 1342 687 1391 Μαι.
716 1328 773 1389 id
800 1339 905 1396 est,
936 1332 1003 1391 de
1025 1341 1291 1401 petestate
1325 1349 1462 1393 mea.

344 1416 507 1481 Vens.
530 1417 621 1484 29.
641 1418 901 1479 -Bater
925 1439 1093 1489 meus,
1133 1425 1272 1496 quod
1301 1426 1444 1483 dedit
1480 1427 1630 1493 mihi,
1668 1428 1842 1498 majus

264 1512 347 1573 si!
375 1508 631 1575 ρηφβὶἅιςεο
660 1509 812 1578 Quod
834 1514 982 1575 dedit
1009 1514 1170 1575 Pater
1192 1516 1330 1577 Filio
1352 1516 1525 1587 majus
1551 1528 1634 1577 est
1669 1519 1843 1575 omni-

260 1595 392 1664 llus.
431 1604 491 1665 Ili
529 1601 642 1671 ipse
689 1604 766 1665 illi
810 1615 953 1665 esset
996 1609 1303 1679 unigenitus
1356 1610 1544 1677 Filius,
1597 1613 1841 1683 aequalis,

259 1693 766 1756 consubstantialis.
794 1697 935 1772 Quid
983 1709 1066 1757 est
1110 1704 1254 1773 quod
1297 1704 1481 1761 dedit?
1527 1707 1722 1777 Utique
1762 1708 1843 1779 gi-

1943 1062 2078 1169 duas
2105 1078 2383 1169 personas.
2425 1065 2727 1169 Sequamur
2764 1068 3113 1139 apostolicam
3140 1073 3323 1147 (idem,
3353 1091 3516 1169 quam

1942 1153 2132 1210 beatus
2157 1156 2350 1214 Petrus
2378 1160 2630 1230 princeps
2657 1163 3021 1232 apostolorum
3067 1165 3347 1224 confessus
3388 1153 3471 1235 est
3497 1188 3511 1225 :

1945 1244 2023 1299 Tu
2045 1263 2097 1300 es
2122 1246 2361 1304 Christus
2384 1248 2559 1307 Filius
2581 1252 2674 1308 Dei
2695 1255 2791 1309 vini
2813 1254 3026 1327 (Matth.
3052 1274 3168 1325 va,
3192 1258 3299 1333 16).
3374 1244 3402 1301 5
3424 1240 3517 1317 tu-

1942 1336 2041 1392 (ἱεθί
2083 1338 2330 1395 videlicet
2372 1343 2535 1397 verba
2565 1344 2775 1417 Domini
2819 1343 3120 1420 audientes,
3150 1340 3203 1427 et
3236 1332 3516 1435 hucusque

1941 1433 2337 1501 sustinuerunt;
2381 1435 2508 1491 dum
2531 1453 2658 1493 vero
2684 1440 2757 1494 ait
2781 1455 2795 1494 :
2820 1431 2934 1512 Ego
2972 1452 3022 1496 et
3047 1440 3211 1498 Pater
3234 1428 3394 1499 unum
3425 1428 3517 1499 su-

1939 1544 2080 1595 mus,
2117 1544 2222 1585 non
2247 1533 2600 1601 pertulerunt,
2636 1535 2728 1596 sed
2756 1550 2906 1591 more
2935 1551 3034 1591 suo
3062 1536 3181 1592 duri
3217 1539 3284 1593 ad
3310 1538 3514 1609 lapides

1941 1632 2313 1688 cucurrerunt,
2343 1625 2484 1679 sicut
2509 1627 2833 1698 evangelista
2861 1628 2990 1683 dicit
3014 1646 3029 1683 :
3057 1629 3240 1699 (Vens.
3265 1623 3379 1699 51.)
3406 1630 3515 1686 Tu-

1940 1710 2114 1766 lerunt
2140 1712 2357 1784 lapides,
2388 1724 2445 1769 ut
2474 1715 2767 1787 lapidarent
2791 1736 2928 1774 eum.
2955 1720 3212 1779 Dominus
3235 1721 3326 1792 qui
3354 1720 3511 1795 [Hs.,

258 1784 477 1882 gneudo
516 1788 683 1855 dedit,
738 1793 866 1861 quia
906 1810 1012 1850 non
1066 1796 1328 1852 minorem
1368 1800 1467 1855 sibi
1495 1802 1701 1871 genuit,
1733 1816 1837 1857 non
1867 1865 1913 1882 ﬁ
1942 1803 2092 1874 quia]
2133 1820 2238 1861 non
2267 1784 2603 1875 patiebatur,
2623 1809 2763 1878 quod
2788 1810 3004 1865 nolebat
3044 1812 3176 1882 pati,
3211 1784 3267 1867 et
3295 1784 3401 1868 non
3426 1784 3512 1870 est

257 1879 509 1944 tempore
553 1882 942 1950 posteriorem,
989 1887 1084 1941 sed
1128 1897 1477 1955 coasternum,
1516 1892 1632 1946 sine
1685 1891 1837 1967 initio

256 1968 523 2036 temporis
547 1983 762 2041 semper
803 1974 990 2030 Deum.
1024 1995 1043 2029 ‹
1072 1978 1190 2033 Non
1237 1990 1322 2034 est
1358 1981 1639 2037 dicendum
1663 2023 1678 2048 ,
1729 1996 1863 2038 non~

254 2062 402 2122 erat.
431 2065 719 2130 antequam
754 2073 912 2121 natus
944 2075 1061 2125 erat
1088 2086 1102 2122 :
1130 2085 1402 2140 nunquam
1432 2073 1576 2127 enim
1605 2089 1711 2129 non
1742 2088 1836 2126 na-

254 2154 352 2231 tus
383 2160 522 2217 erat,
545 2154 641 2222 qui
669 2153 815 2214 Patri
841 2167 1145 2217 coaeternus
1166 2170 1303 2217 erat.
1335 2162 1438 2229 Qui
1466 2165 1627 2235 sapit,
1656 2165 1831 2235 capit;
1938 2170 1941 2173 ’

250 2243 353 2311 sui
391 2260 498 2305 non
525 2250 689 2319 capit,
716 2254 903 2308 credat
934 2272 948 2307 :
980 2256 1248 2311 nutriatur
1282 2256 1407 2322 ﬁde,
1448 2266 1506 2312 ut
1549 2259 1717 2327 possit
1745 2273 1836 2313 oa-

246 2345 389 2401 nete
416 2335 651 2411 Verbum
682 2339 800 2405 Dei,
834 2343 959 2410 quia
985 2345 1222 2401 Verbum
1247 2347 1436 2403 Filius.
1462 2347 1688 2417 Semper
1706 2363 1835 2420 ergo

245 2419 447 2505 Filius.
481 2434 538 2484 et
564 2442 775 2499 semper
797 2434 1039 2501 aequalis.
1073 2436 1189 2491 Non
1217 2439 1360 2491 enim
1389 2440 1700 2504 crescendo,
1739 2419 1835 2495 scd

246 2515 529 2581 nascendo
570 2520 794 2590 aequalis
836 2531 941 2590 est,
979 2526 1071 2596 qui
1107 2542 1322 2599 semper
1366 2538 1527 2585 natus
1565 2531 1631 2585 de
1673 2530 1833 2586 Patre

242 2599 446 2669 Filius,
477 2606 543 2667 de
581 2608 692 2667 Deo
735 2611 901 2684 Deus,
941 2615 1007 2670 de
1051 2626 1255 2674 aeterno
1298 2628 1617 2677 coaeternus.
1672 2622 1831 2678 Pater

242 2700 437 2755 limem
485 2712 592 2757 non
638 2701 704 2756 de
755 2702 893 2760 Filio
937 2704 1117 2762 Deus:
1145 2708 1316 2765 Filius
1359 2712 1426 2767 de
1470 2711 1628 2769 Patre
1666 2713 1824 2770 Deus.

240 2781 376 2859 δᾶερ
401 2784 563 2849 Pater
589 2789 728 2849 Filio
772 2794 1040 2867 gignendo
1082 2799 1226 2855 dedit
1268 2809 1330 2855 ut
1371 2802 1512 2859 Deus
1537 2811 1710 2870 esset;
1743 2805 1827 2876 gi-

239 2876 463 2947 luenda
500 2878 647 2938 dedit
681 2891 743 2941 ut
779 2886 1002 2956 aequalis
1027 2898 1191 2956 esset,
1217 2891 1321 2946 hoc
1344 2900 1448 2959 est,
1476 2897 1617 2965 quod
1655 2897 1829 2967 majus

240 2975 338 3039 est
366 2970 635 3039 omnibus.
676 2994 695 3030 ι
725 2975 850 3032 ideo
896 2984 1230 3045 transcendit
1252 2984 1353 3039 iste
1377 2983 1611 3042 Joannes
1636 2986 1825 3045 omnes

236 3059 560 3121 altitudines
594 3076 988 3136 creaturarum,
1014 3082 1068 3127 et
1094 3074 1259 3137 millia
1297 3077 1566 3132 exercitus
1612 3080 1829 3147 angelo-

237 3165 393 3216 rum,
430 3160 485 3209 et
526 3170 719 3227 magna
756 3161 958 3227 omnia,
991 3181 1011 3213 ι
1041 3173 1096 3218 et
1136 3167 1380 3235 pervenit
1408 3167 1476 3222 ad
1520 3169 1649 3224 illud
1681 3172 1822 3240 quod

235 3242 423 3313 majus
456 3253 538 3301 est
575 3249 848 3315 omnibus,
875 3259 930 3305 et
958 3252 1130 3308 dixit:
1158 3253 1226 3308 In
1263 3257 1516 3329 principio
1541 3269 1653 3313 erat
1693 3259 1820 3315 Ver-

234 3332 390 3400 tum,
420 3343 471 3390 et
504 3334 727 3397 Verbum
763 3351 876 3395 erat
902 3343 1044 3413 apud
1082 3344 1272 3411 Deum,
1299 3356 1347 3401 et
1371 3348 1514 3405 Deus
1550 3361 1662 3405 erat
1697 3351 1822 3407 Ver-

232 3424 366 3505 ﬁum
401 3425 582 3498 (Jaau.
615 3447 657 3497 ι,
689 3433 761 3504 l).
805 3434 918 3491 Hoc
944 3445 1045 3502 est,
1074 3440 1216 3509 quod
1237 3442 1409 3512 majus
1438 3445 1688 3502 omnibus
1711 3455 1818 3513 est,

233 3513 290 3579 id
315 3524 424 3582 est,
452 3526 514 3575 ut
532 3520 635 3577 sim
660 3522 897 3579 Verb'um
927 3525 1064 3596 ejus,
1092 3536 1152 3582 ut
1177 3530 1277 3584 sim
1316 3532 1623 3603 unigenitus
1652 3534 1821 3592 Filius

229 3608 383 3679 eius,
420 3617 482 3667 ut
510 3613 615 3668 sim
642 3615 892 3684 splendor
933 3618 1068 3675 lucis
1108 3621 1241 3691 ejus.
1290 3623 1414 3680 ideo
1445 3642 1602 3682 nemo
1648 3630 1820 3698 rapiet

229 3715 371 3759 oves
404 3703 472 3759 de
510 3721 671 3761 manu
714 3725 855 3777 mea,
884 3718 939 3765 et
965 3728 1121 3769 nemo
1148 3725 1323 3785 potest
1347 3734 1534 3788 rapere
1563 3722 1628 3777 de
1654 3738 1818 3779 manu

232 3791 422 3853 Patris
453 3798 580 3853 mei.
613 3819 633 3851 ι
660 3799 846 3857 Manus
872 3801 1050 3860 Patris
1074 3815 1130 3860 et
1167 3823 1359 3863 manus
1383 3808 1527 3877 Filii,
1558 3828 1664 3867 una
1703 3829 1817 3869 ma-

232 3899 344 3945 nus
363 3894 468 3952 est,
492 3886 547 3944 id
573 3897 676 3956 est,
704 3907 809 3946 una
833 3903 1109 3962 potestas:
1135 3898 1259 3967 quia
1280 3915 1385 3954 una
1413 3901 1682 3967 divinitas,
1709 3918 1815 3958 una

230 3976 516 4048 maiestas,
546 3996 651 4037 una
690 3985 986 4051 aeternitas,
1014 4003 1120 4041 una
1145 3989 1441 4058 aequalitas.
1475 3991 1644 4058 Quam
1670 3994 1817 4048 vide-

228 4068 367 4131 licet
387 4075 766 4144 aequalitatem,
798 4080 911 4149 ipse
934 4082 1193 4139 Dominus
1213 4085 1266 4138 in
1296 4086 1576 4142 divinitate
1601 4090 1812 4161 habuit,

229 4164 551 4234 priusquam
581 4171 813 4226 mundus
853 4181 997 4228 esset
1038 4176 1179 4243 apud
1216 4176 1449 4242 Patrem,
1482 4178 1597 4247 ipse
1625 4180 1677 4234 in
1707 4180 1811 4235 bu-

230 4255 463 4329 yiilitate
489 4258 643 4332 [δίδη
676 4263 1037 4339 humanitate]
1059 4282 1124 4323 ex
1152 4276 1395 4340 tempore
1423 4271 1813 4331 incarnationis

228 4346 463 4415 accepit.

301 4434 376 4493 Et
398 4452 548 4497 uento
559 4448 722 4511 potest
744 4459 926 4515 rapere
945 4446 1008 4501 de
1022 4463 1181 4502 manu
1196 4448 1376 4505 Patris
1387 4453 1508 4506 mei.
1529 4469 1549 4503 ι
1571 4465 1597 4495 υ
1613 4454 1812 4524 Aperte

1867 1865 1915 1951 Β
1941 1865 2154 1963 passus,
2175 1865 2283 1950 nisi
2316 1899 2458 1966 quod
2485 1865 2656 1953 voluit
2677 1901 2811 1969 pati,
2840 1901 3017 1957 adhuc
3042 1865 3136 1972 eos
3157 1865 3394 1971 lapidare
3417 1917 3512 1959 cu-

1937 1985 2147 2056 pientes
2180 1986 2489 2057 alloquitur.
2515 1987 2849 2046 Sustulerunt
2889 1989 3068 2046 Judei
3109 1991 3327 2062 lapides,
3356 1992 3514 2049 stla-

1934 2076 2176 2149 pidareut
2200 2077 2371 2141 illum.
2592 2080 2599 2083 ’

2006 2188 2170 2245 Vens.
2203 2191 2292 2255 52,
2316 2191 2404 2245 55.
2432 2222 2504 2232 —
2530 2191 2814 2266 Respondit
2835 2193 2909 2267 eis
2945 2191 3101 2273 Iesus
3122 2207 3141 2246 :
3160 2192 3333 2267 Multa
3353 2212 3511 2267 opera

1935 2278 2068 2333 bona
2097 2281 2296 2334 ostendi
2326 2281 2465 2335 vobis
2485 2298 2550 2336 ea:
2578 2279 2738 2336 Patre
2762 2300 2896 2347 meo,
2924 2293 3133 2359 propter
3159 2283 3299 2352 quod
3327 2301 3508 2337 eorum

1934 2386 2062 2441 opus
2084 2387 2165 2424 me
2179 2370 2426 2442 lapidatis
2451 2371 2563 2425 ?Et
2590 2371 2669 2426 illi
2695 2373 3067 2445 responderunt
3087 2371 3196 2426 :De
3222 2372 3354 2426 bona
3381 2388 3505 2443 ope-

1935 2476 1991 2514 re
2010 2476 2113 2514 non
2136 2459 2434 2531 lapidamus
2458 2472 2525 2526 te,
2549 2461 2639 2515 sed
2667 2461 2730 2514 de
2760 2442 3237 2532 blasphemia,quia
3267 2470 3321 2515 tu
3354 2442 3507 2515 hdnto

1932 2567 2050 2605 cum
2073 2552 2165 2615 sis,
2189 2540 2321 2621 facis
2350 2560 2397 2606 te
2419 2552 2590 2624 ipsum
2610 2551 2799 2605 Deum.
2822 2550 2903 2606 Ad
2931 2550 3060 2633 illud
3080 2551 3186 2630 hoc
3213 2552 3506 2623 responde-

1934 2649 2079 2706 runt,
2103 2642 2245 2713 quod
2264 2641 2475 2697 dixerat
2516 2661 2529 2697 :
2561 2641 2674 2714 Ego
2696 2651 2744 2697 et
2766 2642 2928 2698 Pater
2950 2660 3114 2699 unum
3138 2661 3337 2699 sumus.
3366 2643 3507 2721 Ecce

1930 2727 2099 2785 Judaei
2129 2732 2511 2787 intellexerunt
2529 2732 2669 2802 quod
2689 2733 2871 2790 Ariani
2899 2749 3003 2813 non
3032 2726 3353 2813 intelligunt.
3380 2735 3505 2791 Ideo

1931 2823 2073 2877 enim
2107 2823 2229 2877 irati
2258 2832 2403 2901 sunt,
2434 2824 2685 2893 quoniam
2738 2832 3024 2880 senserunt
3048 2840 3155 2880 non
3181 2840 3339 2896 posse
3377 2825 3506 2892 dici,

1929 2910 2043 2984 Ego
2066 2922 2114 2967 et
2137 2913 2299 2968 Pater
2323 2931 2485 2968 unum
2510 2931 2713 2981 sumus,
2744 2916 2847 2995 nisi
2865 2915 2957 2971 ubi
2980 2916 3261 3001 mqualitas
3297 2925 3380 2972 est
3405 2914 3509 2972 Pa-

1930 3002 2028 3059 tris
2060 3013 2115 3057 et
2136 3004 2277 3059 Filii.
2309 3024 2327 3055 ί
2361 3005 2619 3061 Dominus
2644 3014 2820 3061 autem
2849 3006 2983 3062 vidit
3005 3008 3132 3078 quid
3154 3008 3508 3079 responderet

1926 3095 2126 3166 pravis.
2162 3095 2309 3151 Vidit
2338 3111 2431 3175 eos
2462 3112 2567 3179 non
2606 3097 2750 3152 ferre
2783 3096 3123 3167 splendorem
3158 3098 3421 3164 veritatis,
3449 3106 3507 3179 et

1845 3217 1894 3281 ο
1928 3164 2022 3242 eos
2069 3188 2295 3242 tentavit
2320 3188 2376 3242 in
2396 3164 2583 3243 verbis
2613 3164 2883 3262 [Aug.,vet
2923 3205 3047 3245 eum
3101 3191 3422 3261 temperavit
3448 3170 3503 3245 in

1854 3276 1892 3309 ³-
1923 3276 2147 3350 verbis].
2194 3277 2384 3332 Nonne
2408 3279 2659 3349 scriptum
2681 3289 2755 3334 est
2793 3282 2847 3334 in
2890 3279 3000 3350 lege
3046 3279 3263 3346 uestra;
3291 3280 3344 3335 id
3397 3286 3502 3359 est,

1921 3368 2073 3423 vobis
2110 3369 2231 3423 data
2265 3386 2279 3423 :
2310 3368 2449 3434 Quia
2475 3386 2567 3441 ego
2596 3371 2727 3437 dixi,
2758 3371 2835 3426 dii
2867 3371 3031 3426 estis?
3057 3371 3200 3427 Deus
3237 3371 3370 3426 dicit
3405 3384 3507 3441 per

1918 3458 2243 3530 Prophetam
2265 3461 2317 3515 in
2344 3462 2551 3531 psalmo
2577 3462 2883 3518 hominibus
2908 3481 2921 3516 :
2961 3462 3074 3533 Ego
3103 3462 3236 3528 dixi,
3268 3460 3360 3516 Dii
3382 3461 3506 3517 estis

1923 3552 2148 3626 (Psalm.
2182 3568 2365 3619 axxxr,
2391 3553 2448 3625 6)
2477 3572 2491 3619 ;
2525 3563 2580 3608 et
2620 3554 2790 3625 legem
2812 3554 3101 3625 appellavit
3126 3553 3388 3609 Dominus
3415 3566 3505 3623 ge-

1919 3628 2178 3698 neraliter
2200 3654 2387 3698 omnes
2416 3644 2538 3700 illas
2564 3644 2916 3714 Scripturas':
2949 3630 3195 3732 quamvis
3222 3644 3352 3700 alibi
3381 3659 3505 3725 spe-

1921 3734 2128 3790 cialiter
2152 3734 2296 3791 dicat
2330 3736 2521 3806 legetn,
2569 3751 2599 3791 a
2641 3737 2921 3807 prophetis
2972 3751 3093 3791 eam
3128 3736 3489 3805 distinguens,

1917 3827 2076 3883 sicuti
2101 3835 2219 3882 est:
2274 3827 2458 3899 (Vsus.
2508 3814 2621 3901 54.)
2676 3810 2787 3883 Lex
2838 3838 2886 3882 et
2910 3828 3174 3899 prophelte
3221 3830 3383 3898 usque
3430 3832 3499 3882 ad

1915 3917 2176 3973 Joannem
2203 3917 2354 3987 (Luc.
2385 3934 2496 3982 xvr,
2548 3916 2658 3989 16).
2712 3917 2782 3972 Et
2806 3921 2863 3972 in
2891 3919 2972 3971 his
2996 3917 3200 3971 duobus
3229 3918 3501 3986 prrrceptis

1918 4016 2026 4086 tota
2052 4006 2136 4062 lea:
2149 4008 2335 4079 pendet
2350 4018 2397 4062 et
2418 4009 2683 4083 prophetas
2705 4008 2923 4085 (Matth.
2946 4024 3086 4073 xxii,
3109 4007 3221 4079 40).
3246 4007 3499 4077 Aliquan-

1916 4098 1985 4153 do
2019 4106 2197 4152 autem
2228 4099 2283 4151 in
2312 4098 2417 4151 tria
2445 4099 2722 4153 distribuit
2772 4098 2989 4151 easdem
3040 4098 3374 4168 Scripturas,
3400 4097 3496 4174 tibi

1915 4188 2018 4243 ait:
2036 4187 2315 4259 Oportebat
2337 4188 2545 4258 impleri
2559 4189 2736 4242 omnia
2750 4205 2866 4259 quae
2881 4190 3073 4261 scripta
3091 4197 3212 4265 sunt
3225 4189 3282 4243 in
3304 4188 3433 4261 lege,
3452 4198 3500 4243 et

1912 4281 2192 4353 prophetis,
2210 4287 2259 4334 et
2278 4278 2494 4350 psalmis
2515 4279 2581 4333 de
2603 4296 2684 4333 me
2706 4278 2857 4351 (Luc.
2876 4282 3025 4340 niv,
3052 4278 3162 4351 44).
3187 4277 3342 4336 Nunc
3366 4295 3496 4337 vero

1915 4374 2074 4429 etiam
2098 4355 2333 4444 psalmos
2354 4370 2487 4442 legis
2510 4372 2727 4426 nomine
2755 4372 3101 4441 nuncupavit,
3117 4371 3208 4426 ubi
3235 4371 3498 4442 scriptum

1913 4473 1997 4520 est
2024 4483 2036 4518 ε
2072 4463 2185 4534 Ego
2222 4463 2353 4527 dixi,
2379 4462 2454 4517 dii
2479 4463 2623 4517 estis.
2654 4461 2843 4534 (Vm.
2862 4446 2949 4527 δε,
2978 4448 3093 4536 te.)
3123 4450 3498 4519 Siillos‘dixit

225 4526 370 4627 dans
390 4529 610 4627 intelligi
644 4550 803 4589 unam
839 4545 1000 4609 atque
1026 4541 1396 4598 indissimilem
1420 4561 1540 4603 esse
1563 4563 1804 4615 manum,
1832 4568 1884 4627 ι)
1910 4555 2055 4619 deos,
2087 4526 2155 4608 ad
2182 4571 2310 4625 quos
2336 4570 2504 4607 sermo
2530 4551 2629 4606 Dei
2658 4526 2827 4623 lactus
2856 4526 2948 4617 est,
2973 4560 3020 4607 et
3047 4526 3149 4608 non
3174 4562 3339 4625 potest
3368 4554 3499 4610 solvi

224 4617 336 4681 hoc
374 4630 475 4687 est,
520 4624 773 4683 virtutem
804 4644 957 4685 suam
983 4640 1038 4687 et
1064 4635 1270 4702 Patris;
1303 4636 1615 4707 atque'ideo
1644 4638 1805 4707 Ghri-
1832 4617 1851 4661 τ

224 4719 376 4775 stum
399 4730 460 4772 se
485 4733 605 4775 esse
630 4723 978 4793 credendum,
1013 4730 1140 4798 quia
1166 4746 1271 4785 non
1301 4732 1441 4786 sicut
1464 4734 1643 4788 caeteri
1676 4750 1803 4789 san-

224 4804 300 4865 eti
340 4804 516 4867 lactus
545 4809 734 4882 [Beda,
762 4820 1148 4894 sanctiﬁcatus]
1178 4837 1275 4891 per
1313 4825 1538 4893 gratiam
1558 4841 1638 4881 .ex
1667 4834 1805 4883 tem-

222 4908 381 4965 nere,
409 4900 506 4955 sed
534 4916 693 4958 verus
735 4921 949 4978 semper
977 4913 1248 4968 exstiterit
1291 4914 1460 4969 Filius
1502 4916 1617 4971 Dei.
1650 4915 1803 4984 Quod

220 4988 391 5052 etiam
426 4996 671 5062 sequenti
692 5002 957 5056 sententia
984 5003 1104 5059 luce
1138 5005 1335 5061 clarius
1359 5009 1549 5078 aperit,
1583 5009 1798 5065 dicens:

220 5078 411 5152 (Vsus.
436 5083 552 5159 50.)
577 5086 690 5159 Ego
714 5099 761 5144 et
784 5089 948 5147 Pater
964 5112 1128 5150 unum
1148 5114 1349 5153 sumus.
1381 5099 1577 5165 Unum,
1604 5102 1800 5171 inquit,

220 5185 428 5238 ωωυε,
471 5193 578 5233 una
605 5181 759 5237 nobis
800 5186 1124 5254 substantia,
1155 5205 1261 5242 una
1289 5198 1374 5244 est
1397 5191 1669 5258 divinitas,
1695 5209 1803 5247 una

219 5267 529 5336 ﬁlernitas,
575 5272 812 5342 perfecta
859 5276 1015 5348 571
1069 5280 1381 5349 aequalitas,
1426 5282 1803 5337 dissimilitudo

216 5355 389 5417 nulla.
417 5358 624 5427 Quibus
645 5365 886 5434 profecto
911 5370 1093 5427 verbis
1124 5386 1232 5425 non
1257 5380 1578 5440 praesentem
1603 5373 1802 5427 solum-

216 5448 384 5507 modo
400 5448 705 5510 Iudaeorum
724 5460 1102 5528 quzestionem,
1123 5477 1229 5532 qua
1256 5479 1323 5517 an
1350 5464 1464 5533 ipse
1484 5472 1627 5518 esset
1647 5464 1803 5520 Chri-

140 5586 145 5593 .
219 5542 342 5598 llus
379 5540 804 5616 interrogabant,
844 5550 1151 5621 explicavit,
1197 5556 1292 5610 sed
1329 5556 1494 5612 etiam
1523 5557 1804 5614 haeretico-

214 5640 349 5690 llm
372 5635 654 5702 perﬁdiam
692 5655 854 5710 quam
880 5641 1116 5702 futuram
1146 5646 1419 5717 praevidit,
1447 5656 1710 5720 quantum
1734 5652 1806 5708 sit

296 5815 325 5847 ι
361 5806 440 5864 Ex
465 5808 629 5887 Beda,
656 5814 878 5892 humilia
900 5819 1082 5879 citata.

1916 4645 2191 4718 Scriptura
2219 4660 2235 4699 :
2265 4662 2416 4717 quem
2447 4640 2611 4699 Pater
2636 4644 2982 4721 sancti/learnt
3020 4654 3069 4700 et
3095 4647 3237 4700 misit
3262 4648 3319 4701 in
3347 4663 3499 4701 mun-

1913 4739 2061 4803 dum,
2102 4756 2187 4793 vos
2220 4739 2397 4792 dicitis
2441 4737 2824 4808 blasphemare,
2855 4738 2981 4808 quia
3010 4736 3147 4803 dixi,
3195 4736 3371 4793 Filius
3399 4738 3496 4792 Dei

1910 4847 2025 4885 sum
2041 4830 2066 4884 .9
2083 4829 2140 4884 Si
2163 4844 2341 4884 sermo
2365 4827 2459 4882 Dei
2480 4827 2659 4883 lactus
2684 4836 2770 4882 est
2798 4827 2875 4882 ad
2886 4828 3152 4907 homines,
3171 4836 3233 4883 nt
3255 4829 3495 4883 diceren-

1912 4926 2004 4975 tur
2025 4920 2119 4985 dii,
2142 4920 2315 4990 ipsum
2332 4917 2571 4973 Verbum
2587 4917 2706 4983 Dei,
2732 4919 2875 4988 quod
2895 4926 2980 4974 est
2994 4920 3134 4989 apud
3150 4920 3341 4983 Deum,
3354 4932 3492 4987 quo-

1913 5009 2076 5063 modo
2102 5022 2209 5062 non
2248 5014 2333 5061 est
2359 5006 2541 5061 Deus?
2564 5004 2621 5061 Si
2648 5021 2748 5077 per
2775 5022 3078 5064 sermonem
3106 5008 3203 5062 Dei
3233 5006 3369 5061 liuet
3395 5006 3493 5060 hoc

1913 5100 2088 5156 mines
2115 5099 2188 5153 dii
2216 5099 2298 5164 ;si
2344 5098 2716 5168 participando
2744 5098 2882 5155 ﬁunt
2913 5101 2987 5156 di-i
3016 5118 3033 5165 ;
3088 5100 3234 5158 unde
3270 5099 3493 5169 partici-

1909 5200 2062 5262 pant,
2094 5188 2409 5261 [quomodo]
2440 5203 2545 5243 non
2583 5198 2666 5244 est
2696 5188 2884 5246 Deus?
2910 5190 2969 5246 Si
2998 5190 3199 5245 lumina
3219 5189 3488 5244 illumina-

1909 5286 1965 5337 ω
1988 5282 2062 5335 dii
2085 5287 2228 5345 sunt,
2261 5279 2438 5333 lumen
2479 5281 2622 5351 quod
2659 5280 2927 5335 illuminat
2970 5280 3242 5350 quomodo
3269 5294 3376 5334 non
3406 5289 3492 5335 est

1909 5370 2099 5429 Deus?
2127 5372 2185 5427 Si
2230 5370 2477 5427 calefacti
2532 5373 2927 5443 quodammodo
2974 5372 3096 5443 igne
3143 5371 3371 5427 salutari
3412 5370 3488 5425 dii

1913 5464 2216 5522 eﬂiciuntur
2242 5506 2257 5531 ,
2284 5465 2425 5519 unde
2468 5448 2718 5520 caleiiunt
2741 5506 2755 5529 ,
2786 5478 2892 5518 non
2942 5449 3028 5519 est
3054 5462 3238 5518 Deus?
3263 5461 3490 5517 Accedis

1915 5557 1987 5612 ad
2005 5557 2205 5620 lumen,
2231 5556 2570 5619 illuminaris,
2610 5562 2666 5609 et
2689 5554 2832 5608 inter
2850 5552 2990 5609 ﬁlios
3010 5553 3108 5608 Dei
3138 5542 3481 5616 numeraris;

1916 5649 1962 5705 si
1983 5649 2189 5705 recedis
2216 5664 2247 5704 a
2273 5648 2495 5713 lumine,
2521 5646 2834 5702 obscuraris
2854 5687 2869 5713 ,
2899 5653 2954 5702 et
2972 5646 3026 5701 in
3058 5645 3299 5702 tenebris
3338 5656 3487 5707 eon-

1986 5826 2017 5885 P
2044 5823 2107 5883 S.
2134 5824 2272 5893 Δνκ.
2302 5823 2407 5885 loc.
2438 5823 2556 5887 Clito.
2584 5836 2732 5889 ιιιιωο
2761 5821 2910 5888 8ο-ιὲ-
