  <div class='ocr_page' id='page_1' title='image "/cluster/home/n/w/nwhite01/storage/ocr_20150623/100/hvd.32044024239972/454.png"; bbox 0 0 4088 6340; ppageno 0'>
   <div class='ocr_carea' id='block_1_1' title="bbox 240 383 346 440">
    <p class='ocr_par' dir='ltr' id='par_1_1' title="bbox 240 383 346 440">
     <span class='ocr_line' id='line_1_1' title="bbox 240 383 346 440; baseline -0.038 0"><span class='ocrx_word' id='word_1_1' title='bbox 240 383 346 440; x_wconf 83' lang='lat'><strong>897</strong></span> 
     </span>
    </p>
   </div>
   <div class='ocr_carea' id='block_1_2' title="bbox 1058 352 2694 430">
    <p class='ocr_par' dir='ltr' id='par_1_2' title="bbox 1058 352 2694 430">
     <span class='ocr_line' id='line_1_2' title="bbox 1058 352 2694 430; baseline -0.011 -1"><span class='ocrx_word' id='word_1_2' title='bbox 1058 368 1472 430; x_wconf 80' lang='lat' dir='ltr'><strong>EXEGETICA.</strong></span> <span class='ocrx_word' id='word_1_3' title='bbox 1512 398 1583 411; x_wconf 89' lang='lat'>—</span> <span class='ocrx_word' id='word_1_4' title='bbox 1617 361 1973 424; x_wconf 81' lang='lat' dir='ltr'><strong>COMMENT.</strong></span> <span class='ocrx_word' id='word_1_5' title='bbox 2012 360 2080 419; x_wconf 80' lang='lat' dir='ltr'><strong>IN</strong></span> <span class='ocrx_word' id='word_1_6' title='bbox 2118 354 2311 417; x_wconf 72' lang='lat' dir='ltr'><strong>JOAN.</strong></span> <span class='ocrx_word' id='word_1_7' title='bbox 2350 388 2423 401; x_wconf 89' lang='lat'><strong>—</strong></span> <span class='ocrx_word' id='word_1_8' title='bbox 2458 355 2587 413; x_wconf 86' lang='lat' dir='ltr'><strong>LIB.</strong></span> <span class='ocrx_word' id='word_1_9' title='bbox 2629 352 2694 412; x_wconf 66' lang='grc' dir='ltr'><strong>Υ.</strong></span> 
     </span>
    </p>
   </div>
   <div class='ocr_carea' id='block_1_3' title="bbox 3394 350 3504 415">
    <p class='ocr_par' dir='ltr' id='par_1_3' title="bbox 3394 350 3504 415">
     <span class='ocr_line' id='line_1_3' title="bbox 3394 350 3504 415; baseline 0 0"><span class='ocrx_word' id='word_1_10' title='bbox 3394 350 3504 415; x_wconf 81' lang='lat'><strong>898</strong></span> 
     </span>
    </p>
   </div>
   <div class='ocr_carea' id='block_1_4' title="bbox 238 481 3608 563">
    <p class='ocr_par' dir='ltr' id='par_1_4' title="bbox 238 481 3608 563">
     <span class='ocr_line' id='line_1_4' title="bbox 238 481 3608 563; baseline -0.005 -3"><span class='ocrx_word' id='word_1_11' title='bbox 238 498 362 555; x_wconf 66' lang='grc' dir='ltr'><strong>θεῖ.</strong></span> <span class='ocrx_word' id='word_1_12' title='bbox 407 493 523 560; x_wconf 78' lang='lat' dir='ltr'><strong>Qua</strong></span> <span class='ocrx_word' id='word_1_13' title='bbox 568 487 776 563; x_wconf 66' lang='lat' dir='ltr'><strong>gloria?</strong></span> <span class='ocrx_word' id='word_1_14' title='bbox 805 486 970 556; x_wconf 81' lang='lat' dir='ltr'><strong>Cuius</strong></span> <span class='ocrx_word' id='word_1_15' title='bbox 1010 485 1314 542; x_wconf 81' lang='lat' dir='ltr'><strong>Dei?Audi</strong></span> <span class='ocrx_word' id='word_1_16' title='bbox 1360 484 1490 556; x_wconf 83' lang='lat' dir='ltr'><strong>quid</strong></span> <span class='ocrx_word' id='word_1_17' title='bbox 1537 481 1820 553; x_wconf 70' lang='lat' dir='ltr'><strong>sequitur:</strong></span> <span class='ocrx_word' id='word_1_18' title='bbox 1851 481 1903 539; x_wconf 82' lang='lat' dir='ltr'><strong>A</strong></span> <span class='ocrx_word' id='word_1_19' title='bbox 1928 494 2004 551; x_wconf 89' lang='lat' dir='ltr'><strong>illi</strong></span> <span class='ocrx_word' id='word_1_20' title='bbox 2020 495 2188 559; x_wconf 84' lang='lat' dir='ltr'><strong>horae,</strong></span> <span class='ocrx_word' id='word_1_21' title='bbox 2204 490 2624 563; x_wconf 86' lang='lat' dir='ltr'><strong>quidibiJudas;</strong></span> <span class='ocrx_word' id='word_1_22' title='bbox 2651 495 2707 543; x_wconf 89' lang='lat' dir='ltr'><strong>et</strong></span> <span class='ocrx_word' id='word_1_23' title='bbox 2726 487 2840 557; x_wconf 84' lang='lat' dir='ltr'><strong>ipse</strong></span> <span class='ocrx_word' id='word_1_24' title='bbox 2860 485 3294 541; x_wconf 86' lang='lat' dir='ltr'><strong>interduodecim</strong></span> <span class='ocrx_word' id='word_1_25' title='bbox 3309 486 3508 543; x_wconf 76' lang='lat' dir='ltr'><strong>horas?</strong></span> <span class='ocrx_word' id='word_1_26' title='bbox 3598 549 3608 559; x_wconf 55' lang='grc'><strong>,</strong></span> 
     </span>
    </p>
   </div>
   <div class='ocr_carea' id='block_1_5' title="bbox 245 572 1828 656">
    <p class='ocr_par' dir='ltr' id='par_1_5' title="bbox 245 572 1828 656">
     <span class='ocr_line' id='line_1_5' title="bbox 245 572 1828 656; baseline -0.009 -16"><span class='ocrx_word' id='word_1_27' title='bbox 245 586 313 640; x_wconf 85' lang='lat' dir='ltr'><strong>Ut</strong></span> <span class='ocrx_word' id='word_1_28' title='bbox 342 582 667 656; x_wconf 80' lang='lat' dir='ltr'><strong>qloriﬁcetur</strong></span> <span class='ocrx_word' id='word_1_29' title='bbox 694 578 868 634; x_wconf 85' lang='lat' dir='ltr'><strong>Filius</strong></span> <span class='ocrx_word' id='word_1_30' title='bbox 903 577 1022 632; x_wconf 91' lang='lat' dir='ltr'><strong>Dei.</strong></span> <span class='ocrx_word' id='word_1_31' title='bbox 1053 576 1348 648; x_wconf 76' lang='lat' dir='ltr'><strong>Inﬁrmitas</strong></span> <span class='ocrx_word' id='word_1_32' title='bbox 1378 590 1507 646; x_wconf 83' lang='lat' dir='ltr'><strong>ergo</strong></span> <span class='ocrx_word' id='word_1_33' title='bbox 1560 574 1705 639; x_wconf 75' lang='lat' dir='ltr'><strong>hwc,</strong></span> <span class='ocrx_word' id='word_1_34' title='bbox 1741 572 1828 627; x_wconf 88' lang='lat' dir='ltr'><strong>in-</strong></span> 
     </span>
    </p>
   </div>
   <div class='ocr_carea' id='block_1_6' title="bbox 244 662 1832 750">
    <p class='ocr_par' dir='ltr' id='par_1_6' title="bbox 244 662 1832 750">
     <span class='ocr_line' id='line_1_6' title="bbox 244 662 1832 750; baseline -0.01 -17"><span class='ocrx_word' id='word_1_35' title='bbox 244 679 385 750; x_wconf 88' lang='lat' dir='ltr'><strong>quit,</strong></span> <span class='ocrx_word' id='word_1_36' title='bbox 411 693 517 731; x_wconf 87' lang='lat' dir='ltr'><strong>non</strong></span> <span class='ocrx_word' id='word_1_37' title='bbox 543 682 617 732; x_wconf 87' lang='lat' dir='ltr'><strong>est</strong></span> <span class='ocrx_word' id='word_1_38' title='bbox 646 673 716 727; x_wconf 88' lang='lat' dir='ltr'><strong>ad</strong></span> <span class='ocrx_word' id='word_1_39' title='bbox 744 680 983 735; x_wconf 89' lang='lat' dir='ltr'><strong>mortem,</strong></span> <span class='ocrx_word' id='word_1_40' title='bbox 1013 671 1102 725; x_wconf 87' lang='lat' dir='ltr'><strong>sed</strong></span> <span class='ocrx_word' id='word_1_41' title='bbox 1131 687 1225 741; x_wconf 89' lang='lat' dir='ltr'><strong>pro</strong></span> <span class='ocrx_word' id='word_1_42' title='bbox 1273 668 1442 741; x_wconf 78' lang='lat' dir='ltr'><strong>gloria</strong></span> <span class='ocrx_word' id='word_1_43' title='bbox 1472 667 1599 728; x_wconf 30' lang='lat' dir='ltr'><strong>Dein</strong></span> <span class='ocrx_word' id='word_1_44' title='bbox 1630 674 1687 719; x_wconf 90' lang='lat' dir='ltr'><strong>ut</strong></span> <span class='ocrx_word' id='word_1_45' title='bbox 1716 662 1832 735; x_wconf 87' lang='lat' dir='ltr'><strong>glo-</strong></span> 
     </span>
    </p>
   </div>
   <div class='ocr_carea' id='block_1_7' title="bbox 245 758 1834 839">
    <p class='ocr_par' dir='ltr' id='par_1_7' title="bbox 245 758 1834 839">
     <span class='ocr_line' id='line_1_7' title="bbox 245 758 1834 839; baseline -0.009 -15"><span class='ocrx_word' id='word_1_46' title='bbox 245 770 487 839; x_wconf 79' lang='lat' dir='ltr'><strong>riﬁcetur</strong></span> <span class='ocrx_word' id='word_1_47' title='bbox 534 763 709 821; x_wconf 81' lang='lat' dir='ltr'><strong>Filius</strong></span> <span class='ocrx_word' id='word_1_48' title='bbox 758 763 857 818; x_wconf 91' lang='lat' dir='ltr'><strong>Dei</strong></span> <span class='ocrx_word' id='word_1_49' title='bbox 883 781 975 835; x_wconf 89' lang='lat' dir='ltr'><strong>per</strong></span> <span class='ocrx_word' id='word_1_50' title='bbox 1002 779 1137 817; x_wconf 90' lang='lat' dir='ltr'><strong>eam.</strong></span> <span class='ocrx_word' id='word_1_51' title='bbox 1160 761 1266 818; x_wconf 89' lang='lat' dir='ltr'><strong>Per</strong></span> <span class='ocrx_word' id='word_1_52' title='bbox 1294 761 1498 833; x_wconf 84' lang='lat' dir='ltr'><strong>quam?</strong></span> <span class='ocrx_word' id='word_1_53' title='bbox 1541 759 1648 814; x_wconf 87' lang='lat' dir='ltr'><strong>Per</strong></span> <span class='ocrx_word' id='word_1_54' title='bbox 1684 758 1834 813; x_wconf 87' lang='lat' dir='ltr'><strong>illam</strong></span> 
     </span>
    </p>
   </div>
   <div class='ocr_carea' id='block_1_8' title="bbox 248 846 1834 928">
    <p class='ocr_par' dir='ltr' id='par_1_8' title="bbox 248 846 1834 928">
     <span class='ocr_line' id='line_1_8' title="bbox 248 846 1834 928; baseline -0.009 -13"><span class='ocrx_word' id='word_1_55' title='bbox 248 858 644 915; x_wconf 86' lang='lat' dir='ltr'><strong>inﬁrmitatem.</strong></span> <span class='ocrx_word' id='word_1_56' title='bbox 676 855 860 928; x_wconf 75' lang='lat' dir='ltr'><strong>(Vsus.</strong></span> <span class='ocrx_word' id='word_1_57' title='bbox 900 854 978 927; x_wconf 83' lang='lat'><strong>5.)</strong></span> <span class='ocrx_word' id='word_1_58' title='bbox 1007 853 1266 924; x_wconf 86' lang='lat' dir='ltr'><strong>Diligebat</strong></span> <span class='ocrx_word' id='word_1_59' title='bbox 1295 862 1469 907; x_wconf 83' lang='lat' dir='ltr'><strong>autem</strong></span> <span class='ocrx_word' id='word_1_60' title='bbox 1494 849 1650 904; x_wconf 70' lang='lat' dir='ltr'><strong>Iesus</strong></span> <span class='ocrx_word' id='word_1_61' title='bbox 1683 846 1834 902; x_wconf 81' lang='lat' dir='ltr'><strong>Mar-</strong></span> 
     </span>
    </p>
   </div>
   <div class='ocr_carea' id='block_1_9' title="bbox 248 938 1836 1015">
    <p class='ocr_par' dir='ltr' id='par_1_9' title="bbox 248 938 1836 1015">
     <span class='ocr_line' id='line_1_9' title="bbox 248 938 1836 1015; baseline -0.008 -11"><span class='ocrx_word' id='word_1_62' title='bbox 248 949 397 1004; x_wconf 86' lang='lat' dir='ltr'><strong>tham</strong></span> <span class='ocrx_word' id='word_1_63' title='bbox 418 955 468 1002; x_wconf 91' lang='lat' dir='ltr'><strong>et</strong></span> <span class='ocrx_word' id='word_1_64' title='bbox 494 962 728 1002; x_wconf 77' lang='lat' dir='ltr'><strong>sororem</strong></span> <span class='ocrx_word' id='word_1_65' title='bbox 753 946 868 1015; x_wconf 89' lang='lat' dir='ltr'><strong>ejus</strong></span> <span class='ocrx_word' id='word_1_66' title='bbox 895 944 1148 1010; x_wconf 78' lang='lat' dir='ltr'><strong>Mariam,</strong></span> <span class='ocrx_word' id='word_1_67' title='bbox 1178 953 1226 998; x_wconf 91' lang='lat' dir='ltr'><strong>et</strong></span> <span class='ocrx_word' id='word_1_68' title='bbox 1247 943 1534 997; x_wconf 79' lang='lat' dir='ltr'><strong>Lazarum.</strong></span> <span class='ocrx_word' id='word_1_69' title='bbox 1569 960 1587 991; x_wconf 81' lang='grc'><em>‹</em></span> <span class='ocrx_word' id='word_1_70' title='bbox 1608 940 1699 995; x_wconf 91' lang='lat' dir='ltr'><strong>llle</strong></span> <span class='ocrx_word' id='word_1_71' title='bbox 1720 938 1836 993; x_wconf 89' lang='lat' dir='ltr'><strong>lan-</strong></span> 
     </span>
    </p>
   </div>
   <div class='ocr_carea' id='block_1_10' title="bbox 248 1033 1834 1112">
    <p class='ocr_par' dir='ltr' id='par_1_10' title="bbox 248 1033 1834 1112">
     <span class='ocr_line' id='line_1_10' title="bbox 248 1033 1834 1112; baseline -0.007 -16"><span class='ocrx_word' id='word_1_72' title='bbox 248 1054 439 1112; x_wconf 87' lang='lat' dir='ltr'><strong>guens,</strong></span> <span class='ocrx_word' id='word_1_73' title='bbox 480 1038 585 1094; x_wconf 74' lang='lat' dir='ltr'><strong>illae</strong></span> <span class='ocrx_word' id='word_1_74' title='bbox 607 1038 809 1102; x_wconf 75' lang='lat' dir='ltr'><strong>tristes,</strong></span> <span class='ocrx_word' id='word_1_75' title='bbox 840 1051 1027 1091; x_wconf 89' lang='lat' dir='ltr'><strong>omnes</strong></span> <span class='ocrx_word' id='word_1_76' title='bbox 1052 1035 1254 1090; x_wconf 77' lang='lat' dir='ltr'><strong>dilecti.</strong></span> <span class='ocrx_word' id='word_1_77' title='bbox 1289 1033 1397 1089; x_wconf 89' lang='lat' dir='ltr'><strong>Sed</strong></span> <span class='ocrx_word' id='word_1_78' title='bbox 1425 1033 1681 1104; x_wconf 75' lang='lat' dir='ltr'><strong>diligebat</strong></span> <span class='ocrx_word' id='word_1_79' title='bbox 1710 1046 1834 1096; x_wconf 89' lang='lat' dir='ltr'><strong>eos,</strong></span> 
     </span>
    </p>
   </div>
   <div class='ocr_carea' id='block_1_11' title="bbox 248 1125 1840 1199">
    <p class='ocr_par' dir='ltr' id='par_1_11' title="bbox 248 1125 1840 1199">
     <span class='ocr_line' id='line_1_11' title="bbox 248 1125 1840 1199; baseline -0.007 -14"><span class='ocrx_word' id='word_1_80' title='bbox 248 1140 305 1185; x_wconf 89' lang='lat' dir='ltr'><strong>et</strong></span> <span class='ocrx_word' id='word_1_81' title='bbox 329 1128 696 1199; x_wconf 73' lang='lat' dir='ltr'><strong>languentium</strong></span> <span class='ocrx_word' id='word_1_82' title='bbox 719 1126 958 1181; x_wconf 77' lang='lat' dir='ltr'><strong>salvator</strong></span> <span class='ocrx_word' id='word_1_83' title='bbox 979 1167 992 1188; x_wconf 93' lang='lat'><strong>,</strong></span> <span class='ocrx_word' id='word_1_84' title='bbox 1026 1126 1135 1179; x_wconf 91' lang='lat' dir='ltr'><strong>imo</strong></span> <span class='ocrx_word' id='word_1_85' title='bbox 1162 1125 1324 1179; x_wconf 89' lang='lat' dir='ltr'><strong>etiam</strong></span> <span class='ocrx_word' id='word_1_86' title='bbox 1354 1131 1687 1178; x_wconf 88' lang='lat' dir='ltr'><strong>mortuorum</strong></span> <span class='ocrx_word' id='word_1_87' title='bbox 1723 1135 1840 1175; x_wconf 88' lang='lat' dir='ltr'><strong>sns-</strong></span> 
     </span>
    </p>
   </div>
   <div class='ocr_carea' id='block_1_12' title="bbox 249 1211 1839 1288">
    <p class='ocr_par' dir='ltr' id='par_1_12' title="bbox 249 1211 1839 1288">
     <span class='ocr_line' id='line_1_12' title="bbox 249 1211 1839 1288; baseline -0.009 -10"><span class='ocrx_word' id='word_1_88' title='bbox 249 1224 471 1285; x_wconf 88' lang='lat' dir='ltr'><strong>citator,</strong></span> <span class='ocrx_word' id='word_1_89' title='bbox 498 1229 551 1276; x_wconf 89' lang='lat' dir='ltr'><strong>et</strong></span> <span class='ocrx_word' id='word_1_90' title='bbox 574 1221 809 1273; x_wconf 81' lang='lat' dir='ltr'><strong>tristium</strong></span> <span class='ocrx_word' id='word_1_91' title='bbox 831 1218 1157 1273; x_wconf 72' lang='lat' dir='ltr'><strong>consolator.</strong></span> <span class='ocrx_word' id='word_1_92' title='bbox 1184 1216 1371 1288; x_wconf 69' lang='lat' dir='ltr'><strong>(Vnus.</strong></span> <span class='ocrx_word' id='word_1_93' title='bbox 1400 1214 1477 1285; x_wconf 85' lang='lat'><strong>6.)</strong></span> <span class='ocrx_word' id='word_1_94' title='bbox 1504 1211 1571 1267; x_wconf 88' lang='lat' dir='ltr'><strong>Ut</strong></span> <span class='ocrx_word' id='word_1_95' title='bbox 1602 1229 1722 1282; x_wconf 89' lang='lat' dir='ltr'><strong>ergo</strong></span> <span class='ocrx_word' id='word_1_96' title='bbox 1743 1228 1839 1264; x_wconf 86' lang='lat' dir='ltr'><strong>au-</strong></span> 
     </span>
    </p>
   </div>
   <div class='ocr_carea' id='block_1_13' title="bbox 249 1305 1841 1385">
    <p class='ocr_par' dir='ltr' id='par_1_13' title="bbox 249 1305 1841 1385">
     <span class='ocr_line' id='line_1_13' title="bbox 249 1305 1841 1385; baseline -0.006 -17"><span class='ocrx_word' id='word_1_97' title='bbox 249 1315 380 1369; x_wconf 84' lang='lat' dir='ltr'><strong>divit</strong></span> <span class='ocrx_word' id='word_1_98' title='bbox 410 1313 549 1385; x_wconf 88' lang='lat' dir='ltr'><strong>quod</strong></span> <span class='ocrx_word' id='word_1_99' title='bbox 576 1310 965 1381; x_wconf 83' lang='lat' dir='ltr'><strong>in/irmabatur,</strong></span> <span class='ocrx_word' id='word_1_100' title='bbox 990 1321 1111 1364; x_wconf 90' lang='lat' dir='ltr'><strong>tunc</strong></span> <span class='ocrx_word' id='word_1_101' title='bbox 1138 1310 1348 1380; x_wconf 82' lang='lat' dir='ltr'><strong>quidem</strong></span> <span class='ocrx_word' id='word_1_102' title='bbox 1371 1310 1560 1363; x_wconf 78' lang='lat' dir='ltr'><strong>mansit</strong></span> <span class='ocrx_word' id='word_1_103' title='bbox 1590 1315 1645 1360; x_wconf 84' lang='lat' dir='ltr'><strong>in</strong></span> <span class='ocrx_word' id='word_1_104' title='bbox 1661 1305 1841 1359; x_wconf 84' lang='lat' dir='ltr'><strong>eodem</strong></span> 
     </span>
    </p>
   </div>
   <div class='ocr_carea' id='block_1_14' title="bbox 250 1399 1842 1474">
    <p class='ocr_par' dir='ltr' id='par_1_14' title="bbox 250 1399 1842 1474">
     <span class='ocr_line' id='line_1_14' title="bbox 250 1399 1842 1474; baseline -0.004 -14"><span class='ocrx_word' id='word_1_105' title='bbox 250 1404 368 1460; x_wconf 88' lang='lat' dir='ltr'><strong>loco</strong></span> <span class='ocrx_word' id='word_1_106' title='bbox 382 1404 583 1459; x_wconf 88' lang='lat' dir='ltr'><strong>duobus</strong></span> <span class='ocrx_word' id='word_1_107' title='bbox 599 1404 802 1458; x_wconf 87' lang='lat' dir='ltr'><strong>diebus.</strong></span> <span class='ocrx_word' id='word_1_108' title='bbox 821 1402 1212 1459; x_wconf 85' lang='lat' dir='ltr'><strong>Nuntiaverunt</strong></span> <span class='ocrx_word' id='word_1_109' title='bbox 1235 1418 1363 1474; x_wconf 84' lang='lat' dir='ltr'><strong>ergo</strong></span> <span class='ocrx_word' id='word_1_110' title='bbox 1380 1402 1504 1466; x_wconf 59' lang='lat' dir='ltr'><strong>illa},</strong></span> <span class='ocrx_word' id='word_1_111' title='bbox 1519 1400 1718 1455; x_wconf 87' lang='lat' dir='ltr'><strong>mansit</strong></span> <span class='ocrx_word' id='word_1_112' title='bbox 1734 1399 1842 1453; x_wconf 87' lang='lat' dir='ltr'><strong>illic</strong></span> 
     </span>
    </p>
   </div>
   <div class='ocr_carea' id='block_1_15' title="bbox 252 1492 1840 1568">
    <p class='ocr_par' dir='ltr' id='par_1_15' title="bbox 252 1492 1840 1568">
     <span class='ocr_line' id='line_1_15' title="bbox 252 1492 1840 1568; baseline -0.006 -14"><span class='ocrx_word' id='word_1_113' title='bbox 252 1499 366 1555; x_wconf 90' lang='lat' dir='ltr'><strong>ille.</strong></span> <span class='ocrx_word' id='word_1_114' title='bbox 398 1497 606 1553; x_wconf 89' lang='lat' dir='ltr'><strong>Tandiu</strong></span> <span class='ocrx_word' id='word_1_115' title='bbox 652 1506 864 1568; x_wconf 88' lang='lat' dir='ltr'><strong>tempus</strong></span> <span class='ocrx_word' id='word_1_116' title='bbox 917 1497 1139 1552; x_wconf 89' lang='lat' dir='ltr'><strong>ductum</strong></span> <span class='ocrx_word' id='word_1_117' title='bbox 1187 1506 1291 1561; x_wconf 90' lang='lat' dir='ltr'><strong>est,</strong></span> <span class='ocrx_word' id='word_1_118' title='bbox 1323 1510 1603 1566; x_wconf 88' lang='lat' dir='ltr'><strong>quousque</strong></span> <span class='ocrx_word' id='word_1_119' title='bbox 1632 1492 1840 1563; x_wconf 86' lang='lat' dir='ltr'><strong>quatri-</strong></span> 
     </span>
    </p>
   </div>
   <div class='ocr_carea' id='block_1_16' title="bbox 256 1584 1844 1660">
    <p class='ocr_par' dir='ltr' id='par_1_16' title="bbox 256 1584 1844 1660">
     <span class='ocr_line' id='line_1_16' title="bbox 256 1584 1844 1660; baseline -0.008 -13"><span class='ocrx_word' id='word_1_120' title='bbox 256 1593 423 1648; x_wconf 86' lang='lat' dir='ltr'><strong>duum</strong></span> <span class='ocrx_word' id='word_1_121' title='bbox 450 1589 833 1660; x_wconf 88' lang='lat' dir='ltr'><strong>compleretur.</strong></span> <span class='ocrx_word' id='word_1_122' title='bbox 856 1586 976 1643; x_wconf 86' lang='lat' dir='ltr'><strong>Non</strong></span> <span class='ocrx_word' id='word_1_123' title='bbox 1000 1586 1225 1652; x_wconf 82' lang='lat' dir='ltr'><strong>frustra,</strong></span> <span class='ocrx_word' id='word_1_124' title='bbox 1260 1587 1363 1642; x_wconf 90' lang='lat' dir='ltr'><strong>nisi</strong></span> <span class='ocrx_word' id='word_1_125' title='bbox 1393 1587 1518 1656; x_wconf 87' lang='lat' dir='ltr'><strong>quia</strong></span> <span class='ocrx_word' id='word_1_126' title='bbox 1546 1584 1704 1647; x_wconf 84' lang='lat' dir='ltr'><strong>forte,</strong></span> <span class='ocrx_word' id='word_1_127' title='bbox 1734 1584 1844 1637; x_wconf 90' lang='lat' dir='ltr'><strong>imo</strong></span> 
     </span>
    </p>
   </div>
   <div class='ocr_carea' id='block_1_17' title="bbox 255 1677 1844 1755">
    <p class='ocr_par' dir='ltr' id='par_1_17' title="bbox 255 1677 1844 1755">
     <span class='ocr_line' id='line_1_17' title="bbox 255 1677 1844 1755; baseline -0.006 -15"><span class='ocrx_word' id='word_1_128' title='bbox 255 1684 383 1755; x_wconf 85' lang='lat' dir='ltr'><strong>quia</strong></span> <span class='ocrx_word' id='word_1_129' title='bbox 397 1690 564 1748; x_wconf 83' lang='lat' dir='ltr'><strong>certe,</strong></span> <span class='ocrx_word' id='word_1_130' title='bbox 578 1690 636 1738; x_wconf 89' lang='lat' dir='ltr'><strong>et</strong></span> <span class='ocrx_word' id='word_1_131' title='bbox 656 1682 770 1753; x_wconf 89' lang='lat' dir='ltr'><strong>ipse</strong></span> <span class='ocrx_word' id='word_1_132' title='bbox 780 1695 1040 1737; x_wconf 88' lang='lat' dir='ltr'><strong>numerus</strong></span> <span class='ocrx_word' id='word_1_133' title='bbox 1066 1681 1275 1736; x_wconf 88' lang='lat' dir='ltr'><strong>dierum</strong></span> <span class='ocrx_word' id='word_1_134' title='bbox 1289 1680 1505 1734; x_wconf 88' lang='lat' dir='ltr'><strong>intimat</strong></span> <span class='ocrx_word' id='word_1_135' title='bbox 1525 1677 1745 1747; x_wconf 86' lang='lat' dir='ltr'><strong>aliquod</strong></span> <span class='ocrx_word' id='word_1_136' title='bbox 1758 1693 1844 1731; x_wconf 88' lang='lat' dir='ltr'><strong>sa-</strong></span> 
     </span>
    </p>
   </div>
   <div class='ocr_carea' id='block_1_18' title="bbox 256 1768 1847 1844">
    <p class='ocr_par' dir='ltr' id='par_1_18' title="bbox 256 1768 1847 1844">
     <span class='ocr_line' id='line_1_18' title="bbox 256 1768 1847 1844; baseline -0.009 -11"><span class='ocrx_word' id='word_1_137' title='bbox 256 1782 617 1833; x_wconf 89' lang='lat' dir='ltr'><strong>cramentum.</strong></span> <span class='ocrx_word' id='word_1_138' title='bbox 654 1771 838 1837; x_wconf 74' lang='lat' dir='ltr'><strong>(Vsus.</strong></span> <span class='ocrx_word' id='word_1_139' title='bbox 882 1772 959 1844; x_wconf 87' lang='lat'><strong>7.)</strong></span> <span class='ocrx_word' id='word_1_140' title='bbox 1006 1771 1208 1826; x_wconf 79' lang='lat' dir='ltr'><strong>Deinde</strong></span> <span class='ocrx_word' id='word_1_141' title='bbox 1237 1781 1350 1843; x_wconf 87' lang='lat' dir='ltr'><strong>post</strong></span> <span class='ocrx_word' id='word_1_142' title='bbox 1397 1770 1508 1824; x_wconf 76' lang='lat' dir='ltr'><strong>lure</strong></span> <span class='ocrx_word' id='word_1_143' title='bbox 1538 1769 1661 1822; x_wconf 86' lang='lat' dir='ltr'><strong>dicit</strong></span> <span class='ocrx_word' id='word_1_144' title='bbox 1688 1768 1847 1821; x_wconf 87' lang='lat' dir='ltr'><strong>disci-</strong></span> 
     </span>
    </p>
   </div>
   <div class='ocr_carea' id='block_1_19' title="bbox 257 1856 1845 1943">
    <p class='ocr_par' dir='ltr' id='par_1_19' title="bbox 257 1856 1845 1943">
     <span class='ocr_line' id='line_1_19' title="bbox 257 1856 1845 1943; baseline -0.007 -18"><span class='ocrx_word' id='word_1_145' title='bbox 257 1870 397 1943; x_wconf 86' lang='lat' dir='ltr'><strong>pulis</strong></span> <span class='ocrx_word' id='word_1_146' title='bbox 428 1870 536 1924; x_wconf 87' lang='lat' dir='ltr'><strong>suis</strong></span> <span class='ocrx_word' id='word_1_147' title='bbox 566 1882 585 1920; x_wconf 90' lang='lat'><strong>:</strong></span> <span class='ocrx_word' id='word_1_148' title='bbox 614 1866 814 1921; x_wconf 88' lang='lat' dir='ltr'><strong>Eamus</strong></span> <span class='ocrx_word' id='word_1_149' title='bbox 843 1867 898 1920; x_wconf 85' lang='lat' dir='ltr'><strong>in</strong></span> <span class='ocrx_word' id='word_1_150' title='bbox 942 1864 1189 1918; x_wconf 77' lang='lat' dir='ltr'><strong>Judrram</strong></span> <span class='ocrx_word' id='word_1_151' title='bbox 1215 1866 1405 1918; x_wconf 77' lang='lat' dir='ltr'><strong>iterum</strong></span> <span class='ocrx_word' id='word_1_152' title='bbox 1435 1861 1525 1915; x_wconf 89' lang='lat' dir='ltr'><strong>ubi</strong></span> <span class='ocrx_word' id='word_1_153' title='bbox 1568 1875 1704 1930; x_wconf 92' lang='lat' dir='ltr'><strong>pene</strong></span> <span class='ocrx_word' id='word_1_154' title='bbox 1731 1856 1845 1914; x_wconf 77' lang='lat' dir='ltr'><strong>fue-</strong></span> 
     </span>
    </p>
   </div>
   <div class='ocr_carea' id='block_1_20' title="bbox 261 1951 1841 2032">
    <p class='ocr_par' dir='ltr' id='par_1_20' title="bbox 261 1951 1841 2032">
     <span class='ocr_line' id='line_1_20' title="bbox 261 1951 1841 2032; baseline -0.008 -15"><span class='ocrx_word' id='word_1_155' title='bbox 261 1971 351 2017; x_wconf 88' lang='lat' dir='ltr'><strong>rat</strong></span> <span class='ocrx_word' id='word_1_156' title='bbox 387 1962 696 2032; x_wconf 77' lang='lat' dir='ltr'><strong>lapidatus;</strong></span> <span class='ocrx_word' id='word_1_157' title='bbox 724 1958 815 2029; x_wconf 91' lang='lat' dir='ltr'><strong>qui</strong></span> <span class='ocrx_word' id='word_1_158' title='bbox 845 1964 1129 2028; x_wconf 87' lang='lat' dir='ltr'><strong>prepterea</strong></span> <span class='ocrx_word' id='word_1_159' title='bbox 1180 1954 1303 2009; x_wconf 91' lang='lat' dir='ltr'><strong>inde</strong></span> <span class='ocrx_word' id='word_1_160' title='bbox 1332 1952 1648 2008; x_wconf 77' lang='lat' dir='ltr'><strong>discessisse</strong></span> <span class='ocrx_word' id='word_1_161' title='bbox 1690 1951 1841 2006; x_wconf 87' lang='lat' dir='ltr'><strong>vide-</strong></span> 
     </span>
    </p>
   </div>
   <div class='ocr_carea' id='block_1_21' title="bbox 259 2039 1848 2119">
    <p class='ocr_par' dir='ltr' id='par_1_21' title="bbox 259 2039 1848 2119">
     <span class='ocr_line' id='line_1_21' title="bbox 259 2039 1848 2119; baseline -0.009 -10"><span class='ocrx_word' id='word_1_162' title='bbox 259 2056 444 2118; x_wconf 83' lang='lat' dir='ltr'><strong>batur,</strong></span> <span class='ocrx_word' id='word_1_163' title='bbox 470 2066 539 2107; x_wconf 88' lang='lat' dir='ltr'><strong>ne</strong></span> <span class='ocrx_word' id='word_1_164' title='bbox 567 2050 918 2119; x_wconf 88' lang='lat' dir='ltr'><strong>lapidaretur.</strong></span> <span class='ocrx_word' id='word_1_165' title='bbox 963 2045 1223 2101; x_wconf 86' lang='lat' dir='ltr'><strong>Discessit</strong></span> <span class='ocrx_word' id='word_1_166' title='bbox 1265 2044 1413 2098; x_wconf 91' lang='lat' dir='ltr'><strong>enim</strong></span> <span class='ocrx_word' id='word_1_167' title='bbox 1434 2050 1495 2097; x_wconf 88' lang='lat' dir='ltr'><strong>ut</strong></span> <span class='ocrx_word' id='word_1_168' title='bbox 1536 2042 1722 2106; x_wconf 88' lang='lat' dir='ltr'><strong>homo,</strong></span> <span class='ocrx_word' id='word_1_169' title='bbox 1754 2039 1848 2094; x_wconf 89' lang='lat' dir='ltr'><strong>sed</strong></span> 
     </span>
    </p>
   </div>
   <div class='ocr_carea' id='block_1_22' title="bbox 260 2130 1849 2212">
    <p class='ocr_par' dir='ltr' id='par_1_22' title="bbox 260 2130 1849 2212">
     <span class='ocr_line' id='line_1_22' title="bbox 260 2130 1849 2212; baseline -0.008 -13"><span class='ocrx_word' id='word_1_170' title='bbox 260 2144 319 2201; x_wconf 92' lang='lat' dir='ltr'><strong>in</strong></span> <span class='ocrx_word' id='word_1_171' title='bbox 342 2142 616 2199; x_wconf 91' lang='lat' dir='ltr'><strong>redeundo</strong></span> <span class='ocrx_word' id='word_1_172' title='bbox 642 2140 796 2212; x_wconf 87' lang='lat' dir='ltr'><strong>quasi</strong></span> <span class='ocrx_word' id='word_1_173' title='bbox 838 2138 1038 2193; x_wconf 90' lang='lat' dir='ltr'><strong>oblitus</strong></span> <span class='ocrx_word' id='word_1_174' title='bbox 1066 2130 1461 2198; x_wconf 82' lang='lat' dir='ltr'><strong>inﬁrmitatem,</strong></span> <span class='ocrx_word' id='word_1_175' title='bbox 1492 2133 1729 2189; x_wconf 76' lang='lat' dir='ltr'><strong>ostendit</strong></span> <span class='ocrx_word' id='word_1_176' title='bbox 1754 2146 1849 2201; x_wconf 85' lang='lat' dir='ltr'><strong>po-</strong></span> 
     </span>
    </p>
   </div>
   <div class='ocr_carea' id='block_1_23' title="bbox 261 2228 1851 2304">
    <p class='ocr_par' dir='ltr' id='par_1_23' title="bbox 261 2228 1851 2304">
     <span class='ocr_line' id='line_1_23' title="bbox 261 2228 1851 2304; baseline -0.011 -7"><span class='ocrx_word' id='word_1_177' title='bbox 261 2250 537 2298; x_wconf 84' lang='lat' dir='ltr'><strong>testatem.</strong></span> <span class='ocrx_word' id='word_1_178' title='bbox 589 2238 813 2302; x_wconf 86' lang='lat' dir='ltr'><strong>Eamus,</strong></span> <span class='ocrx_word' id='word_1_179' title='bbox 845 2235 1042 2304; x_wconf 83' lang='lat' dir='ltr'><strong>inquit,</strong></span> <span class='ocrx_word' id='word_1_180' title='bbox 1084 2236 1141 2287; x_wconf 93' lang='lat' dir='ltr'><strong>in</strong></span> <span class='ocrx_word' id='word_1_181' title='bbox 1169 2231 1438 2285; x_wconf 75' lang='lat' dir='ltr'><strong>Judwam.</strong></span> <span class='ocrx_word' id='word_1_182' title='bbox 1466 2230 1707 2297; x_wconf 83' lang='lat' dir='ltr'><strong>Denique</strong></span> <span class='ocrx_word' id='word_1_183' title='bbox 1748 2228 1851 2281; x_wconf 86' lang='lat' dir='ltr'><strong>hoc</strong></span> 
     </span>
    </p>
   </div>
   <div class='ocr_carea' id='block_1_24' title="bbox 262 2318 1848 2395">
    <p class='ocr_par' dir='ltr' id='par_1_24' title="bbox 262 2318 1848 2395">
     <span class='ocr_line' id='line_1_24' title="bbox 262 2318 1848 2395; baseline -0.011 -8"><span class='ocrx_word' id='word_1_184' title='bbox 262 2331 430 2394; x_wconf 87' lang='lat' dir='ltr'><strong>dicto,</strong></span> <span class='ocrx_word' id='word_1_185' title='bbox 460 2329 638 2383; x_wconf 85' lang='lat' dir='ltr'><strong>videte</strong></span> <span class='ocrx_word' id='word_1_186' title='bbox 664 2325 1117 2395; x_wconf 86' lang='lat' dir='ltr'><strong>quemadmodum</strong></span> <span class='ocrx_word' id='word_1_187' title='bbox 1144 2321 1393 2391; x_wconf 86' lang='lat' dir='ltr'><strong>discipuli</strong></span> <span class='ocrx_word' id='word_1_188' title='bbox 1410 2320 1587 2375; x_wconf 82' lang='lat' dir='ltr'><strong>territi</strong></span> <span class='ocrx_word' id='word_1_189' title='bbox 1613 2318 1848 2373; x_wconf 82' lang='lat' dir='ltr'><strong>fuerunt.</strong></span> 
     </span>
    </p>
   </div>
   <div class='ocr_carea' id='block_1_25' title="bbox 265 2410 1852 2494">
    <p class='ocr_par' dir='ltr' id='par_1_25' title="bbox 265 2410 1852 2494">
     <span class='ocr_line' id='line_1_25' title="bbox 265 2410 1852 2494; baseline -0.011 -17"><span class='ocrx_word' id='word_1_190' title='bbox 265 2422 456 2494; x_wconf 77' lang='lat' dir='ltr'><strong>(Vsus.</strong></span> <span class='ocrx_word' id='word_1_191' title='bbox 489 2421 545 2483; x_wconf 90' lang='lat'><strong>8,</strong></span> <span class='ocrx_word' id='word_1_192' title='bbox 578 2418 656 2489; x_wconf 83' lang='lat'><strong>9.)</strong></span> <span class='ocrx_word' id='word_1_193' title='bbox 694 2417 890 2469; x_wconf 85' lang='lat' dir='ltr'><strong>Dicunt</strong></span> <span class='ocrx_word' id='word_1_194' title='bbox 929 2415 975 2467; x_wconf 90' lang='lat' dir='ltr'><strong>ei</strong></span> <span class='ocrx_word' id='word_1_195' title='bbox 1009 2412 1297 2484; x_wconf 88' lang='lat' dir='ltr'><strong>discipuli:</strong></span> <span class='ocrx_word' id='word_1_196' title='bbox 1322 2410 1508 2475; x_wconf 86' lang='lat' dir='ltr'><strong>Rabbi,</strong></span> <span class='ocrx_word' id='word_1_197' title='bbox 1539 2427 1675 2463; x_wconf 85' lang='lat' dir='ltr'><strong>nunc</strong></span> <span class='ocrx_word' id='word_1_198' title='bbox 1703 2424 1852 2479; x_wconf 64' lang='lat' dir='ltr'><strong>quiv-</strong></span> 
     </span>
    </p>
   </div>
   <div class='ocr_carea' id='block_1_26' title="bbox 266 2499 1854 2579">
    <p class='ocr_par' dir='ltr' id='par_1_26' title="bbox 266 2499 1854 2579">
     <span class='ocr_line' id='line_1_26' title="bbox 266 2499 1854 2579; baseline -0.008 -14"><span class='ocrx_word' id='word_1_199' title='bbox 266 2511 449 2565; x_wconf 87' lang='lat' dir='ltr'><strong>rebant</strong></span> <span class='ocrx_word' id='word_1_200' title='bbox 469 2520 518 2563; x_wconf 92' lang='lat' dir='ltr'><strong>te</strong></span> <span class='ocrx_word' id='word_1_201' title='bbox 547 2508 793 2579; x_wconf 89' lang='lat' dir='ltr'><strong>lapidare</strong></span> <span class='ocrx_word' id='word_1_202' title='bbox 818 2506 1019 2571; x_wconf 69' lang='lat' dir='ltr'><strong>Iudici,</strong></span> <span class='ocrx_word' id='word_1_203' title='bbox 1048 2514 1094 2558; x_wconf 92' lang='lat' dir='ltr'><strong>et</strong></span> <span class='ocrx_word' id='word_1_204' title='bbox 1118 2505 1306 2557; x_wconf 86' lang='lat' dir='ltr'><strong>iterum</strong></span> <span class='ocrx_word' id='word_1_205' title='bbox 1340 2502 1489 2557; x_wconf 85' lang='lat' dir='ltr'><strong>vadis</strong></span> <span class='ocrx_word' id='word_1_206' title='bbox 1530 2500 1696 2554; x_wconf 86' lang='lat' dir='ltr'><strong>illuc?</strong></span> <span class='ocrx_word' id='word_1_207' title='bbox 1728 2499 1854 2553; x_wconf 79' lang='lat' dir='ltr'><strong>Res-</strong></span> 
     </span>
    </p>
   </div>
   <div class='ocr_carea' id='block_1_27' title="bbox 264 2587 1853 2673">
    <p class='ocr_par' dir='ltr' id='par_1_27' title="bbox 264 2587 1853 2673">
     <span class='ocr_line' id='line_1_27' title="bbox 264 2587 1853 2673; baseline -0.009 -18"><span class='ocrx_word' id='word_1_208' title='bbox 264 2599 452 2673; x_wconf 86' lang='lat' dir='ltr'><strong>pondit</strong></span> <span class='ocrx_word' id='word_1_209' title='bbox 470 2598 627 2653; x_wconf 84' lang='lat' dir='ltr'><strong>Jesus</strong></span> <span class='ocrx_word' id='word_1_210' title='bbox 658 2612 675 2651; x_wconf 91' lang='lat'><strong>:</strong></span> <span class='ocrx_word' id='word_1_211' title='bbox 701 2597 889 2652; x_wconf 89' lang='lat' dir='ltr'><strong>Nonne</strong></span> <span class='ocrx_word' id='word_1_212' title='bbox 915 2594 1190 2649; x_wconf 83' lang='lat' dir='ltr'><strong>duodecim</strong></span> <span class='ocrx_word' id='word_1_213' title='bbox 1217 2593 1361 2647; x_wconf 72' lang='lat' dir='ltr'><strong>hora:</strong></span> <span class='ocrx_word' id='word_1_214' title='bbox 1391 2601 1511 2645; x_wconf 87' lang='lat' dir='ltr'><strong>sunt</strong></span> <span class='ocrx_word' id='word_1_215' title='bbox 1539 2591 1643 2644; x_wconf 83' lang='lat' dir='ltr'><strong>diei</strong></span> <span class='ocrx_word' id='word_1_216' title='bbox 1666 2590 1690 2643; x_wconf 72' lang='grc' dir='ltr'><strong>ξ)</strong></span> <span class='ocrx_word' id='word_1_217' title='bbox 1715 2587 1853 2655; x_wconf 87' lang='lat' dir='ltr'><strong>Quid</strong></span> 
     </span>
    </p>
   </div>
   <div class='ocr_carea' id='block_1_28' title="bbox 265 2680 1853 2754">
    <p class='ocr_par' dir='ltr' id='par_1_28' title="bbox 265 2680 1853 2754">
     <span class='ocr_line' id='line_1_28' title="bbox 265 2680 1853 2754; baseline -0.008 -9"><span class='ocrx_word' id='word_1_218' title='bbox 265 2688 373 2746; x_wconf 86' lang='lat' dir='ltr'><strong>sibi</strong></span> <span class='ocrx_word' id='word_1_219' title='bbox 422 2687 539 2742; x_wconf 91' lang='lat' dir='ltr'><strong>vult</strong></span> <span class='ocrx_word' id='word_1_220' title='bbox 565 2688 667 2743; x_wconf 90' lang='lat' dir='ltr'><strong>ista</strong></span> <span class='ocrx_word' id='word_1_221' title='bbox 697 2683 1120 2754; x_wconf 88' lang='lat' dir='ltr'><strong>responsio?llli</strong></span> <span class='ocrx_word' id='word_1_222' title='bbox 1163 2683 1453 2738; x_wconf 80' lang='lat' dir='ltr'><strong>dixerunt:</strong></span> <span class='ocrx_word' id='word_1_223' title='bbox 1499 2680 1658 2735; x_wconf 78' lang='lat' dir='ltr'><strong>Modo</strong></span> <span class='ocrx_word' id='word_1_224' title='bbox 1687 2689 1736 2733; x_wconf 87' lang='lat' dir='ltr'><strong>te</strong></span> <span class='ocrx_word' id='word_1_225' title='bbox 1760 2695 1853 2733; x_wconf 85' lang='lat' dir='ltr'><strong>vo-</strong></span> 
     </span>
    </p>
   </div>
   <div class='ocr_carea' id='block_1_29' title="bbox 265 2771 1857 2851">
    <p class='ocr_par' dir='ltr' id='par_1_29' title="bbox 265 2771 1857 2851">
     <span class='ocr_line' id='line_1_29' title="bbox 265 2771 1857 2851; baseline -0.007 -16"><span class='ocrx_word' id='word_1_226' title='bbox 265 2779 444 2835; x_wconf 87' lang='lat' dir='ltr'><strong>lebant</strong></span> <span class='ocrx_word' id='word_1_227' title='bbox 468 2778 705 2851; x_wconf 85' lang='lat' dir='ltr'><strong>lapidare</strong></span> <span class='ocrx_word' id='word_1_228' title='bbox 741 2776 942 2841; x_wconf 64' lang='lat' dir='ltr'><strong>Judaei,</strong></span> <span class='ocrx_word' id='word_1_229' title='bbox 965 2786 1013 2830; x_wconf 90' lang='lat' dir='ltr'><strong>et</strong></span> <span class='ocrx_word' id='word_1_230' title='bbox 1039 2777 1230 2830; x_wconf 81' lang='lat' dir='ltr'><strong>iterum</strong></span> <span class='ocrx_word' id='word_1_231' title='bbox 1251 2774 1399 2829; x_wconf 85' lang='lat' dir='ltr'><strong>vadis</strong></span> <span class='ocrx_word' id='word_1_232' title='bbox 1439 2772 1591 2839; x_wconf 86' lang='lat' dir='ltr'><strong>illuc,</strong></span> <span class='ocrx_word' id='word_1_233' title='bbox 1616 2781 1676 2828; x_wconf 93' lang='lat' dir='ltr'><strong>ut</strong></span> <span class='ocrx_word' id='word_1_234' title='bbox 1696 2780 1747 2826; x_wconf 90' lang='lat' dir='ltr'><strong>te</strong></span> <span class='ocrx_word' id='word_1_235' title='bbox 1776 2771 1857 2825; x_wconf 90' lang='lat' dir='ltr'><strong>la-</strong></span> 
     </span>
    </p>
   </div>
   <div class='ocr_carea' id='block_1_30' title="bbox 265 2868 1855 2941">
    <p class='ocr_par' dir='ltr' id='par_1_30' title="bbox 265 2868 1855 2941">
     <span class='ocr_line' id='line_1_30' title="bbox 265 2868 1855 2941; baseline -0.006 -14"><span class='ocrx_word' id='word_1_236' title='bbox 265 2871 496 2941; x_wconf 83' lang='lat' dir='ltr'><strong>pident?</strong></span> <span class='ocrx_word' id='word_1_237' title='bbox 523 2870 593 2926; x_wconf 87' lang='lat' dir='ltr'><strong>Et</strong></span> <span class='ocrx_word' id='word_1_238' title='bbox 636 2870 897 2926; x_wconf 89' lang='lat' dir='ltr'><strong>Dominus</strong></span> <span class='ocrx_word' id='word_1_239' title='bbox 931 2887 945 2923; x_wconf 93' lang='lat'><strong>:</strong></span> <span class='ocrx_word' id='word_1_240' title='bbox 980 2868 1171 2924; x_wconf 90' lang='lat' dir='ltr'><strong>Nonne</strong></span> <span class='ocrx_word' id='word_1_241' title='bbox 1213 2868 1488 2922; x_wconf 83' lang='lat' dir='ltr'><strong>duodecim</strong></span> <span class='ocrx_word' id='word_1_242' title='bbox 1540 2868 1684 2920; x_wconf 77' lang='lat' dir='ltr'><strong>hora:</strong></span> <span class='ocrx_word' id='word_1_243' title='bbox 1732 2873 1855 2919; x_wconf 88' lang='lat' dir='ltr'><strong>sunt</strong></span> 
     </span>
    </p>
   </div>
   <div class='ocr_carea' id='block_1_31' title="bbox 268 2965 429 3020">
    <p class='ocr_par' dir='ltr' id='par_1_31' title="bbox 268 2965 429 3020">
     <span class='ocr_line' id='line_1_31' title="bbox 268 2965 429 3020; baseline -0.006 0"><span class='ocrx_word' id='word_1_244' title='bbox 268 2965 429 3020; x_wconf 83' lang='lat' dir='ltr'><strong>diei?</strong></span> 
     </span>
    </p>
   </div>
   <div class='ocr_carea' id='block_1_32' title="bbox 344 3049 1857 3129">
    <p class='ocr_par' dir='ltr' id='par_1_32' title="bbox 344 3049 1857 3129">
     <span class='ocr_line' id='line_1_32' title="bbox 344 3049 1857 3129; baseline -0.008 -14"><span class='ocrx_word' id='word_1_245' title='bbox 344 3060 507 3116; x_wconf 77' lang='lat' dir='ltr'><strong>Vsus.</strong></span> <span class='ocrx_word' id='word_1_246' title='bbox 542 3060 629 3113; x_wconf 86' lang='grc'><strong>10.</strong></span> <span class='ocrx_word' id='word_1_247' title='bbox 651 3087 724 3099; x_wconf 85' lang='grc'><strong><em>-</em></strong></span> <span class='ocrx_word' id='word_1_248' title='bbox 743 3059 804 3113; x_wconf 81' lang='lat' dir='ltr'><strong>St</strong></span> <span class='ocrx_word' id='word_1_249' title='bbox 829 3060 946 3129; x_wconf 79' lang='lat' dir='ltr'><strong>quis</strong></span> <span class='ocrx_word' id='word_1_250' title='bbox 976 3055 1319 3111; x_wconf 77' lang='lat' dir='ltr'><strong>ambulaverit</strong></span> <span class='ocrx_word' id='word_1_251' title='bbox 1345 3069 1399 3107; x_wconf 78' lang='lat' dir='ltr'><strong>in</strong></span> <span class='ocrx_word' id='word_1_252' title='bbox 1424 3054 1529 3116; x_wconf 86' lang='lat' dir='ltr'><strong>die,</strong></span> <span class='ocrx_word' id='word_1_253' title='bbox 1557 3067 1661 3105; x_wconf 89' lang='lat' dir='ltr'><strong>non</strong></span> <span class='ocrx_word' id='word_1_254' title='bbox 1692 3049 1857 3120; x_wconf 73' lang='lat' dir='ltr'><strong>o/Ten—</strong></span> 
     </span>
    </p>
   </div>
   <div class='ocr_carea' id='block_1_33' title="bbox 1933 578 3509 649">
    <p class='ocr_par' dir='ltr' id='par_1_33' title="bbox 1933 578 3509 649">
     <span class='ocr_line' id='line_1_33' title="bbox 1933 578 3509 649; baseline -0.004 -8"><span class='ocrx_word' id='word_1_255' title='bbox 1933 585 1991 641; x_wconf 91' lang='lat' dir='ltr'><strong>Si</strong></span> <span class='ocrx_word' id='word_1_256' title='bbox 2020 586 2153 641; x_wconf 85' lang='lat' dir='ltr'><strong>hora</strong></span> <span class='ocrx_word' id='word_1_257' title='bbox 2177 593 2316 649; x_wconf 88' lang='lat' dir='ltr'><strong>erat,</strong></span> <span class='ocrx_word' id='word_1_258' title='bbox 2349 582 2580 645; x_wconf 79' lang='lat' dir='ltr'><strong>lucebat;</strong></span> <span class='ocrx_word' id='word_1_259' title='bbox 2616 580 2660 635; x_wconf 90' lang='lat' dir='ltr'><strong>si</strong></span> <span class='ocrx_word' id='word_1_260' title='bbox 2699 578 2931 643; x_wconf 84' lang='lat' dir='ltr'><strong>lucebat,</strong></span> <span class='ocrx_word' id='word_1_261' title='bbox 2961 578 3235 648; x_wconf 91' lang='lat' dir='ltr'><strong>quomodo</strong></span> <span class='ocrx_word' id='word_1_262' title='bbox 3278 578 3418 634; x_wconf 89' lang='lat' dir='ltr'><strong>diem</strong></span> <span class='ocrx_word' id='word_1_263' title='bbox 3441 579 3509 634; x_wconf 89' lang='lat' dir='ltr'><strong>ad</strong></span> 
     </span>
    </p>
   </div>
   <div class='ocr_carea' id='block_1_34' title="bbox 1932 670 3511 734">
    <p class='ocr_par' dir='ltr' id='par_1_34' title="bbox 1932 670 3511 734">
     <span class='ocr_line' id='line_1_34' title="bbox 1932 670 3511 734; baseline -0.006 0"><span class='ocrx_word' id='word_1_264' title='bbox 1932 687 2164 734; x_wconf 91' lang='lat' dir='ltr'><strong>mortem</strong></span> <span class='ocrx_word' id='word_1_265' title='bbox 2196 676 2487 732; x_wconf 83' lang='lat' dir='ltr'><strong>tradebat?</strong></span> <span class='ocrx_word' id='word_1_266' title='bbox 2517 673 2624 729; x_wconf 90' lang='lat' dir='ltr'><strong>Sed</strong></span> <span class='ocrx_word' id='word_1_267' title='bbox 2669 672 2929 726; x_wconf 90' lang='lat' dir='ltr'><strong>Dominus</strong></span> <span class='ocrx_word' id='word_1_268' title='bbox 2976 672 3029 725; x_wconf 91' lang='lat' dir='ltr'><strong>in</strong></span> <span class='ocrx_word' id='word_1_269' title='bbox 3058 671 3162 725; x_wconf 85' lang='lat' dir='ltr'><strong>hoc</strong></span> <span class='ocrx_word' id='word_1_270' title='bbox 3185 670 3370 734; x_wconf 89' lang='lat' dir='ltr'><strong>verbo,</strong></span> <span class='ocrx_word' id='word_1_271' title='bbox 3403 685 3511 725; x_wconf 90' lang='lat' dir='ltr'><strong>non</strong></span> 
     </span>
    </p>
   </div>
   <div class='ocr_carea' id='block_1_35' title="bbox 1933 762 3511 841">
    <p class='ocr_par' dir='ltr' id='par_1_35' title="bbox 1933 762 3511 841">
     <span class='ocr_line' id='line_1_35' title="bbox 1933 762 3511 841; baseline -0.006 -17"><span class='ocrx_word' id='word_1_272' title='bbox 1933 770 2109 841; x_wconf 89' lang='lat' dir='ltr'><strong>ipsum</strong></span> <span class='ocrx_word' id='word_1_273' title='bbox 2135 767 2345 831; x_wconf 87' lang='lat' dir='ltr'><strong>Judam,</strong></span> <span class='ocrx_word' id='word_1_274' title='bbox 2395 767 2489 822; x_wconf 90' lang='lat' dir='ltr'><strong>sed</strong></span> <span class='ocrx_word' id='word_1_275' title='bbox 2538 778 2907 820; x_wconf 89' lang='lat' dir='ltr'><strong>successorem</strong></span> <span class='ocrx_word' id='word_1_276' title='bbox 2947 763 3114 832; x_wconf 82' lang='lat' dir='ltr'><strong>ipsius</strong></span> <span class='ocrx_word' id='word_1_277' title='bbox 3159 762 3511 831; x_wconf 82' lang='lat' dir='ltr'><strong>praevidebat.</strong></span> 
     </span>
    </p>
   </div>
   <div class='ocr_carea' id='block_1_36' title="bbox 1934 855 3516 925">
    <p class='ocr_par' dir='ltr' id='par_1_36' title="bbox 1934 855 3516 925">
     <span class='ocr_line' id='line_1_36' title="bbox 1934 855 3516 925; baseline -0.004 -8"><span class='ocrx_word' id='word_1_278' title='bbox 1934 861 2071 917; x_wconf 83' lang='lat' dir='ltr'><strong>Juda</strong></span> <span class='ocrx_word' id='word_1_279' title='bbox 2103 863 2247 917; x_wconf 87' lang='lat' dir='ltr'><strong>enim</strong></span> <span class='ocrx_word' id='word_1_280' title='bbox 2278 861 2525 925; x_wconf 88' lang='lat' dir='ltr'><strong>cadente,</strong></span> <span class='ocrx_word' id='word_1_281' title='bbox 2557 858 2820 913; x_wconf 90' lang='lat' dir='ltr'><strong>successit</strong></span> <span class='ocrx_word' id='word_1_282' title='bbox 2858 856 3131 920; x_wconf 82' lang='lat' dir='ltr'><strong>Matthias,</strong></span> <span class='ocrx_word' id='word_1_283' title='bbox 3165 865 3221 910; x_wconf 90' lang='lat' dir='ltr'><strong>et</strong></span> <span class='ocrx_word' id='word_1_284' title='bbox 3246 855 3516 912; x_wconf 87' lang='lat' dir='ltr'><strong>duodena-</strong></span> 
     </span>
    </p>
   </div>
   <div class='ocr_carea' id='block_1_37' title="bbox 1935 945 3515 1022">
    <p class='ocr_par' dir='ltr' id='par_1_37' title="bbox 1935 945 3515 1022">
     <span class='ocr_line' id='line_1_37' title="bbox 1935 945 3515 1022; baseline -0.004 -14"><span class='ocrx_word' id='word_1_285' title='bbox 1935 954 2050 1008; x_wconf 88' lang='lat' dir='ltr'><strong>rius</strong></span> <span class='ocrx_word' id='word_1_286' title='bbox 2080 968 2337 1008; x_wconf 89' lang='lat' dir='ltr'><strong>numerus</strong></span> <span class='ocrx_word' id='word_1_287' title='bbox 2383 951 2581 1005; x_wconf 89' lang='lat' dir='ltr'><strong>mansit</strong></span> <span class='ocrx_word' id='word_1_288' title='bbox 2608 950 2745 1022; x_wconf 82' lang='lat' dir='ltr'><strong>(Act.</strong></span> <span class='ocrx_word' id='word_1_289' title='bbox 2773 967 2811 1015; x_wconf 84' lang='grc' dir='ltr'><strong>ι,</strong></span> <span class='ocrx_word' id='word_1_290' title='bbox 2839 948 2950 1020; x_wconf 71' lang='grc'><strong>26).</strong></span> <span class='ocrx_word' id='word_1_291' title='bbox 2984 948 3098 1003; x_wconf 86' lang='lat' dir='ltr'><strong>Non</strong></span> <span class='ocrx_word' id='word_1_292' title='bbox 3128 948 3272 1003; x_wconf 89' lang='lat' dir='ltr'><strong>enim</strong></span> <span class='ocrx_word' id='word_1_293' title='bbox 3314 945 3515 1003; x_wconf 80' lang='lat' dir='ltr'><strong>frustra</strong></span> 
     </span>
    </p>
   </div>
   <div class='ocr_carea' id='block_1_38' title="bbox 1936 1039 3518 1114">
    <p class='ocr_par' dir='ltr' id='par_1_38' title="bbox 1936 1039 3518 1114">
     <span class='ocr_line' id='line_1_38' title="bbox 1936 1039 3518 1114; baseline -0.002 -13"><span class='ocrx_word' id='word_1_294' title='bbox 1936 1046 2218 1101; x_wconf 88' lang='lat' dir='ltr'><strong>duodecim</strong></span> <span class='ocrx_word' id='word_1_295' title='bbox 2251 1045 2542 1114; x_wconf 89' lang='lat' dir='ltr'><strong>discipulos</strong></span> <span class='ocrx_word' id='word_1_296' title='bbox 2571 1043 2751 1112; x_wconf 78' lang='lat' dir='ltr'><strong>elegit,</strong></span> <span class='ocrx_word' id='word_1_297' title='bbox 2800 1043 2903 1097; x_wconf 83' lang='lat' dir='ltr'><strong>nisi</strong></span> <span class='ocrx_word' id='word_1_298' title='bbox 2934 1042 3059 1112; x_wconf 87' lang='lat' dir='ltr'><strong>quia</strong></span> <span class='ocrx_word' id='word_1_299' title='bbox 3100 1042 3213 1111; x_wconf 89' lang='lat' dir='ltr'><strong>ipse</strong></span> <span class='ocrx_word' id='word_1_300' title='bbox 3256 1039 3518 1112; x_wconf 76' lang='lat' dir='ltr'><strong>spiritalis</strong></span> 
     </span>
    </p>
   </div>
   <div class='ocr_carea' id='block_1_39' title="bbox 1937 1135 3521 1209">
    <p class='ocr_par' dir='ltr' id='par_1_39' title="bbox 1937 1135 3521 1209">
     <span class='ocr_line' id='line_1_39' title="bbox 1937 1135 3521 1209; baseline -0.004 -12"><span class='ocrx_word' id='word_1_301' title='bbox 1937 1150 2022 1197; x_wconf 91' lang='lat' dir='ltr'><strong>est</strong></span> <span class='ocrx_word' id='word_1_302' title='bbox 2049 1141 2183 1196; x_wconf 90' lang='lat' dir='ltr'><strong>dies.</strong></span> <span class='ocrx_word' id='word_1_303' title='bbox 2223 1138 2529 1208; x_wconf 78' lang='lat' dir='ltr'><strong>Sequuntur</strong></span> <span class='ocrx_word' id='word_1_304' title='bbox 2550 1153 2677 1209; x_wconf 65' lang='lat' dir='ltr'><strong>ergo</strong></span> <span class='ocrx_word' id='word_1_305' title='bbox 2701 1138 2846 1191; x_wconf 70' lang='lat' dir='ltr'><strong>hora:</strong></span> <span class='ocrx_word' id='word_1_306' title='bbox 2869 1137 3028 1197; x_wconf 84' lang='lat' dir='ltr'><strong>diem,</strong></span> <span class='ocrx_word' id='word_1_307' title='bbox 3054 1135 3348 1206; x_wconf 82' lang='lat' dir='ltr'><strong>praedicent</strong></span> <span class='ocrx_word' id='word_1_308' title='bbox 3372 1135 3521 1191; x_wconf 65' lang='lat' dir='ltr'><strong>horae</strong></span> 
     </span>
    </p>
   </div>
   <div class='ocr_carea' id='block_1_40' title="bbox 1942 1224 3521 1293">
    <p class='ocr_par' dir='ltr' id='par_1_40' title="bbox 1942 1224 3521 1293">
     <span class='ocr_line' id='line_1_40' title="bbox 1942 1224 3521 1293; baseline -0.003 -9"><span class='ocrx_word' id='word_1_309' title='bbox 1942 1230 2104 1293; x_wconf 90' lang='lat' dir='ltr'><strong>diem,</strong></span> <span class='ocrx_word' id='word_1_310' title='bbox 2157 1232 2304 1285; x_wconf 69' lang='lat' dir='ltr'><strong>liora:</strong></span> <span class='ocrx_word' id='word_1_311' title='bbox 2346 1228 2682 1282; x_wconf 76' lang='lat' dir='ltr'><strong>illustrantur</strong></span> <span class='ocrx_word' id='word_1_312' title='bbox 2712 1244 2742 1280; x_wconf 90' lang='lat' dir='ltr'><strong>a</strong></span> <span class='ocrx_word' id='word_1_313' title='bbox 2772 1228 2877 1291; x_wconf 86' lang='lat' dir='ltr'><strong>die,</strong></span> <span class='ocrx_word' id='word_1_314' title='bbox 2926 1228 3074 1281; x_wconf 65' lang='lat' dir='ltr'><strong>liora:</strong></span> <span class='ocrx_word' id='word_1_315' title='bbox 3102 1224 3521 1279; x_wconf 89' lang='lat' dir='ltr'><strong>illuminentura</strong></span> 
     </span>
    </p>
   </div>
   <div class='ocr_carea' id='block_1_41' title="bbox 1942 1316 3523 1391">
    <p class='ocr_par' dir='ltr' id='par_1_41' title="bbox 1942 1316 3523 1391">
     <span class='ocr_line' id='line_1_41' title="bbox 1942 1316 3523 1391; baseline -0.003 -16"><span class='ocrx_word' id='word_1_316' title='bbox 1942 1321 2048 1385; x_wconf 90' lang='lat' dir='ltr'><strong>die,</strong></span> <span class='ocrx_word' id='word_1_317' title='bbox 2071 1329 2125 1375; x_wconf 89' lang='lat' dir='ltr'><strong>et</strong></span> <span class='ocrx_word' id='word_1_318' title='bbox 2153 1336 2250 1391; x_wconf 90' lang='lat' dir='ltr'><strong>per</strong></span> <span class='ocrx_word' id='word_1_319' title='bbox 2276 1321 2536 1374; x_wconf 87' lang='lat' dir='ltr'><strong>horarum</strong></span> <span class='ocrx_word' id='word_1_320' title='bbox 2585 1318 3021 1389; x_wconf 57' lang='lat' dir='ltr'><strong>praedicationem</strong></span> <span class='ocrx_word' id='word_1_321' title='bbox 3051 1318 3238 1373; x_wconf 87' lang='lat' dir='ltr'><strong>credat</strong></span> <span class='ocrx_word' id='word_1_322' title='bbox 3291 1316 3523 1372; x_wconf 90' lang='lat' dir='ltr'><strong>mundus</strong></span> 
     </span>
    </p>
   </div>
   <div class='ocr_carea' id='block_1_42' title="bbox 1942 1407 3521 1481">
    <p class='ocr_par' dir='ltr' id='par_1_42' title="bbox 1942 1407 3521 1481">
     <span class='ocr_line' id='line_1_42' title="bbox 1942 1407 3521 1481; baseline -0.003 -16"><span class='ocrx_word' id='word_1_323' title='bbox 1942 1411 1997 1465; x_wconf 92' lang='lat' dir='ltr'><strong>in</strong></span> <span class='ocrx_word' id='word_1_324' title='bbox 2022 1411 2184 1465; x_wconf 88' lang='lat' dir='ltr'><strong>diem.</strong></span> <span class='ocrx_word' id='word_1_325' title='bbox 2218 1411 2329 1467; x_wconf 86' lang='lat' dir='ltr'><strong>lloc</strong></span> <span class='ocrx_word' id='word_1_326' title='bbox 2351 1425 2481 1481; x_wconf 87' lang='lat' dir='ltr'><strong>ergo</strong></span> <span class='ocrx_word' id='word_1_327' title='bbox 2512 1410 2588 1463; x_wconf 91' lang='lat' dir='ltr'><strong>ait</strong></span> <span class='ocrx_word' id='word_1_328' title='bbox 2622 1410 2687 1463; x_wconf 90' lang='lat' dir='ltr'><strong>de</strong></span> <span class='ocrx_word' id='word_1_329' title='bbox 2715 1407 3064 1478; x_wconf 87' lang='lat' dir='ltr'><strong>compendio:</strong></span> <span class='ocrx_word' id='word_1_330' title='bbox 3096 1409 3178 1463; x_wconf 81' lang='lat' dir='ltr'><strong>Me</strong></span> <span class='ocrx_word' id='word_1_331' title='bbox 3211 1407 3521 1478; x_wconf 89' lang='lat' dir='ltr'><strong>sequimini,</strong></span> 
     </span>
    </p>
   </div>
   <div class='ocr_carea' id='block_1_43' title="bbox 1944 1499 3525 1573">
    <p class='ocr_par' dir='ltr' id='par_1_43' title="bbox 1944 1499 3525 1573">
     <span class='ocr_line' id='line_1_43' title="bbox 1944 1499 3525 1573; baseline -0.001 -18"><span class='ocrx_word' id='word_1_332' title='bbox 1944 1502 1989 1556; x_wconf 89' lang='lat' dir='ltr'><strong>si</strong></span> <span class='ocrx_word' id='word_1_333' title='bbox 2027 1517 2133 1555; x_wconf 92' lang='lat' dir='ltr'><strong>non</strong></span> <span class='ocrx_word' id='word_1_334' title='bbox 2161 1502 2323 1555; x_wconf 84' lang='lat' dir='ltr'><strong>vultis</strong></span> <span class='ocrx_word' id='word_1_335' title='bbox 2351 1516 2553 1555; x_wconf 87' lang='lat' dir='ltr'><strong>errare.</strong></span> <span class='ocrx_word' id='word_1_336' title='bbox 2581 1499 2599 1573; x_wconf 96' lang='lat'>(</span> <span class='ocrx_word' id='word_1_337' title='bbox 2630 1501 2792 1554; x_wconf 74' lang='lat' dir='ltr'><strong>Vnus.</strong></span> <span class='ocrx_word' id='word_1_338' title='bbox 2842 1499 2957 1573; x_wconf 79' lang='lat' dir='ltr'><strong>ll.)</strong></span> <span class='ocrx_word' id='word_1_339' title='bbox 2989 1500 3059 1554; x_wconf 88' lang='lat' dir='ltr'><strong>Et</strong></span> <span class='ocrx_word' id='word_1_340' title='bbox 3108 1508 3222 1570; x_wconf 86' lang='lat' dir='ltr'><strong>post</strong></span> <span class='ocrx_word' id='word_1_341' title='bbox 3249 1500 3347 1554; x_wconf 81' lang='lat' dir='ltr'><strong>hoc</strong></span> <span class='ocrx_word' id='word_1_342' title='bbox 3392 1500 3525 1554; x_wconf 87' lang='lat' dir='ltr'><strong>dicit</strong></span> 
     </span>
    </p>
   </div>
   <div class='ocr_carea' id='block_1_44' title="bbox 1944 1588 3527 1656">
    <p class='ocr_par' dir='ltr' id='par_1_44' title="bbox 1944 1588 3527 1656">
     <span class='ocr_line' id='line_1_44' title="bbox 1944 1588 3527 1656; baseline -0.001 -11"><span class='ocrx_word' id='word_1_343' title='bbox 1944 1591 2060 1645; x_wconf 86' lang='lat' dir='ltr'><strong>eis:</strong></span> <span class='ocrx_word' id='word_1_344' title='bbox 2087 1590 2327 1644; x_wconf 82' lang='lat' dir='ltr'><strong>Lazarus</strong></span> <span class='ocrx_word' id='word_1_345' title='bbox 2373 1591 2573 1644; x_wconf 86' lang='lat' dir='ltr'><strong>amicus</strong></span> <span class='ocrx_word' id='word_1_346' title='bbox 2627 1599 2801 1643; x_wconf 83' lang='lat' dir='ltr'><strong>noster</strong></span> <span class='ocrx_word' id='word_1_347' title='bbox 2829 1588 3040 1654; x_wconf 89' lang='lat' dir='ltr'><strong>dormit,</strong></span> <span class='ocrx_word' id='word_1_348' title='bbox 3072 1589 3163 1644; x_wconf 89' lang='lat' dir='ltr'><strong>sed</strong></span> <span class='ocrx_word' id='word_1_349' title='bbox 3211 1589 3364 1656; x_wconf 85' lang='lat' dir='ltr'><strong>vado,</strong></span> <span class='ocrx_word' id='word_1_350' title='bbox 3408 1599 3463 1643; x_wconf 87' lang='lat' dir='ltr'><strong>ut</strong></span> <span class='ocrx_word' id='word_1_351' title='bbox 3493 1606 3527 1643; x_wconf 89' lang='lat' dir='ltr'><strong>a</strong></span> 
     </span>
    </p>
   </div>
   <div class='ocr_carea' id='block_1_45' title="bbox 1945 1680 3528 1736">
    <p class='ocr_par' dir='ltr' id='par_1_45' title="bbox 1945 1680 3528 1736">
     <span class='ocr_line' id='line_1_45' title="bbox 1945 1680 3528 1736; baseline -0.001 0"><span class='ocrx_word' id='word_1_352' title='bbox 1945 1698 2126 1736; x_wconf 85' lang='lat' dir='ltr'><strong>somno</strong></span> <span class='ocrx_word' id='word_1_353' title='bbox 2156 1680 2374 1736; x_wconf 77' lang='lat' dir='ltr'><strong>excitem</strong></span> <span class='ocrx_word' id='word_1_354' title='bbox 2397 1699 2535 1736; x_wconf 91' lang='lat' dir='ltr'><strong>eum.</strong></span> <span class='ocrx_word' id='word_1_355' title='bbox 2563 1682 2764 1736; x_wconf 83' lang='lat' dir='ltr'><strong>Verum</strong></span> <span class='ocrx_word' id='word_1_356' title='bbox 2786 1681 2940 1736; x_wconf 82' lang='lat' dir='ltr'><strong>dixit.</strong></span> <span class='ocrx_word' id='word_1_357' title='bbox 2966 1680 3255 1735; x_wconf 85' lang='lat' dir='ltr'><strong>Sororibus</strong></span> <span class='ocrx_word' id='word_1_358' title='bbox 3282 1690 3528 1735; x_wconf 86' lang='lat' dir='ltr'><strong>mortuus</strong></span> 
     </span>
    </p>
   </div>
   <div class='ocr_carea' id='block_1_46' title="bbox 1947 1771 3526 1837">
    <p class='ocr_par' dir='ltr' id='par_1_46' title="bbox 1947 1771 3526 1837">
     <span class='ocr_line' id='line_1_46' title="bbox 1947 1771 3526 1837; baseline -0.002 -10"><span class='ocrx_word' id='word_1_359' title='bbox 1947 1781 2105 1837; x_wconf 88' lang='lat' dir='ltr'><strong>erat,</strong></span> <span class='ocrx_word' id='word_1_360' title='bbox 2135 1773 2363 1827; x_wconf 91' lang='lat' dir='ltr'><strong>Domino</strong></span> <span class='ocrx_word' id='word_1_361' title='bbox 2393 1774 2717 1827; x_wconf 85' lang='lat' dir='ltr'><strong>dormiebat.</strong></span> <span class='ocrx_word' id='word_1_362' title='bbox 2750 1771 3072 1826; x_wconf 82' lang='lat' dir='ltr'><strong>Hominibus</strong></span> <span class='ocrx_word' id='word_1_363' title='bbox 3099 1778 3348 1827; x_wconf 88' lang='lat' dir='ltr'><strong>mortuus</strong></span> <span class='ocrx_word' id='word_1_364' title='bbox 3388 1781 3526 1835; x_wconf 88' lang='lat' dir='ltr'><strong>erat,</strong></span> 
     </span>
    </p>
   </div>
   <div class='ocr_carea' id='block_1_47' title="bbox 1947 1864 3531 1937">
    <p class='ocr_par' dir='ltr' id='par_1_47' title="bbox 1947 1864 3531 1937">
     <span class='ocr_line' id='line_1_47' title="bbox 1947 1864 3531 1937; baseline -0.002 -16"><span class='ocrx_word' id='word_1_365' title='bbox 1947 1867 2039 1937; x_wconf 89' lang='lat' dir='ltr'><strong>qui</strong></span> <span class='ocrx_word' id='word_1_366' title='bbox 2066 1882 2188 1921; x_wconf 89' lang='lat' dir='ltr'><strong>eum</strong></span> <span class='ocrx_word' id='word_1_367' title='bbox 2218 1867 2485 1921; x_wconf 88' lang='lat' dir='ltr'><strong>suscitare</strong></span> <span class='ocrx_word' id='word_1_368' title='bbox 2510 1866 2929 1937; x_wconf 63' lang='lat' dir='ltr'><strong>nonﬁpoterant:</strong></span> <span class='ocrx_word' id='word_1_369' title='bbox 2960 1880 3082 1918; x_wconf 90' lang='lat' dir='ltr'><strong>nam</strong></span> <span class='ocrx_word' id='word_1_370' title='bbox 3104 1864 3362 1918; x_wconf 84' lang='lat' dir='ltr'><strong>Dominus</strong></span> <span class='ocrx_word' id='word_1_371' title='bbox 3383 1871 3531 1918; x_wconf 83' lang='lat' dir='ltr'><strong>tanta</strong></span> 
     </span>
    </p>
   </div>
   <div class='ocr_carea' id='block_1_48' title="bbox 1947 1957 3535 2027">
    <p class='ocr_par' dir='ltr' id='par_1_48' title="bbox 1947 1957 3535 2027">
     <span class='ocr_line' id='line_1_48' title="bbox 1947 1957 3535 2027; baseline 0 -15"><span class='ocrx_word' id='word_1_372' title='bbox 1947 1957 2206 2013; x_wconf 80' lang='lat' dir='ltr'><strong>facilitate</strong></span> <span class='ocrx_word' id='word_1_373' title='bbox 2232 1959 2532 2013; x_wconf 88' lang='lat' dir='ltr'><strong>suscitabat</strong></span> <span class='ocrx_word' id='word_1_374' title='bbox 2558 1958 2623 2012; x_wconf 88' lang='lat' dir='ltr'><strong>de</strong></span> <span class='ocrx_word' id='word_1_375' title='bbox 2647 1957 2914 2027; x_wconf 85' lang='lat' dir='ltr'><strong>sepulcro,</strong></span> <span class='ocrx_word' id='word_1_376' title='bbox 2939 1966 3139 2027; x_wconf 83' lang='lat' dir='ltr'><strong>quanta</strong></span> <span class='ocrx_word' id='word_1_377' title='bbox 3172 1964 3229 2011; x_wconf 91' lang='lat' dir='ltr'><strong>tu</strong></span> <span class='ocrx_word' id='word_1_378' title='bbox 3258 1971 3366 2011; x_wconf 91' lang='lat' dir='ltr'><strong>non</strong></span> <span class='ocrx_word' id='word_1_379' title='bbox 3388 1957 3535 2012; x_wconf 80' lang='lat' dir='ltr'><strong>exci-</strong></span> 
     </span>
    </p>
   </div>
   <div class='ocr_carea' id='block_1_49' title="bbox 1948 2049 3529 2121">
    <p class='ocr_par' dir='ltr' id='par_1_49' title="bbox 1948 2049 3529 2121">
     <span class='ocr_line' id='line_1_49' title="bbox 1948 2049 3529 2121; baseline -0.003 -13"><span class='ocrx_word' id='word_1_380' title='bbox 1948 2062 2033 2108; x_wconf 90' lang='lat' dir='ltr'><strong>tas</strong></span> <span class='ocrx_word' id='word_1_381' title='bbox 2056 2052 2411 2108; x_wconf 87' lang='lat' dir='ltr'><strong>dormientem</strong></span> <span class='ocrx_word' id='word_1_382' title='bbox 2434 2051 2499 2107; x_wconf 88' lang='lat' dir='ltr'><strong>de</strong></span> <span class='ocrx_word' id='word_1_383' title='bbox 2524 2050 2682 2106; x_wconf 88' lang='lat' dir='ltr'><strong>lecto.</strong></span> <span class='ocrx_word' id='word_1_384' title='bbox 2718 2051 2861 2121; x_wconf 83' lang='lat' dir='ltr'><strong>Ergo</strong></span> <span class='ocrx_word' id='word_1_385' title='bbox 2906 2049 3201 2105; x_wconf 85' lang='lat' dir='ltr'><strong>secundum</strong></span> <span class='ocrx_word' id='word_1_386' title='bbox 3229 2050 3529 2120; x_wconf 83' lang='lat' dir='ltr'><strong>potentiam</strong></span> 
     </span>
    </p>
   </div>
   <div class='ocr_carea' id='block_1_50' title="bbox 1952 2140 3535 2214">
    <p class='ocr_par' dir='ltr' id='par_1_50' title="bbox 1952 2140 3535 2214">
     <span class='ocr_line' id='line_1_50' title="bbox 1952 2140 3535 2214; baseline -0.001 -17"><span class='ocrx_word' id='word_1_387' title='bbox 1952 2158 2105 2197; x_wconf 89' lang='lat' dir='ltr'><strong>suam</strong></span> <span class='ocrx_word' id='word_1_388' title='bbox 2128 2142 2265 2196; x_wconf 75' lang='lat' dir='ltr'><strong>dixit</strong></span> <span class='ocrx_word' id='word_1_389' title='bbox 2287 2142 2663 2214; x_wconf 79' lang='lat' dir='ltr'><strong>dormientem,</strong></span> <span class='ocrx_word' id='word_1_390' title='bbox 2688 2142 2813 2210; x_wconf 84' lang='lat' dir='ltr'><strong>quia</strong></span> <span class='ocrx_word' id='word_1_391' title='bbox 2836 2151 2891 2196; x_wconf 90' lang='lat' dir='ltr'><strong>et</strong></span> <span class='ocrx_word' id='word_1_392' title='bbox 2917 2140 3007 2194; x_wconf 88' lang='lat' dir='ltr'><strong>alii</strong></span> <span class='ocrx_word' id='word_1_393' title='bbox 3026 2140 3225 2196; x_wconf 87' lang='lat' dir='ltr'><strong>mortui</strong></span> <span class='ocrx_word' id='word_1_394' title='bbox 3253 2141 3382 2197; x_wconf 90' lang='lat' dir='ltr'><strong>dicti</strong></span> <span class='ocrx_word' id='word_1_395' title='bbox 3407 2147 3535 2196; x_wconf 88' lang='lat' dir='ltr'><strong>sunt</strong></span> 
     </span>
    </p>
   </div>
   <div class='ocr_carea' id='block_1_51' title="bbox 1951 2230 3530 2301">
    <p class='ocr_par' dir='ltr' id='par_1_51' title="bbox 1951 2230 3530 2301">
     <span class='ocr_line' id='line_1_51' title="bbox 1951 2230 3530 2301; baseline 0.001 -15"><span class='ocrx_word' id='word_1_396' title='bbox 1951 2233 2008 2286; x_wconf 93' lang='lat' dir='ltr'><strong>in</strong></span> <span class='ocrx_word' id='word_1_397' title='bbox 2033 2231 2334 2300; x_wconf 82' lang='lat' dir='ltr'><strong>Scripturis</strong></span> <span class='ocrx_word' id='word_1_398' title='bbox 2357 2246 2498 2299; x_wconf 61' lang='lat' dir='ltr'><strong>saepe</strong></span> <span class='ocrx_word' id='word_1_399' title='bbox 2524 2230 2877 2296; x_wconf 88' lang='lat' dir='ltr'><strong>dormientes,</strong></span> <span class='ocrx_word' id='word_1_400' title='bbox 2892 2231 3033 2286; x_wconf 89' lang='lat' dir='ltr'><strong>sicut</strong></span> <span class='ocrx_word' id='word_1_401' title='bbox 3054 2231 3342 2301; x_wconf 89' lang='lat' dir='ltr'><strong>Apostolus</strong></span> <span class='ocrx_word' id='word_1_402' title='bbox 3363 2231 3530 2287; x_wconf 88' lang='lat' dir='ltr'><strong>dicit:</strong></span> 
     </span>
    </p>
   </div>
   <div class='ocr_carea' id='block_1_52' title="bbox 1953 2321 3532 2394">
    <p class='ocr_par' dir='ltr' id='par_1_52' title="bbox 1953 2321 3532 2394">
     <span class='ocr_line' id='line_1_52' title="bbox 1953 2321 3532 2394; baseline 0.003 -18"><span class='ocrx_word' id='word_1_403' title='bbox 1953 2322 2032 2377; x_wconf 87' lang='lat' dir='ltr'><strong>De</strong></span> <span class='ocrx_word' id='word_1_404' title='bbox 2046 2322 2421 2377; x_wconf 78' lang='lat' dir='ltr'><strong>dormientibus</strong></span> <span class='ocrx_word' id='word_1_405' title='bbox 2438 2332 2611 2375; x_wconf 87' lang='lat' dir='ltr'><strong>autem</strong></span> <span class='ocrx_word' id='word_1_406' title='bbox 2622 2321 2743 2376; x_wconf 87' lang='lat' dir='ltr'><strong>nolo</strong></span> <span class='ocrx_word' id='word_1_407' title='bbox 2760 2322 2921 2394; x_wconf 65' lang='grc'><strong>574</strong></span> <span class='ocrx_word' id='word_1_408' title='bbox 2931 2340 3020 2377; x_wconf 85' lang='lat' dir='ltr'><strong>vos</strong></span> <span class='ocrx_word' id='word_1_409' title='bbox 3042 2326 3307 2393; x_wconf 85' lang='lat' dir='ltr'><strong>ignorare,</strong></span> <span class='ocrx_word' id='word_1_410' title='bbox 3321 2323 3532 2393; x_wconf 78' lang='lat' dir='ltr'><strong>fratres,</strong></span> 
     </span>
    </p>
   </div>
   <div class='ocr_carea' id='block_1_53' title="bbox 1954 2415 3539 2486">
    <p class='ocr_par' dir='ltr' id='par_1_53' title="bbox 1954 2415 3539 2486">
     <span class='ocr_line' id='line_1_53' title="bbox 1954 2415 3539 2486; baseline 0.003 -18"><span class='ocrx_word' id='word_1_411' title='bbox 1954 2425 2011 2469; x_wconf 87' lang='lat' dir='ltr'><strong>ut</strong></span> <span class='ocrx_word' id='word_1_412' title='bbox 2042 2432 2146 2468; x_wconf 92' lang='lat' dir='ltr'><strong>non</strong></span> <span class='ocrx_word' id='word_1_413' title='bbox 2199 2415 2590 2475; x_wconf 84' lang='lat' dir='ltr'><strong>contristemini,</strong></span> <span class='ocrx_word' id='word_1_414' title='bbox 2638 2415 2773 2468; x_wconf 87' lang='lat' dir='ltr'><strong>sicut</strong></span> <span class='ocrx_word' id='word_1_415' title='bbox 2823 2425 2869 2468; x_wconf 90' lang='lat' dir='ltr'><strong>et</strong></span> <span class='ocrx_word' id='word_1_416' title='bbox 2897 2416 3094 2481; x_wconf 71' lang='lat' dir='ltr'><strong>cazteri,</strong></span> <span class='ocrx_word' id='word_1_417' title='bbox 3140 2416 3230 2486; x_wconf 90' lang='lat' dir='ltr'><strong>qui</strong></span> <span class='ocrx_word' id='word_1_418' title='bbox 3258 2432 3400 2486; x_wconf 88' lang='lat' dir='ltr'><strong>spem</strong></span> <span class='ocrx_word' id='word_1_419' title='bbox 3434 2432 3539 2473; x_wconf 88' lang='lat' dir='ltr'><strong>non</strong></span> 
     </span>
    </p>
   </div>
   <div class='ocr_carea' id='block_1_54' title="bbox 1956 2503 3540 2579">
    <p class='ocr_par' dir='ltr' id='par_1_54' title="bbox 1956 2503 3540 2579">
     <span class='ocr_line' id='line_1_54' title="bbox 1956 2503 3540 2579; baseline 0.003 -21"><span class='ocrx_word' id='word_1_420' title='bbox 1956 2504 2143 2559; x_wconf 83' lang='lat' dir='ltr'><strong>habent</strong></span> <span class='ocrx_word' id='word_1_421' title='bbox 2177 2504 2228 2576; x_wconf 93' lang='grc' dir='ltr'><strong>(Ι</strong></span> <span class='ocrx_word' id='word_1_422' title='bbox 2260 2503 2439 2559; x_wconf 81' lang='lat' dir='ltr'><strong>Thess.</strong></span> <span class='ocrx_word' id='word_1_423' title='bbox 2471 2520 2544 2569; x_wconf 81' lang='lat' dir='ltr'><strong>IV,</strong></span> <span class='ocrx_word' id='word_1_424' title='bbox 2574 2504 2686 2577; x_wconf 62' lang='lat'><strong>‘22).</strong></span> <span class='ocrx_word' id='word_1_425' title='bbox 2722 2505 2846 2560; x_wconf 89' lang='lat' dir='ltr'><strong>ldeo</strong></span> <span class='ocrx_word' id='word_1_426' title='bbox 2874 2512 2929 2559; x_wconf 91' lang='lat' dir='ltr'><strong>et</strong></span> <span class='ocrx_word' id='word_1_427' title='bbox 2950 2505 3066 2575; x_wconf 89' lang='lat' dir='ltr'><strong>ipse</strong></span> <span class='ocrx_word' id='word_1_428' title='bbox 3088 2505 3417 2562; x_wconf 87' lang='lat' dir='ltr'><strong>dormientes</strong></span> <span class='ocrx_word' id='word_1_429' title='bbox 3443 2522 3540 2579; x_wconf 91' lang='lat' dir='ltr'><strong>ap-</strong></span> 
     </span>
    </p>
   </div>
   <div class='ocr_carea' id='block_1_55' title="bbox 1955 2594 3538 2668">
    <p class='ocr_par' dir='ltr' id='par_1_55' title="bbox 1955 2594 3538 2668">
     <span class='ocr_line' id='line_1_55' title="bbox 1955 2594 3538 2668; baseline 0.003 -20"><span class='ocrx_word' id='word_1_430' title='bbox 1955 2594 2192 2666; x_wconf 86' lang='lat' dir='ltr'><strong>pellavit,</strong></span> <span class='ocrx_word' id='word_1_431' title='bbox 2212 2595 2338 2663; x_wconf 88' lang='lat' dir='ltr'><strong>quia</strong></span> <span class='ocrx_word' id='word_1_432' title='bbox 2359 2611 2482 2649; x_wconf 86' lang='lat' dir='ltr'><strong>resu</strong></span> <span class='ocrx_word' id='word_1_433' title='bbox 2492 2602 2764 2651; x_wconf 89' lang='lat' dir='ltr'><strong>rrecturos</strong></span> <span class='ocrx_word' id='word_1_434' title='bbox 2778 2596 3176 2665; x_wconf 68' lang='lat' dir='ltr'><strong>pronuntiavit)</strong></span> <span class='ocrx_word' id='word_1_435' title='bbox 3202 2594 3383 2668; x_wconf 82' lang='lat' dir='ltr'><strong>[Aug.,</strong></span> <span class='ocrx_word' id='word_1_436' title='bbox 3401 2612 3538 2667; x_wconf 72' lang='lat' dir='ltr'><strong>pra:-</strong></span> 
     </span>
    </p>
   </div>
   <div class='ocr_carea' id='block_1_56' title="bbox 1958 2686 3541 2761">
    <p class='ocr_par' dir='ltr' id='par_1_56' title="bbox 1958 2686 3541 2761">
     <span class='ocr_line' id='line_1_56' title="bbox 1958 2686 3541 2761; baseline 0.001 -18"><span class='ocrx_word' id='word_1_437' title='bbox 1958 2688 2268 2761; x_wconf 81' lang='lat' dir='ltr'><strong>nuntiavit].</strong></span> <span class='ocrx_word' id='word_1_438' title='bbox 2322 2689 2389 2742; x_wconf 82' lang='lat' dir='ltr'><strong>Et</strong></span> <span class='ocrx_word' id='word_1_439' title='bbox 2438 2690 2490 2742; x_wconf 90' lang='lat' dir='ltr'><strong>in</strong></span> <span class='ocrx_word' id='word_1_440' title='bbox 2530 2689 2636 2743; x_wconf 92' lang='lat' dir='ltr'><strong>alio</strong></span> <span class='ocrx_word' id='word_1_441' title='bbox 2661 2689 2781 2745; x_wconf 91' lang='lat' dir='ltr'><strong>loco</strong></span> <span class='ocrx_word' id='word_1_442' title='bbox 2809 2708 2822 2742; x_wconf 94' lang='lat'><strong>:</strong></span> <span class='ocrx_word' id='word_1_443' title='bbox 2855 2686 3050 2744; x_wconf 88' lang='lat' dir='ltr'><strong>Omnes</strong></span> <span class='ocrx_word' id='word_1_444' title='bbox 3080 2689 3290 2761; x_wconf 87' lang='lat' dir='ltr'><strong>quidem</strong></span> <span class='ocrx_word' id='word_1_445' title='bbox 3316 2689 3541 2745; x_wconf 87' lang='lat' dir='ltr'><strong>dormie-</strong></span> 
     </span>
    </p>
   </div>
   <div class='ocr_carea' id='block_1_57' title="bbox 1956 2780 3539 2854">
    <p class='ocr_par' dir='ltr' id='par_1_57' title="bbox 1956 2780 3539 2854">
     <span class='ocr_line' id='line_1_57' title="bbox 1956 2780 3539 2854; baseline 0 -18"><span class='ocrx_word' id='word_1_446' title='bbox 1956 2798 2093 2846; x_wconf 88' lang='lat' dir='ltr'><strong>mus,</strong></span> <span class='ocrx_word' id='word_1_447' title='bbox 2137 2781 2227 2836; x_wconf 86' lang='lat' dir='ltr'><strong>sed</strong></span> <span class='ocrx_word' id='word_1_448' title='bbox 2269 2798 2373 2836; x_wconf 88' lang='lat' dir='ltr'><strong>non</strong></span> <span class='ocrx_word' id='word_1_449' title='bbox 2426 2798 2603 2835; x_wconf 85' lang='lat' dir='ltr'><strong>omnes</strong></span> <span class='ocrx_word' id='word_1_450' title='bbox 2631 2798 2958 2852; x_wconf 88' lang='lat' dir='ltr'><strong>resurgemus</strong></span> <span class='ocrx_word' id='word_1_451' title='bbox 2986 2794 3009 2821; x_wconf 75' lang='grc' dir='ltr'><strong>ιι</strong></span> <span class='ocrx_word' id='word_1_452' title='bbox 3050 2780 3104 2854; x_wconf 88' lang='grc'><strong>(1</strong></span> <span class='ocrx_word' id='word_1_453' title='bbox 3125 2780 3248 2837; x_wconf 86' lang='lat' dir='ltr'><strong>Cor.</strong></span> <span class='ocrx_word' id='word_1_454' title='bbox 3280 2798 3368 2847; x_wconf 80' lang='lat' dir='ltr'><strong>xv,</strong></span> <span class='ocrx_word' id='word_1_455' title='bbox 3398 2782 3490 2853; x_wconf 83' lang='grc'><strong>51)</strong></span> <span class='ocrx_word' id='word_1_456' title='bbox 3520 2798 3539 2850; x_wconf 87' lang='grc'><strong>;</strong></span> 
     </span>
    </p>
   </div>
   <div class='ocr_carea' id='block_1_58' title="bbox 1958 2871 3605 2944">
    <p class='ocr_par' dir='ltr' id='par_1_58' title="bbox 1958 2871 3605 2944">
     <span class='ocr_line' id='line_1_58' title="bbox 1958 2871 3605 2944; baseline -0.002 -16"><span class='ocrx_word' id='word_1_457' title='bbox 1958 2884 2190 2929; x_wconf 89' lang='lat' dir='ltr'><strong>mortem</strong></span> <span class='ocrx_word' id='word_1_458' title='bbox 2244 2882 2486 2929; x_wconf 89' lang='lat' dir='ltr'><strong>nostram</strong></span> <span class='ocrx_word' id='word_1_459' title='bbox 2537 2872 2877 2928; x_wconf 89' lang='lat' dir='ltr'><strong>dormitionis</strong></span> <span class='ocrx_word' id='word_1_460' title='bbox 2930 2874 3149 2929; x_wconf 89' lang='lat' dir='ltr'><strong>nomine</strong></span> <span class='ocrx_word' id='word_1_461' title='bbox 3206 2871 3536 2944; x_wconf 73' lang='lat' dir='ltr'><strong>signiﬁcans.</strong></span> <span class='ocrx_word' id='word_1_462' title='bbox 3596 2898 3605 2905; x_wconf 70' lang='grc' dir='ltr'><strong><em>ο</em></strong></span> 
     </span>
    </p>
   </div>
   <div class='ocr_carea' id='block_1_59' title="bbox 1958 2963 3537 3037">
    <p class='ocr_par' dir='ltr' id='par_1_59' title="bbox 1958 2963 3537 3037">
     <span class='ocr_line' id='line_1_59' title="bbox 1958 2963 3537 3037; baseline -0.001 -16"><span class='ocrx_word' id='word_1_463' title='bbox 1958 2965 2096 3021; x_wconf 83' lang='lat' dir='ltr'><strong>Nam</strong></span> <span class='ocrx_word' id='word_1_464' title='bbox 2130 2981 2327 3037; x_wconf 87' lang='lat' dir='ltr'><strong>corpus</strong></span> <span class='ocrx_word' id='word_1_465' title='bbox 2373 2966 2501 3021; x_wconf 90' lang='lat' dir='ltr'><strong>dum</strong></span> <span class='ocrx_word' id='word_1_466' title='bbox 2546 2965 2817 3021; x_wconf 76' lang='lat' dir='ltr'><strong>deseritur</strong></span> <span class='ocrx_word' id='word_1_467' title='bbox 2868 2966 2936 3020; x_wconf 87' lang='lat' dir='ltr'><strong>ab</strong></span> <span class='ocrx_word' id='word_1_468' title='bbox 2995 2965 3195 3031; x_wconf 90' lang='lat' dir='ltr'><strong>anima,</strong></span> <span class='ocrx_word' id='word_1_469' title='bbox 3247 2964 3446 3021; x_wconf 88' lang='lat' dir='ltr'><strong>dormit</strong></span> <span class='ocrx_word' id='word_1_470' title='bbox 3480 2963 3537 3020; x_wconf 90' lang='lat' dir='ltr'><strong>in</strong></span> 
     </span>
    </p>
   </div>
   <div class='ocr_carea' id='block_1_60' title="bbox 1958 3056 3540 3130">
    <p class='ocr_par' dir='ltr' id='par_1_60' title="bbox 1958 3056 3540 3130">
     <span class='ocr_line' id='line_1_60' title="bbox 1958 3056 3540 3130; baseline 0 -15"><span class='ocrx_word' id='word_1_471' title='bbox 1958 3061 2227 3130; x_wconf 89' lang='lat' dir='ltr'><strong>sepulcro,</strong></span> <span class='ocrx_word' id='word_1_472' title='bbox 2260 3060 2689 3116; x_wconf 87' lang='lat' dir='ltr'><strong>resuscitandum</strong></span> <span class='ocrx_word' id='word_1_473' title='bbox 2719 3060 2771 3114; x_wconf 90' lang='lat' dir='ltr'><strong>in</strong></span> <span class='ocrx_word' id='word_1_474' title='bbox 2803 3059 3098 3116; x_wconf 86' lang='lat' dir='ltr'><strong>novissimo</strong></span> <span class='ocrx_word' id='word_1_475' title='bbox 3117 3058 3237 3116; x_wconf 91' lang='lat' dir='ltr'><strong>die:</strong></span> <span class='ocrx_word' id='word_1_476' title='bbox 3278 3077 3297 3110; x_wconf 85' lang='grc'><em>‹</em></span> <span class='ocrx_word' id='word_1_477' title='bbox 3329 3056 3540 3115; x_wconf 73' lang='lat' dir='ltr'><strong>Anima:</strong></span> 
     </span>
    </p>
   </div>
   <div class='ocr_carea' id='block_1_61' title="bbox 268 3139 1874 3249">
    <p class='ocr_par' dir='ltr' id='par_1_61' title="bbox 268 3139 1858 3224">
     <span class='ocr_line' id='line_1_61' title="bbox 268 3139 1858 3224; baseline -0.01 -16"><span class='ocrx_word' id='word_1_478' title='bbox 268 3153 372 3218; x_wconf 84' lang='lat' dir='ltr'><strong>dit,</strong></span> <span class='ocrx_word' id='word_1_479' title='bbox 393 3153 517 3224; x_wconf 89' lang='lat' dir='ltr'><strong>quia</strong></span> <span class='ocrx_word' id='word_1_480' title='bbox 538 3151 706 3205; x_wconf 88' lang='lat' dir='ltr'><strong>lucem</strong></span> <span class='ocrx_word' id='word_1_481' title='bbox 734 3149 894 3220; x_wconf 84' lang='lat' dir='ltr'><strong>hujus</strong></span> <span class='ocrx_word' id='word_1_482' title='bbox 919 3146 1100 3202; x_wconf 86' lang='lat' dir='ltr'><strong>mundi</strong></span> <span class='ocrx_word' id='word_1_483' title='bbox 1123 3145 1282 3200; x_wconf 84' lang='lat' dir='ltr'><strong>videt.</strong></span> <span class='ocrx_word' id='word_1_484' title='bbox 1315 3141 1373 3199; x_wconf 88' lang='lat' dir='ltr'><strong>Si</strong></span> <span class='ocrx_word' id='word_1_485' title='bbox 1402 3150 1579 3197; x_wconf 89' lang='lat' dir='ltr'><strong>autem</strong></span> <span class='ocrx_word' id='word_1_486' title='bbox 1618 3139 1858 3196; x_wconf 88' lang='lat' dir='ltr'><strong>ambula-</strong></span> 
     </span>
    </p>
   </div>
   <div class='ocr_carea' id='block_1_62' title="bbox 1960 3139 3543 3249">
    <p class='ocr_par' dir='ltr' id='par_1_62' title="bbox 1967 3151 3543 3223">
     <span class='ocr_line' id='line_1_62' title="bbox 1967 3151 3543 3223; baseline 0 -15"><span class='ocrx_word' id='word_1_487' title='bbox 1967 3168 2115 3219; x_wconf 86' lang='lat' dir='ltr'><strong>vero,</strong></span> <span class='ocrx_word' id='word_1_488' title='bbox 2152 3154 2276 3208; x_wconf 91' lang='lat' dir='ltr'><strong>dum</strong></span> <span class='ocrx_word' id='word_1_489' title='bbox 2323 3154 2578 3207; x_wconf 89' lang='lat' dir='ltr'><strong>deserunt</strong></span> <span class='ocrx_word' id='word_1_490' title='bbox 2607 3168 2858 3223; x_wconf 89' lang='lat' dir='ltr'><strong>corpora,</strong></span> <span class='ocrx_word' id='word_1_491' title='bbox 2912 3153 3155 3207; x_wconf 87' lang='lat' dir='ltr'><strong>diversas</strong></span> <span class='ocrx_word' id='word_1_492' title='bbox 3207 3151 3543 3222; x_wconf 83' lang='lat' dir='ltr'><strong>receptiones</strong></span> 
     </span>
    </p>
   </div>
   <div class='ocr_carea' id='block_1_63' title="bbox 269 3231 1857 3311">
    <p class='ocr_par' dir='ltr' id='par_1_63' title="bbox 269 3231 1857 3311">
     <span class='ocr_line' id='line_1_63' title="bbox 269 3231 1857 3311; baseline -0.009 -10"><span class='ocrx_word' id='word_1_493' title='bbox 269 3246 402 3303; x_wconf 80' lang='lat' dir='ltr'><strong>verit</strong></span> <span class='ocrx_word' id='word_1_494' title='bbox 447 3246 503 3299; x_wconf 92' lang='lat' dir='ltr'><strong>in</strong></span> <span class='ocrx_word' id='word_1_495' title='bbox 531 3252 698 3308; x_wconf 88' lang='lat' dir='ltr'><strong>nocte,</strong></span> <span class='ocrx_word' id='word_1_496' title='bbox 728 3240 964 3311; x_wconf 68' lang='lat' dir='ltr'><strong>offendit,</strong></span> <span class='ocrx_word' id='word_1_497' title='bbox 993 3239 1120 3309; x_wconf 85' lang='lat' dir='ltr'><strong>quia</strong></span> <span class='ocrx_word' id='word_1_498' title='bbox 1160 3235 1252 3290; x_wconf 73' lang='lat' dir='ltr'><strong>lux</strong></span> <span class='ocrx_word' id='word_1_499' title='bbox 1296 3251 1399 3290; x_wconf 91' lang='lat' dir='ltr'><strong>non</strong></span> <span class='ocrx_word' id='word_1_500' title='bbox 1439 3244 1513 3289; x_wconf 83' lang='lat' dir='ltr'><strong>est</strong></span> <span class='ocrx_word' id='word_1_501' title='bbox 1543 3234 1600 3287; x_wconf 89' lang='lat' dir='ltr'><strong>in</strong></span> <span class='ocrx_word' id='word_1_502' title='bbox 1620 3249 1699 3287; x_wconf 90' lang='lat' dir='ltr'><strong>eo.</strong></span> <span class='ocrx_word' id='word_1_503' title='bbox 1734 3249 1752 3282; x_wconf 86' lang='grc'>‹</span> <span class='ocrx_word' id='word_1_504' title='bbox 1782 3231 1857 3286; x_wconf 88' lang='lat' dir='ltr'><strong>De</strong></span> 
     </span>
    </p>
   </div>
   <div class='ocr_carea' id='block_1_64' title="bbox 271 3323 1862 3408">
    <p class='ocr_par' dir='ltr' id='par_1_64' title="bbox 271 3323 1862 3408">
     <span class='ocr_line' id='line_1_64' title="bbox 271 3323 1862 3408; baseline -0.01 -14"><span class='ocrx_word' id='word_1_505' title='bbox 271 3339 364 3394; x_wconf 90' lang='lat' dir='ltr'><strong>die</strong></span> <span class='ocrx_word' id='word_1_506' title='bbox 391 3336 603 3408; x_wconf 88' lang='lat' dir='ltr'><strong>quidem</strong></span> <span class='ocrx_word' id='word_1_507' title='bbox 633 3335 843 3390; x_wconf 89' lang='lat' dir='ltr'><strong>locutus</strong></span> <span class='ocrx_word' id='word_1_508' title='bbox 899 3339 1005 3397; x_wconf 89' lang='lat' dir='ltr'><strong>est,</strong></span> <span class='ocrx_word' id='word_1_509' title='bbox 1060 3326 1157 3385; x_wconf 91' lang='lat' dir='ltr'><strong>sed</strong></span> <span class='ocrx_word' id='word_1_510' title='bbox 1194 3328 1264 3384; x_wconf 89' lang='lat' dir='ltr'><strong>ad</strong></span> <span class='ocrx_word' id='word_1_511' title='bbox 1289 3334 1530 3382; x_wconf 87' lang='lat' dir='ltr'><strong>nostram</strong></span> <span class='ocrx_word' id='word_1_512' title='bbox 1562 3323 1862 3393; x_wconf 85' lang='lat' dir='ltr'><strong>intelligen-</strong></span> 
     </span>
    </p>
   </div>
   <div class='ocr_carea' id='block_1_65' title="bbox 271 3416 1858 3501">
    <p class='ocr_par' dir='ltr' id='par_1_65' title="bbox 271 3416 1858 3501">
     <span class='ocr_line' id='line_1_65' title="bbox 271 3416 1858 3501; baseline -0.01 -17"><span class='ocrx_word' id='word_1_513' title='bbox 271 3430 407 3484; x_wconf 86' lang='lat' dir='ltr'><strong>tiam</strong></span> <span class='ocrx_word' id='word_1_514' title='bbox 437 3427 620 3501; x_wconf 82' lang='lat' dir='ltr'><strong>[Aug.,</strong></span> <span class='ocrx_word' id='word_1_515' title='bbox 641 3428 695 3482; x_wconf 91' lang='lat' dir='ltr'><strong>in</strong></span> <span class='ocrx_word' id='word_1_516' title='bbox 726 3433 908 3481; x_wconf 90' lang='lat' dir='ltr'><strong>nostra</strong></span> <span class='ocrx_word' id='word_1_517' title='bbox 936 3416 1348 3493; x_wconf 68' lang='lat' dir='ltr'><strong>intelligentia],</strong></span> <span class='ocrx_word' id='word_1_518' title='bbox 1369 3416 1523 3487; x_wconf 87' lang='lat' dir='ltr'><strong>quasi</strong></span> <span class='ocrx_word' id='word_1_519' title='bbox 1547 3416 1723 3471; x_wconf 89' lang='lat' dir='ltr'><strong>adhuc</strong></span> <span class='ocrx_word' id='word_1_520' title='bbox 1756 3429 1858 3469; x_wconf 77' lang='lat' dir='ltr'><strong>nox</strong></span> 
     </span>
    </p>
   </div>
   <div class='ocr_carea' id='block_1_66' title="bbox 273 3505 1864 3583">
    <p class='ocr_par' dir='ltr' id='par_1_66' title="bbox 273 3505 1864 3583">
     <span class='ocr_line' id='line_1_66' title="bbox 273 3505 1864 3583; baseline -0.01 -8"><span class='ocrx_word' id='word_1_521' title='bbox 273 3526 381 3575; x_wconf 88' lang='lat' dir='ltr'><strong>est.</strong></span> <span class='ocrx_word' id='word_1_522' title='bbox 405 3517 721 3573; x_wconf 85' lang='lat' dir='ltr'><strong>Invocemus</strong></span> <span class='ocrx_word' id='word_1_523' title='bbox 760 3515 924 3579; x_wconf 89' lang='lat' dir='ltr'><strong>diem,</strong></span> <span class='ocrx_word' id='word_1_524' title='bbox 950 3520 1011 3568; x_wconf 89' lang='lat' dir='ltr'><strong>ut</strong></span> <span class='ocrx_word' id='word_1_525' title='bbox 1037 3509 1262 3583; x_wconf 88' lang='lat' dir='ltr'><strong>repellat</strong></span> <span class='ocrx_word' id='word_1_526' title='bbox 1300 3516 1535 3572; x_wconf 89' lang='lat' dir='ltr'><strong>noctem,</strong></span> <span class='ocrx_word' id='word_1_527' title='bbox 1585 3513 1640 3562; x_wconf 92' lang='lat' dir='ltr'><strong>et</strong></span> <span class='ocrx_word' id='word_1_528' title='bbox 1667 3520 1762 3560; x_wconf 91' lang='lat' dir='ltr'><strong>cor</strong></span> <span class='ocrx_word' id='word_1_529' title='bbox 1783 3505 1864 3559; x_wconf 89' lang='lat' dir='ltr'><strong>lu-</strong></span> 
     </span>
    </p>
   </div>
   <div class='ocr_carea' id='block_1_67' title="bbox 276 3596 1865 3674">
    <p class='ocr_par' dir='ltr' id='par_1_67' title="bbox 276 3596 1865 3674">
     <span class='ocr_line' id='line_1_67' title="bbox 276 3596 1865 3674; baseline -0.01 -8"><span class='ocrx_word' id='word_1_530' title='bbox 276 3612 425 3667; x_wconf 88' lang='lat' dir='ltr'><strong>mine</strong></span> <span class='ocrx_word' id='word_1_531' title='bbox 467 3609 714 3664; x_wconf 88' lang='lat' dir='ltr'><strong>illustret.</strong></span> <span class='ocrx_word' id='word_1_532' title='bbox 755 3606 895 3674; x_wconf 87' lang='lat' dir='ltr'><strong>Quid</strong></span> <span class='ocrx_word' id='word_1_533' title='bbox 943 3605 1086 3661; x_wconf 90' lang='lat' dir='ltr'><strong>enim</strong></span> <span class='ocrx_word' id='word_1_534' title='bbox 1135 3600 1396 3658; x_wconf 90' lang='lat' dir='ltr'><strong>Dominus</strong></span> <span class='ocrx_word' id='word_1_535' title='bbox 1426 3600 1606 3656; x_wconf 84' lang='lat' dir='ltr'><strong>dicere</strong></span> <span class='ocrx_word' id='word_1_536' title='bbox 1653 3596 1865 3652; x_wconf 81' lang='lat' dir='ltr'><strong>voluit?</strong></span> 
     </span>
    </p>
   </div>
   <div class='ocr_carea' id='block_1_68' title="bbox 276 3690 1861 3771">
    <p class='ocr_par' dir='ltr' id='par_1_68' title="bbox 276 3690 1861 3771">
     <span class='ocr_line' id='line_1_68' title="bbox 276 3690 1861 3771; baseline -0.007 -15"><span class='ocrx_word' id='word_1_537' title='bbox 276 3702 550 3771; x_wconf 83' lang='lat' dir='ltr'><strong>Quantum</strong></span> <span class='ocrx_word' id='word_1_538' title='bbox 600 3700 735 3756; x_wconf 90' lang='lat' dir='ltr'><strong>mihi</strong></span> <span class='ocrx_word' id='word_1_539' title='bbox 763 3698 979 3753; x_wconf 90' lang='lat' dir='ltr'><strong>videtur</strong></span> <span class='ocrx_word' id='word_1_540' title='bbox 1006 3737 1021 3763; x_wconf 92' lang='lat'><strong>,</strong></span> <span class='ocrx_word' id='word_1_541' title='bbox 1072 3702 1334 3766; x_wconf 88' lang='lat' dir='ltr'><strong>quantum</strong></span> <span class='ocrx_word' id='word_1_542' title='bbox 1391 3693 1633 3765; x_wconf 85' lang='lat' dir='ltr'><strong>subjacet</strong></span> <span class='ocrx_word' id='word_1_543' title='bbox 1678 3690 1861 3765; x_wconf 88' lang='lat' dir='ltr'><strong>[Aug.,</strong></span> 
     </span>
    </p>
   </div>
   <div class='ocr_carea' id='block_1_69' title="bbox 276 3784 1866 3866">
    <p class='ocr_par' dir='ltr' id='par_1_69' title="bbox 276 3784 1866 3866">
     <span class='ocr_line' id='line_1_69' title="bbox 276 3784 1866 3866; baseline -0.008 -16"><span class='ocrx_word' id='word_1_544' title='bbox 276 3792 547 3866; x_wconf 88' lang='lat' dir='ltr'><strong>sublucet]</strong></span> <span class='ocrx_word' id='word_1_545' title='bbox 572 3791 818 3857; x_wconf 86' lang='lat' dir='ltr'><strong>altitudo,</strong></span> <span class='ocrx_word' id='word_1_546' title='bbox 848 3787 1296 3860; x_wconf 84' lang='lat' dir='ltr'><strong>profunditasque</strong></span> <span class='ocrx_word' id='word_1_547' title='bbox 1325 3784 1610 3841; x_wconf 76' lang='lat' dir='ltr'><strong>sententia:</strong></span> <span class='ocrx_word' id='word_1_548' title='bbox 1631 3825 1646 3850; x_wconf 94' lang='lat'><strong>,</strong></span> <span class='ocrx_word' id='word_1_549' title='bbox 1678 3785 1866 3839; x_wconf 87' lang='lat' dir='ltr'><strong>redar—</strong></span> 
     </span>
    </p>
   </div>
   <div class='ocr_carea' id='block_1_70' title="bbox 278 3876 1863 3959">
    <p class='ocr_par' dir='ltr' id='par_1_70' title="bbox 278 3876 1863 3959">
     <span class='ocr_line' id='line_1_70' title="bbox 278 3876 1863 3959; baseline -0.005 -19"><span class='ocrx_word' id='word_1_550' title='bbox 278 3898 448 3959; x_wconf 77' lang='lat' dir='ltr'><strong>guere</strong></span> <span class='ocrx_word' id='word_1_551' title='bbox 486 3883 656 3939; x_wconf 88' lang='lat' dir='ltr'><strong>voluit</strong></span> <span class='ocrx_word' id='word_1_552' title='bbox 681 3881 1076 3937; x_wconf 90' lang='lat' dir='ltr'><strong>dubitationem</strong></span> <span class='ocrx_word' id='word_1_553' title='bbox 1125 3877 1339 3933; x_wconf 85' lang='lat' dir='ltr'><strong>illorum</strong></span> <span class='ocrx_word' id='word_1_554' title='bbox 1366 3886 1423 3933; x_wconf 87' lang='lat' dir='ltr'><strong>et</strong></span> <span class='ocrx_word' id='word_1_555' title='bbox 1466 3876 1863 3934; x_wconf 86' lang='lat' dir='ltr'><strong>inﬁdelitatem.</strong></span> 
     </span>
    </p>
   </div>
   <div class='ocr_carea' id='block_1_71' title="bbox 277 3967 1869 4051">
    <p class='ocr_par' dir='ltr' id='par_1_71' title="bbox 277 3967 1869 4051">
     <span class='ocr_line' id='line_1_71' title="bbox 277 3967 1869 4051; baseline -0.004 -20"><span class='ocrx_word' id='word_1_556' title='bbox 277 3975 572 4031; x_wconf 86' lang='lat' dir='ltr'><strong>voluerunt</strong></span> <span class='ocrx_word' id='word_1_557' title='bbox 597 3973 743 4028; x_wconf 89' lang='lat' dir='ltr'><strong>enim</strong></span> <span class='ocrx_word' id='word_1_558' title='bbox 787 3970 1071 4051; x_wconf 77' lang='lat' dir='ltr'><strong>consilium</strong></span> <span class='ocrx_word' id='word_1_559' title='bbox 1100 3970 1231 4025; x_wconf 90' lang='lat' dir='ltr'><strong>dare</strong></span> <span class='ocrx_word' id='word_1_560' title='bbox 1260 3967 1489 4026; x_wconf 88' lang='lat' dir='ltr'><strong>Domino</strong></span> <span class='ocrx_word' id='word_1_561' title='bbox 1515 3986 1584 4026; x_wconf 91' lang='lat' dir='ltr'><strong>ne</strong></span> <span class='ocrx_word' id='word_1_562' title='bbox 1628 3986 1869 4026; x_wconf 87' lang='lat' dir='ltr'><strong>morere-</strong></span> 
     </span>
    </p>
   </div>
   <div class='ocr_carea' id='block_1_72' title="bbox 280 4063 1869 4140">
    <p class='ocr_par' dir='ltr' id='par_1_72' title="bbox 280 4063 1869 4140">
     <span class='ocr_line' id='line_1_72' title="bbox 280 4063 1869 4140; baseline -0.001 -16"><span class='ocrx_word' id='word_1_563' title='bbox 280 4078 411 4135; x_wconf 88' lang='lat' dir='ltr'><strong>tur,</strong></span> <span class='ocrx_word' id='word_1_564' title='bbox 469 4068 561 4140; x_wconf 91' lang='lat' dir='ltr'><strong>qui</strong></span> <span class='ocrx_word' id='word_1_565' title='bbox 610 4073 835 4122; x_wconf 86' lang='lat' dir='ltr'><strong>venerat</strong></span> <span class='ocrx_word' id='word_1_566' title='bbox 877 4064 1018 4120; x_wconf 90' lang='lat' dir='ltr'><strong>mori</strong></span> <span class='ocrx_word' id='word_1_567' title='bbox 1042 4103 1059 4129; x_wconf 92' lang='lat'><strong>,</strong></span> <span class='ocrx_word' id='word_1_568' title='bbox 1081 4071 1183 4118; x_wconf 81' lang='lat' dir='ltr'><strong>‘ne</strong></span> <span class='ocrx_word' id='word_1_569' title='bbox 1209 4063 1312 4133; x_wconf 92' lang='lat' dir='ltr'><strong>ipsi</strong></span> <span class='ocrx_word' id='word_1_570' title='bbox 1365 4073 1725 4120; x_wconf 88' lang='lat' dir='ltr'><strong>morerentur.</strong></span> <span class='ocrx_word' id='word_1_571' title='bbox 1778 4065 1869 4122; x_wconf 88' lang='lat' dir='ltr'><strong>Sic</strong></span> 
     </span>
    </p>
   </div>
   <div class='ocr_carea' id='block_1_73' title="bbox 281 4158 1870 4237">
    <p class='ocr_par' dir='ltr' id='par_1_73' title="bbox 281 4158 1870 4237">
     <span class='ocr_line' id='line_1_73' title="bbox 281 4158 1870 4237; baseline -0.006 -14"><span class='ocrx_word' id='word_1_572' title='bbox 281 4169 450 4223; x_wconf 88' lang='lat' dir='ltr'><strong>etiam</strong></span> <span class='ocrx_word' id='word_1_573' title='bbox 511 4167 747 4237; x_wconf 88' lang='lat' dir='ltr'><strong>quodam</strong></span> <span class='ocrx_word' id='word_1_574' title='bbox 791 4165 898 4220; x_wconf 88' lang='lat' dir='ltr'><strong>alio</strong></span> <span class='ocrx_word' id='word_1_575' title='bbox 954 4164 1075 4220; x_wconf 93' lang='lat' dir='ltr'><strong>loco</strong></span> <span class='ocrx_word' id='word_1_576' title='bbox 1114 4163 1308 4218; x_wconf 85' lang='lat' dir='ltr'><strong>Petrus</strong></span> <span class='ocrx_word' id='word_1_577' title='bbox 1368 4169 1589 4216; x_wconf 89' lang='lat' dir='ltr'><strong>sanctus</strong></span> <span class='ocrx_word' id='word_1_578' title='bbox 1642 4158 1870 4230; x_wconf 80' lang='lat' dir='ltr'><strong>diligens</strong></span> 
     </span>
    </p>
   </div>
   <div class='ocr_carea' id='block_1_74' title="bbox 282 4253 1872 4325">
    <p class='ocr_par' dir='ltr' id='par_1_74' title="bbox 282 4253 1872 4325">
     <span class='ocr_line' id='line_1_74' title="bbox 282 4253 1872 4325; baseline -0.005 -11"><span class='ocrx_word' id='word_1_579' title='bbox 282 4258 596 4323; x_wconf 90' lang='lat' dir='ltr'><strong>Dominum,</strong></span> <span class='ocrx_word' id='word_1_580' title='bbox 631 4256 727 4313; x_wconf 88' lang='lat' dir='ltr'><strong>sed</strong></span> <span class='ocrx_word' id='word_1_581' title='bbox 756 4256 935 4311; x_wconf 88' lang='lat' dir='ltr'><strong>adhuc</strong></span> <span class='ocrx_word' id='word_1_582' title='bbox 960 4271 1066 4310; x_wconf 91' lang='lat' dir='ltr'><strong>non</strong></span> <span class='ocrx_word' id='word_1_583' title='bbox 1106 4254 1263 4325; x_wconf 91' lang='lat' dir='ltr'><strong>plene</strong></span> <span class='ocrx_word' id='word_1_584' title='bbox 1291 4253 1593 4323; x_wconf 80' lang='lat' dir='ltr'><strong>intelligens</strong></span> <span class='ocrx_word' id='word_1_585' title='bbox 1643 4266 1742 4306; x_wconf 89' lang='lat' dir='ltr'><strong>cur</strong></span> <span class='ocrx_word' id='word_1_586' title='bbox 1780 4265 1872 4306; x_wconf 86' lang='lat' dir='ltr'><strong>ve—</strong></span> 
     </span>
    </p>
   </div>
   <div class='ocr_carea' id='block_1_75' title="bbox 282 4334 1869 4414">
    <p class='ocr_par' dir='ltr' id='par_1_75' title="bbox 282 4334 1869 4414">
     <span class='ocr_line' id='line_1_75' title="bbox 282 4334 1869 4414; baseline -0.006 -11"><span class='ocrx_word' id='word_1_587' title='bbox 282 4349 480 4414; x_wconf 89' lang='lat' dir='ltr'><strong>nisset,</strong></span> <span class='ocrx_word' id='word_1_588' title='bbox 532 4346 710 4402; x_wconf 90' lang='lat' dir='ltr'><strong>timuit</strong></span> <span class='ocrx_word' id='word_1_589' title='bbox 736 4361 803 4400; x_wconf 91' lang='lat' dir='ltr'><strong>ne</strong></span> <span class='ocrx_word' id='word_1_590' title='bbox 840 4352 1184 4409; x_wconf 88' lang='lat' dir='ltr'><strong>moreretur,</strong></span> <span class='ocrx_word' id='word_1_591' title='bbox 1216 4352 1271 4397; x_wconf 90' lang='lat' dir='ltr'><strong>et</strong></span> <span class='ocrx_word' id='word_1_592' title='bbox 1299 4334 1425 4397; x_wconf 58' lang='lat' dir='ltr'><strong>vita),</strong></span> <span class='ocrx_word' id='word_1_593' title='bbox 1470 4339 1766 4410; x_wconf 88' lang='lat' dir='ltr'><strong>displicuit,</strong></span> <span class='ocrx_word' id='word_1_594' title='bbox 1814 4338 1869 4394; x_wconf 91' lang='lat' dir='ltr'><strong>id</strong></span> 
     </span>
    </p>
   </div>
   <div class='ocr_carea' id='block_1_76' title="bbox 283 4431 1869 4510">
    <p class='ocr_par' dir='ltr' id='par_1_76' title="bbox 283 4431 1869 4510">
     <span class='ocr_line' id='line_1_76' title="bbox 283 4431 1869 4510; baseline -0.007 -15"><span class='ocrx_word' id='word_1_595' title='bbox 283 4448 394 4506; x_wconf 86' lang='lat' dir='ltr'><strong>est,</strong></span> <span class='ocrx_word' id='word_1_596' title='bbox 418 4440 518 4510; x_wconf 89' lang='lat' dir='ltr'><strong>ipsi</strong></span> <span class='ocrx_word' id='word_1_597' title='bbox 547 4438 773 4494; x_wconf 91' lang='lat' dir='ltr'><strong>Domino</strong></span> <span class='ocrx_word' id='word_1_598' title='bbox 801 4435 1016 4509; x_wconf 84' lang='lat' dir='ltr'><strong>(Matth.</strong></span> <span class='ocrx_word' id='word_1_599' title='bbox 1062 4451 1176 4500; x_wconf 76' lang='lat' dir='ltr'><strong>xvi,</strong></span> <span class='ocrx_word' id='word_1_600' title='bbox 1201 4433 1315 4507; x_wconf 73' lang='grc'><strong>22).</strong></span> <span class='ocrx_word' id='word_1_601' title='bbox 1347 4433 1480 4489; x_wconf 88' lang='lat' dir='ltr'><strong>Cum</strong></span> <span class='ocrx_word' id='word_1_602' title='bbox 1510 4448 1639 4505; x_wconf 92' lang='lat' dir='ltr'><strong>ergo</strong></span> <span class='ocrx_word' id='word_1_603' title='bbox 1667 4431 1869 4487; x_wconf 86' lang='lat' dir='ltr'><strong>vellent</strong></span> 
     </span>
    </p>
   </div>
   <div class='ocr_carea' id='block_1_77' title="bbox 1969 3243 3545 3315">
    <p class='ocr_par' dir='ltr' id='par_1_77' title="bbox 1969 3243 3545 3315">
     <span class='ocr_line' id='line_1_77' title="bbox 1969 3243 3545 3315; baseline -0.001 -15"><span class='ocrx_word' id='word_1_604' title='bbox 1969 3245 2171 3300; x_wconf 88' lang='lat' dir='ltr'><strong>habent</strong></span> <span class='ocrx_word' id='word_1_605' title='bbox 2205 3263 2217 3298; x_wconf 91' lang='lat'><strong>:</strong></span> <span class='ocrx_word' id='word_1_606' title='bbox 2247 3245 2501 3315; x_wconf 81' lang='lat' dir='ltr'><strong>gaudium</strong></span> <span class='ocrx_word' id='word_1_607' title='bbox 2527 3244 2706 3308; x_wconf 67' lang='lat' dir='ltr'><strong>bonae,</strong></span> <span class='ocrx_word' id='word_1_608' title='bbox 2760 3243 2915 3298; x_wconf 65' lang='lat' dir='ltr'><strong>malae</strong></span> <span class='ocrx_word' id='word_1_609' title='bbox 2942 3251 3211 3299; x_wconf 88' lang='lat' dir='ltr'><strong>tormenta</strong></span> <span class='ocrx_word' id='word_1_610' title='bbox 3236 3259 3250 3308; x_wconf 90' lang='lat'><strong>;</strong></span> <span class='ocrx_word' id='word_1_611' title='bbox 3279 3243 3373 3297; x_wconf 91' lang='lat' dir='ltr'><strong>sed</strong></span> <span class='ocrx_word' id='word_1_612' title='bbox 3420 3258 3545 3298; x_wconf 91' lang='lat' dir='ltr'><strong>cum</strong></span> 
     </span>
    </p>
   </div>
   <div class='ocr_carea' id='block_1_78' title="bbox 1967 3334 3547 3406">
    <p class='ocr_par' dir='ltr' id='par_1_78' title="bbox 1967 3334 3547 3406">
     <span class='ocr_line' id='line_1_78' title="bbox 1967 3334 3547 3406; baseline -0.001 -18"><span class='ocrx_word' id='word_1_613' title='bbox 1967 3334 2112 3391; x_wconf 87' lang='lat' dir='ltr'><strong>facta</strong></span> <span class='ocrx_word' id='word_1_614' title='bbox 2155 3334 2318 3390; x_wconf 83' lang='lat' dir='ltr'><strong>fuerit</strong></span> <span class='ocrx_word' id='word_1_615' title='bbox 2362 3335 2708 3401; x_wconf 86' lang='lat' dir='ltr'><strong>resurrectio,</strong></span> <span class='ocrx_word' id='word_1_616' title='bbox 2742 3344 2799 3390; x_wconf 90' lang='lat' dir='ltr'><strong>et</strong></span> <span class='ocrx_word' id='word_1_617' title='bbox 2842 3336 3108 3392; x_wconf 88' lang='lat' dir='ltr'><strong>bonorum</strong></span> <span class='ocrx_word' id='word_1_618' title='bbox 3149 3334 3401 3406; x_wconf 79' lang='lat' dir='ltr'><strong>gaudium</strong></span> <span class='ocrx_word' id='word_1_619' title='bbox 3431 3348 3547 3387; x_wconf 88' lang='lat' dir='ltr'><strong>am—</strong></span> 
     </span>
    </p>
   </div>
   <div class='ocr_carea' id='block_1_79' title="bbox 1966 3425 3547 3500">
    <p class='ocr_par' dir='ltr' id='par_1_79' title="bbox 1966 3425 3547 3500">
     <span class='ocr_line' id='line_1_79' title="bbox 1966 3425 3547 3500; baseline -0.003 -18"><span class='ocrx_word' id='word_1_620' title='bbox 1966 3429 2111 3500; x_wconf 91' lang='lat' dir='ltr'><strong>plius</strong></span> <span class='ocrx_word' id='word_1_621' title='bbox 2138 3429 2262 3493; x_wconf 85' lang='lat' dir='ltr'><strong>erit,</strong></span> <span class='ocrx_word' id='word_1_622' title='bbox 2294 3436 2350 3481; x_wconf 88' lang='lat' dir='ltr'><strong>et</strong></span> <span class='ocrx_word' id='word_1_623' title='bbox 2374 3427 2637 3482; x_wconf 88' lang='lat' dir='ltr'><strong>malorum</strong></span> <span class='ocrx_word' id='word_1_624' title='bbox 2696 3435 2963 3482; x_wconf 86' lang='lat' dir='ltr'><strong>tormenta</strong></span> <span class='ocrx_word' id='word_1_625' title='bbox 3006 3427 3279 3499; x_wconf 89' lang='lat' dir='ltr'><strong>graviora,</strong></span> <span class='ocrx_word' id='word_1_626' title='bbox 3331 3425 3547 3495; x_wconf 88' lang='lat' dir='ltr'><strong>quando</strong></span> 
     </span>
    </p>
   </div>
   <div class='ocr_carea' id='block_1_80' title="bbox 1969 3515 3547 3589">
    <p class='ocr_par' dir='ltr' id='par_1_80' title="bbox 1969 3515 3547 3589">
     <span class='ocr_line' id='line_1_80' title="bbox 1969 3515 3547 3589; baseline -0.003 -15"><span class='ocrx_word' id='word_1_627' title='bbox 1969 3534 2093 3574; x_wconf 89' lang='lat' dir='ltr'><strong>cum</strong></span> <span class='ocrx_word' id='word_1_628' title='bbox 2128 3532 2353 3589; x_wconf 88' lang='lat' dir='ltr'><strong>corpore</strong></span> <span class='ocrx_word' id='word_1_629' title='bbox 2376 3517 2786 3586; x_wconf 77' lang='lat' dir='ltr'><strong>torquebantur.</strong></span> <span class='ocrx_word' id='word_1_630' title='bbox 2827 3537 2847 3569; x_wconf 68' lang='grc' dir='ltr'><strong>ι</strong></span> <span class='ocrx_word' id='word_1_631' title='bbox 2880 3518 3015 3572; x_wconf 90' lang='lat' dir='ltr'><strong>Dum</strong></span> <span class='ocrx_word' id='word_1_632' title='bbox 3036 3516 3297 3572; x_wconf 90' lang='lat' dir='ltr'><strong>Dominus</strong></span> <span class='ocrx_word' id='word_1_633' title='bbox 3331 3516 3398 3570; x_wconf 91' lang='lat' dir='ltr'><strong>de</strong></span> <span class='ocrx_word' id='word_1_634' title='bbox 3425 3515 3547 3570; x_wconf 86' lang='lat' dir='ltr'><strong>dor-</strong></span> 
     </span>
    </p>
   </div>
   <div class='ocr_carea' id='block_1_81' title="bbox 1969 3608 3550 3679">
    <p class='ocr_par' dir='ltr' id='par_1_81' title="bbox 1969 3608 3550 3679">
     <span class='ocr_line' id='line_1_81' title="bbox 1969 3608 3550 3679; baseline -0.004 -13"><span class='ocrx_word' id='word_1_635' title='bbox 1969 3611 2194 3666; x_wconf 87' lang='lat' dir='ltr'><strong>mitione</strong></span> <span class='ocrx_word' id='word_1_636' title='bbox 2217 3610 2373 3664; x_wconf 89' lang='lat' dir='ltr'><strong>amici</strong></span> <span class='ocrx_word' id='word_1_637' title='bbox 2395 3609 2608 3665; x_wconf 80' lang='lat' dir='ltr'><strong>dixerat</strong></span> <span class='ocrx_word' id='word_1_638' title='bbox 2629 3608 2923 3679; x_wconf 90' lang='lat' dir='ltr'><strong>discipulis,</strong></span> <span class='ocrx_word' id='word_1_639' title='bbox 2952 3626 2971 3659; x_wconf 75' lang='grc' dir='ltr'><strong>ι</strong></span> <span class='ocrx_word' id='word_1_640' title='bbox 3008 3608 3550 3679; x_wconf 85' lang='lat' dir='ltr'><strong>responderuntquo-</strong></span> 
     </span>
    </p>
   </div>
   <div class='ocr_carea' id='block_1_82' title="bbox 1969 3699 3543 3773">
    <p class='ocr_par' dir='ltr' id='par_1_82' title="bbox 1969 3699 3543 3773">
     <span class='ocr_line' id='line_1_82' title="bbox 1969 3699 3543 3773; baseline -0.003 -16"><span class='ocrx_word' id='word_1_641' title='bbox 1969 3703 2130 3758; x_wconf 89' lang='lat' dir='ltr'><strong>modo</strong></span> <span class='ocrx_word' id='word_1_642' title='bbox 2151 3700 2549 3758; x_wconf 82' lang='lat' dir='ltr'><strong>intellexerunt.</strong></span> <span class='ocrx_word' id='word_1_643' title='bbox 2582 3700 2768 3773; x_wconf 73' lang='lat' dir='ltr'><strong>(Vens.</strong></span> <span class='ocrx_word' id='word_1_644' title='bbox 2802 3700 3002 3767; x_wconf 71' lang='lat'><strong>12,15,</strong></span> <span class='ocrx_word' id='word_1_645' title='bbox 3035 3700 3124 3768; x_wconf 71' lang='grc'><strong>14,</strong></span> <span class='ocrx_word' id='word_1_646' title='bbox 3155 3700 3267 3773; x_wconf 85' lang='grc'><strong>15.)</strong></span> <span class='ocrx_word' id='word_1_647' title='bbox 3298 3699 3543 3764; x_wconf 87' lang='lat' dir='ltr'><strong>Domine,</strong></span> 
     </span>
    </p>
   </div>
   <div class='ocr_carea' id='block_1_83' title="bbox 1969 3790 3545 3859">
    <p class='ocr_par' dir='ltr' id='par_1_83' title="bbox 1969 3790 3545 3859">
     <span class='ocr_line' id='line_1_83' title="bbox 1969 3790 3545 3859; baseline -0.002 -11"><span class='ocrx_word' id='word_1_648' title='bbox 1969 3795 2017 3848; x_wconf 91' lang='lat' dir='ltr'><strong>si</strong></span> <span class='ocrx_word' id='word_1_649' title='bbox 2043 3794 2271 3857; x_wconf 84' lang='lat' dir='ltr'><strong>dormit,</strong></span> <span class='ocrx_word' id='word_1_650' title='bbox 2298 3792 2475 3847; x_wconf 85' lang='lat' dir='ltr'><strong>salvus</strong></span> <span class='ocrx_word' id='word_1_651' title='bbox 2500 3793 2619 3846; x_wconf 88' lang='lat' dir='ltr'><strong>erit.</strong></span> <span class='ocrx_word' id='word_1_652' title='bbox 2648 3790 2836 3847; x_wconf 90' lang='lat' dir='ltr'><strong>Solent</strong></span> <span class='ocrx_word' id='word_1_653' title='bbox 2859 3792 3003 3847; x_wconf 90' lang='lat' dir='ltr'><strong>enim</strong></span> <span class='ocrx_word' id='word_1_654' title='bbox 3033 3806 3155 3847; x_wconf 86' lang='lat' dir='ltr'><strong>esse</strong></span> <span class='ocrx_word' id='word_1_655' title='bbox 3180 3790 3353 3848; x_wconf 82' lang='lat' dir='ltr'><strong>somni</strong></span> <span class='ocrx_word' id='word_1_656' title='bbox 3378 3804 3545 3859; x_wconf 66' lang='lat' dir='ltr'><strong>aegro-</strong></span> 
     </span>
    </p>
   </div>
   <div class='ocr_carea' id='block_1_84' title="bbox 1972 3877 3551 3939">
    <p class='ocr_par' dir='ltr' id='par_1_84' title="bbox 1972 3877 3551 3939">
     <span class='ocr_line' id='line_1_84' title="bbox 1972 3877 3551 3939; baseline -0.004 -1"><span class='ocrx_word' id='word_1_657' title='bbox 1972 3883 2202 3939; x_wconf 88' lang='lat' dir='ltr'><strong>tantium</strong></span> <span class='ocrx_word' id='word_1_658' title='bbox 2244 3881 2433 3936; x_wconf 90' lang='lat' dir='ltr'><strong>salutis</strong></span> <span class='ocrx_word' id='word_1_659' title='bbox 2482 3881 2759 3936; x_wconf 89' lang='lat' dir='ltr'><strong>indicium.</strong></span> <span class='ocrx_word' id='word_1_660' title='bbox 2801 3881 3023 3935; x_wconf 67' lang='lat' dir='ltr'><strong>Dixerat</strong></span> <span class='ocrx_word' id='word_1_661' title='bbox 3059 3889 3232 3933; x_wconf 82' lang='lat' dir='ltr'><strong>autem</strong></span> <span class='ocrx_word' id='word_1_662' title='bbox 3283 3877 3438 3932; x_wconf 73' lang='lat' dir='ltr'><strong>Iesus</strong></span> <span class='ocrx_word' id='word_1_663' title='bbox 3485 3877 3551 3932; x_wconf 89' lang='lat' dir='ltr'><strong>de</strong></span> 
     </span>
    </p>
   </div>
   <div class='ocr_carea' id='block_1_85' title="bbox 1971 3969 3549 4043">
    <p class='ocr_par' dir='ltr' id='par_1_85' title="bbox 1971 3969 3549 4043">
     <span class='ocr_line' id='line_1_85' title="bbox 1971 3969 3549 4043; baseline -0.004 -15"><span class='ocrx_word' id='word_1_664' title='bbox 1971 3983 2137 4028; x_wconf 87' lang='lat' dir='ltr'><strong>morte</strong></span> <span class='ocrx_word' id='word_1_665' title='bbox 2156 3973 2270 4043; x_wconf 87' lang='lat' dir='ltr'><strong>ejus</strong></span> <span class='ocrx_word' id='word_1_666' title='bbox 2297 3990 2315 4037; x_wconf 92' lang='lat'><strong><em>;</em></strong></span> <span class='ocrx_word' id='word_1_667' title='bbox 2345 3972 2424 4026; x_wconf 89' lang='lat' dir='ltr'><strong>illi</strong></span> <span class='ocrx_word' id='word_1_668' title='bbox 2454 3982 2631 4026; x_wconf 86' lang='lat' dir='ltr'><strong>autem</strong></span> <span class='ocrx_word' id='word_1_669' title='bbox 2654 3980 2963 4042; x_wconf 81' lang='lat' dir='ltr'><strong>putaverunt</strong></span> <span class='ocrx_word' id='word_1_670' title='bbox 2993 3971 3118 4042; x_wconf 88' lang='lat' dir='ltr'><strong>quia</strong></span> <span class='ocrx_word' id='word_1_671' title='bbox 3142 3970 3208 4026; x_wconf 86' lang='lat' dir='ltr'><strong>de</strong></span> <span class='ocrx_word' id='word_1_672' title='bbox 3238 3969 3549 4024; x_wconf 85' lang='lat' dir='ltr'><strong>dormitione</strong></span> 
     </span>
    </p>
   </div>
   <div class='ocr_carea' id='block_1_86' title="bbox 1972 4059 3547 4134">
    <p class='ocr_par' dir='ltr' id='par_1_86' title="bbox 1972 4059 3547 4134">
     <span class='ocr_line' id='line_1_86' title="bbox 1972 4059 3547 4134; baseline -0.003 -14"><span class='ocrx_word' id='word_1_673' title='bbox 1972 4066 2142 4120; x_wconf 89' lang='lat' dir='ltr'><strong>somni</strong></span> <span class='ocrx_word' id='word_1_674' title='bbox 2191 4065 2404 4120; x_wconf 89' lang='lat' dir='ltr'><strong>diceret.</strong></span> <span class='ocrx_word' id='word_1_675' title='bbox 2437 4062 2583 4118; x_wconf 88' lang='lat' dir='ltr'><strong>Tunc</strong></span> <span class='ocrx_word' id='word_1_676' title='bbox 2607 4080 2729 4134; x_wconf 87' lang='lat' dir='ltr'><strong>ergo</strong></span> <span class='ocrx_word' id='word_1_677' title='bbox 2779 4063 2912 4117; x_wconf 73' lang='lat' dir='ltr'><strong>dixit</strong></span> <span class='ocrx_word' id='word_1_678' title='bbox 2954 4063 3027 4117; x_wconf 84' lang='lat' dir='ltr'><strong>eis</strong></span> <span class='ocrx_word' id='word_1_679' title='bbox 3055 4061 3212 4117; x_wconf 75' lang='lat' dir='ltr'><strong>Iesus</strong></span> <span class='ocrx_word' id='word_1_680' title='bbox 3248 4059 3547 4129; x_wconf 78' lang='lat' dir='ltr'><strong>manifeste.</strong></span> 
     </span>
    </p>
   </div>
   <div class='ocr_carea' id='block_1_87' title="bbox 1975 4151 3551 4222">
    <p class='ocr_par' dir='ltr' id='par_1_87' title="bbox 1975 4151 3551 4222">
     <span class='ocr_line' id='line_1_87' title="bbox 1975 4151 3551 4222; baseline -0.004 -10"><span class='ocrx_word' id='word_1_681' title='bbox 1975 4157 2320 4213; x_wconf 87' lang='lat' dir='ltr'><strong>Subobscure</strong></span> <span class='ocrx_word' id='word_1_682' title='bbox 2372 4156 2514 4210; x_wconf 90' lang='lat' dir='ltr'><strong>enim</strong></span> <span class='ocrx_word' id='word_1_683' title='bbox 2559 4155 2809 4217; x_wconf 81' lang='lat' dir='ltr'><strong>dixerat,</strong></span> <span class='ocrx_word' id='word_1_684' title='bbox 2861 4153 3074 4208; x_wconf 85' lang='lat' dir='ltr'><strong>dormit.</strong></span> <span class='ocrx_word' id='word_1_685' title='bbox 3124 4151 3215 4206; x_wconf 80' lang='lat' dir='ltr'><strong>Ait</strong></span> <span class='ocrx_word' id='word_1_686' title='bbox 3263 4166 3392 4222; x_wconf 87' lang='lat' dir='ltr'><strong>ergo</strong></span> <span class='ocrx_word' id='word_1_687' title='bbox 3434 4164 3551 4206; x_wconf 85' lang='lat' dir='ltr'><strong>ma-</strong></span> 
     </span>
    </p>
   </div>
   <div class='ocr_carea' id='block_1_88' title="bbox 1972 4241 3550 4314">
    <p class='ocr_par' dir='ltr' id='par_1_88' title="bbox 1972 4241 3550 4314">
     <span class='ocr_line' id='line_1_88' title="bbox 1972 4241 3550 4314; baseline -0.004 -12"><span class='ocrx_word' id='word_1_688' title='bbox 1972 4246 2211 4303; x_wconf 84' lang='lat' dir='ltr'><strong>nifeste:</strong></span> <span class='ocrx_word' id='word_1_689' title='bbox 2247 4246 2485 4301; x_wconf 78' lang='lat' dir='ltr'><strong>Lazarus</strong></span> <span class='ocrx_word' id='word_1_690' title='bbox 2530 4257 2767 4301; x_wconf 87' lang='lat' dir='ltr'><strong>mortuus</strong></span> <span class='ocrx_word' id='word_1_691' title='bbox 2815 4254 2923 4309; x_wconf 89' lang='lat' dir='ltr'><strong>est,</strong></span> <span class='ocrx_word' id='word_1_692' title='bbox 2981 4252 3029 4299; x_wconf 89' lang='lat' dir='ltr'><strong>et</strong></span> <span class='ocrx_word' id='word_1_693' title='bbox 3081 4241 3282 4314; x_wconf 80' lang='lat' dir='ltr'><strong>gaudeo</strong></span> <span class='ocrx_word' id='word_1_694' title='bbox 3335 4250 3550 4312; x_wconf 85' lang='lat' dir='ltr'><strong>propter</strong></span> 
     </span>
    </p>
   </div>
   <div class='ocr_carea' id='block_1_89' title="bbox 1972 4332 3551 4410">
    <p class='ocr_par' dir='ltr' id='par_1_89' title="bbox 1972 4332 3551 4410">
     <span class='ocr_line' id='line_1_89' title="bbox 1972 4332 3551 4410; baseline -0.005 -15"><span class='ocrx_word' id='word_1_695' title='bbox 1972 4358 2080 4405; x_wconf 82' lang='lat' dir='ltr'><strong>vos,</strong></span> <span class='ocrx_word' id='word_1_696' title='bbox 2128 4348 2185 4394; x_wconf 90' lang='lat' dir='ltr'><strong>ut</strong></span> <span class='ocrx_word' id='word_1_697' title='bbox 2219 4339 2442 4394; x_wconf 89' lang='lat' dir='ltr'><strong>credatis</strong></span> <span class='ocrx_word' id='word_1_698' title='bbox 2482 4340 2607 4410; x_wconf 91' lang='lat' dir='ltr'><strong>quia</strong></span> <span class='ocrx_word' id='word_1_699' title='bbox 2638 4354 2744 4393; x_wconf 88' lang='lat' dir='ltr'><strong>non</strong></span> <span class='ocrx_word' id='word_1_700' title='bbox 2788 4353 2933 4392; x_wconf 90' lang='lat' dir='ltr'><strong>eram</strong></span> <span class='ocrx_word' id='word_1_701' title='bbox 2975 4336 3070 4402; x_wconf 87' lang='lat' dir='ltr'><strong>ibi,</strong></span> <span class='ocrx_word' id='word_1_702' title='bbox 3118 4335 3211 4391; x_wconf 89' lang='lat' dir='ltr'><strong>sed</strong></span> <span class='ocrx_word' id='word_1_703' title='bbox 3257 4334 3371 4390; x_wconf 87' lang='lat' dir='ltr'><strong>scio</strong></span> <span class='ocrx_word' id='word_1_704' title='bbox 3424 4332 3551 4404; x_wconf 83' lang='lat' dir='ltr'><strong>quia</strong></span> 
     </span>
    </p>
   </div>
   <div class='ocr_carea' id='block_1_90' title="bbox 1974 4425 3553 4503">
    <p class='ocr_par' dir='ltr' id='par_1_90' title="bbox 1974 4425 3553 4503">
     <span class='ocr_line' id='line_1_90' title="bbox 1974 4425 3553 4503; baseline -0.006 -15"><span class='ocrx_word' id='word_1_705' title='bbox 1974 4441 2222 4488; x_wconf 84' lang='lat' dir='ltr'><strong>mortuus</strong></span> <span class='ocrx_word' id='word_1_706' title='bbox 2282 4440 2390 4487; x_wconf 89' lang='lat' dir='ltr'><strong>est.</strong></span> <span class='ocrx_word' id='word_1_707' title='bbox 2446 4430 2615 4503; x_wconf 65' lang='lat' dir='ltr'><strong>IEger</strong></span> <span class='ocrx_word' id='word_1_708' title='bbox 2670 4430 2814 4485; x_wconf 90' lang='lat' dir='ltr'><strong>enim</strong></span> <span class='ocrx_word' id='word_1_709' title='bbox 2848 4470 2864 4496; x_wconf 94' lang='lat'><strong>,</strong></span> <span class='ocrx_word' id='word_1_710' title='bbox 2916 4445 3023 4485; x_wconf 90' lang='lat' dir='ltr'><strong>non</strong></span> <span class='ocrx_word' id='word_1_711' title='bbox 3079 4435 3326 4483; x_wconf 89' lang='lat' dir='ltr'><strong>mortuus</strong></span> <span class='ocrx_word' id='word_1_712' title='bbox 3372 4425 3553 4481; x_wconf 83' lang='lat' dir='ltr'><strong>fuerat</strong></span> 
     </span>
    </p>
   </div>
   <div class='ocr_carea' id='block_1_91' title="bbox 286 4520 3554 4598">
    <p class='ocr_par' dir='ltr' id='par_1_91' title="bbox 286 4520 3554 4598">
     <span class='ocr_line' id='line_1_91' title="bbox 286 4520 3554 4598; baseline -0.004 -10"><span class='ocrx_word' id='word_1_713' title='bbox 286 4533 424 4588; x_wconf 88' lang='lat' dir='ltr'><strong>dare</strong></span> <span class='ocrx_word' id='word_1_714' title='bbox 474 4531 758 4587; x_wconf 89' lang='lat' dir='ltr'><strong>consilium</strong></span> <span class='ocrx_word' id='word_1_715' title='bbox 809 4529 1055 4584; x_wconf 88' lang='lat' dir='ltr'><strong>homines</strong></span> <span class='ocrx_word' id='word_1_716' title='bbox 1090 4527 1219 4590; x_wconf 91' lang='lat' dir='ltr'><strong>Deo,</strong></span> <span class='ocrx_word' id='word_1_717' title='bbox 1278 4524 1529 4595; x_wconf 90' lang='lat' dir='ltr'><strong>discipuli</strong></span> <span class='ocrx_word' id='word_1_718' title='bbox 1585 4523 1866 4593; x_wconf 84' lang='lat' dir='ltr'><strong>magistro,</strong></span> <span class='ocrx_word' id='word_1_719' title='bbox 1895 4526 2276 4598; x_wconf 76' lang='lat' dir='ltr'><strong>pnuntiatus.</strong></span> <span class='ocrx_word' id='word_1_720' title='bbox 2321 4523 2430 4579; x_wconf 89' lang='lat' dir='ltr'><strong>Sed</strong></span> <span class='ocrx_word' id='word_1_721' title='bbox 2476 4524 2605 4594; x_wconf 89' lang='lat' dir='ltr'><strong>quid</strong></span> <span class='ocrx_word' id='word_1_722' title='bbox 2648 4523 2846 4579; x_wconf 90' lang='lat' dir='ltr'><strong>lateret</strong></span> <span class='ocrx_word' id='word_1_723' title='bbox 2864 4537 2988 4591; x_wconf 84' lang='lat' dir='ltr'><strong>eum</strong></span> <span class='ocrx_word' id='word_1_724' title='bbox 3027 4520 3119 4591; x_wconf 90' lang='lat' dir='ltr'><strong>qui</strong></span> <span class='ocrx_word' id='word_1_725' title='bbox 3171 4527 3456 4576; x_wconf 86' lang='lat' dir='ltr'><strong>creaverat</strong></span> <span class='ocrx_word' id='word_1_726' title='bbox 3499 4527 3554 4576; x_wconf 92' lang='lat' dir='ltr'><strong>et</strong></span> 
     </span>
    </p>
   </div>
   <div class='ocr_carea' id='block_1_92' title="bbox 287 4616 1872 4691">
    <p class='ocr_par' dir='ltr' id='par_1_92' title="bbox 287 4616 1872 4691">
     <span class='ocr_line' id='line_1_92' title="bbox 287 4616 1872 4691; baseline -0.006 -11"><span class='ocrx_word' id='word_1_727' title='bbox 287 4625 439 4680; x_wconf 84' lang='lat' dir='ltr'><strong>servi</strong></span> <span class='ocrx_word' id='word_1_728' title='bbox 484 4623 725 4688; x_wconf 89' lang='lat' dir='ltr'><strong>domino,</strong></span> <span class='ocrx_word' id='word_1_729' title='bbox 767 4621 955 4691; x_wconf 60' lang='lat' dir='ltr'><strong>aegroti</strong></span> <span class='ocrx_word' id='word_1_730' title='bbox 984 4620 1194 4676; x_wconf 88' lang='lat' dir='ltr'><strong>medico</strong></span> <span class='ocrx_word' id='word_1_731' title='bbox 1213 4660 1228 4684; x_wconf 92' lang='lat'><strong>,</strong></span> <span class='ocrx_word' id='word_1_732' title='bbox 1261 4619 1525 4690; x_wconf 89' lang='lat' dir='ltr'><strong>corripuit</strong></span> <span class='ocrx_word' id='word_1_733' title='bbox 1550 4633 1645 4673; x_wconf 90' lang='lat' dir='ltr'><strong>eos</strong></span> <span class='ocrx_word' id='word_1_734' title='bbox 1668 4624 1723 4671; x_wconf 91' lang='lat' dir='ltr'><strong>et</strong></span> <span class='ocrx_word' id='word_1_735' title='bbox 1755 4616 1872 4671; x_wconf 88' lang='lat' dir='ltr'><strong>ait:</strong></span> 
     </span>
    </p>
   </div>
   <div class='ocr_carea' id='block_1_93' title="bbox 289 4706 1877 4786">
    <p class='ocr_par' dir='ltr' id='par_1_93' title="bbox 289 4706 1877 4786">
     <span class='ocr_line' id='line_1_93' title="bbox 289 4706 1877 4786; baseline -0.005 -17"><span class='ocrx_word' id='word_1_736' title='bbox 289 4714 790 4786; x_wconf 44' lang='lat' dir='ltr'><strong>Nonnﬁduodecim</strong></span> <span class='ocrx_word' id='word_1_737' title='bbox 812 4713 956 4767; x_wconf 83' lang='lat' dir='ltr'><strong>hora:</strong></span> <span class='ocrx_word' id='word_1_738' title='bbox 983 4721 1103 4766; x_wconf 81' lang='lat' dir='ltr'><strong>sunt</strong></span> <span class='ocrx_word' id='word_1_739' title='bbox 1125 4711 1271 4766; x_wconf 84' lang='lat' dir='ltr'><strong>diei?</strong></span> <span class='ocrx_word' id='word_1_740' title='bbox 1300 4708 1359 4766; x_wconf 90' lang='lat' dir='ltr'><strong>Si</strong></span> <span class='ocrx_word' id='word_1_741' title='bbox 1378 4711 1495 4782; x_wconf 89' lang='lat' dir='ltr'><strong>quis</strong></span> <span class='ocrx_word' id='word_1_742' title='bbox 1532 4706 1877 4764; x_wconf 81' lang='lat' dir='ltr'><strong>ambulaverit</strong></span> 
     </span>
    </p>
   </div>
   <div class='ocr_carea' id='block_1_94' title="bbox 286 4798 1879 4877">
    <p class='ocr_par' dir='ltr' id='par_1_94' title="bbox 286 4798 1879 4877">
     <span class='ocr_line' id='line_1_94' title="bbox 286 4798 1879 4877; baseline -0.004 -16"><span class='ocrx_word' id='word_1_743' title='bbox 286 4810 353 4862; x_wconf 85' lang='lat' dir='ltr'><strong>in</strong></span> <span class='ocrx_word' id='word_1_744' title='bbox 378 4807 482 4873; x_wconf 89' lang='lat' dir='ltr'><strong>die,</strong></span> <span class='ocrx_word' id='word_1_745' title='bbox 507 4823 614 4862; x_wconf 87' lang='lat' dir='ltr'><strong>non</strong></span> <span class='ocrx_word' id='word_1_746' title='bbox 641 4806 877 4877; x_wconf 78' lang='lat' dir='ltr'><strong>offendit.</strong></span> <span class='ocrx_word' id='word_1_747' title='bbox 910 4805 995 4860; x_wconf 86' lang='lat' dir='ltr'><strong>Me</strong></span> <span class='ocrx_word' id='word_1_748' title='bbox 1044 4804 1355 4876; x_wconf 86' lang='lat' dir='ltr'><strong>sequimini,</strong></span> <span class='ocrx_word' id='word_1_749' title='bbox 1387 4803 1434 4859; x_wconf 90' lang='lat' dir='ltr'><strong>si</strong></span> <span class='ocrx_word' id='word_1_750' title='bbox 1462 4817 1569 4875; x_wconf 81' lang='lat' dir='ltr'><strong>non</strong></span> <span class='ocrx_word' id='word_1_751' title='bbox 1597 4800 1762 4857; x_wconf 86' lang='lat' dir='ltr'><strong>vultis</strong></span> <span class='ocrx_word' id='word_1_752' title='bbox 1797 4798 1879 4855; x_wconf 84' lang='lat' dir='ltr'><strong>of-</strong></span> 
     </span>
    </p>
   </div>
   <div class='ocr_carea' id='block_1_95' title="bbox 292 4899 1881 4970">
    <p class='ocr_par' dir='ltr' id='par_1_95' title="bbox 292 4899 1881 4970">
     <span class='ocr_line' id='line_1_95' title="bbox 292 4899 1881 4970; baseline -0.006 -11"><span class='ocrx_word' id='word_1_753' title='bbox 292 4902 559 4970; x_wconf 82' lang='lat' dir='ltr'><strong>fendere;</strong></span> <span class='ocrx_word' id='word_1_754' title='bbox 592 4902 756 4959; x_wconf 89' lang='lat' dir='ltr'><strong>nolite</strong></span> <span class='ocrx_word' id='word_1_755' title='bbox 783 4901 914 4957; x_wconf 88' lang='lat' dir='ltr'><strong>mihi</strong></span> <span class='ocrx_word' id='word_1_756' title='bbox 936 4900 1219 4956; x_wconf 89' lang='lat' dir='ltr'><strong>consilium</strong></span> <span class='ocrx_word' id='word_1_757' title='bbox 1241 4899 1393 4965; x_wconf 88' lang='lat' dir='ltr'><strong>dare,</strong></span> <span class='ocrx_word' id='word_1_758' title='bbox 1424 4912 1561 4969; x_wconf 87' lang='lat' dir='ltr'><strong>quos</strong></span> <span class='ocrx_word' id='word_1_759' title='bbox 1584 4911 1615 4950; x_wconf 88' lang='lat' dir='ltr'><strong>a</strong></span> <span class='ocrx_word' id='word_1_760' title='bbox 1644 4909 1731 4950; x_wconf 90' lang='lat' dir='ltr'><strong>me</strong></span> <span class='ocrx_word' id='word_1_761' title='bbox 1751 4908 1881 4950; x_wconf 88' lang='lat' dir='ltr'><strong>con-</strong></span> 
     </span>
    </p>
   </div>
   <div class='ocr_carea' id='block_1_96' title="bbox 293 4988 1881 5066">
    <p class='ocr_par' dir='ltr' id='par_1_96' title="bbox 293 4988 1881 5066">
     <span class='ocr_line' id='line_1_96' title="bbox 293 4988 1881 5066; baseline -0.006 -15"><span class='ocrx_word' id='word_1_762' title='bbox 293 4996 482 5052; x_wconf 84' lang='lat' dir='ltr'><strong>silium</strong></span> <span class='ocrx_word' id='word_1_763' title='bbox 513 5003 725 5066; x_wconf 81' lang='lat' dir='ltr'><strong>Oportet</strong></span> <span class='ocrx_word' id='word_1_764' title='bbox 751 4994 1016 5064; x_wconf 90' lang='lat' dir='ltr'><strong>accipere.</strong></span> <span class='ocrx_word' id='word_1_765' title='bbox 1063 4992 1180 5059; x_wconf 85' lang='lat' dir='ltr'><strong>Quo</strong></span> <span class='ocrx_word' id='word_1_766' title='bbox 1223 5007 1353 5064; x_wconf 88' lang='lat' dir='ltr'><strong>ergo</strong></span> <span class='ocrx_word' id='word_1_767' title='bbox 1376 4991 1611 5062; x_wconf 88' lang='lat' dir='ltr'><strong>pertinet</strong></span> <span class='ocrx_word' id='word_1_768' title='bbox 1645 5008 1657 5043; x_wconf 92' lang='lat'><strong>:</strong></span> <span class='ocrx_word' id='word_1_769' title='bbox 1690 4988 1881 5043; x_wconf 86' lang='lat' dir='ltr'><strong>Nonne</strong></span> 
     </span>
    </p>
   </div>
   <div class='ocr_carea' id='block_1_97' title="bbox 295 5082 1882 5149">
    <p class='ocr_par' dir='ltr' id='par_1_97' title="bbox 295 5082 1882 5149">
     <span class='ocr_line' id='line_1_97' title="bbox 295 5082 1882 5149; baseline -0.005 -8"><span class='ocrx_word' id='word_1_770' title='bbox 295 5086 575 5142; x_wconf 84' lang='lat' dir='ltr'><strong>duodecim</strong></span> <span class='ocrx_word' id='word_1_771' title='bbox 594 5086 738 5140; x_wconf 75' lang='lat' dir='ltr'><strong>Itone</strong></span> <span class='ocrx_word' id='word_1_772' title='bbox 757 5093 879 5139; x_wconf 88' lang='lat' dir='ltr'><strong>sunt</strong></span> <span class='ocrx_word' id='word_1_773' title='bbox 906 5083 1010 5137; x_wconf 91' lang='lat' dir='ltr'><strong>diei</strong></span> <span class='ocrx_word' id='word_1_774' title='bbox 1032 5083 1056 5136; x_wconf 82' lang='lat'><strong><em>?</em></strong></span> <span class='ocrx_word' id='word_1_775' title='bbox 1077 5083 1213 5149; x_wconf 81' lang='lat' dir='ltr'><strong>Quia</strong></span> <span class='ocrx_word' id='word_1_776' title='bbox 1234 5090 1295 5136; x_wconf 90' lang='lat' dir='ltr'><strong>ut</strong></span> <span class='ocrx_word' id='word_1_777' title='bbox 1317 5082 1461 5137; x_wconf 89' lang='lat' dir='ltr'><strong>diem</strong></span> <span class='ocrx_word' id='word_1_778' title='bbox 1484 5096 1543 5136; x_wconf 89' lang='lat' dir='ltr'><strong>se</strong></span> <span class='ocrx_word' id='word_1_779' title='bbox 1562 5095 1683 5136; x_wconf 88' lang='lat' dir='ltr'><strong>esse</strong></span> <span class='ocrx_word' id='word_1_780' title='bbox 1701 5088 1882 5136; x_wconf 87' lang='lat' dir='ltr'><strong>osten-</strong></span> 
     </span>
    </p>
   </div>
   <div class='ocr_carea' id='block_1_98' title="bbox 296 5170 1882 5244">
    <p class='ocr_par' dir='ltr' id='par_1_98' title="bbox 296 5170 1882 5244">
     <span class='ocr_line' id='line_1_98' title="bbox 296 5170 1882 5244; baseline -0.004 -13"><span class='ocrx_word' id='word_1_781' title='bbox 296 5175 477 5241; x_wconf 88' lang='lat' dir='ltr'><strong>deret,</strong></span> <span class='ocrx_word' id='word_1_782' title='bbox 511 5175 795 5231; x_wconf 87' lang='lat' dir='ltr'><strong>duodecim</strong></span> <span class='ocrx_word' id='word_1_783' title='bbox 826 5173 1115 5243; x_wconf 90' lang='lat' dir='ltr'><strong>discipulos</strong></span> <span class='ocrx_word' id='word_1_784' title='bbox 1144 5173 1327 5244; x_wconf 86' lang='lat' dir='ltr'><strong>elegit.</strong></span> <span class='ocrx_word' id='word_1_785' title='bbox 1370 5170 1428 5227; x_wconf 90' lang='lat' dir='ltr'><strong>Si</strong></span> <span class='ocrx_word' id='word_1_786' title='bbox 1464 5187 1593 5240; x_wconf 89' lang='lat' dir='ltr'><strong>ergo</strong></span> <span class='ocrx_word' id='word_1_787' title='bbox 1631 5187 1774 5237; x_wconf 90' lang='lat' dir='ltr'><strong>sum,</strong></span> <span class='ocrx_word' id='word_1_788' title='bbox 1801 5171 1882 5225; x_wconf 83' lang='lat' dir='ltr'><strong>in-</strong></span> 
     </span>
    </p>
   </div>
   <div class='ocr_carea' id='block_1_99' title="bbox 297 5263 1882 5341">
    <p class='ocr_par' dir='ltr' id='par_1_99' title="bbox 297 5263 1882 5341">
     <span class='ocr_line' id='line_1_99' title="bbox 297 5263 1882 5341; baseline -0.006 -17"><span class='ocrx_word' id='word_1_789' title='bbox 297 5269 441 5339; x_wconf 87' lang='lat' dir='ltr'><strong>quit,</strong></span> <span class='ocrx_word' id='word_1_790' title='bbox 472 5268 607 5335; x_wconf 85' lang='lat' dir='ltr'><strong>dies,</strong></span> <span class='ocrx_word' id='word_1_791' title='bbox 638 5274 693 5322; x_wconf 90' lang='lat' dir='ltr'><strong>et</strong></span> <span class='ocrx_word' id='word_1_792' title='bbox 717 5281 814 5323; x_wconf 88' lang='lat' dir='ltr'><strong>vos</strong></span> <span class='ocrx_word' id='word_1_793' title='bbox 838 5265 1004 5331; x_wconf 62' lang='lat' dir='ltr'><strong>horae,</strong></span> <span class='ocrx_word' id='word_1_794' title='bbox 1028 5263 1269 5341; x_wconf 78' lang='lat' dir='ltr'><strong>nunquid</strong></span> <span class='ocrx_word' id='word_1_795' title='bbox 1300 5265 1446 5319; x_wconf 65' lang='lat' dir='ltr'><strong>horai</strong></span> <span class='ocrx_word' id='word_1_796' title='bbox 1468 5264 1573 5319; x_wconf 91' lang='lat' dir='ltr'><strong>diei</strong></span> <span class='ocrx_word' id='word_1_797' title='bbox 1597 5263 1882 5319; x_wconf 88' lang='lat' dir='ltr'><strong>consilium</strong></span> 
     </span>
    </p>
   </div>
   <div class='ocr_carea' id='block_1_100' title="bbox 300 5351 1884 5424">
    <p class='ocr_par' dir='ltr' id='par_1_100' title="bbox 300 5351 1884 5424">
     <span class='ocr_line' id='line_1_100' title="bbox 300 5351 1884 5424; baseline -0.004 -11"><span class='ocrx_word' id='word_1_798' title='bbox 300 5357 437 5413; x_wconf 85' lang='lat' dir='ltr'><strong>dant</strong></span> <span class='ocrx_word' id='word_1_799' title='bbox 461 5357 486 5411; x_wconf 66' lang='grc' dir='ltr'><strong>ι</strong></span> <span class='ocrx_word' id='word_1_800' title='bbox 506 5356 668 5413; x_wconf 65' lang='lat' dir='ltr'><strong>Horae</strong></span> <span class='ocrx_word' id='word_1_801' title='bbox 688 5356 830 5412; x_wconf 88' lang='lat' dir='ltr'><strong>diem</strong></span> <span class='ocrx_word' id='word_1_802' title='bbox 861 5362 1181 5424; x_wconf 88' lang='lat' dir='ltr'><strong>sequuntur,</strong></span> <span class='ocrx_word' id='word_1_803' title='bbox 1206 5369 1315 5410; x_wconf 92' lang='lat' dir='ltr'><strong>non</strong></span> <span class='ocrx_word' id='word_1_804' title='bbox 1336 5355 1501 5409; x_wconf 88' lang='lat' dir='ltr'><strong>horas</strong></span> <span class='ocrx_word' id='word_1_805' title='bbox 1521 5353 1655 5407; x_wconf 86' lang='lat' dir='ltr'><strong>dies.</strong></span> <span class='ocrx_word' id='word_1_806' title='bbox 1679 5351 1736 5406; x_wconf 91' lang='lat' dir='ltr'><strong>Si</strong></span> <span class='ocrx_word' id='word_1_807' title='bbox 1753 5366 1884 5424; x_wconf 90' lang='lat' dir='ltr'><strong>ergo</strong></span> 
     </span>
    </p>
   </div>
   <div class='ocr_carea' id='block_1_101' title="bbox 381 5524 1886 5602">
    <p class='ocr_par' dir='ltr' id='par_1_101' title="bbox 381 5524 1886 5602">
     <span class='ocr_line' id='line_1_101' title="bbox 381 5524 1886 5602; baseline -0.007 -14"><span class='ocrx_word' id='word_1_808' title='bbox 381 5543 411 5574; x_wconf 74' lang='grc' dir='ltr'><strong>ι</strong></span> <span class='ocrx_word' id='word_1_809' title='bbox 437 5529 497 5587; x_wconf 89' lang='lat' dir='ltr'><strong>In</strong></span> <span class='ocrx_word' id='word_1_810' title='bbox 529 5529 756 5602; x_wconf 73' lang='lat' dir='ltr'><strong>Vulgata</strong></span> <span class='ocrx_word' id='word_1_811' title='bbox 800 5529 875 5584; x_wconf 89' lang='lat' dir='ltr'><strong>ita</strong></span> <span class='ocrx_word' id='word_1_812' title='bbox 907 5527 1104 5602; x_wconf 84' lang='lat' dir='ltr'><strong>legitur</strong></span> <span class='ocrx_word' id='word_1_813' title='bbox 1131 5546 1144 5602; x_wconf 67' lang='grc' dir='ltr'><strong>ς</strong></span> <span class='ocrx_word' id='word_1_814' title='bbox 1167 5525 1370 5602; x_wconf 74' lang='lat' dir='ltr'><strong>Omnes</strong></span> <span class='ocrx_word' id='word_1_815' title='bbox 1392 5524 1635 5602; x_wconf 74' lang='lat' dir='ltr'><strong>_quidem_</strong></span> <span class='ocrx_word' id='word_1_816' title='bbox 1656 5540 1886 5602; x_wconf 74' lang='lat' dir='ltr'><strong>resurge-</strong></span> 
     </span>
    </p>
   </div>
   <div class='ocr_carea' id='block_1_102' title="bbox 303 5594 1885 5668">
    <p class='ocr_par' dir='ltr' id='par_1_102' title="bbox 303 5594 1885 5668">
     <span class='ocr_line' id='line_1_102' title="bbox 303 5594 1885 5668; baseline -0.008 -10"><span class='ocrx_word' id='word_1_817' title='bbox 303 5616 448 5668; x_wconf 79' lang='lat' dir='ltr'><strong>mus,</strong></span> <span class='ocrx_word' id='word_1_818' title='bbox 471 5601 560 5657; x_wconf 78' lang='lat' dir='ltr'><strong>sed</strong></span> <span class='ocrx_word' id='word_1_819' title='bbox 583 5594 686 5655; x_wconf 78' lang='grc' dir='ltr'><strong>ηόη</strong></span> <span class='ocrx_word' id='word_1_820' title='bbox 718 5616 893 5654; x_wconf 89' lang='lat' dir='ltr'><strong>omnes</strong></span> <span class='ocrx_word' id='word_1_821' title='bbox 908 5594 1315 5652; x_wconf 68' lang='lat' dir='ltr'><strong>inimutabimur.</strong></span> <span class='ocrx_word' id='word_1_822' title='bbox 1341 5594 1595 5668; x_wconf 75' lang='lat' dir='ltr'><strong>Aleuinus</strong></span> <span class='ocrx_word' id='word_1_823' title='bbox 1620 5594 1709 5647; x_wconf 87' lang='lat' dir='ltr'><strong>hic</strong></span> <span class='ocrx_word' id='word_1_824' title='bbox 1728 5609 1885 5668; x_wconf 74' lang='lat' dir='ltr'><strong>secu-</strong></span> 
     </span>
    </p>
   </div>
   <div class='ocr_carea' id='block_1_103' title="bbox 308 5664 1886 5739">
    <p class='ocr_par' dir='ltr' id='par_1_103' title="bbox 308 5664 1886 5739">
     <span class='ocr_line' id='line_1_103' title="bbox 308 5664 1886 5739; baseline -0.007 -11"><span class='ocrx_word' id='word_1_825' title='bbox 308 5681 402 5728; x_wconf 88' lang='lat' dir='ltr'><strong>tus</strong></span> <span class='ocrx_word' id='word_1_826' title='bbox 427 5664 592 5727; x_wconf 72' lang='lat' dir='ltr'><strong>fuisse</strong></span> <span class='ocrx_word' id='word_1_827' title='bbox 618 5671 831 5725; x_wconf 88' lang='lat' dir='ltr'><strong>videtur</strong></span> <span class='ocrx_word' id='word_1_828' title='bbox 867 5669 1129 5739; x_wconf 87' lang='lat' dir='ltr'><strong>quosdam</strong></span> <span class='ocrx_word' id='word_1_829' title='bbox 1154 5668 1368 5722; x_wconf 88' lang='lat' dir='ltr'><strong>codices</strong></span> <span class='ocrx_word' id='word_1_830' title='bbox 1395 5664 1615 5739; x_wconf 67' lang='lat' dir='ltr'><strong>Graecos</strong></span> <span class='ocrx_word' id='word_1_831' title='bbox 1652 5679 1715 5717; x_wconf 90' lang='lat' dir='ltr'><strong>ac</strong></span> <span class='ocrx_word' id='word_1_832' title='bbox 1737 5664 1886 5718; x_wconf 88' lang='lat' dir='ltr'><strong>Lati-</strong></span> 
     </span>
    </p>
   </div>
   <div class='ocr_carea' id='block_1_104' title="bbox 307 5736 1885 5811">
    <p class='ocr_par' dir='ltr' id='par_1_104' title="bbox 307 5736 1885 5811">
     <span class='ocr_line' id='line_1_104' title="bbox 307 5736 1885 5811; baseline -0.005 -12"><span class='ocrx_word' id='word_1_833' title='bbox 307 5758 433 5808; x_wconf 87' lang='lat' dir='ltr'><strong>nos,</strong></span> <span class='ocrx_word' id='word_1_834' title='bbox 482 5743 537 5798; x_wconf 92' lang='lat' dir='ltr'><strong>in</strong></span> <span class='ocrx_word' id='word_1_835' title='bbox 565 5742 759 5811; x_wconf 88' lang='lat' dir='ltr'><strong>quibus</strong></span> <span class='ocrx_word' id='word_1_836' title='bbox 785 5736 957 5811; x_wconf 75' lang='lat' dir='ltr'><strong>etiam</strong></span> <span class='ocrx_word' id='word_1_837' title='bbox 979 5739 1096 5793; x_wconf 90' lang='lat' dir='ltr'><strong>loco</strong></span> <span class='ocrx_word' id='word_1_838' title='bbox 1123 5754 1300 5811; x_wconf 85' lang='lat' dir='ltr'><strong>omnes</strong></span> <span class='ocrx_word' id='word_1_839' title='bbox 1321 5736 1537 5811; x_wconf 65' lang='lat' dir='ltr'><strong>quidem</strong></span> <span class='ocrx_word' id='word_1_840' title='bbox 1558 5751 1885 5811; x_wconf 69' lang='lat' dir='ltr'><strong>resurgemus</strong></span> 
     </span>
    </p>
   </div>
   <div class='ocr_carea' id='block_1_105' title="bbox 310 5804 1880 5888">
    <p class='ocr_par' dir='ltr' id='par_1_105' title="bbox 310 5804 1880 5888">
     <span class='ocr_line' id='line_1_105' title="bbox 310 5804 1880 5888; baseline -0.006 -18"><span class='ocrx_word' id='word_1_841' title='bbox 310 5804 554 5888; x_wconf 83' lang='lat' dir='ltr'><strong>legitur:</strong></span> <span class='ocrx_word' id='word_1_842' title='bbox 583 5804 775 5867; x_wconf 78' lang='lat' dir='ltr'><strong>Dmnes</strong></span> <span class='ocrx_word' id='word_1_843' title='bbox 833 5810 1042 5881; x_wconf 90' lang='lat' dir='ltr'><strong>quidem</strong></span> <span class='ocrx_word' id='word_1_844' title='bbox 1098 5804 1432 5864; x_wconf 77' lang='lat' dir='ltr'><strong>dormienius.</strong></span> <span class='ocrx_word' id='word_1_845' title='bbox 1480 5805 1602 5861; x_wconf 70' lang='grc' dir='ltr'><strong>νεα.</strong></span> <span class='ocrx_word' id='word_1_846' title='bbox 1662 5804 1880 5861; x_wconf 89' lang='lat' dir='ltr'><strong>Hieron.</strong></span> 
     </span>
    </p>
   </div>
   <div class='ocr_carea' id='block_1_106' title="bbox 1975 4608 3554 4683">
    <p class='ocr_par' dir='ltr' id='par_1_106' title="bbox 1975 4608 3554 4683">
     <span class='ocr_line' id='line_1_106' title="bbox 1975 4608 3554 4683; baseline -0.004 -12"><span class='ocrx_word' id='word_1_847' title='bbox 1975 4616 2043 4671; x_wconf 89' lang='lat' dir='ltr'><strong>ad</strong></span> <span class='ocrx_word' id='word_1_848' title='bbox 2073 4613 2228 4683; x_wconf 87' lang='lat' dir='ltr'><strong>cujus</strong></span> <span class='ocrx_word' id='word_1_849' title='bbox 2259 4629 2453 4669; x_wconf 89' lang='lat' dir='ltr'><strong>manus</strong></span> <span class='ocrx_word' id='word_1_850' title='bbox 2497 4614 2676 4668; x_wconf 90' lang='lat' dir='ltr'><strong>anima</strong></span> <span class='ocrx_word' id='word_1_851' title='bbox 2714 4612 2999 4667; x_wconf 87' lang='lat' dir='ltr'><strong>morientis</strong></span> <span class='ocrx_word' id='word_1_852' title='bbox 3039 4609 3290 4671; x_wconf 73' lang='lat' dir='ltr'><strong>exierat?</strong></span> <span class='ocrx_word' id='word_1_853' title='bbox 3327 4608 3443 4666; x_wconf 85' lang='lat' dir='ltr'><strong>Hoc</strong></span> <span class='ocrx_word' id='word_1_854' title='bbox 3469 4617 3554 4665; x_wconf 89' lang='lat' dir='ltr'><strong>est</strong></span> 
     </span>
    </p>
   </div>
   <div class='ocr_carea' id='block_1_107' title="bbox 1975 4701 3553 4777">
    <p class='ocr_par' dir='ltr' id='par_1_107' title="bbox 1975 4701 3553 4777">
     <span class='ocr_line' id='line_1_107' title="bbox 1975 4701 3553 4777; baseline -0.004 -16"><span class='ocrx_word' id='word_1_855' title='bbox 1975 4706 2119 4777; x_wconf 83' lang='lat' dir='ltr'><strong>quod</strong></span> <span class='ocrx_word' id='word_1_856' title='bbox 2141 4706 2255 4761; x_wconf 89' lang='lat' dir='ltr'><strong>ait:</strong></span> <span class='ocrx_word' id='word_1_857' title='bbox 2290 4703 2505 4759; x_wconf 84' lang='lat' dir='ltr'><strong>Gaudeo</strong></span> <span class='ocrx_word' id='word_1_858' title='bbox 2528 4714 2738 4775; x_wconf 87' lang='lat' dir='ltr'><strong>propter</strong></span> <span class='ocrx_word' id='word_1_859' title='bbox 2761 4721 2850 4758; x_wconf 80' lang='lat' dir='ltr'><strong>vos</strong></span> <span class='ocrx_word' id='word_1_860' title='bbox 2870 4744 2886 4769; x_wconf 93' lang='lat'><strong>,</strong></span> <span class='ocrx_word' id='word_1_861' title='bbox 2926 4712 2984 4757; x_wconf 90' lang='lat' dir='ltr'><strong>ut</strong></span> <span class='ocrx_word' id='word_1_862' title='bbox 3034 4701 3259 4758; x_wconf 88' lang='lat' dir='ltr'><strong>credatis</strong></span> <span class='ocrx_word' id='word_1_863' title='bbox 3291 4702 3417 4774; x_wconf 71' lang='lat' dir='ltr'><strong>quia</strong></span> <span class='ocrx_word' id='word_1_864' title='bbox 3448 4717 3553 4756; x_wconf 86' lang='lat' dir='ltr'><strong>non</strong></span> 
     </span>
    </p>
   </div>
   <div class='ocr_carea' id='block_1_108' title="bbox 1975 4791 3553 4867">
    <p class='ocr_par' dir='ltr' id='par_1_108' title="bbox 1975 4791 3553 4867">
     <span class='ocr_line' id='line_1_108' title="bbox 1975 4791 3553 4867; baseline -0.002 -17"><span class='ocrx_word' id='word_1_865' title='bbox 1975 4796 2051 4850; x_wconf 91' lang='lat' dir='ltr'><strong>ibi</strong></span> <span class='ocrx_word' id='word_1_866' title='bbox 2099 4812 2243 4850; x_wconf 89' lang='lat' dir='ltr'><strong>eram</strong></span> <span class='ocrx_word' id='word_1_867' title='bbox 2280 4809 2298 4847; x_wconf 91' lang='lat'><strong>:</strong></span> <span class='ocrx_word' id='word_1_868' title='bbox 2335 4803 2395 4850; x_wconf 90' lang='lat' dir='ltr'><strong>ut</strong></span> <span class='ocrx_word' id='word_1_869' title='bbox 2424 4795 2538 4867; x_wconf 84' lang='lat' dir='ltr'><strong>jam</strong></span> <span class='ocrx_word' id='word_1_870' title='bbox 2587 4795 2886 4865; x_wconf 87' lang='lat' dir='ltr'><strong>inciperent</strong></span> <span class='ocrx_word' id='word_1_871' title='bbox 2934 4792 3225 4859; x_wconf 90' lang='lat' dir='ltr'><strong>admirari,</strong></span> <span class='ocrx_word' id='word_1_872' title='bbox 3276 4793 3404 4864; x_wconf 89' lang='lat' dir='ltr'><strong>quia</strong></span> <span class='ocrx_word' id='word_1_873' title='bbox 3442 4791 3553 4855; x_wconf 86' lang='lat' dir='ltr'><strong>Do-</strong></span> 
     </span>
    </p>
   </div>
   <div class='ocr_carea' id='block_1_109' title="bbox 1976 4885 3550 4959">
    <p class='ocr_par' dir='ltr' id='par_1_109' title="bbox 1976 4885 3550 4959">
     <span class='ocr_line' id='line_1_109' title="bbox 1976 4885 3550 4959; baseline -0.003 -15"><span class='ocrx_word' id='word_1_874' title='bbox 1976 4888 2158 4944; x_wconf 89' lang='lat' dir='ltr'><strong>minus</strong></span> <span class='ocrx_word' id='word_1_875' title='bbox 2200 4888 2374 4958; x_wconf 85' lang='lat' dir='ltr'><strong>potuit</strong></span> <span class='ocrx_word' id='word_1_876' title='bbox 2426 4888 2606 4942; x_wconf 90' lang='lat' dir='ltr'><strong>dicere</strong></span> <span class='ocrx_word' id='word_1_877' title='bbox 2633 4893 2928 4953; x_wconf 88' lang='lat' dir='ltr'><strong>mortuum,</strong></span> <span class='ocrx_word' id='word_1_878' title='bbox 2960 4885 3147 4959; x_wconf 89' lang='lat' dir='ltr'><strong>[quod]</strong></span> <span class='ocrx_word' id='word_1_879' title='bbox 3177 4901 3278 4942; x_wconf 88' lang='lat' dir='ltr'><strong>nec</strong></span> <span class='ocrx_word' id='word_1_880' title='bbox 3321 4886 3550 4953; x_wconf 87' lang='lat' dir='ltr'><strong>viderat,</strong></span> 
     </span>
    </p>
   </div>
   <div class='ocr_carea' id='block_1_110' title="bbox 1978 4978 3554 5046">
    <p class='ocr_par' dir='ltr' id='par_1_110' title="bbox 1978 4978 3554 5046">
     <span class='ocr_line' id='line_1_110' title="bbox 1978 4978 3554 5046; baseline -0.001 -12"><span class='ocrx_word' id='word_1_881' title='bbox 1978 4995 2080 5036; x_wconf 89' lang='lat' dir='ltr'><strong>nec</strong></span> <span class='ocrx_word' id='word_1_882' title='bbox 2112 4978 2375 5035; x_wconf 89' lang='lat' dir='ltr'><strong>audierat.</strong></span> <span class='ocrx_word' id='word_1_883' title='bbox 2422 4978 2525 5035; x_wconf 89' lang='lat' dir='ltr'><strong>Ubi</strong></span> <span class='ocrx_word' id='word_1_884' title='bbox 2568 4994 2700 5035; x_wconf 88' lang='lat' dir='ltr'><strong>sane</strong></span> <span class='ocrx_word' id='word_1_885' title='bbox 2728 4979 3038 5034; x_wconf 88' lang='lat' dir='ltr'><strong>meminisse</strong></span> <span class='ocrx_word' id='word_1_886' title='bbox 3088 4978 3365 5041; x_wconf 87' lang='lat' dir='ltr'><strong>debemus,</strong></span> <span class='ocrx_word' id='word_1_887' title='bbox 3410 4979 3554 5046; x_wconf 89' lang='lat' dir='ltr'><strong>quod</strong></span> 
     </span>
    </p>
   </div>
   <div class='ocr_carea' id='block_1_111' title="bbox 1980 5069 3550 5142">
    <p class='ocr_par' dir='ltr' id='par_1_111' title="bbox 1980 5069 3550 5142">
     <span class='ocr_line' id='line_1_111' title="bbox 1980 5069 3550 5142; baseline -0.001 -16"><span class='ocrx_word' id='word_1_888' title='bbox 1980 5071 2155 5127; x_wconf 89' lang='lat' dir='ltr'><strong>adhuc</strong></span> <span class='ocrx_word' id='word_1_889' title='bbox 2187 5072 2351 5125; x_wconf 89' lang='lat' dir='ltr'><strong>etiam</strong></span> <span class='ocrx_word' id='word_1_890' title='bbox 2394 5071 2635 5139; x_wconf 90' lang='lat' dir='ltr'><strong>ipsorum</strong></span> <span class='ocrx_word' id='word_1_891' title='bbox 2668 5069 3053 5142; x_wconf 89' lang='lat' dir='ltr'><strong>discipulorum</strong></span> <span class='ocrx_word' id='word_1_892' title='bbox 3081 5069 3173 5141; x_wconf 90' lang='lat' dir='ltr'><strong>qui</strong></span> <span class='ocrx_word' id='word_1_893' title='bbox 3207 5070 3264 5123; x_wconf 92' lang='lat' dir='ltr'><strong>in</strong></span> <span class='ocrx_word' id='word_1_894' title='bbox 3289 5083 3413 5124; x_wconf 88' lang='lat' dir='ltr'><strong>eum</strong></span> <span class='ocrx_word' id='word_1_895' title='bbox 3435 5069 3550 5139; x_wconf 85' lang='lat' dir='ltr'><strong>jam</strong></span> 
     </span>
    </p>
   </div>
   <div class='ocr_carea' id='block_1_112' title="bbox 1980 5160 3553 5227">
    <p class='ocr_par' dir='ltr' id='par_1_112' title="bbox 1980 5160 3553 5227">
     <span class='ocr_line' id='line_1_112' title="bbox 1980 5160 3553 5227; baseline -0.002 -10"><span class='ocrx_word' id='word_1_896' title='bbox 1980 5160 2341 5227; x_wconf 86' lang='lat' dir='ltr'><strong>crediderant,</strong></span> <span class='ocrx_word' id='word_1_897' title='bbox 2364 5160 2644 5216; x_wconf 90' lang='lat' dir='ltr'><strong>miraculis</strong></span> <span class='ocrx_word' id='word_1_898' title='bbox 2682 5161 3048 5218; x_wconf 75' lang='lat' dir='ltr'><strong>aediﬁcabatur</strong></span> <span class='ocrx_word' id='word_1_899' title='bbox 3070 5160 3204 5215; x_wconf 90' lang='lat' dir='ltr'><strong>ﬁdes</strong></span> <span class='ocrx_word' id='word_1_900' title='bbox 3228 5176 3243 5213; x_wconf 96' lang='lat'><strong>:</strong></span> <span class='ocrx_word' id='word_1_901' title='bbox 3270 5174 3377 5213; x_wconf 91' lang='lat' dir='ltr'><strong>non</strong></span> <span class='ocrx_word' id='word_1_902' title='bbox 3405 5168 3464 5214; x_wconf 88' lang='lat' dir='ltr'><strong>ut</strong></span> <span class='ocrx_word' id='word_1_903' title='bbox 3488 5174 3553 5214; x_wconf 89' lang='lat' dir='ltr'><strong>ea</strong></span> 
     </span>
    </p>
   </div>
   <div class='ocr_carea' id='block_1_113' title="bbox 1982 5251 3553 5327">
    <p class='ocr_par' dir='ltr' id='par_1_113' title="bbox 1982 5251 3553 5327">
     <span class='ocr_line' id='line_1_113' title="bbox 1982 5251 3553 5327; baseline -0.003 -17"><span class='ocrx_word' id='word_1_904' title='bbox 1982 5271 2102 5327; x_wconf 77' lang='lat' dir='ltr'><strong>quae</strong></span> <span class='ocrx_word' id='word_1_905' title='bbox 2130 5270 2235 5309; x_wconf 91' lang='lat' dir='ltr'><strong>non</strong></span> <span class='ocrx_word' id='word_1_906' title='bbox 2263 5262 2382 5309; x_wconf 88' lang='lat' dir='ltr'><strong>erat</strong></span> <span class='ocrx_word' id='word_1_907' title='bbox 2404 5295 2419 5319; x_wconf 92' lang='lat'><strong>,</strong></span> <span class='ocrx_word' id='word_1_908' title='bbox 2455 5269 2575 5310; x_wconf 85' lang='lat' dir='ltr'><strong>esse</strong></span> <span class='ocrx_word' id='word_1_909' title='bbox 2630 5254 2907 5325; x_wconf 89' lang='lat' dir='ltr'><strong>inciperet,</strong></span> <span class='ocrx_word' id='word_1_910' title='bbox 2964 5252 3059 5309; x_wconf 82' lang='lat' dir='ltr'><strong>sed</strong></span> <span class='ocrx_word' id='word_1_911' title='bbox 3105 5259 3167 5306; x_wconf 91' lang='lat' dir='ltr'><strong>ut</strong></span> <span class='ocrx_word' id='word_1_912' title='bbox 3197 5266 3262 5307; x_wconf 85' lang='lat' dir='ltr'><strong>ea</strong></span> <span class='ocrx_word' id='word_1_913' title='bbox 3295 5266 3416 5321; x_wconf 69' lang='lat' dir='ltr'><strong>quae</strong></span> <span class='ocrx_word' id='word_1_914' title='bbox 3440 5251 3553 5323; x_wconf 87' lang='lat' dir='ltr'><strong>jam</strong></span> 
     </span>
    </p>
   </div>
   <div class='ocr_carea' id='block_1_114' title="bbox 1983 5330 3556 5417">
    <p class='ocr_par' dir='ltr' id='par_1_114' title="bbox 1983 5330 3556 5417">
     <span class='ocr_line' id='line_1_114' title="bbox 1983 5330 3556 5417; baseline -0.001 -16"><span class='ocrx_word' id='word_1_915' title='bbox 1983 5360 2105 5401; x_wconf 87' lang='lat' dir='ltr'><strong>esse</strong></span> <span class='ocrx_word' id='word_1_916' title='bbox 2137 5354 2394 5413; x_wconf 82' lang='lat' dir='ltr'><strong>cu:perat,</strong></span> <span class='ocrx_word' id='word_1_917' title='bbox 2448 5356 2759 5413; x_wconf 89' lang='lat' dir='ltr'><strong>cresceret;</strong></span> <span class='ocrx_word' id='word_1_918' title='bbox 2796 5345 3045 5417; x_wconf 85' lang='lat' dir='ltr'><strong>quamvis</strong></span> <span class='ocrx_word' id='word_1_919' title='bbox 3098 5330 3193 5398; x_wconf 86' lang='lat' dir='ltr'><strong>tali</strong></span> <span class='ocrx_word' id='word_1_920' title='bbox 3231 5344 3398 5400; x_wconf 87' lang='lat' dir='ltr'><strong>verbo</strong></span> <span class='ocrx_word' id='word_1_921' title='bbox 3425 5360 3556 5401; x_wconf 87' lang='lat' dir='ltr'><strong>usus</strong></span> 
     </span>
    </p>
   </div>
   <div class='ocr_carea' id='block_1_115' title="bbox 1985 5524 3558 5598">
    <p class='ocr_par' dir='ltr' id='par_1_115' title="bbox 1985 5524 3558 5598">
     <span class='ocr_line' id='line_1_115' title="bbox 1985 5524 3558 5598; baseline 0.001 -18"><span class='ocrx_word' id='word_1_922' title='bbox 1985 5525 2142 5593; x_wconf 90' lang='lat' dir='ltr'><strong>epist.</strong></span> <span class='ocrx_word' id='word_1_923' title='bbox 2178 5524 2277 5598; x_wconf 71' lang='grc'><strong>119</strong></span> <span class='ocrx_word' id='word_1_924' title='bbox 2297 5525 2362 5579; x_wconf 90' lang='lat' dir='ltr'><strong>ad</strong></span> <span class='ocrx_word' id='word_1_925' title='bbox 2393 5526 2721 5598; x_wconf 22' lang='lat' dir='ltr'><strong>Minervium”</strong></span> <span class='ocrx_word' id='word_1_926' title='bbox 2750 5534 2807 5598; x_wconf 87' lang='lat' dir='ltr'><strong>et</strong></span> <span class='ocrx_word' id='word_1_927' title='bbox 2840 5525 3201 5598; x_wconf 67' lang='lat' dir='ltr'><strong>Alexandrum</strong></span> <span class='ocrx_word' id='word_1_928' title='bbox 3225 5564 3255 5598; x_wconf 91' lang='lat'><strong>,_</strong></span> <span class='ocrx_word' id='word_1_929' title='bbox 3269 5534 3324 5579; x_wconf 91' lang='lat' dir='ltr'><strong>et</strong></span> <span class='ocrx_word' id='word_1_930' title='bbox 3346 5525 3558 5598; x_wconf 76' lang='lat' dir='ltr'><strong>Augus-</strong></span> 
     </span>
    </p>
   </div>
   <div class='ocr_carea' id='block_1_116' title="bbox 1985 5592 3557 5669">
    <p class='ocr_par' dir='ltr' id='par_1_116' title="bbox 1985 5592 3557 5669">
     <span class='ocr_line' id='line_1_116' title="bbox 1985 5592 3557 5669; baseline 0.002 -20"><span class='ocrx_word' id='word_1_931' title='bbox 1985 5592 2302 5669; x_wconf 27' lang='lat' dir='ltr'><strong>tiinnmlibr.</strong></span> <span class='ocrx_word' id='word_1_932' title='bbox 2328 5612 2399 5649; x_wconf 82' lang='lat' dir='ltr'><strong>xx</strong></span> <span class='ocrx_word' id='word_1_933' title='bbox 2419 5599 2483 5652; x_wconf 90' lang='lat' dir='ltr'><strong>de</strong></span> <span class='ocrx_word' id='word_1_934' title='bbox 2510 5598 2678 5669; x_wconf 60' lang='lat' dir='ltr'><strong>Civit.</strong></span> <span class='ocrx_word' id='word_1_935' title='bbox 2693 5597 2808 5661; x_wconf 87' lang='lat' dir='ltr'><strong>Dei,</strong></span> <span class='ocrx_word' id='word_1_936' title='bbox 2834 5613 2953 5669; x_wconf 85' lang='lat' dir='ltr'><strong>cap.</strong></span> <span class='ocrx_word' id='word_1_937' title='bbox 2983 5592 3557 5669; x_wconf 67' lang='lat' dir='ltr'><strong>20.Mendum_tafnen</strong></span> 
     </span>
    </p>
   </div>
   <div class='ocr_carea' id='block_1_117' title="bbox 1986 5666 3559 5738">
    <p class='ocr_par' dir='ltr' id='par_1_117' title="bbox 1986 5666 3559 5738">
     <span class='ocr_line' id='line_1_117' title="bbox 1986 5666 3559 5738; baseline 0.004 -19"><span class='ocrx_word' id='word_1_938' title='bbox 1986 5666 2075 5738; x_wconf 67' lang='lat' dir='ltr'><strong>llic</strong></span> <span class='ocrx_word' id='word_1_939' title='bbox 2097 5666 2257 5720; x_wconf 86' lang='lat' dir='ltr'><strong>cubat</strong></span> <span class='ocrx_word' id='word_1_940' title='bbox 2293 5668 2345 5720; x_wconf 83' lang='lat' dir='ltr'><strong>in</strong></span> <span class='ocrx_word' id='word_1_941' title='bbox 2365 5669 2553 5738; x_wconf 76' lang='lat' dir='ltr'><strong>verbis</strong></span> <span class='ocrx_word' id='word_1_942' title='bbox 2579 5686 2590 5720; x_wconf 90' lang='lat'><strong>:</strong></span> <span class='ocrx_word' id='word_1_943' title='bbox 2627 5667 2749 5721; x_wconf 89' lang='lat' dir='ltr'><strong>Non</strong></span> <span class='ocrx_word' id='word_1_944' title='bbox 2779 5666 2954 5722; x_wconf 78' lang='lat' dir='ltr'><strong>omnes</strong></span> <span class='ocrx_word' id='word_1_945' title='bbox 2982 5680 3328 5735; x_wconf 87' lang='lat' dir='ltr'><strong>resurgemus.</strong></span> <span class='ocrx_word' id='word_1_946' title='bbox 3352 5666 3559 5738; x_wconf 84' lang='lat' dir='ltr'><strong>Legen-</strong></span> 
     </span>
    </p>
   </div>
   <div class='ocr_carea' id='block_1_118' title="bbox 1985 5736 3111 5794">
    <p class='ocr_par' dir='ltr' id='par_1_118' title="bbox 1985 5736 3111 5794">
     <span class='ocr_line' id='line_1_118' title="bbox 1985 5736 3111 5794; baseline -0.003 -2"><span class='ocrx_word' id='word_1_947' title='bbox 1985 5736 2113 5792; x_wconf 91' lang='lat' dir='ltr'><strong>dum</strong></span> <span class='ocrx_word' id='word_1_948' title='bbox 2140 5751 2269 5792; x_wconf 90' lang='lat' dir='ltr'><strong>vero</strong></span> <span class='ocrx_word' id='word_1_949' title='bbox 2295 5756 2307 5790; x_wconf 88' lang='lat'><strong>:</strong></span> <span class='ocrx_word' id='word_1_950' title='bbox 2348 5737 2470 5792; x_wconf 87' lang='lat' dir='ltr'><strong>Non</strong></span> <span class='ocrx_word' id='word_1_951' title='bbox 2501 5754 2678 5793; x_wconf 87' lang='lat' dir='ltr'><strong>omnes</strong></span> <span class='ocrx_word' id='word_1_952' title='bbox 2700 5739 3111 5794; x_wconf 84' lang='lat' dir='ltr'><strong>immutabimur.</strong></span> 
     </span>
    </p>
   </div>
  </div>
