4074 6472
575 462 679 520 905

1422 453 1482 511 Β.
1520 455 1582 510 r.
1622 451 1847 510 annm
1884 449 2017 508 seu
2053 444 2327 506 ALCUlNl
2363 444 2643 505 omnem
2675 442 2856 502 PARS
2891 444 2955 502 ιι.

3708 433 3819 498 9οι

570 577 715 633 rexit
731 573 1152 646 quatriduanus?
1180 573 1241 628 ln
1260 579 1487 642 utroque
1510 572 1745 641 potentia
1767 568 1976 624 Domini
1998 573 2137 632 erat,
2167 566 2217 627 Α
2240 562 2373 619 dixit
2410 565 2483 619 eis
2503 578 2522 616 :
2557 561 2659 619 Vos
2696 563 2904 618 nescitis
2938 560 3254 633 quidquam,
3294 575 3386 614 nec
3420 558 3659 630 cogitatis
3693 561 3822 629 quia

570 685 679 727 non
705 669 849 724 vires
875 667 1093 723 mortui.
1142 664 1444 728 Processit,
1485 670 1541 717 et
1576 663 1751 718 adhuc
1788 662 1981 733 ligatus
2016 668 2137 714 est:

574 762 753 817 adhuc
779 759 1050 815 involutus
1072 797 1085 821 ,
1134 763 1312 810 tamen
1349 753 1496 810 foras
1524 752 1639 823 jam
1674 752 1955 822 processit.
2003 748 2143 817 Quid

572 849 878 922 signiﬁcat?
909 847 1131 915 Quando
1160 845 1475 909 contemnis,
1506 852 1751 899 mortuus
1772 844 1958 914 jaces;
2003 850 2059 896 et
2096 842 2141 896 si

575 950 723 999 tanta
745 948 941 1010 quanta
969 938 1079 993 dixi
1105 937 1423 1001 contemnis,
1449 935 1686 1005 sepultus
1710 934 1859 1002 jaces
1884 952 1896 987 :
1931 934 2145 1003 quando

574 1028 845 1084 conﬁteris
878 1025 1139 1099 [surgis],
1188 1035 1315 1080 tunc
1361 1025 1628 1094 procedis.
1688 1023 1825 1090 Quid
1874 1032 1955 1078 est
2000 1024 2143 1077 enim

571 1120 882 1191 procedere,
902 1119 1005 1172 nisi
1025 1119 1094 1173 ab
1112 1118 1342 1174 occultis
1362 1117 1507 1171 velut
1523 1116 1764 1171 exeundo
1785 1115 2146 1170 manifestari?

574 1207 681 1263 Sed
709 1215 763 1261 ut
793 1208 1118 1273 conﬁtearis,
1150 1208 1290 1263 Deus
1317 1207 1445 1261 facit
1467 1222 1599 1262 voce
1627 1222 1816 1277 magna
1844 1206 2144 1270 clamando,

571 1298 627 1353 id
654 1308 757 1363 est,
787 1315 978 1370 magna
1011 1299 1181 1371 gratia
1206 1299 1467 1353 vocando.
1499 1298 1623 1353 Ideo
1647 1312 1770 1352 cum
1798 1297 2151 1371 processisset

572 1397 818 1445 mortuus
845 1390 1022 1445 adhuc
1051 1389 1266 1461 ligatus,
1303 1388 1567 1445 conﬁtens
1603 1396 1658 1442 et
1692 1388 1868 1442 adhuc
1899 1402 2045 1452 reus,
2091 1394 2152 1441 ut

572 1484 910 1540 solverentur
938 1490 1159 1555 peccata
1188 1480 1335 1551 ejus,
1375 1482 1640 1537 ministris
1666 1482 1771 1536 hoc
1798 1480 1934 1535 dixit
1963 1478 2147 1534 Domi-

574 1588 713 1628 nus:
748 1571 945 1629 Solvite
971 1571 1140 1636 illum,
1173 1580 1223 1626 et
1249 1572 1402 1626 sinite
1427 1572 1590 1626 abire.
1637 1570 1776 1638 Quid
1801 1578 1904 1634 est,
1932 1568 2148 1636 Solvite,

571 1669 618 1714 et
646 1661 800 1715 sinite
828 1660 1017 1714 abire?
1055 1660 1184 1728 Quae
1213 1661 1483 1716 solveritis
1513 1662 1565 1715 iu
1594 1669 1761 1725 terra,
1788 1667 1949 1715 erunt
1975 1660 2151 1715 soluta

572 1762 626 1808 et
654 1754 706 1808 in
738 1755 908 1810 caelis.
944 1775 961 1807 ι
1018 1754 1201 1810 Potuit
1243 1755 1388 1810 enim
1427 1755 1719 1826 ligamenta
1765 1754 2011 1818 solvere,
2058 1755 2148 1824 qui

574 1852 845 1899 mortuum
877 1845 1251 1900 resuscitavit:
1295 1846 1388 1900 sed
1416 1854 1636 1915 propter
1660 1844 1921 1898 unitatem
1952 1850 2148 1897 sanctae

2245 654 2449 727 expedit
2475 655 2616 709 vobis
2651 664 2709 708 ut
2744 670 2882 709 unus
2911 653 3066 707 homo
3091 652 3350 706 moriatur
3382 666 3478 721 pro
3517 649 3732 720 populo,
3771 660 3824 704 et

2244 762 2349 800 non
2389 754 2494 799 tota
2532 740 2654 815 gens
2691 753 2888 815 pereat.
2947 741 3064 796 Hoc
3108 752 3282 795 autem
3326 758 3359 794 α
3401 740 3677 809 semetipso
3720 756 3828 795 non

2243 835 2401 902 dixit,
2437 835 2526 889 sed
2562 852 2678 889 cum
2704 844 2834 889 esset
2861 833 3096 906 pontifex
3121 833 3247 887 anni
3272 830 3438 897 illius,
3476 831 3823 902 prophetarit.

2245 929 2343 985 Hic
2368 930 2546 985 docuit
2572 930 2735 985 etiam
2759 945 2857 1001 per
2882 929 3125 983 homines
3167 927 3336 983 malos
3377 927 3680 999 prophetia:
3715 926 3826 997 spi-

2242 1022 2405 1076 ritum
2451 1022 2628 1076 futura
2676 1021 2966 1091 praedicere
3002 1038 3014 1074 :
3068 1020 3213 1091 quod
3261 1026 3442 1074 tamen
3489 1018 3828 1090 evangelista

2245 1114 2425 1170 divino
2456 1113 2646 1168 tribuit
2672 1119 3030 1177 sacramento,
3059 1111 3185 1181 quia
3212 1109 3451 1180 pontifex
3482 1109 3609 1175 fuit,
3640 1110 3696 1164 id
3720 1117 3829 1176 est,

2245 1220 2487 1261 summus
2525 1203 2797 1259 sacerdos.
2847 1202 3032 1259 Potest
3076 1210 3253 1258 autem
3295 1216 3512 1257 movere
3554 1202 3832 1272 quomodo

2246 1297 2458 1352 dicatur
2485 1295 2727 1367 pontifex
2762 1294 2889 1348 anni
2917 1293 3089 1360 illius,
3126 1309 3250 1348 cum
3285 1292 3545 1348 Dominus
3574 1292 3837 1347 statuerit

2246 1403 2413 1442 unum
2442 1402 2711 1442 summum
2741 1386 3098 1450 sacerdotem,
3123 1385 3210 1440 cui
3237 1394 3452 1440 mortuo
3476 1399 3622 1439 unus
3648 1399 3837 1439 succe-

2247 1476 2439 1533 deret?
2480 1475 2587 1533 Sed
2623 1476 3024 1548 intelligendum
3050 1490 3151 1545 per
3175 1476 3494 1530 ambitiones
3520 1482 3577 1531 et
3600 1482 3833 1531 conten-

2247 1569 2422 1624 tiones
2463 1568 2608 1625 inter
2642 1566 2854 1624 Judzeos
2894 1579 3081 1639 postea
3119 1569 3503 1634 constitutum,
3548 1576 3612 1623 ut
3652 1568 3834 1640 plures

2246 1668 2449 1726 essent,
2474 1668 2529 1714 et
2556 1675 2652 1730 per
2674 1675 2842 1715 annos
2870 1661 3107 1731 singulos
3130 1661 3339 1715 vicibus
3364 1660 3529 1732 578
3554 1662 3835 1717 ministra-

2247 1760 2388 1807 rent.
2443 1751 2576 1806 Nam
2629 1753 2695 1808 de
2737 1752 2997 1807 Zacharia
3046 1752 3150 1807 hoc
3193 1752 3431 1807 dicitur:
3481 1748 3715 1805 Factum
3757 1763 3831 1807 est

2249 1851 2449 1908 autem,
2481 1859 2598 1896 cum
2626 1843 2916 1897 sacerdotio
2946 1842 3250 1913 fungeretur
3272 1843 3329 1896 in
3355 1842 3538 1896 ordine
3568 1844 3698 1897 vicis
3722 1860 3831 1898 suc

573 1936 668 1990 Dei
700 1936 976 2001 Ecclesiae,
1005 1945 1059 1990 et
1086 1936 1415 1991 individuam
1445 1935 1763 1990 charitatem
1781 1976 1794 1999 ,
1828 1935 2027 1989 dicitur
2052 1934 2151 1987 mi-
2179 1921 2227 1981 Β
2251 1944 2371 1987 ante
2394 1932 2562 1987 Deum
2580 1973 2594 1998 ,
2625 1933 2909 1987 secundum
2935 1934 3352 1988 constitutionem
3383 1931 3517 2006 [Al.,
3547 1943 3831 1989 consuetu-

573 2028 779 2091 nistris,
811 2028 863 2081 id
893 2034 1003 2092 est,
1050 2028 1330 2098 discipulis
1356 2027 1593 2082 Christi:
1628 2026 1825 2083 Solvite
1854 2044 1988 2091 eum,
2023 2027 2148 2097 quia

574 2118 691 2174 sine
714 2118 919 2172 unitate
944 2119 1221 2174 catholica:
1252 2118 1374 2173 ﬁdei
1400 2126 1456 2173 et
1484 2120 1747 2174 cbaritate
1772 2119 2153 2174 ecclesiasticae

574 2208 876 2263 sanctitatis
900 2249 914 2272 ,
966 2219 1186 2279 peccata
1222 2225 1329 2264 non
1368 2211 1664 2281 solvuntur.
1716 2210 1899 2282 (Vens.
1925 2209 2013 2277 45,
2038 2209 2151 2281 46.)

576 2294 733 2349 Multi
772 2308 944 2350 autem
979 2314 1044 2351 ea:
1071 2297 1297 2364 Juda'is,
1328 2300 1417 2370 qui
1446 2310 1688 2354 venerant
1725 2299 1793 2352 ad
1826 2298 2072 2363 Mariam,
2106 2309 2154 2353 et

573 2384 813 2440 uiderunt
838 2404 953 2455 quae
979 2388 1099 2457 fecit
1121 2387 1299 2453 Iesus,
1325 2390 1654 2444 crediderunt
1681 2390 1734 2444 in
1759 2406 1895 2444 eum.
1927 2388 2153 2455 Quidam

574 2484 747 2529 autem
785 2493 850 2530 ex
886 2478 1012 2547 ipsis
1053 2479 1291 2533 abierunt
1332 2480 1400 2533 ad
1438 2478 1770 2545 Pharisreos,
1824 2491 1869 2534 et
1908 2481 2152 2535 dixerunt

575 2580 693 2636 qua:
725 2567 845 2636 fecit
874 2567 1050 2623 Jesus.
1096 2588 1114 2620 ‹
1154 2570 1268 2625 Νοη
1300 2586 1486 2625 omnes
1513 2587 1579 2625 ex
1605 2570 1805 2627 Judaais
1835 2573 1926 2641 qui
1956 2587 2152 2627 conve-

574 2663 769 2707 nerant
809 2656 876 2710 ad
914 2656 1171 2725 Mariam,
1213 2659 1589 2713 crediderunt:
1632 2661 1726 2715 sed
1764 2669 1944 2715 tamen
1978 2661 2151 2714 multi.

578 2740 806 2808 Quidam
838 2762 955 2800 vero
985 2763 1049 2801 ea:
1077 2749 1173 2813 eis,
1202 2750 1314 2803 sive
1340 2764 1407 2803 ex
1432 2748 1630 2806 Judaais
1654 2751 1746 2820 qui
1770 2760 2153 2817 convenerant,

576 2831 691 2887 sive
720 2850 786 2889 ex
816 2836 896 2890 eis
926 2837 1017 2907 qui
1047 2839 1419 2906 crediderant,
1463 2842 1701 2896 abierunt
1733 2842 1802 2897 ad
1832 2840 2152 2910 Pharisceos,

575 2930 623 2976 et
651 2922 895 2979 dixerunt
925 2928 998 2980 eis
1024 2944 1139 2998 qua:
1167 2928 1286 2998 fecit
1315 2928 1503 2993 Iesus;
1539 2931 1651 2987 sive
1685 2932 2069 2997 annuntiando,
2099 2939 2158 2987 ut

578 3018 633 3066 et
660 3014 759 3085 ipsi
790 3019 1100 3084 crederent;
1139 3020 1251 3075 sive
1279 3022 1457 3090 potius
1484 3023 1776 3091 prodendo,
1801 3034 1861 3078 ut
1883 3024 2152 3079 saavirent.

580 3104 685 3162 Sed
716 3111 1144 3179 quomodolibet,
1185 3121 1241 3167 et
1281 3129 1309 3167 a
1351 3115 1712 3183 quibuslibet,
1760 3116 1827 3171 ad
1854 3116 2157 3171 Pharisaeos

577 3197 685 3255 ista
709 3202 916 3258 nrolata
945 3212 1088 3259 sunt.

1121 3340 1348 3399 CAPUT
1386 3343 1616 3399 XXVIII.

578 3442 861 3529 Pontiﬁces
900 3451 1297 3529 adversuscum
1333 3456 1920 3529 conciliumcolligunt,
1962 3458 2019 3512 in
2053 3475 2154 3529 quo

652 3516 905 3600 Caipltas,
946 3539 1107 3600 unum
1138 3525 1319 3600 debere
1341 3543 1439 3600 pro
1473 3527 1660 3595 populo
1687 3516 1952 3600 m_oi'i,_ne
1986 3516 2155 3600 cuncti

650 3594 908 3659 perirent,
946 3594 1289 3662 prophetizat.
1334 3594 1401 3648 Et
1437 3594 1555 3649 ante
1588 3613 1678 3651 sea:
1707 3597 1817 3651 dies
1850 3596 2064 3651 Pascluc
2093 3599 2157 3652 de

650 3662 901 3737 unguenti
924 3677 1083 3737 super
1104 3664 1256 3733 pedes
1277 3665 1488 3720 Domini
1509 3667 1710 3737 profusi
1735 3669 1897 3737 pretio
1921 3684 2158 3722 murmur

652 3729 903 3799 arguitur_
918 3729 1094 3784 Judaz.

651 3841 815 3897 Vnus.
846 3842 936 3897 47.
954 3875 1027 3885 —-
1046 3842 1373 3918 Collegerunt
1397 3866 1516 3921 ergo
1539 3851 1806 3922 pontifices
1831 3861 1879 3906 ct
1900 3852 2160 3908 Pharistri

581 3934 879 4001 concilium,
914 3948 962 3992 et
992 3938 1229 3994 dicebant
1254 3957 1272 3994 :
1301 3939 1441 4006 Quid
1469 3942 1719 4012 faciemus
1742 3946 1768 3999 ?
1795 3965 1813 3996 ‹
1842 3945 1951 4001 Nec
1979 3956 2159 4001 tamen

582 4026 850 4093 dicebant,
876 4032 1180 4086 credamus.
1214 4031 1340 4087 Plus
1367 4034 1509 4088 enim
1533 4037 1729 4105 perditi
1752 4038 1997 4094 homines
2017 4041 2162 4111 cogi-

585 4121 773 4175 tabant
796 4124 1065 4192 quomodo
1095 4133 1354 4180 nocerent
1389 4135 1449 4179 ut
1482 4126 1796 4196 perderent,
1834 4146 1991 4200 quam
2027 4147 2161 4200 quo—

581 4214 742 4267 modo
773 4214 874 4269 sibi
904 4216 1246 4271 consulerent
1283 4232 1351 4271 ne
1390 4219 1667 4287 perirent:
1706 4228 1761 4275 et
1796 4229 1974 4277 tamen
2001 4223 2160 4277 time-

579 4302 749 4369 bant,
802 4313 857 4360 ct
906 4308 1057 4377 quasi
1106 4307 1477 4363 consulebant.
1533 4310 1717 4379 (Vens.
1761 4311 1875 4383 48.)
1913 4313 2162 4368 Dicebant

580 4393 763 4448 enim:
803 4389 941 4460 Quid
981 4398 1231 4466 faciemus
1258 4398 1283 4450 ?
1331 4396 1467 4461 Quia
1504 4399 1588 4452 hic
1623 4400 1776 4455 homo
1814 4402 1975 4457 multa
2012 4405 2163 4473 signa

582 4482 753 4554 facit:
786 4485 831 4538 si
856 4486 1164 4541 dimittimus
1190 4503 1309 4541 eum
1344 4489 1438 4550 sic,
1478 4504 1652 4543 omnes
1689 4491 1893 4545 credent
1930 4493 1986 4546 in
2021 4510 2159 4559 eum,

585 4581 634 4626 et
663 4574 860 4627 uenient
883 4572 1124 4642 Romani,
1144 4586 1191 4630 et
1216 4576 1395 4630 tollent
1421 4588 1652 4631 nostrum
1675 4577 1845 4634 locum
1868 4589 1916 4634 et
1937 4591 2156 4651 gentem.

584 4660 927 4731 Temporalia
956 4666 1180 4734 perdere
1207 4666 1494 4721 noluerunt
1522 4666 1702 4740 [Aug.,
1732 4669 2071 4744 timuerunt],
2107 4680 2164 4727 et

581 4752 752 4807 vitam
792 4760 1047 4809 :eternam
1082 4772 1189 4812 non
1214 4759 1619 4829 cogitaverunt;
1667 4776 1731 4816 ac
1765 4761 1844 4816 sic
1874 4769 2163 4834 utrumque

586 4841 905 4898 amiserunt.
948 4844 1081 4901 Nam
1111 4855 1163 4902 et
1191 4848 1418 4904 Romani
1454 4859 1579 4919 post
1615 4852 1823 4908 Domini
1857 4856 2162 4925 passionem

586 4941 645 4990 et
678 4934 1122 5007 gloriﬁcationem
1153 4939 1390 4995 tulerunt
1414 4943 1494 4997 eis
1517 4942 1693 4998 locum
1730 4952 1784 4999 et
1816 4955 2029 5017 gentem
2050 4988 2063 5013 ,
2108 4955 2163 5003 et

587 5028 874 5098 pugnando
921 5027 1103 5101 [Aug.,
1141 5032 1516 5107 expugnando]
1562 5043 1616 5090 et
1661 5036 2059 5105 transferendo;
2109 5048 2164 5096 et

586 5119 717 5176 illud
745 5136 838 5177 eos
863 5123 1105 5193 sequitur
1130 5125 1272 5195 quod
1302 5125 1430 5179 alibi
1455 5126 1656 5183 dictum
1682 5136 1765 5184 est
1789 5143 1804 5182 :
1835 5127 1964 5183 Filii
1990 5141 2162 5187 autem

587 5212 733 5284 regni
746 5210 904 5284 hujus
922 5214 1069 5269 ibunt
1088 5217 1143 5269 in
1160 5216 1392 5271 tenebras
1411 5217 2158 5294 esteriores(MattIi.vm,12).

588 5302 705 5360 Hoc
732 5312 910 5359 autem
938 5306 1251 5371 timuerunt,
1268 5321 1355 5371 ne,
1387 5306 1432 5361 si
1457 5321 1645 5362 omnes
1672 5308 1726 5362 in
1751 5307 2023 5365 Christum
2047 5326 2162 5367 cre-

590 5396 802 5464 derent,
830 5412 988 5452 nemo
1017 5406 1318 5453 remaneret
1339 5398 1429 5467 qui
1456 5399 1714 5453 adversus
1739 5399 2009 5457 Romanos
2032 5402 2165 5457 civi-

589 5494 759 5544 tatem
791 5487 887 5544 Dei
921 5489 1288 5560 templumque
1316 5487 1664 5545 defenderet:
1697 5492 1948 5559 quoniam
1977 5500 2163 5548 contra

589 5580 768 5652 ipsum
818 5582 1074 5652 templum
1113 5591 1169 5637 et
1205 5591 1392 5637 contra
1422 5598 1549 5637 suas
1582 5590 1835 5652 paternas
1877 5584 2038 5655 leges,
2072 5586 2166 5640 do-

591 5672 822 5727 ctrinam
843 5672 1047 5729 Christi
1069 5688 1189 5728 esse
1218 5674 1540 5729 sentiebant.
1577 5671 1761 5744 (Vens.
1786 5672 1996 5745 49-51.)
2019 5675 2164 5731 Unus

590 5772 764 5817 autem
791 5781 857 5819 ea:
883 5766 1008 5836 ipsis
1029 5762 1276 5836 Caiphas,
1302 5781 1419 5819 cum
1444 5773 1573 5818 esset
1594 5763 1828 5835 pontifex
1852 5766 1977 5820 anni
2000 5765 2160 5834 illius,

666 5884 692 5917 ι
715 5874 794 5929 Ex
822 5876 880 5932 S.
908 5876 1069 5947 Aug,
1094 5885 1252 5931 tract.
1277 5894 1328 5943 L,
1354 5893 1501 5933 num.
1525 5877 1579 5931 2.

2176 3264 2226 3328 (Ξ

2251 2024 2446 2097 dinem]
2494 2025 2794 2090 sacerdotii,
2838 2033 2975 2080 sorte
3017 2026 3144 2079 exiit
3182 2033 3239 2079 ut
3278 2025 3549 2079 incensum
3588 2032 3829 2096 poneret,

2251 2118 2512 2187 ingressus
2547 2116 2603 2170 in
2641 2115 2886 2187 templum
2911 2117 3122 2171 Domini
3148 2116 3298 2190 (Luc.
3326 2135 3366 2184 ι,
3396 2117 3507 2189 48).
3560 2118 3701 2175 Hinc
3730 2134 3829 2191 ap-

2249 2214 2406 2276 paret
2436 2206 2613 2276 plures
2639 2221 2733 2261 eos
2760 2204 2945 2271 fuisse,
2977 2215 3032 2261 et
3055 2207 3202 2263 vices
3233 2223 3357 2263 suas
3383 2209 3672 2263 habuisse:
3699 2223 3833 2264 nam

2253 2297 2530 2351 incensum
2560 2312 2666 2351 non
2690 2295 2887 2352 licebat
2913 2312 3130 2368 ponere,
3169 2299 3272 2355 nisi
3299 2315 3511 2355 summo
3537 2301 3829 2357 sacerdoti.

2253 2388 2318 2442 Et
2352 2387 2487 2443 forte
2516 2389 2676 2443 etiam
2706 2404 2869 2442 unum
2907 2404 3108 2444 annum
3137 2388 3287 2461 [Ms.,
3320 2406 3429 2446 uno
3454 2389 3622 2464 anno]
3650 2391 3833 2463 plures

2253 2476 2731 2541 administrabant,
2771 2479 2966 2547 quibus
3002 2479 3106 2533 alio
3148 2496 3288 2537 anno
3315 2480 3406 2535 alii
3433 2483 3829 2550 suacedebant,

2253 2578 2308 2624 et
2336 2568 2531 2639 quibus
2557 2577 2702 2623 sorte
2749 2570 2931 2624 exibat
2970 2571 3060 2640 qui
3096 2571 3374 2626 incensum
3399 2582 3650 2641 poneret.
3700 2573 3832 2638 Quid

2253 2670 2335 2715 est
2363 2676 2490 2732 ergo
2517 2662 2659 2731 quod
2688 2663 3030 2733 prOphetavit
3056 2662 3329 2735 Caipbas?
3369 2663 3509 2730 Quia
3536 2664 3701 2720 Iesus
3727 2683 3834 2721 ino-

2253 2756 2453 2809 riturus
2481 2764 2593 2808 erat
2620 2771 2713 2825 pro
2744 2766 2891 2825 gente
2915 2768 2935 2807 :
2974 2772 3076 2809 non
3111 2766 3313 2810 tantum
3347 2773 3442 2827 pro
3468 2766 3642 2827 gente,
3664 2758 3757 2813 sed
3781 2769 3832 2812 ut

2253 2844 2391 2915 ﬁlios
2419 2843 2546 2909 Dei,
2585 2846 2675 2916 qui
2712 2857 2857 2899 erant
2895 2846 3135 2917 dispersi,
3176 2857 3509 2918 congregaret
3549 2849 3609 2903 in
3643 2866 3829 2904 unum.

2256 2937 2367 2993 Hoc
2408 2938 2737 3008 evangelista
2779 2938 3013 3004 addidit;
3060 2953 3186 2993 nam
3215 2937 3446 3009 Caiphas
3482 2939 3549 2996 de
3588 2940 3707 2995 sola
3745 2939 3835 2995 Ju-

2256 3030 2491 3084 daeorum
2530 3038 2687 3097 gente
2725 3029 3101 3099 prophetavit,
3147 3030 3200 3083 in
3236 3045 3340 3100 qua
3374 3040 3530 3084 erant
3560 3046 3728 3093 oves,
3774 3031 3835 3086 de

2256 3120 2451 3191 quibus
2488 3120 2563 3173 ait
2600 3120 2714 3190 ipse
2751 3119 3048 3175 Dominus:
3084 3118 3207 3174 Non
3243 3137 3358 3174 sum
3394 3121 3592 3176 missus
3629 3123 3736 3176 nisi
3769 3122 3835 3176 ad

2256 3229 2398 3277 oues,
2443 3228 2562 3288 qua:
2604 3213 2867 3283 perierunt
2910 3213 3095 3267 domus
3134 3211 3303 3268 Israel
3342 3211 3561 3284 (Matth.
3592 3230 3687 3281 xv,
3716 3215 3831 3288 ελ).

2257 3302 2363 3359 Sed
2391 3311 2617 3358 noverat
2639 3302 2965 3374 evangelista
2992 3302 3127 3358 alias
3152 3316 3280 3358 oves
3308 3317 3427 3373 qum
3452 3319 3561 3359 non
3590 3314 3751 3361 erant
3773 3306 3837 3362 de

2257 3394 2361 3449 hoc
2383 3393 2541 3459 ovili,
2569 3407 2703 3462 quas
2730 3393 3013 3463 oportebat
3042 3392 3267 3460 adduci,
3303 3400 3362 3448 ut
3389 3403 3538 3450 esset
3567 3392 3723 3467 [Hs.,
3753 3410 3838 3451 es-

2257 3483 2398 3556 sent]
2434 3499 2601 3538 unum
2627 3483 2765 3539 ovile
2796 3490 2850 3538 et
2872 3497 3012 3537 unus
3034 3491 3240 3552 pastor.
3278 3481 3402 3537 Huic
3431 3492 3617 3538 autem
3642 3498 3839 3540 secun-

2256 3575 2382 3630 dum
2419 3575 2947 3648 prmdestinationem
2978 3574 3120 3631 dicta
3155 3584 3310 3643 sunt;
3350 3577 3476 3644 quia
3504 3592 3683 3648 neque
3709 3592 3838 3634 oves

2256 3669 2392 3741 ejus,
2422 3683 2523 3725 nec
2551 3668 2646 3722 ﬁlii
2671 3668 2766 3723 Dei
2797 3668 2970 3723 adhuc
2998 3677 3177 3735 erant,
3204 3669 3296 3739 qui
3326 3669 3565 3724 nondum
3596 3669 3840 3726 credide-

2257 3767 2398 3815 rant.
2432 3760 2617 3833 (Vnns.
2645 3758 2732 3825 55,
2760 3758 2872 3832 54.)
2902 3760 2978 3814 Ab
3003 3760 3095 3815 illo
3123 3778 3244 3832 ergo
3268 3762 3353 3816 die
3377 3764 3760 3834 cogitaverunt,
3781 3772 3834 3817 ut

2255 3849 2602 3919 interﬁcerent
2631 3865 2768 3903 cum.
2819 3849 2974 3904 Iesus
3003 3867 3123 3921 ergo
3153 3852 3272 3922 jam
3309 3867 3411 3907 non
3440 3851 3621 3924 palam
3653 3850 3837 3906 ambu-

2258 3941 2398 3996 labat
2424 3942 2564 4013 apud
2587 3942 2824 4007 Judieos,
2850 3942 2938 3997 sed
2962 3943 3087 3998 abiit
3116 3945 3171 3999 in
3199 3947 3456 4017 regionem
3476 3946 3641 4016 juxta
3669 3948 3839 4001 deser-

2258 4044 2367 4088 tum
2394 4036 2451 4090 in
2474 4036 2762 4101 civitatem,
2800 4052 2917 4106 qua:
2955 4036 3149 4091 dicitur
3178 4037 3517 4109 Ephrem,et
3550 4039 3625 4093 ibi
3662 4056 3837 4093 mora-

2261 4131 2414 4185 batur
2452 4148 2569 4186 cum
2612 4131 2883 4202 discipulis
2929 4132 3057 4187 suis.
3116 4131 3232 4188 Non
3278 4134 3402 4203 quia
3435 4133 3681 4204 potentia
3726 4134 3840 4204 ejus

2261 4222 2561 4289 defecerat,
2605 4223 2658 4277 in
2700 4239 2805 4294 qua
2848 4224 3055 4295 utique,
3101 4225 3147 4280 si
3174 4224 3365 4290 vellet,
3409 4233 3465 4280 et
3501 4226 3682 4297 palam
3716 4241 3841 4282 cum

2258 4316 2458 4373 Judzeis
2485 4326 2919 4385 conversaretur,
2964 4327 3017 4375 et
3056 4321 3189 4375 nihil
3232 4321 3283 4376 ei
3323 4319 3599 4388 facerent;
3650 4322 3748 4378 sed
3786 4323 3843 4378 in

2259 4410 2494 4465 hominis
2522 4408 2834 4465 inﬁrmitate
2858 4410 3071 4467 vivendi
3100 4412 3405 4484 exemplum
3430 4412 3716 4483 discipulis
3743 4412 3841 4468 de-

2261 4503 2631 4567 monstrabat,
2678 4502 2733 4556 in
2768 4516 2874 4572 quo
2907 4510 3131 4572 apparet
3161 4510 3215 4558 et
3242 4518 3347 4560 non
3383 4518 3503 4559 esse
3533 4512 3841 4573 peccatum,

2191 4593 2307 4685 Dsi
2344 4592 2527 4685 ﬁdeles
2563 4592 2680 4663 ejus
2717 4594 2809 4663 qui
2844 4602 2970 4650 sunt
3005 4594 3246 4685 membra
3290 4593 3405 4664 ejus
3443 4588 3618 4652 oeulis
3659 4611 3848 4667 perse-

2263 4683 2540 4754 quentium
2565 4697 2684 4741 sese
2703 4685 3104 4752 subtraherent,
3121 4694 3176 4741 et
3195 4684 3434 4742 furorem
3452 4686 3847 4744 sceleratorum

2262 4771 2477 4829 latendo
2500 4775 2678 4844 potius
2703 4775 3021 4831 devitarent.
3052 4795 3071 4829 ι
3681 4830 3691 4837 ,

2334 4863 2549 4920 Sciebat
2595 4864 2751 4922 Jesus
2798 4874 3011 4938 tempus
3059 4868 3520 4940 appropinquasse
3569 4870 3846 4941 passionis

2263 4971 2375 5011 sum
2407 4965 2461 5011 et
2495 4958 2880 5029 redemptionis
2928 4967 3149 5016 nostrae.
3193 4959 3677 5032 Appropinquante
3707 4972 3845 5017 tem-

2259 5064 2392 5120 pore
2416 5048 2469 5102 in
2494 5063 2600 5119 quo
2619 5051 2732 5120 pati
2757 5051 3041 5122 disposuit,
3067 5052 3518 5122 appropinquavit
3540 5052 3630 5108 ille
3651 5061 3710 5109 et
3724 5052 3848 5110 loco

2263 5138 2317 5193 in
2359 5155 2467 5210 quo
2507 5137 2747 5208 ejusdem
2789 5143 3058 5212 passionis
3089 5143 3541 5215 dispensationem
3578 5145 3847 5216 perﬁcere

2261 5229 2452 5285 voluit.
2483 5230 2623 5286 Dicit
2641 5232 2784 5285 enim
2805 5233 3133 5304 evangelista
3158 5248 3174 5288 :
3204 5233 3389 5307 (Vens.
3413 5233 3527 5303 55.)
3555 5253 3575 5285 α
3606 5249 3632 5276 ι
3650 5233 3847 5291 Pretio

2261 5334 2405 5373 mum
2438 5328 2610 5375 autem
2649 5330 2760 5375 erat
2798 5319 3000 5376 Pascha
3025 5322 3353 5377 Iudaeorum.
3396 5322 3554 5378 lllum
3594 5324 3739 5379 diem
3766 5323 3848 5379 fe-

2263 5418 2404 5465 stum
2433 5409 2600 5468 Judaei
2643 5421 2927 5468 cruentum
2970 5414 3173 5471 habere
3215 5414 3428 5471 Domini
3462 5417 3847 5488 sanguinem-

2262 5498 2498 5555 luerunt.
2546 5501 2639 5557 Illo
2675 5502 2762 5558 die
2799 5502 2936 5559 festo
2970 5506 3182 5561 occisus
3215 5514 3298 5562 est
3324 5506 3530 5579 Agnus,
3559 5509 3651 5578 qui
3688 5507 3847 5564 nobis

2263 5590 2511 5657 eumdem
2563 5591 2704 5648 diem
2756 5592 2951 5648 festum
3010 5611 3108 5651 suo
3162 5597 3424 5667 sanguine
3475 5597 3843 5654 consecravit.
3910 5624 3918 5631 -

2264 5681 2558 5739 Consilium
2582 5694 2699 5740 erat
2722 5686 2863 5742 inter
2888 5685 3101 5744 Judmos
3130 5688 3196 5744 de
3224 5689 3521 5746 occidendo
3545 5688 3673 5747 Jesu
3698 5706 3714 5745 :
3753 5687 3848 5745 ille

2264 5773 2356 5842 qui
2385 5773 2452 5829 de
2482 5772 2618 5831 coelo
2641 5784 2863 5832 venerat
2895 5775 3084 5852 [pati],
3122 5780 3488 5853 propinquare
3513 5780 3682 5837 voluit
3721 5779 3848 5839 loco
