4088 6340
221 423 331 486 905

1033 422 1445 516 EXEGETICA.
1485 449 1557 464 --
1593 414 1946 476 COMMENT.
1986 413 2052 470 IN
2091 414 2282 473 JOAN.
2318 440 2391 460 ά-
2424 415 2552 474 LlB.
2592 417 2655 474 ν.

3370 417 3476 476 906

220 524 514 614 passionis,
541 538 666 610 quia
694 521 1008 595 {inminebat
1040 539 1176 592 hora
1201 537 1485 608 passionis.
1534 535 1793 593 Ascende-
1821 537 1874 598 Α
1895 531 2081 586 divina
2135 532 2446 588 suscitantis
2488 533 2686 588 virtute
2705 529 2999 602 perterriti,
3041 529 3250 587 animos
3300 532 3368 588 ab
3394 533 3479 589 in-

225 642 352 689 fant
396 649 519 704 ergo
559 633 713 687 multi
756 635 813 687 in
858 630 1278 700 Hierosolymam
1325 631 1389 684 de
1434 631 1639 700 regione
1685 636 1803 683 ante

223 727 458 791 Pascha,
481 736 535 782 ut
562 727 944 796 saneti/icarent
967 728 1180 797 seipsos.
1212 725 1325 779 Hoc
1350 723 1618 778 faciebant
1636 721 1804 777 Judazi

224 822 524 880 secundum
554 831 882 892 prameptum
913 820 1148 886 Domini,
1176 834 1276 889 per
1310 825 1554 874 sanctum
1587 816 1804 888 Moysen

225 913 282 970 in
309 913 426 983 lege
449 913 634 968 datum
651 952 665 978 ,
696 921 755 974 ut
784 913 870 966 die
896 911 1034 966 festo
1059 927 1164 980 quo
1191 909 1398 965 Pascha
1427 915 1574 972 erat,
1619 920 1805 961 omnes

223 1003 467 1073 undique
491 1003 871 1067 convenirent,
905 1010 960 1056 et
988 1001 1130 1056 illius
1155 1000 1262 1055 diei
1286 998 1650 1056 celebratione
1678 1012 1806 1051 san-

226 1093 614 1151 ctiﬁcarentur.
661 1093 766 1148 Sed
795 1093 885 1147 illa
913 1092 1204 1148 celebratio
1245 1093 1435 1146 umbra
1464 1099 1582 1146 erat
1613 1089 1801 1144 futuri.

225 1188 372 1257 Quid
409 1196 492 1244 est
528 1188 720 1242 umbra
755 1187 962 1242 futuri?
1011 1186 1302 1257 Prophetia
1330 1185 1530 1240 Christi
1558 1184 1804 1251 venturi,

224 1282 511 1355 prophetia
547 1295 646 1350 pro
681 1280 836 1336 nobis
884 1280 973 1334 illo
1022 1280 1107 1335 die
1153 1279 1404 1349 passuri:
1452 1285 1514 1332 ut
1556 1278 1811 1332 transiret

224 1373 450 1437 umbra,
497 1380 554 1428 et
579 1370 669 1425 lux
696 1372 940 1435 veniret;
984 1377 1044 1425 ut
1073 1371 1330 1424 transiret
1355 1367 1707 1438 signiﬁcatio,
1754 1373 1810 1422 et

223 1465 432 1521 veritas
472 1471 766 1520 teneretur.
814 1462 1098 1517 Habebant
1131 1476 1260 1531 ergo
1300 1460 1469 1515 Judaei
1509 1461 1714 1514 Pascha
1753 1457 1807 1512 in

225 1556 453 1620 umbra;
487 1569 585 1609 nos
613 1554 668 1608 in
696 1553 834 1607 luce.
883 1551 1022 1618 Quid
1055 1551 1200 1607 enim
1229 1565 1366 1620 Opus
1394 1557 1512 1603 erat
1541 1555 1601 1602 ut
1630 1545 1808 1602 Domi-

227 1661 333 1702 nus
380 1646 459 1701 eis
501 1645 820 1716 praeciperet
863 1661 961 1715 per
1004 1644 1180 1714 ipsum
1227 1643 1369 1696 diem
1411 1640 1608 1695 festum
1653 1654 1808 1695 ovem

227 1736 497 1800 occidere,
521 1737 625 1790 nisi
653 1737 778 1805 quia
806 1735 894 1791 ille
920 1743 1039 1790 erat
1067 1736 1131 1790 de
1157 1751 1263 1805 quo
1289 1734 1664 1804 prophetatum
1691 1739 1804 1786 est:

228 1827 380 1886 Sicut
411 1831 517 1884 ovis
545 1830 612 1884 ad
639 1829 1016 1884 immolandum
1046 1828 1232 1882 ductus
1260 1839 1334 1882 est
1362 1826 1542 1899 (Isaia:
1569 1843 1687 1891 ιλιι,
1714 1824 1809 1898 7)?

229 1920 502 1992 Sanguine
521 1923 684 1978 occisi
703 1921 914 1992 pecoris
932 1919 1236 1976 Judaaorum
1260 1928 1442 1990 postes
1466 1918 1659 1990 signati
1681 1926 1808 1973 sunt

228 2012 428 2086 (Ex-od.
475 2027 582 2080 xu,
627 2014 756 2086 22):
805 2015 1063 2086 sanguine
1108 2013 1308 2070 Christi
1356 2013 1562 2068 frontes
1607 2021 1807 2067 nostra:

227 2106 530 2176 signantur.
584 2107 652 2163 Et
692 2108 782 2162 illa
829 2109 1080 2179 signatio,
1130 2122 1248 2176 quae
1295 2115 1414 2160 erat
1463 2107 1806 2176 signiﬁcatio,

228 2197 372 2252 dicta
399 2206 482 2252 est
516 2213 547 2252 a
581 2197 829 2252 domibus
859 2199 1085 2269 signatis
1121 2197 1594 2252 exterminatorem
1625 2196 1810 2266 prohi-

224 2288 395 2344 bere:
437 2291 647 2360 signum
676 2288 878 2344 Christi
906 2288 1126 2359 expellit
1163 2303 1197 2342 a
1235 2288 1391 2341 nobis
1427 2287 1812 2341 exterminato—

225 2397 364 2445 rem,
383 2383 426 2436 si
445 2383 793 2452 corinostrum
807 2380 1035 2450 recipiat
1050 2380 1402 2435 Salvatorem.
1417 2400 1434 2432 ι
1455 2391 1478 2419 ιι
1497 2379 1680 2451 (Vens.
1696 2379 1812 2452 56.)

228 2473 575 2539 Quwrebant,
629 2473 804 2542 inquit
854 2472 1203 2542 evangelista,
1243 2469 1446 2536 Iesum,
1479 2479 1527 2525 et
1553 2471 1815 2544 colloque-

225 2565 423 2618 bantur
458 2565 525 2618 ad
565 2566 783 2620 invicem
818 2574 1013 2619 stantes
1049 2567 1105 2620 in
1142 2563 1372 2634 templo:
1418 2564 1557 2630 Quid
1595 2567 1811 2635 putatis,

224 2658 356 2728 quia
386 2674 489 2712 non
519 2659 655 2712 venit
682 2657 750 2710 ad
780 2658 917 2711 diem
953 2657 1143 2726 festum
1164 2656 1190 2710 ?
1228 2675 1246 2707 ι
1281 2657 1308 2694 b
1332 2654 1659 2721 Qumrebant
1686 2671 1815 2727 ergo

224 2747 398 2803 Judzei
424 2748 630 2814 Jesum,
658 2749 748 2802 sed
775 2748 913 2802 male
938 2767 950 2800 :
984 2747 1297 2818 qu'mrebant
1325 2747 1486 2810 enim,
1513 2754 1572 2801 ut
1596 2746 1815 2801 venien-

225 2848 343 2896 tem
370 2839 437 2893 ad
467 2840 608 2895 diem
640 2839 834 2893 festum
864 2837 1250 2893 interﬁcerent.
1291 2835 1607 2902 Quazramus
1634 2847 1815 2892 autem

224 2945 331 2987 nos
376 2931 524 2985 illum
566 2939 770 2985 stantes
805 2930 857 2984 in
893 2929 1090 3000 templo
1128 2930 1256 2995 Dei,
1307 2938 1362 2984 et
1404 2939 1816 3001 perseverantes

224 3021 557 3076 unanimiter
584 3022 638 3075 in
665 3022 939 3087 oratione,
978 3029 1036 3076 et
1071 3022 1443 3092 colloquamur
1481 3023 1549 3077 ad
1585 3022 1816 3076 invicem

223 3112 473 3184 psalmis,
503 3112 739 3182 hymnis,
770 3112 999 3168 canticis
1027 3113 1357 3182 spiritalibus
1383 3113 1598 3186 (Ephes.
1621 3130 1673 3179 v,
1700 3111 1813 3184 i9),

224 3203 286 3258 in
311 3204 484 3274 gratia
505 3203 838 3272 postulantes
859 3204 1052 3274 ipsum,
1077 3211 1136 3258 ut
1157 3205 1338 3259 veniat
1359 3205 1429 3259 ad
1451 3204 1593 3262 diem
1617 3204 1810 3261 festum

224 3301 476 3348 nostrum
500 3335 515 3358 ,
565 3302 618 3348 et
653 3309 748 3349 sua
778 3309 877 3349 nos
907 3296 1194 3365 praesentia
1223 3296 1494 3352 illustrare
1515 3337 1531 3362 ,
1576 3313 1673 3352 sua
1701 3298 1814 3366 ipse

225 3382 389 3436 nobis
417 3382 555 3436 dona
585 3384 921 3438 sanctiﬁcare
949 3385 1216 3455 dignetur.
1255 3405 1273 3438 ι
1327 3386 1594 3442 Dederunt
1641 3397 1813 3441 autem

223 3473 498 3545 pontiﬁces
526 3482 573 3527 et
596 3471 854 3528 Pharistei
879 3476 1205 3540 mandatum,
1229 3487 1288 3531 ut
1314 3477 1359 3531 si
1381 3478 1497 3548 quis
1523 3477 1816 3547 cognoverit

225 3565 322 3619 ubi
344 3565 432 3630 sit,
461 3565 673 3630 indicet,
696 3574 753 3618 ut
775 3566 1161 3636 apprehendant
1186 3584 1323 3622 eum.
1355 3567 1662 3622 Mandatum
1685 3583 1814 3638 ergo

225 3652 538 3710 Iudaeorum
579 3664 858 3727 peccatum
897 3664 981 3713 est
1019 3657 1252 3712 illorum.
1296 3658 1620 3725 Quaerebam
1653 3658 1813 3714 Chri-

226 3758 375 3805 stum
398 3751 660 3815 occidere,
692 3766 799 3806 non
825 3750 880 3804 in
905 3750 1121 3806 Christo
1145 3751 1344 3806 vivere.
1378 3750 1693 3818 Quaeramus
1714 3767 1812 3808 nos

227 3840 287 3896 in
315 3839 529 3896 Christo
555 3842 756 3909 vivere,
789 3858 948 3913 quem
981 3843 1058 3897 illi
1084 3844 1399 3913 quaerebant
1423 3845 1689 3900 occidere.
1731 3843 1814 3900 Illi

228 3931 374 3986 male
399 3934 729 4002 quaerebant,
757 3949 858 3989 nos
881 3933 1018 3988 bene
1046 3949 1381 4003 quaeramus;
1415 3952 1539 3990 nam
1565 3952 1707 3992 nunc
1729 3943 1814 3992 est

228 4033 446 4096 tempus
491 4027 762 4096 quaerendi
810 4027 1097 4081 Dominum
1122 4068 1136 4093 ,
1189 4028 1329 4082 sicut
1375 4027 1647 4097 Propheta
1689 4029 1809 4084 ait:

233 4117 466 4186 Quaerite
496 4119 798 4185 Dominum,
828 4119 952 4173 dum
979 4120 1202 4174 inveniri
1229 4129 1394 4190 potest
1423 4119 1606 4190 (Isaia:
1625 4137 1709 4185 Lv,
1735 4120 1809 4192 6).

230 4209 337 4278 Qui
383 4211 787 4266 misericordem
826 4227 949 4267 eum
980 4211 1222 4266 invenire
1249 4212 1480 4266 voluerit
1510 4212 1563 4266 in
1586 4210 1813 4280 judicio,

233 4313 443 4376 quaerat
468 4320 590 4360 eum
620 4305 780 4360 modo
806 4305 861 4359 in
886 4305 1207 4360 humilitatis
1237 4314 1289 4360 et
1317 4305 1595 4360 charitatis
1618 4304 1812 4361 cilicio.

309 4395 474 4466 579
499 4395 680 4451 Caper
717 4412 818 4462 xu,
863 4397 1024 4452 Vens.
1060 4397 1111 4450 1.
1151 4427 1222 4436 -
1246 4398 1378 4451 Ante
1415 4413 1506 4451 sex
1565 4398 1674 4452 dies
1709 4395 1818 4452 Pa-

232 4489 374 4543 scha:
403 4491 537 4543 venit
555 4488 711 4543 Iesus
732 4489 1064 4554 Bethaniam,
1093 4489 1179 4543 ubi
1213 4490 1386 4560 fuerat
1408 4489 1647 4544 Lazarus
1676 4507 1816 4545 mor-

1843 1896 1881 1954 Β

1898 623 2048 693 justa
2075 624 2219 678 crede
2245 625 2603 678 retraherent.
2648 644 2668 675 )
2700 623 2809 678 Nec
2847 622 3160 677 transitorie
3187 622 3480 693 legendum

1904 724 1986 770 est
2011 732 2176 785 quare
2205 725 2328 771 ante
2375 732 2470 772 sex
2498 715 2613 771 dies
2642 715 2863 770 Pascha:
2911 715 3146 769 venisset
3196 712 3352 769 Jesus
3378 715 3481 768 Be—

1904 809 2143 863 thaniam
2171 827 2182 862 :
2213 825 2404 880 magna
2439 825 2567 864 vero
2606 809 2837 876 dignitas
2888 807 3089 862 senarii
3133 807 3344 861 numeri
3399 813 3483 861 est

1904 901 1960 956 in
1997 902 2198 957 sanctis
2248 901 2560 972 Scripturis,
2600 911 2655 957 et
2701 901 2868 955 multa
2921 916 3084 971 opera
3137 899 3348 954 Domini
3385 900 3481 954 Dei

1904 997 2076 1051 nostri
2098 997 2152 1050 in
2176 998 2390 1052 senario
2435 1013 2664 1053 numero
2690 996 2929 1067 perfecta
2959 1011 3076 1051 esse
3109 995 3484 1050 demonstran-

1906 1097 2024 1157 tur;
2082 1091 2206 1160 quia
2236 1092 2480 1147 senarius
2501 1107 2757 1146 numerus
2782 1092 2835 1146 in
2885 1092 3061 1159 seipso
3079 1105 3177 1160 per
3210 1104 3334 1142 suas
3361 1102 3484 1158 pro-

1905 1183 2050 1251 prias
2078 1190 2259 1251 partes
2299 1183 2501 1238 divisus
2543 1184 2627 1238 vel
2670 1182 3006 1251 coniunctus,
3060 1181 3485 1253 perfectissimus

1906 1287 2023 1327 esse
2080 1281 2320 1338 constat;
2374 1274 2537 1329 habet
2557 1275 2701 1328 enim
2727 1282 2907 1344 partes
2947 1283 3058 1326 tres
3102 1272 3156 1325 in
3186 1271 3362 1341 seipso
3393 1272 3487 1325 de—

1907 1364 2231 1429 nominatas,
2274 1364 2328 1418 id
2364 1372 2462 1430 est,
2492 1381 2690 1429 unum,
2726 1367 2852 1430 duo,
2879 1372 2932 1419 et
2965 1372 3095 1419 tres.
3144 1362 3279 1417 Nam
3330 1371 3482 1417 sexta

1907 1454 2024 1524 ejus
2067 1471 2194 1525 pars
2251 1473 2416 1510 unum
2473 1465 2585 1523 est;
2659 1457 2818 1512 tertia
2876 1471 3024 1521 vero,
3079 1455 3210 1520 duo;
3268 1455 3485 1509 dimidia

1908 1551 2110 1620 itaque,
2171 1557 2302 1605 tres.
2349 1550 2526 1606 Unum
2555 1567 2686 1606 vero
2706 1560 2760 1606 et
2798 1552 2924 1618 duo,
2979 1559 3033 1606 et
3064 1561 3194 1617 tres,
3242 1567 3335 1606 sex
3367 1565 3487 1604 esse

1909 1642 2269 1712 dignoscitur;
2328 1659 2429 1699 nec
2452 1644 2597 1699 aliud
2643 1661 2709 1700 ex
2736 1645 2821 1700 his
2868 1646 3039 1699 tribus
3088 1645 3331 1716 partibus
3354 1659 3488 1721 con-

1903 1731 2106 1809 junctis
2142 1735 2332 1790 conﬁci
2363 1744 2561 1805 potest,
2606 1738 2707 1792 nisi
2736 1753 2830 1792 sex
2861 1747 3096 1802 tantum;
3150 1754 3250 1793 nec
3277 1739 3330 1792 in
3355 1737 3489 1794 alias

1907 1835 2091 1895 partes
2129 1827 2374 1882 senarius
2399 1844 2654 1882 numerus
2703 1830 2864 1884 dividi
2915 1841 3113 1900 potest,
3161 1831 3266 1885 nisi
3301 1831 3354 1884 in
3391 1832 3489 1886 has

1910 1927 2042 1984 tres,
2073 1921 2126 1975 id
2153 1928 2250 1983 est,
2303 1937 2492 1987 unum,
2532 1922 2657 1985 duo.
2710 1929 2841 1978 tres.
2899 1923 3033 1978 Nam
3089 1925 3202 1992 ipse
3228 1924 3490 1979 Dominus

1910 2017 2124 2063 creator
2177 2009 2440 2075 omnium,
2489 2007 2646 2077 hujus
2691 2010 2874 2064 mundi
2919 2018 3202 2086 preaturas
3246 2025 3340 2065 sex
3375 2011 3490 2066 die-

1909 2102 2010 2157 bus
2029 2101 2322 2173 perfecisse
2351 2104 2692 2158 notissimum
2734 2112 2838 2169 est,
2902 2112 2956 2158 et
2986 2113 3136 2160 sexta
3183 2104 3270 2160 die
3319 2105 3488 2159 homi-

1908 2209 2032 2249 nem
2083 2195 2275 2250 fecisse
2311 2204 2549 2261 constat;
2593 2210 2754 2264 quem
2789 2197 3096 2265 serpentina
3132 2196 3321 2251 fraude
3373 2213 3483 2267 per-

1911 2284 2100 2350 ditum,
2162 2294 2287 2338 ante
2314 2299 2408 2339 sex
2444 2284 2560 2339 dies
2608 2284 2829 2340 Pascha:
2870 2286 3016 2339 venit
3042 2287 3156 2356 ipse
3176 2287 3345 2341 Filius
3373 2288 3490 2355 Dei,

1909 2390 2008 2445 per
2031 2391 2190 2446 quem
2218 2383 2435 2432 creatus
2463 2384 2565 2442 est,
2596 2375 2914 2431 Bethaniam
2940 2379 3006 2432 ad
3035 2378 3370 2433 liberandum
3395 2396 3409 2444 ;
3437 2385 3492 2434 ut

1911 2469 2005 2539 qui
2060 2477 2211 2525 sexta
2234 2470 2320 2525 die
2366 2478 2579 2524 creatus
2625 2477 2727 2532 est,
2778 2476 2930 2524 sexta
2970 2467 3105 2523 feria
3133 2469 3491 2536 liberaretur;

1894 2575 2040 2638 nam
2096 2568 2248 2615 sexta
2302 2559 2439 2615 feria
2493 2558 2771 2614 Christum
2828 2573 2947 2614 esse
2997 2574 3236 2628 passum,
3296 2559 3494 2614 nemini

1914 2654 2155 2723 ignotum
2205 2667 2324 2707 esse
2370 2666 2512 2707 reor.
2568 2651 2736 2722 Igitur
2775 2659 2831 2705 et
2880 2665 3067 2706 mense
3102 2659 3254 2706 sexto
3290 2666 3492 2706 annun-

1913 2745 2089 2800 tiante
2122 2744 2448 2816 archangelo
2481 2743 2635 2813 virgo
2665 2757 2818 2798 sacra
2848 2742 3204 2811 inspiratione
3257 2741 3494 2812 Spiritus

1915 2840 2088 2898 sancti
2137 2839 2385 2895 eumdem
2425 2829 2840 2908 Redemptorem
2885 2845 3136 2891 nostrum
3181 2837 3498 2907 concepisse

1916 2929 2154 2999 legitur;
2188 2929 2280 2999 qui
2308 2929 2470 2983 etiam
2503 2936 2653 2983 sexta
2677 2929 2831 2994 hora,
2859 2926 3098 2996 perfecta
3126 2936 3307 2994 mtate,
3341 2942 3500 2998 super

1914 3027 2134 3090 puteum
2190 3020 2381 3074 sedens
2435 3019 2649 3073 mulieri
2701 3017 3053 3074 Samaritana:
3116 3019 3281 3074 divini
3330 3020 3496 3076 fontis

1916 3111 2117 3168 ﬂuenta
2167 3113 2378 3182 aperire
2429 3113 2682 3182 dignatus
2714 3120 2797 3167 est
2835 3130 2848 3164 :
2880 3122 3031 3167 sexta
3075 3127 3286 3182 quoque
3339 3122 3498 3168 aetate

1918 3205 2126 3270 mundi,
2174 3205 2287 3274 ipse
2336 3211 2552 3258 creator
2593 3203 2658 3256 ad
2685 3203 3108 3273 redemptionem
3138 3205 3324 3259 mundi
3343 3204 3500 3274 juxta

1918 3297 2080 3353 ﬁdem
2130 3312 2300 3353 sacrae
2335 3295 2575 3352 historiae
2626 3297 2838 3351 venisse
2862 3295 2976 3363 jam
3030 3297 3245 3366 legitur.
3291 3297 3500 3353 Habent

1916 3405 2130 3461 quoque
2173 3391 2256 3445 hae
2310 3399 2422 3445 tres
2468 3397 2674 3460 partes,
2721 3389 2776 3444 id
2828 3397 2930 3454 est,
2984 3406 3170 3456 unum,
3196 3399 3251 3446 et
3299 3392 3426 3458 duo,
3447 3401 3502 3448 et

1916 3490 2045 3549 tres,
2079 3497 2144 3536 ex
2175 3483 2388 3551 quibus,
2417 3488 2478 3536 ut
2520 3481 2778 3546 diximus,
2835 3483 3080 3538 senarius
3119 3491 3353 3551 constat,
3407 3485 3502 3539 ali-

1916 3574 2043 3643 quid
2089 3573 2333 3644 mysterii
2355 3572 2409 3626 in
2432 3573 2830 3643 dispensatione
2858 3573 3048 3629 salutis
3094 3574 3360 3630 humanas.
3384 3575 3502 3631 Pri-

1914 3680 2004 3719 mo
2048 3666 2229 3735 itaque
2259 3673 2501 3737 tempore
2521 3667 2619 3721 sub
2654 3666 2770 3737 lege
2827 3675 3058 3733 naturze,
3101 3667 3265 3723 veluti
3288 3669 3340 3724 in
3371 3686 3504 3740 qua-

1916 3758 2037 3812 dam
2080 3758 2287 3812 unitate
2315 3757 2487 3813 sancti
2521 3758 2711 3813 Patres
2755 3758 2865 3814 Deo
2891 3758 3230 3825 serviebant;
3264 3763 3502 3818 secundo

1915 3864 2044 3904 vero
2073 3857 2316 3920 tempore
2361 3850 2448 3904 lex
2494 3852 2676 3906 addita
2707 3860 2791 3906 est
2830 3852 2897 3906 ad
2946 3861 3218 3918 naturam,
3272 3863 3332 3908 ut
3358 3857 3501 3925 quod

1915 3945 2058 4001 mala
2083 3947 2414 4000 consuetudo
2441 3948 2652 4002 vitiavit
2696 3949 2750 4002 in
2784 3957 3001 4015 natura,
3057 3949 3145 4004 lex
3176 3950 3503 4008 reformaret

1915 4038 1970 4092 in
1996 4038 2209 4103 littera;
2258 4045 2312 4091 et
2338 4038 2556 4093 fuerunt
2599 4041 2725 4104 duo,
2749 4047 2943 4094 natura
2979 4047 3034 4095 et
3060 4041 3176 4106 lex;
3211 4044 3372 4097 tertio
3393 4043 3498 4098 ita-

1915 4145 2019 4200 que
2065 4139 2303 4201 tempore
2350 4132 2500 4186 venit
2525 4132 2697 4200 gratia
2728 4131 2962 4187 cmlestis
3001 4148 3101 4202 per
3124 4131 3306 4188 Jesum
3337 4135 3497 4191 Chri-

1916 4232 2092 4290 stum;
2141 4231 2197 4278 et
2247 4231 2374 4278 sunt
2425 4225 2546 4289 tria,
2603 4232 2814 4288 natura,
2853 4225 2962 4290 lex,
3005 4233 3062 4279 et
3108 4227 3302 4296 gratia.
3346 4226 3500 4284 Sicut

1915 4331 2017 4372 nec
2060 4316 2143 4369 lex
2178 4322 2391 4370 naturae
2435 4316 2636 4370 bonum
2687 4317 2935 4382 destruit,
2985 4333 3084 4373 nec
3119 4319 3290 4388 gratia
3326 4320 3500 4390 legem

1917 4407 2094 4472 solvit,
2141 4409 2233 4463 sed
2263 4407 2591 4476 adimplevit,
2643 4416 2998 4478 naturamque
3048 4410 3290 4479 pristinm
3314 4411 3523 4466 reddi--

1919 4500 1998 4554 dit
2041 4499 2306 4555 nobilitati
2340 4519 2352 4553 :
2385 4508 2574 4554 natura
2615 4508 2794 4555 tamen
2852 4501 3018 4556 et-lex
3044 4503 3160 4557 sine
3189 4505 3363 4574 gratia
3398 4505 3500 4558 im-

231 4588 356 4634 tuus
374 4596 524 4650 quem
545 4577 833 4634 suscitavit.
863 4599 881 4631 ‹
911 4580 1099 4635 Sciens
1115 4588 1294 4636 autem
1320 4581 1579 4637 Dominus
1600 4583 1815 4652 conspi-
1843 4625 1896 4687 Β
1920 4591 2055 4662 pleri
2086 4607 2192 4646 non
2218 4593 2412 4663 ροιυίι,
2463 4608 2562 4648 nec
2588 4594 2666 4649 sic
2696 4593 2901 4649 homini
2948 4594 3178 4650 liberum
3217 4597 3504 4651 arbitrium

228 4685 386 4726 rasse
415 4671 482 4726 de
502 4687 562 4728 se
579 4672 872 4728 occidendo
890 4671 1123 4738 Iudaeos,
1155 4689 1262 4728 non
1284 4673 1421 4744 fugit
1443 4675 1813 4730 insidiantium

227 4777 460 4828 manus;
489 4765 584 4818 sed
629 4771 809 4818 certus
853 4764 919 4818 de
968 4765 1141 4834 gloria
1177 4765 1590 4822 resurrectionis
1637 4765 1814 4834 primo

229 4855 385 4910 venit
415 4855 752 4922 Bethaniam,
773 4857 1078 4924 proximam
1107 4856 1494 4929 Hierosolymis
1517 4858 1811 4926 civitatem,

225 4949 325 5004 ubi
374 4948 641 5004 Lazarum
667 4950 1021 5005 suscitaverat
1071 4967 1102 5006 a
1129 4953 1394 5020 mortuis;
1432 4953 1624 5009 deinde
1651 4955 1816 5010 etiam

229 5038 686 5112 Hierosolymam,
741 5043 835 5097 ubi
878 5042 991 5112 ipse
1031 5053 1313 5113 pateretur
1347 5053 1403 5100 et
1451 5056 1814 5118 resurgereta

225 5134 499 5190 mortuis:
532 5135 962 5206 Hierosolymam
992 5137 1230 5206 quidem,
1286 5146 1347 5191 ut
1384 5137 1498 5207 ipse
1529 5139 1600 5194 ibi
1632 5155 1812 5195 more-

226 5236 412 5291 retur;
470 5227 784 5282 Bethaniam
807 5243 958 5293 vero,
992 5235 1051 5282 ut
1079 5228 1420 5284 resuscitatio
1456 5230 1645 5284 Lazari
1672 5231 1812 5286 'cun-

227 5328 447 5375 ctorum
479 5319 753 5374 memoriae
809 5320 1010 5374 arctius
1063 5320 1480 5389 imprimeretur,
1536 5330 1592 5376 et
1641 5325 1815 5393 magis

227 5413 511 5482 magisque
541 5411 1018 5478 confunderentur,
1053 5421 1214 5482 atque
1247 5413 1642 5470 inexcusabiles
1688 5429 1816 5470 con-

227 5504 583 5559 vincerentur
610 5504 757 5574 impii
795 5504 1085 5575 principes,
1140 5504 1230 5573 qui
1251 5505 1497 5560 occidere
1526 5521 1633 5560 non
1659 5506 1817 5563 time-

229 5604 359 5652 rent
386 5611 531 5661 eum,
559 5597 652 5667 qui
676 5598 938 5652 suscitare
965 5595 1095 5668 [At.,
1127 5595 1398 5669 suscitari]
1418 5605 1599 5667 posset
1625 5614 1656 5654 a
1677 5615 1824 5656 mor-

228 5693 384 5759 tuis;
441 5702 613 5749 etnec
649 5693 926 5749 beneﬁciis
975 5691 1338 5748 suscitationis
1375 5693 1674 5763 provocati,
1720 5709 1822 5753 nec

311 5819 338 5847 ει
365 5805 651 5876 ﬂuensque
674 5821 742 5861 ex
762 5806 898 5876 Aug.

313 5877 344 5920 ι)
366 5877 446 5935 Ex
469 5877 627 5934 Bedae
651 5878 822 5944 hom.,
850 5877 950 5932 fer.
974 5893 1016 5934 ιι
1043 5886 1167 5950 post
1186 5878 1516 5944 Palmarum.

639 5968 913 6046 Paeon.
946 5968 1047 6036 C.’

1923 4684 2106 4738 datum
2133 4692 2235 4748 est,
2286 4694 2346 4738 ut
2387 4685 2522 4756 legis
2541 4694 2810 4756 praecepto
2833 4673 2969 4758 '[Ms.
3003 4688 3089 4742 vel
3115 4689 3251 4759 legis
3291 4705 3498 4758 praece-

1918 4773 2114 4846 ptum],
2155 4783 2215 4827 ut
2257 4776 2444 4846 gratia:
2489 4791 2594 4830 non
2664 4777 2963 4848 indigeret,
3015 4780 3155 4834 sicut
3210 4779 3498 4852 Pelagiana

1916 4873 2142 4929 hmresis
2169 4872 2415 4929 aﬁirmat.
2458 4892 2477 4924 ι
2525 4885 2548 4913 ο
2600 4874 2669 4929 Et
2712 4891 2782 4930 ne
2828 4876 3073 4934 dicerent
3101 4879 3505 4935 machinatores

1919 4966 2312 5021 calumniarum
2363 4965 2700 5035 phantastice
2752 4969 3069 5024 suscitatum
3122 4969 3286 5025 fuisse
3325 4969 3500 5025 Laza-

1920 5076 2060 5125 rum,
2115 5058 2256 5114 facta
2304 5058 2378 5114 ibi
2404 5057 2632 5114 Domino
2669 5075 2846 5128 cmna,
2882 5071 2939 5116 et
2968 5062 3082 5130 ipse
3109 5077 3250 5116 unus
3291 5067 3410 5115 erat
3431 5075 3500 5115 ex

1921 5149 2385 5205 discumbentibus
2411 5164 2535 5205 cum
2559 5165 2623 5205 eo
2655 5169 2666 5204 :
2690 5159 2752 5206 ut
2777 5153 2903 5208 dum
2948 5154 3238 5217 viventem,
3283 5151 3507 5220 loquen-

1923 5248 2052 5306 tem,
2098 5239 2423 5310 epulantem,
2465 5256 2588 5295 cum
2639 5243 2750 5297 suis
2780 5241 3117 5297 familiariter
3172 5256 3498 5296 conversan-

1923 5339 2032 5386 tem
2074 5330 2340 5396 viderent,
2384 5332 2497 5387 sive
2521 5334 2788 5400 audirent,
2841 5334 2922 5388 vel
2955 5335 3033 5389 sic
3065 5335 3378 5390 suscitantis
3398 5350 3501 5406 po-

1924 5424 2146 5478 tentiam
2163 5434 2539 5494 agnoscerent,
2568 5436 2624 5481 et
2661 5426 2970 5495 acciperent
2996 5427 3244 5496 gratiam.
3278 5427 3505 5498 Mystice

1925 5524 2106 5569 autem
2133 5531 2287 5570 ccena
2328 5517 2445 5572 haec
2487 5518 2782 5582 Dominiea,
2836 5518 2927 5572 ubi
2967 5518 3175 5575 Martha
3228 5519 3505 5574 ministra-

1923 5607 2035 5671 bat,
2089 5615 2143 5661 et
2163 5607 2402 5663 Lazarus
2427 5609 2568 5663 inter
2607 5608 2738 5663 alios
2793 5608 3188 5677 discumbebat,
3252 5610 3389 5666 ﬁdes
3417 5616 3503 5666 est

1922 5700 2200 5768 Ecclesiae,
2250 5715 2371 5771 quae
2415 5715 2512 5770 per
2559 5699 2900 5754 dilectionem
2948 5710 3222 5770 operatur.
3274 5700 3335 5757 1n
3394 5713 3504 5771 qua

1997 5827 2018 5855 ο
2051 5814 2250 5872 lterum
2272 5829 2339 5870 ex
2372 5813 2537 5884 Beda,
2559 5812 2705 5869 bom.
2734 5811 2916 5868 citata.

2891 5968 2971 6069 29
