4074 6438
600 404 705 459 907

1443 405 1505 463 Β.
1546 404 1608 459 F.
1648 402 1876 461 ALBINI
1908 401 2040 457 SEU
2081 397 2358 456 ALCUINI
2394 400 2677 461 OPERUM
2714 401 2896 460 PARS
2930 404 2995 461 ll.

3765 400 3875 458 Μ
3914 480 3925 487 .

600 532 756 575 creua
807 515 1019 574 Martha
1041 516 1332 583 ministrat,
1372 534 1496 573 cum
1534 520 1713 575 anima
1745 532 1971 590 qumque
2003 514 2180 571 ﬁdelis
2204 516 2258 576 Α
2283 525 2576 583 merentur,
2633 518 2898 591 proximis
2934 520 3025 589 qui
3053 517 3273 583 habent,
3302 516 3545 577 invidere
3596 530 3706 575 non
3741 532 3875 574 ces-

599 623 820 681 Operam
868 609 1094 666 Domino
1148 626 1257 665 suae
1284 611 1582 666 devotionis
1619 610 1896 680 impendit.
1942 608 2180 664 Lazarus

598 715 731 758 vero
755 717 894 758 unus
932 700 993 756 ﬁt
1033 716 1099 757 ex
1126 702 1585 757 discumbentibus
1608 717 1730 756 cum
1759 700 2007 767 Domino,
2055 714 2180 755 cum

601 793 766 850 etiam
815 794 872 849 hi
910 793 1000 862 qui
1044 802 1168 863 post
1215 792 1488 865 [primam]
1547 802 1891 864 peccatorum
1944 799 2179 846 mortem

601 884 906 943 resuscitati
956 884 1024 938 ad
1063 883 1328 953 justitiam
1351 892 1496 952 sunt,
1553 900 1659 939 una
1702 900 1827 938 cum
1861 883 1942 939 eis
1986 882 2078 953 qui
2122 881 2179 936 in

600 992 697 1032 sua
766 991 1110 1046 permansere
1163 976 1400 1048 justitia,
1461 976 1527 1031 de
1598 977 1886 1049 praesentia
1927 974 2178 1031 veritatis

530 1066 537 1071 ’
597 1068 899 1132 exsultant;
946 1069 1271 1138 pmnitentcs
1318 1066 1477 1123 simul
1520 1082 1644 1124 eum
1668 1066 2045 1123 innocentibus
2067 1080 2178 1121 co:-

597 1157 747 1215 lestis
806 1160 992 1231 gratiae
1047 1161 1361 1215 muneribus
1406 1160 1643 1215 aluntur.
1697 1159 1765 1213 Et
1806 1160 1944 1214 bene
1988 1158 2177 1213 eadem

595 1250 1106 1306 omnainBetbania
1148 1250 1469 1314 celebratur,
1524 1264 1645 1319 qua:
1684 1257 1767 1305 est
1788 1249 1976 1304 civitas
2016 1248 2070 1302 in
2100 1248 2177 1302 la-

598 1349 713 1398 tere
751 1344 951 1401 mentis
1002 1341 1219 1408 Oliveti,
1272 1351 1328 1398 et
1378 1343 1767 1413 interpretatur
1812 1341 2006 1397 domus
2041 1341 2173 1396 obe-

593 1435 829 1493 dientiai.
882 1435 1082 1491 Domus
1127 1450 1360 1507 namque
1405 1434 1725 1492 obedientia:
1773 1433 2013 1491 Ecclesia
2066 1442 2172 1498 est,

591 1546 714 1603 quae
759 1530 990 1589 ﬁdeliter
1032 1530 1243 1586 Domini
1275 1529 1444 1600 jussis
1499 1531 1843 1599 obtemperat
1884 1546 1895 1580 ε
1949 1534 2005 1581 et
2059 1526 2176 1597 ipsa

590 1629 677 1679 est
688 1621 880 1679 civitas
903 1637 1023 1693 qure
1046 1636 1211 1692 super
1229 1628 1465 1676 montem
1483 1618 1864 1675 misericordia
1884 1616 2174 1673 constituta

589 1727 867 1786 nunquam
920 1721 1099 1786 potest
1131 1713 1410 1780 abscondi,
1440 1713 1663 1784 ipsaque
1690 1709 1846 1784 μη,
1878 1710 1995 1781 ipsa
2028 1707 2171 1781 quae]

588 1808 655 1865 de
691 1808 774 1863 sui
823 1807 991 1863 latere
1041 1814 1351 1887 constructa
1403 1802 1795 1874 Redemptoris,
1818 1800 1873 1857 id
1905 1808 1991 1857 est
2011 1798 2176 1871 580

2282 609 2431 663 sant!
2457 608 2525 663 Et
2550 609 2768 679 quidem
2796 618 2990 680 putare
3017 624 3317 681 possemus,
3349 608 3545 665 Iudam
3566 624 3702 665 cura
3735 626 3873 680 pau-

2282 716 2474 771 perum
2497 703 2613 759 hzec
2641 702 2808 760 fuisse
2833 705 3095 771 locutum,
3143 703 3237 760 sed
3265 705 3447 775 prodit
3470 712 3709 759 mentem
3730 704 3876 765 illius

2281 795 2433 851 testis
2477 811 2661 863 verax,
2711 798 2802 866 qui
2858 798 2978 852 ait:
3024 797 3209 870 (Vens.
3264 795 3318 869 6)
3364 796 3515 851 Dixit
3545 807 3727 852 autem
3754 800 3874 869 hoc,

2279 905 2385 944 non
2409 890 2534 960 quia
2558 890 2624 945 de
2661 891 2832 961 egenis
2862 892 3148 962 pertinebat
3188 890 3257 945 ad
3280 907 3419 958 eum,
3477 890 3570 946 sed
3626 892 3757 960 quia
3787 893 3877 963 fur

2278 992 2480 1049 erat,et
2502 981 2701 1039 [oculos
2729 983 2945 1052 habens,
2985 1001 3049 1038 ea
3075 1000 3194 1056 qua:
3213 982 3571 1049 mittebantur,
3602 984 3872 1053 portabat.
3910 977 3920 1003 ¹

2278 1072 2396 1130 Non
2444 1090 2572 1148 ergo
2600 1083 2728 1132 tunc
2756 1073 2921 1131 Iudas
2956 1074 3142 1147 periit,
3170 1074 3387 1144 quando
3408 1072 3644 1142 pecunia
3681 1088 3875 1128 corm-

2278 1174 2402 1237 ptus
2455 1166 2741 1223 Dominum
2788 1165 3026 1236 perdidit
3079 1163 3214 1238 [Αι.,
3266 1161 3569 1235 prodidit];
3622 1163 3724 1218 sed
3765 1161 3875 1232 jam

2277 1255 2520 1328 perditus
2569 1255 2857 1313 Dominum
2888 1257 3239 1326 sequebatur,
3299 1255 3391 1326 qui
3423 1254 3633 1309 loculos
3666 1254 3879 1312 habens

2278 1348 2595 1414 dominieos,
2630 1364 2695 1407 ea
2742 1364 2862 1421 qua:
2906 1348 3280 1412 mittebantur,
3340 1344 3591 1417 portabat
3620 1344 3681 1399 in
3717 1344 3880 1400 mini-

2277 1437 2502 1495 sterium
2544 1452 2861 1509 pauperum,
2891 1453 3012 1508 qua:
3051 1436 3216 1492 etiam
3248 1434 3450 1491 inﬁdeli
3494 1443 3685 1489 mente
3706 1432 3873 1489 furari

2279 1529 2505 1589 solebat.
2560 1530 2763 1587 Videns
2794 1544 2924 1602 ergo
2963 1529 3225 1585 Dominus
3276 1543 3371 1584 cor
3414 1527 3562 1582 illius
3608 1527 3873 1597 cupidita-

2278 1619 2348 1675 tis
2381 1617 2495 1689 jam
2524 1620 2685 1677 sorde
2710 1619 2996 1691 pollutum,
3041 1617 3344 1691 praevidens
3391 1614 3565 1687 pejori
3610 1616 3871 1687 proditio-

2278 1710 2363 1766 nis
2388 1710 2550 1767 sorde
2576 1710 2939 1782 polluendum,
2982 1708 3253 1766 commisit
3280 1706 3396 1778 ejus
3423 1707 3572 1772 ﬁdei,
3608 1706 3870 1778 quidquid

2277 1804 2550 1861 habebant
2600 1803 2790 1877 [Beda,
2830 1801 3083 1875 habebat]
3133 1802 3186 1857 in
3211 1801 3463 1867 sacculis,
3516 1816 3761 1871 eumque
3806 1799 3868 1856 de

589 1914 727 1968 aqua
765 1898 1067 1961 ablutionis,
1122 1905 1177 1953 et
1231 1896 1487 1968 sanguine
1534 1893 1996 1959 sanctiﬁcationis,
2054 1907 2175 1962 qua:
2205 1889 2251 1949 B
2280 1896 2364 1951 his
2417 1910 2536 1966 quae
2585 1893 2743 1951 vellet
2774 1894 2953 1950 facere
3012 1894 3278 1965 permisit,
3332 1901 3394 1949 ut
3435 1891 3521 1947 vel
3552 1891 3744 1946 collati
3778 1892 3868 1947 ho-

588 1989 655 2046 de
677 1991 848 2061 ipsius
869 1990 1036 2045 latere
1059 2005 1158 2061 pro
1186 2004 1244 2046 se
1283 1988 1565 2045 morientis
1586 1988 1770 2043 exiere
1794 1984 1982 2060 [Beda,
2024 1985 2171 2040 exie-

588 2082 705 2156 rit],
759 2085 963 2143 imbuta
1016 2093 1131 2150 est;
1185 2084 1278 2138 ubi
1330 2084 1493 2138 etiam
1545 2082 1715 2137 altera
1770 2095 1926 2136 soror
1978 2078 2171 2135 Lazari

588 2178 756 2235 Maria
786 2178 840 2233 in
867 2193 1076 2249 magna:
1102 2177 1360 2234 indicium
1387 2175 1713 2241 dilectionis,
1759 2173 1901 2229 sicut
1932 2187 2167 2242 sequen-

593 2271 668 2339 tia
708 2276 1014 2326 monstrant
1056 2269 1377 2340 evangelieae
1427 2267 1697 2333 lectionis,
1750 2265 1959 2337 accepit
1976 2263 2169 2319 libram

591 2361 850 2433 unguenti
887 2360 1042 2416 nardi
1066 2360 1245 2431 pistici
1266 2360 1512 2432 pretiosi,
1562 2368 1620 2416 et
1645 2358 1797 2414 unxit
1827 2356 1993 2431 pedes
2016 2354 2166 2421 Iesu,

588 2459 644 2508 et
688 2452 913 2509 extersit
956 2452 1164 2524 capillis
1188 2452 1301 2508 suis
1344 2451 1505 2522 pedes
1530 2448 1666 2521 ejus.
1721 2448 1838 2516 Quo
1864 2447 2005 2503 facto
2062 2463 2168 2505 non

586 2547 762 2609 wlum
782 2562 894 2603 sum
938 2546 1034 2603 dat
1082 2545 1341 2601 indicium
1384 2543 1700 2607 devotionis,
1747 2542 1839 2598 sed
1863 2549 1918 2595 et
1939 2539 2171 2595 aliarum

582 2639 822 2701 ﬁdelium
855 2639 969 2697 Deo
995 2639 1299 2695 animarum
1328 2637 1502 2708 signat
1526 2634 1742 2707 pietatis
1767 2632 2101 2703 obsequium.
2143 2650 2162 2683 ι

654 2734 818 2789 Vsus.
843 2733 898 2787 '5.
933 2760 1006 2772 ——
1034 2729 1212 2785 Maria
1254 2738 1427 2783 autem
1453 2726 1648 2797 accepit
1693 2724 1881 2780 librant
1915 2723 2168 2794 unguenti

581 2823 737 2880 nardi
763 2804 937 2894 pislici
979 2820 1212 2893 pretiosi.
1261 2819 1402 2888 Quid
1448 2832 1679 2888 namque
1705 2833 1803 2889 per
1833 2816 2028 2871 libram
2060 2831 2165 2869 un-

580 2919 764 2989 guenti
791 2915 895 2973 nisi
921 2914 1182 2985 perfectio
1199 2912 1424 2984 justitiae
1463 2910 1831 2982 exprimitur?
1882 2907 2041 2976 Quod
2068 2923 2168 2962 un-

579 3015 837 3082 guentum
881 3022 951 3064 ex
984 3006 1154 3061 nardo
1201 3004 1395 3075 pistico
1422 3003 1635 3059 dicitur
1668 3018 1790 3057 esse
1811 3000 2118 3057 confectum
2148 3018 2163 3054 :

582 3098 714 3171 quid
769 3097 917 3155 enim
958 3112 1059 3167 per
1107 3104 1461 3168 unguentum,
1506 3094 1615 3150 nisi
1661 3093 1837 3150 bonus
1873 3093 2009 3148 odor
2045 3091 2165 3162 opi-

579 3191 758 3249 nionis
784 3188 1129 3247 insinuatur?
1174 3188 1244 3245 Et
1284 3188 1390 3243 hoc
1414 3192 1745 3260 unguentum
1796 3200 1865 3242 ex
1893 3184 2063 3239 nardo
2080 3183 2163 3254 pi-

481 3290 493 3327 r~
580 3285 718 3341 stico
766 3282 898 3356 [Al.,
938 3279 1155 3354 pistiea]
1199 3252 1517 3345 conﬁcitur:
1560 3279 1617 3337 id
1639 3285 1745 3345 est.
1790 3276 1961 3339 nardo
1993 3252 2159 3331 ﬁdeli.
2191 3252 2241 3319 Ο

2271 1989 2442 2054 noris,
2490 1989 2576 2044 vel
2628 1990 2829 2045 habita:
2879 1989 3138 2045 memoria
3180 1987 3456 2060 pecuniaa,
3520 1994 3767 2043 mentem
3803 1986 3866 2042 ab

2270 2083 2440 2155 ipsius
2494 2083 2806 2140 venditione
2860 2089 3160 2139 revocaret.
3218 2082 3420 2136 Verum
3466 2079 3597 2151 quia
3658 2094 3867 2151 semper

2270 2190 2467 2233 avarus
2512 2182 2651 2247 eget,
2695 2189 2868 2247 neque
2904 2189 3143 2245 unquam
3187 2170 3577 2229 beneﬁciorum
3618 2170 3866 2242 perﬁdus

2269 2269 2540 2337 meminit,
2592 2268 2788 2341 impius
2836 2283 2867 2324 a
2900 2268 3046 2324 furto
3096 2265 3339 2339 pecunia:
3387 2279 3555 2337 quam
3587 2264 3865 2334 portabat,

2266 2362 2515 2432 pervenit
2536 2360 2602 2417 ad
2640 2360 2987 2418 traditionem
3029 2358 3266 2427 Domini,
3317 2355 3410 2431 qui
3442 2356 3735 2429 pecuniam
3763 2355 3864 2413 sibi

2269 2453 2594 2510 servandam
2626 2451 3060 2510 commendabat.

2340 2545 2503 2601 Vsus.
2542 2545 2596 2600 7.
2648 2575 2720 2586 —
2771 2543 2921 2600 Dixit
2959 2560 3081 2616 ergo
3124 2539 3326 2598 Iesus:
3366 2540 3498 2598 Sine
3529 2540 3687 2596 illam
3728 2542 3862 2598 uti:

2266 2637 2406 2695 diem
2428 2637 2709 2711 sepultura:
2754 2655 2881 2694 mete
2922 2647 3090 2693 servet
3114 2636 3271 2693 illud.
3328 2634 3497 2704 Quasi
3539 2636 3863 2692 innocenter

2268 2731 2625 2805 interroganti
2648 2730 2821 2799 Iudae,
2850 2732 3109 2788 Dominus
3133 2730 3453 2802 simpliciter
3474 2738 3532 2785 et
3554 2738 3856 2797 mansuete,

2267 2840 2378 2897 quo
2430 2810 2797 2883 ministerium
2848 2824 3030 2880 Maria:
3062 2823 3381 2897 pertineret,
3412 2821 3859 2893 exposuitzquia

2267 2918 2385 2991 ipse
2415 2919 2667 2975 videlicet
2720 2918 3040 2983 moriturus,
3084 2924 3140 2971 et
3160 2916 3229 2973 ad
3255 2914 3634 2988 sepeliendum
3661 2930 3864 2970 aroma-

2269 3010 2414 3066 tibus
2439 3017 2586 3069 esset
2611 3009 2911 3080 ungendus.
2948 3008 3181 3079 Ideoque
3210 3006 3413 3073 Marini,
3448 3007 3540 3062 cui
3562 3008 3636 3063 ad
3662 2992 3863 3063 unctio-

2268 3115 2391 3157 nem
2434 3100 2632 3156 mortui
2658 3100 2902 3172 corporis
2930 3099 3050 3171 ejus
3093 3099 3341 3173 quamvis
3363 3098 3599 3153 multum
3651 3097 3859 3155 deside-

2272 3193 2414 3249 ranti
2464 3192 2749 3265 pervenire
2784 3207 2891 3248 non
2920 3192 3131 3257 liceret,
3185 3191 3445 3251 donatum
3471 3198 3645 3247 estut
3666 3190 3863 3247 viventi

2268 3283 2443 3341 adhuc
2495 3284 2832 3353 impenderet
2882 3284 3226 3355 obsequium,
3269 3284 3416 3359 quod
3453 3294 3578 3355 post
3610 3294 3859 3352 mortem,

579 3374 718 3435 Nam
744 3374 894 3445 pistis
946 3371 1153 3436 Graece,
1204 3370 1334 3441 ﬁdes
1372 3370 1564 3427 Latine
1608 3369 1853 3437 dicitur;
1898 3368 2015 3425 sine
2060 3365 2163 3421 ﬁde
2266 3374 2430 3431 celeri
2474 3376 2870 3430 resurrectione
2925 3383 3223 3447 praeventa,
3271 3376 3585 3447 requireret
3610 3374 3774 3449 [lla.,
3818 3383 3863 3430 et

578 3470 725 3531 enim
773 3468 886 3525 Deo
921 3466 1136 3539 placere
1180 3465 1512 3535 impossibile
1556 3473 1671 3531 est.
1720 3478 1823 3520 nec
1850 3464 1993 3520 bona
2020 3460 2166 3517 fama
2266 3466 2436 3534 Beda,
2483 3466 2775 3539 nequiret].
2824 3466 2980 3524 Unde
3006 3468 3143 3523 bene
3198 3466 3412 3525 Marcus
3452 3467 3753 3523 Dominum
3797 3466 3863 3523 de

578 3566 698 3623 sine
736 3562 842 3618 ﬁde
891 3560 1156 3617 catholica
1196 3560 1314 3614 ﬁeri
1350 3557 1569 3628 poterit.
1612 3575 1633 3609 ι
1664 3568 1691 3596 ι
1725 3555 1772 3612 Ο
1800 3556 1985 3622 homo,
2018 3570 2162 3628 unge
2265 3559 2356 3616 illa
2383 3560 2586 3616 dixisse
2634 3565 2901 3615 testatur:
2938 3559 3091 3629 Quod
3136 3560 3342 3627 habuit,
3378 3560 3497 3615 haec
3535 3561 3684 3631 fecit,
3718 3576 3859 3632 pra:-

578 3656 748 3728 pedes
788 3652 917 3709 Iesu
944 3652 1082 3707 bene
1101 3650 1351 3715 vivendo,
1373 3647 1651 3703 Dominica
1680 3655 1887 3703 sectare
1911 3645 2161 3715 vestigia,

578 3757 635 3807 et
655 3747 865 3819 capillis
879 3753 1116 3816 exterge,
1139 3757 1203 3799 ac
1224 3742 1270 3798 si
1293 3742 1500 3799 habeas
1523 3738 2163 3813 superflua,§pauperibus

579 3856 764 3914 eroga.
806 3839 922 3896 Hoc
946 3845 1031 3895 est
1072 3835 1282 3906 capillis
1304 3834 1473 3906 pedes
1491 3832 1620 3889 Iesu
1643 3841 1874 3905 tergere.
1906 3831 2035 3901 Quae
2066 3831 2165 3889 tibi

578 3934 849 4008 superﬂua
902 3940 1048 3999 sunt,
1095 3929 1320 4003 pedibus
1352 3929 1565 3985 Domini
1606 3926 1915 3985 necessaria
1956 3932 2101 3990 sunt,
2137 3942 2156 3977 ι

578 4027 762 4095 idest,
799 4024 1036 4082 minimis
1073 4023 1375 4095 quibusque
1400 4021 1454 4075 in
1506 4019 1786 4084 Ecclesia;
1847 4018 1913 4072 de
1966 4016 2165 4087 quibus

579 4120 640 4179 in
676 4118 785 4175 ﬁne
810 4118 1052 4174 dicturus
1096 4115 1203 4170 erit
1240 4113 1538 4171 Dominus:
1571 4108 1821 4177 Quandiu
1848 4108 2043 4179 fecistis
2071 4106 2164 4161 uni

580 4226 647 4271 ea;
667 4209 897 4265 minimis
923 4206 1029 4273 his,
1047 4204 1177 4259 mihi
1207 4204 1422 4275 fecistis.
1451 4201 1651 4256 Domus
1676 4210 1851 4255 autem
1874 4198 2067 4270 repleta
2088 4205 2164 4252 est

582 4302 744 4358 odore
790 4296 1005 4373 (Matth.
1031 4310 1159 4360 xxv,
1215 4291 1309 4364 40)
1360 4292 1415 4347 id
1453 4300 1555 4355 est,
1609 4288 1850 4345 Ecclesia
1893 4287 2019 4344 vitae
2039 4286 2166 4342 reli-

584 4395 752 4464 giosae
808 4390 955 4445 fama
990 4385 1200 4460 [bona].
1226 4384 1363 4439 Nam
1401 4384 1537 4439 odor
1557 4382 1731 4441 bonus
1754 4382 1971 4438 estvita
1998 4382 2160 4436 bona.

580 4482 717 4547 Audi
748 4477 1060 4550 Apostolum
1091 4493 1104 4528 :
1137 4471 1333 4527 Christi
1358 4472 1524 4528 bonus
1556 4472 1688 4526 odor
1713 4488 1917 4538 sumus,
1966 4471 2163 4541 inquit,

580 4575 638 4635 in
663 4570 804 4625 omni
848 4567 960 4622 loco
984 4563 1070 4637 (ΙΙ
1099 4561 1222 4619 Cor.
1255 4580 1318 4628 ιι,
1350 4562 1438 4633 15)
1463 4579 1477 4628 ;
1506 4571 1561 4618 et
1591 4563 1646 4618 in
1675 4562 1899 4619 Cantico
1928 4564 2165 4620 cantico-

581 4676 703 4725 rum
729 4676 745 4714 :
772 4655 1103 4728 Unguentum
1149 4655 1374 4724 eﬂ'usum
1403 4669 1589 4708 nomen
1637 4664 1783 4711 tuum
1810 4649 1986 4718 (Cant.
2011 4671 2052 4721 ι,
2083 4655 2161 4727 2).

579 4751 716 4809 Item
747 4766 762 4803 :
794 4747 934 4801 Dum
948 4754 1079 4801 esset
1101 4762 1191 4803 rea:
1217 4745 1273 4799 in
1302 4744 1543 4799 accubitu
1572 4761 1686 4809 suo,
1717 4738 1915 4800 nardus
1937 4762 2051 4800 mea
2077 4746 2167 4813 de,—

582 4843 660 4909 dit
686 4840 899 4895 odorem
938 4852 1110 4891 suum.
1160 4836 1262 4892 Ubi
1292 4842 1476 4907 aperte
1519 4836 1648 4907 quid
1678 4834 1844 4890 Maria
1869 4837 2035 4891 semel
2085 4836 2162 4892 fe-

585 4941 737 5003 cerat
777 4928 930 5006 [Ms.,
976 4927 1208 5000 fecerit],
1259 4927 1435 5000 typice
1483 4935 1664 4982 autem
1693 4928 1823 4999 quid
1848 4930 2026 4983 omnis
2054 4929 2159 4986 Ec-

585 5025 788 5091 clesia;
841 5020 971 5094 quid
1005 5018 1184 5074 anima
1214 5034 1439 5089 quaeque
1461 5017 1697 5091 perfecta
1728 5035 1941 5092 semper
1969 5019 2154 5091 faciat,

588 5114 913 5175 ostenditur.

655 5212 821 5270 Vsus.
844 5207 897 5275 4,
916 5205 971 5264 5.
985 5234 1059 5247 -—
1074 5204 1216 5259 Dicit
1242 5220 1363 5273 ergo
1383 5220 1520 5257 unus
1549 5220 1613 5257 ea:
1634 5203 1906 5275 discipulis
1926 5222 2040 5276 ejus
2069 5206 2170 5261 Ju-

584 5302 681 5362 das
701 5299 1003 5366 lseariotes,
1023 5296 1113 5370 qui
1135 5303 1249 5350 erat
1272 5310 1387 5348 eum
1406 5295 1695 5350 traditurus
1717 5312 1735 5350 :
1762 5295 1937 5363 Quare
1962 5299 2059 5353 hoc
2075 5316 2172 5355 un-

574 5402 836 5471 guentum
866 5404 976 5446 non
1009 5386 1169 5442 ueniit
1200 5385 1439 5439 trecentis
1488 5383 1739 5451 denariis,
1780 5394 1828 5439 et
1879 5387 2063 5442 datum
2092 5399 2169 5444 est

584 5492 758 5566 egenis
778 5489 806 5547 2
835 5505 858 5543 t
891 5487 923 5530 ι)
949 5485 1044 5543 Vae
1064 5484 1229 5556 impio
1255 5480 1530 5537 traditoril
1564 5481 1656 5535 Vae
1678 5480 2029 5552 complicibus
2056 5480 2171 5550 ejus

586 5580 865 5656 nequitia,
896 5578 1063 5637 etiam
1095 5590 1240 5631 nunc
1262 5574 1504 5630 membra
1551 5571 1750 5628 Christi
1795 5572 2167 5645 persequenti-

590 5675 708 5741 bus,
753 5673 845 5757 qui
898 5669 1101 5726 famam
1147 5665 1398 5733 virtutis,
1456 5679 1617 5737 quam
1663 5664 1767 5735 ipsi
1805 5664 2007 5720 habere
2056 5678 2167 5721 non

665 5866 689 5891 ει
718 5852 798 5904 Ex
825 5846 883 5903 S.
905 5847 1065 5917 Aug.,
1092 5851 1256 5900 tract.
1283 5860 1337 5909 ι,
1364 5858 1512 5898 num.
1538 5840 1589 5897 6.

2264 3652 2401 3708 venit
2420 3667 2613 3723 ungere
2636 3669 2825 3723 corpus
2847 3668 3023 3708 meum
3067 3655 3126 3711 in
3148 3653 3474 3725 sepulturam
3513 3654 3717 3726 (Marc.
3747 3668 3858 3721 xiv,

2264 3744 2345 3818 8).
2368 3744 2523 3813 Quod
2545 3752 2631 3802 est
2654 3754 2842 3818 aperte
2880 3748 3061 3804 dicere
3094 3762 3112 3802 :
3145 3748 3271 3819 quia
3303 3764 3502 3819 corpus
3530 3766 3716 3807 meum
3746 3749 3858 3819 jam

2265 3838 2504 3897 defuncti
2529 3846 2752 3911 tangere
2771 3854 2877 3897 non
2902 3842 3123 3911 poterit,
3150 3842 3321 3899 solum
3345 3845 3489 3913 quod
3510 3843 3694 3913 potuit
3708 3843 3857 3899 fecit.

2263 3928 2534 3987 Praevenit
2582 3931 2764 3987 vivum
2807 3932 3006 3999 adhuc,
3057 3932 3343 3997 funerandi
3399 3934 3582 3993 oﬂicio
3626 3935 3856 3994 donare.

2265 4020 2452 4095 (Vens.
2483 4022 2561 4093 8.)
2586 4022 2851 4095 Pauperes
2887 4026 3023 4081 enim
3045 4042 3246 4097 semper
3271 4027 3526 4083 habebitis
3566 4029 3857 4098 uobiscum,

2265 4129 2349 4168 me
2394 4123 2571 4169 autem
2605 4131 2711 4170 non
2733 4132 2938 4188 semper
2960 4117 3234 4173 habebitis.
3262 4118 3333 4177 Et
3366 4119 3458 4177 hic
3498 4136 3715 4191 magna;
3746 4137 3858 4178 me-

2267 4205 2545 4261 deramine
2578 4206 2855 4275 patientiae
2879 4208 3141 4273 Dominus
3173 4226 3283 4267 non
3317 4211 3513 4269 Iudam
3536 4216 3719 4285 arguit
3739 4230 3859 4269 ava-

2264 4296 2423 4364 ritia,
2466 4306 2523 4354 et
2558 4313 2669 4354 non
2708 4315 3008 4373 pauperum
3074 4304 3251 4375 gratia
3292 4305 3357 4361 de
3398 4307 3633 4375 pecunia
3688 4306 3853 4379 loqui,

2264 4391 2449 4448 sedex
2486 4392 2697 4448 ratione
2744 4393 3082 4453 demonstrat
3126 4413 3235 4453 non
3261 4413 3382 4457 esse
3428 4400 3851 4472 mlpandoseos

2265 4484 2363 4553 qui
2412 4484 2463 4538 ei
2509 4485 2654 4543 inter
2682 4485 2932 4544 homines
2988 4489 3331 4547 conversanti
3384 4491 3454 4548 de
3500 4489 3855 4551 facultatibus

2196 4608 2246 4679 υ
2269 4572 2392 4679 spis.
2410 4574 2801 4673 ministrarent,
2824 4592 2948 4679 cum
2975 4587 3082 4679 tam
3121 4594 3293 4649 parvo
3313 4588 3557 4652 tempore
3581 4583 3854 4654 ἱρείης)αά

2267 4661 2563 4719 Ecclesiam
2617 4665 2972 4747 corporaliter
2997 4666 3156 4741 581
3206 4684 3520 4735 mansurus;
3585 4686 3854 4744 pauperes

2269 4763 2473 4821 autem,
2516 4757 2713 4828 quibus
2739 4758 3083 4830 eleemosyua
3124 4759 3243 4817 ﬁeri
3284 4772 3488 4833 posset,
3536 4764 3595 4819 in
3620 4780 3687 4820 ea
3711 4780 3854 4823 sem-

2265 4860 2363 4923 per
2388 4856 2570 4903 essent
2605 4849 2857 4905 habendi.
2915 4849 3102 4923 (Vsns.
3150 4850 3229 4925 9.)
3272 4850 3525 4925 Cognovit
3546 4872 3672 4926 ergo
3701 4857 3854 4913 turbo

2266 4938 2433 4995 multa
2453 4956 2518 4995 ea:
2542 4939 2767 5008 Iudaris,
2822 4942 2947 5015 quia
2975 4943 3084 4998 illic
3120 4953 3219 5011 est,
3249 4954 3297 5001 et
3324 4956 3573 5003 uenerunt
3603 4963 3710 5003 non
3731 4964 3855 5018 pro-

2265 5040 2381 5107 pter
2414 5030 2599 5089 Jesum
2638 5042 2867 5101 tantum,
2910 5037 3001 5092 sed
3031 5045 3087 5090 ut
3113 5033 3384 5097 Lazarum
3401 5038 3660 5106 uiderent,
3696 5055 3852 5111 quem

2269 5124 2540 5191 suscitauit
2580 5143 2615 5181 a
2660 5128 2902 5182 mortuis.
2954 5127 3253 5186 Curiositas
3299 5131 3418 5198 hos,
3469 5148 3578 5188 non
3613 5134 3852 5191 cbaritas

2271 5218 2497 5277 adduxit
2520 5221 2588 5277 ad
2620 5219 2805 5277 Iesum
2831 5239 2844 5275 :
2868 5222 2963 5277 sed
2990 5236 3091 5277 nos
3111 5238 3271 5279 versa
3307 5224 3445 5291 vice,
3500 5225 3705 5287 fratres
3727 5228 3852 5284 eba-

2267 5311 2493 5378 rissimi,
2538 5312 2583 5367 si
2600 5313 2975 5383 cognoscimus
3020 5314 3115 5370 ubi
3162 5311 3321 5381 Iesus
3343 5323 3448 5380 est,
3493 5316 3589 5375 ubi
3616 5319 3853 5375 mansio-

2268 5419 2392 5463 nem
2446 5403 2597 5471 facit,
2652 5405 2744 5460 ubi
2795 5405 3137 5474 Bethaniam,
3163 5406 3219 5462 id
3244 5416 3349 5473 est,
3396 5408 3617 5467 domum
3656 5410 3852 5467 anima

2273 5494 2593 5559 obedientis,
2650 5495 2707 5550 in
2747 5511 2854 5565 qua
2881 5497 3113 5562 habitet,
3136 5498 3376 5564 invenit;
3417 5499 3702 5557 veniamus
3726 5500 3852 5558 illuc

2272 5586 2740 5657 contemplatione,
2760 5603 2868 5644 non
2888 5597 3108 5660 propter
3132 5589 3406 5646 hominem
3430 5598 3664 5660 tantum,
3686 5608 3851 5663 quem

2270 5692 2307 5736 a
2332 5686 2505 5735 morte
2545 5679 2738 5736 animae
2762 5681 3078 5737 suscitatam
3117 5681 3436 5757 spiritaliter
3476 5683 3660 5740 vivere
3680 5683 3852 5742 donao

2345 5849 2374 5894 ιι
2403 5851 2484 5909 Ex
2507 5853 2643 5915 Ven.
2678 5855 2839 5921 Beda
2860 5858 3008 5919 hom.
3038 5856 3177 5923 feria
3202 5876 3241 5921 ιι
3260 5867 3385 5935 post
3409 5859 3734 5921 Palma-um.
