4088 6340
215 442 324 504 909

1039 435 1449 495 EXEGE’I‘ICA.
1487 465 1558 478 —
1593 426 1949 489 COMMENT.
1986 424 2056 483 IN
2091 421 2283 482 JOAN.
2310 449 2383 467 -—
2418 421 2544 478 LIB.
2585 421 2650 478 ν.

3361 412 3469 471 θιο
3564 483 3570 490 ,

214 559 315 624 vit,
362 555 456 611 sed
493 561 549 609 nt
575 554 770 610 bonam
807 551 1040 608 hominis
1066 552 1233 607 vitam
1260 549 1538 615 imitando,
1561 563 1659 619 per
1683 546 1786 601 hoc
1813 548 1863 606 Α
1889 539 2010 613 tim]
2039 541 2328 606 scribatur,
2385 537 2481 594 sed
2507 550 2669 592 sensu
2691 530 3024 604 loquentium
3048 530 3198 586 salvo
3225 528 3470 586 funditus

214 649 284 705 ad
313 647 576 703 visionem
627 643 754 700 Jesu
799 644 1109 716 pertingere
1152 656 1496 698 mereamur:
1525 641 1650 712 quia
1690 654 1790 710 pro

215 753 369 802 certo
419 741 764 815 cognovimus
813 741 904 794 ubi
942 737 1099 794 Iesus
1151 745 1261 803 est;
1311 733 1607 792 resurrexit
1646 731 1791 786 enim

211 845 340 914 post
358 843 609 902 mortem,
631 845 685 889 et
715 833 958 891 ascendit
984 833 1039 887 in
1069 831 1283 894 coelum,
1333 830 1423 884 ubi
1447 828 1608 883 habet
1634 841 1790 881 man-

215 927 427 986 sionem
447 935 760 999 perpetuam
787 944 799 979 :
829 925 947 996 ipsa
974 931 1058 980 est
1106 937 1234 978 vera
1281 919 1565 984 Bethania,
1600 917 1794 973 civitas

216 1021 425 1078 scilicet
445 1019 702 1086 caelestis,
729 1035 892 1091 quam
920 1016 1100 1074 nullus
1133 1016 1278 1071 valet
1296 1014 1400 1070 nisi
1421 1012 1677 1069 obediens
1707 1011 1794 1064 in-

216 1121 385 1168 trare.
437 1111 622 1183 (Vsus.
660 1111 749 1180 10,
775 1112 861 1166 ll.
890 1108 1301 1184 )‘Cogitaverunt
1333 1116 1507 1162 autem
1535 1103 1792 1176 principes

214 1207 646 1270 sacerdotum,ut
676 1211 724 1258 et
770 1202 1035 1271 Lazarum
1056 1200 1432 1268 interficerent,
1478 1198 1607 1269 quia
1638 1195 1792 1249 multi

213 1305 428 1369 propter
445 1295 596 1351 illum
633 1298 846 1352 abibant
883 1295 1193 1360 exJudceis,
1229 1303 1277 1348 et
1321 1293 1594 1348 credebant
1623 1292 1678 1346 in
1704 1289 1796 1345 Je-

213 1403 356 1442 sum.
375 1385 418 1443 Ο
441 1403 581 1443 caeca
611 1403 873 1444 annorum
901 1387 1159 1451 versutia,
1185 1383 1433 1440 occidere
1459 1383 1598 1438 velle
1621 1381 1792 1437 susci-

213 1477 419 1532 tatum!
470 1479 623 1548 quasi
673 1494 781 1533 non
830 1486 1010 1548 posset
1065 1477 1330 1532 suscitare
1379 1476 1648 1541 occisum,
1701 1474 1795 1544 qui

212 1575 430 1640 poterat
466 1568 796 1624 defunctum.
860 1570 928 1624 Et
974 1570 1192 1640 quidem
1227 1583 1284 1624 se
1315 1577 1602 1639 utrumque
1636 1581 1798 1639 posse

213 1657 422 1725 docuit,
447 1660 540 1730 qui
563 1668 618 1715 et
658 1659 922 1715 Lazarum
949 1659 1284 1728 defunctum,
1326 1666 1382 1716 et
1409 1658 1647 1731 seipsum
1679 1673 1797 1713 sus-

216 1751 408 1806 citavit
428 1752 686 1807 occisum.
718 1771 738 1805 s
776 1764 802 1791 ει

289 1841 582 1914 Postquam
612 1841 871 1898 Dominus
908 1841 1325 1912 quatriduanum
1360 1849 1632 1896 mortuum
1681 1855 1800 1895 sus-

1892 633 2306 689 intermittatur.

1961 727 2270 783 Benedictus
2316 728 2406 798 qui
2427 725 2562 780 venit
2589 725 2646 778 in
2661 722 2870 777 nomine
2896 719 3108 775 Domini
3147 734 3240 774 rea:
3275 717 3468 773 Israel.

1898 840 1918 875 ι
1971 821 2064 878 Sic
2112 822 2484 894 accipiendum
2524 827 2688 875 estut
2716 819 2772 871 in
2802 817 3008 872 nomine
3032 814 3246 869 Domini
3279 813 3335 867 in
3375 825 3472 866 no-

1891 915 2038 970 mine
2084 914 2181 970 Dei
2220 914 2399 970 Patris
2427 911 2779 982 intelligatur,
2824 907 3070 980 quamvis
3100 905 3272 977 possit
3315 901 3478 960 intol-

1893 1006 1987 1079 ligi
2011 1007 2174 1062 etiam
2213 1007 2271 1062 in
2305 1005 2522 1062 nomine
2560 1019 2678 1070 suo,
2711 1003 2836 1073 quia
2863 1009 2920 1058 et
2941 1001 3056 1072 ipse
3084 1007 3168 1054 est
3190 997 3470 1054 Dominus.

1894 1099 2048 1155 Unde
2091 1099 2219 1155 alibi
2270 1099 2529 1170 scriptum
2563 1104 2649 1153 est
2675 1114 2687 1150 :
2713 1092 2860 1149 Pluit
2910 1093 3169 1150 Dominus
3191 1107 3222 1143 a
3248 1089 3476 1145 Domino

1897 1185 2048 1260 (Gen.
2082 1203 2194 1255 nx,
2236 1186 2350 1261 24).
2397 1186 2575 1242 Verba
2603 1186 2720 1258 ejus
2747 1184 2942 1261 melius
2969 1189 3211 1238 nostrum
3235 1178 3478 1249 dirigunt

1895 1257 2244 1345 intellectum,
2269 1257 2363 1350 qui
2401 1278 2479 1333 ait
2503 1296 2519 1335 τ
2543 1277 2656 1348 Ego
2695 1257 2806 1331 ueni
2833 1277 2890 1330 in
2916 1275 3123 1329 nomine
3152 1271 3330 1325 Patris
3349 1267 3479 1338 mei,

1895 1382 1946 1427 et
1973 1390 2077 1426 non
2101 1372 2398 1444 suscepistis
2411 1386 2512 1425 me.
2530 1369 2682 1424 Alius
2701 1369 2864 1422 ueniet
2884 1367 2942 1421 in
2967 1365 3174 1420 nomine
3198 1378 3316 1428 suo,
3339 1361 3490 1415 hune-

1896 1467 2190 1536 suscipietis
2225 1463 2406 1536 (Joan.
2456 1479 2511 1530 v,
2544 1461 2657 1535 45).
2683 1459 3020 1515 Humilitatis
3047 1456 3189 1511 enim
3220 1454 3481 1525 magister

1897 1568 1983 1613 est
2009 1556 2276 1621 Christus,
2329 1556 2420 1626 qui
2445 1553 2737 1609 humiliavit
2792 1551 3124 1620 semetipsum
3165 1547 3338 1618 factus
3362 1545 3482 1600 obe-

1897 1649 2044 1704 diens
2065 1666 2227 1720 usque
2269 1649 2338 1702 ad
2366 1655 2604 1712 mortem,
2623 1657 2843 1700 mortem
2864 1652 3038 1698 autem
3063 1643 3234 1695 crucis
3257 1636 3479 1712 (Philip.

1897 1757 1960 1807 ιι,
1980 1741 2057 1814 8).
2106 1740 2224 1797 Non
2246 1742 2429 1812 itaque
2457 1741 2617 1812 582
2644 1739 2847 1795 amittit
2866 1738 3224 1800 divinitatem,
3267 1731 3491 1804 quando.

1898 1847 1999 1888 nos
2049 1833 2205 1888 docet
2248 1832 2628 1888 humilitatem.
2677 1831 2739 1887 In
2765 1830 2858 1885 illa
2905 1829 3054 1885 Patri
3111 1836 3195 1884 est
3234 1824 3481 1896 aequalis,

217 1913 441 1996 citavit,
456 1932 793 2004 stupentibus
821 1931 1041 1998 Judzeis,
1080 1942 1134 1988 et
1162 1932 1279 1986 aliis
1327 1947 1513 1988 eorum
1564 1931 1794 1986 videndo
1824 1913 1874 1974 Β
1901 1923 1960 1981 in
1989 1924 2092 1980 hac
2131 1925 2287 1982 nobis
2339 1924 2559 1992 similis;
2615 1939 2714 1995 per
2759 1923 2905 1995 quod
2933 1922 3084 1978 Patri
3113 1929 3197 1975 est
3239 1917 3480 1987 aequalis,

217 2024 580 2092 credentibus,
627 2023 748 2079 aliis
804 2025 1090 2081 invidendo
1123 2025 1494 2096 pereuntibus,
1521 2024 1794 2080 discubuit

216 2113 275 2168 in
319 2115 479 2171 domo
532 2115 688 2172 Jesus
744 2119 1090 2174 recumbente
1143 2134 1356 2190 quoque
1420 2117 1650 2186 Lazaro,
1705 2119 1798 2190 qui

214 2202 395 2263 fuerat
420 2225 451 2264 a
484 2218 657 2265 morte
709 2211 999 2266 suscitatus
1034 2230 1046 2264 :
1086 2219 1209 2283 post
1254 2221 1586 2283 unguentum
1641 2211 1800 2268 dill'u-

213 2313 336 2352 sum
369 2314 527 2370 super
567 2301 732 2369 pedes
754 2301 890 2370 ejus,
933 2302 1074 2356 unde
1096 2303 1288 2357 domus
1327 2303 1494 2358 odore
1534 2303 1799 2373 completa

209 2398 322 2457 est,
366 2392 432 2445 de
456 2391 648 2460 quibus
692 2392 745 2446 in
769 2392 1156 2463 superioribus,
1198 2402 1459 2462 quantum
1501 2394 1795 2464 potuimus,

209 2481 600 2548 tractavimus;
637 2499 780 2539 nunc
814 2482 1103 2538 videndum
1126 2491 1233 2550 est,
1265 2484 1395 2555 quid
1428 2492 1555 2540 ante
1581 2484 1796 2540 Domini

208 2573 522 2644 passionem
569 2581 780 2647 gestum
823 2583 926 2630 est.
975 2573 1283 2631 Dicitenim
1312 2574 1691 2647 Evangelista:

780 2685 1009 2745 CAPUT
1041 2686 1234 2744 XXIX.

212 2772 395 2838 Turba
416 2795 534 2850 cum
556 2781 716 2833 ramis
737 2778 1033 2850 palmarum
1060 2796 1359 2846 occurrens,
1387 2779 1602 2848 clamat,
1633 2779 1801 2838 Osan-

287 2864 378 2904 na.
415 2848 556 2921 Ipse
588 2866 706 2921 uero
737 2848 908 2921 super
929 2849 1159 2921 ‘pullum
1183 2851 1334 2918 sedit,
1386 2850 1674 2906 Phariswis
1719 2853 1801 2906 di-

287 2917 519 2974 centibus
543 2935 561 2974 :
585 2919 753 2976 Totus
781 2917 1012 2976 mundus
1038 2928 1160 2990 post
1182 2937 1303 2976 eum
1331 2921 1462 2977 abit.

287 3031 450 3088 Vens.
482 3031 569 3098 12,
610 3033 693 3087 l5.
739 3063 810 3072 —
831 3032 897 3086 In
929 3033 1216 3089 crastinum
1241 3042 1415 3088 autem
1438 3034 1588 3088 turba
1607 3031 1795 3102 multa,

209 3143 332 3200 qua:
373 3136 674 3181 convenerat
701 3126 768 3180 ad
794 3126 931 3180 diem
961 3127 1170 3197 festum,
1200 3144 1318 3181 cum
1357 3127 1643 3193 audissent,
1673 3128 1799 3198 quia

210 3219 353 3273 venit
377 3217 530 3271 Jesus
574 3215 1012 3288 Hierosolymam,
1056 3227 1362 3289 acceperunt
1395 3233 1568 3271 ramos
1588 3215 1796 3288 palma-

213 3329 356 3376 rum,
381 3322 426 3365 et
447 3323 804 3382 processerunt
826 3311 1030 3366 obviam
1053 3311 1121 3378 ei,
1143 3321 1189 3365 et
1212 3309 1509 3365 clamabant
1526 3327 1544 3365 :
1559 3307 1797 3379 Osanna,

213 3402 511 3457 benedictus
555 3404 644 3473 qui
699 3405 832 3457 venit
876 3404 930 3458 in
960 3404 1165 3458 nomine
1229 3401 1442 3457 Domini
1488 3419 1580 3457 rex
1608 3401 1800 3458 Israel.

217 3511 238 3545 ι
282 3494 310 3533 b
342 3493 496 3547 Rmui
534 3494 834 3564 palmarum
887 3494 1074 3550 laudes
1123 3501 1276 3560 sunt,
1322 3493 1690 3566 signiﬁCantes
1723 3495 1804 3549 vi-

210 3585 466 3652 ctoriam,
517 3604 624 3658 qua
645 3596 766 3642 erat
794 3586 1053 3642 Dominus
1085 3595 1316 3641 mortem
1346 3585 1625 3640 moriendo
1646 3596 1804 3653 supe-

211 3685 456 3743 raturus,
493 3687 548 3733 et
601 3681 840 3749 trOpliseo
881 3677 1060 3733 crucis
1117 3677 1391 3732 diabolum
1431 3675 1622 3730 mortis
1652 3674 1803 3745 prin-

213 3768 394 3840 cipem
417 3768 571 3841 [Ms.,
601 3771 669 3824 de
695 3769 974 3826 diabolo...
1003 3767 1269 3841 principe]
1295 3766 1746 3837 triumphaturus.
1777 3785 1796 3818 ι

209 3857 461 3927 Osanna,
529 3861 822 3917 benedictus
865 3863 955 3934 qui
1007 3863 1145 3916 venit
1196 3862 1252 3916 in
1318 3861 1527 3915 nomine
1565 3857 1800 3913 Domini.

211 3953 524 4016 Notandum
556 3972 684 4012 sane
727 3957 868 4027 quod
919 3955 1136 4013 Osanna
1173 3955 1397 4010 verbum
1449 3951 1801 4017 Hebraicum,

217 4049 580 4120 compositum
595 4059 678 4104 est
698 4065 766 4104 ex
796 4049 1022 4113 duobus,
1049 4053 1304 4116 corrupto
1319 4045 1616 4111 etintegro.
1644 4040 1806 4096 Salva

215 4155 455 4212 namque
504 4141 619 4196 sive
674 4140 908 4211 salviﬁca
964 4139 1107 4210 apud
1156 4153 1250 4192 eos
1299 4137 1498 4192 dicitur
1543 4133 1682 4207 [Osi.
1734 4133 1809 4188 At

216 4247 352 4288 vero
416 4232 576 4305 anna]
630 4231 931 4300 interjcctio
980 4239 1064 4286 est
1115 4228 1489 4300 deprecantis,
1535 4226 1807 4296 quomodo

218 4327 362 4398 apud
399 4325 618 4383 Latinos
647 4325 946 4394 interiectio
970 4333 1055 4381 est
1075 4322 1331 4391 dolentis,
1359 4323 1459 4378 heu
1483 4322 1503 4375 !
1552 4330 1608 4378 et
1636 4321 1809 4376 inter-

215 4416 385 4490 iectio
413 4417 752 4483 admirantis,
803 4417 988 4488 papae!
1033 4416 1277 4487 Denique
1325 4415 1382 4469 in
1429 4413 1671 4479 Psalmo,
1701 4412 1806 4468 'ubi

211 4508 368 4566 LXX
390 4509 710 4579 interpretes
732 4509 1144 4574 transtulerunt,
1172 4523 1200 4561 ο
1224 4507 1467 4571 Domine,
1496 4505 1702 4561 salvum
1727 4521 1810 4560 me

221 4600 329 4672 fac,
364 4602 419 4657 in
443 4601 667 4657 Hebraeo
692 4601 953 4672 scriptum
976 4610 1082 4666 est,
1107 4599 1280 4666 Anna,
1313 4598 1542 4664 Adonai,
1587 4596 1807 4653 Osanna

1898 2035 2002 2076 nos
2021 2028 2081 2074 ut
2109 2034 2368 2086 essemus,
2399 2019 2635 2085 creavit;
2687 2031 2786 2089 per
2807 2016 2951 2090 quod
2975 2016 3133 2071 nobis
3161 2021 3246 2070 est
3268 2011 3482 2076 similis,

1900 2128 1970 2168 ne
1997 2113 2322 2184 periremus,
2369 2112 2620 2168 redemit.
2675 2109 2788 2166 Has
2829 2110 2881 2166 ei
2905 2109 3094 2164 laudes
3141 2107 3299 2162 turba
3340 2105 3488 2162 dice-

1899 2205 2028 2260 bat:
2059 2205 2295 2272 Osanna,
2342 2205 2639 2260 benedictus
2676 2205 2767 2275 qui
2815 2205 2949 2259 venit
2975 2204 3032 2257 in
3065 2203 3274 2257 nomine
3301 2201 3492 2256 Domia

1902 2296 1956 2348 ni
1984 2312 2074 2350 rex
2102 2296 2292 2350 Israel.
2349 2295 2523 2363 Quam
2549 2311 2738 2352 vocem
2761 2296 2962 2351 mentis
3006 2293 3302 2350 invidentia
3335 2293 3487 2364 prin-

1899 2384 2052 2456 cipes
2103 2385 2410 2442 Iudaeorum
2437 2388 2646 2459 perpeti
2675 2403 2783 2443 non
2820 2395 3073 2459 poterant
3116 2385 3300 2459 [Aug.,
3322 2399 3488 2455 quam

1900 2481 2120 2532 erucem
2174 2479 2375 2534 mentis
2447 2477 2745 2533 invidentia
2809 2478 3116 2550 principum
3177 2475 3488 2532 ludmorum

1898 2569 2108 2639 perpeti
2131 2567 2388 2642 poterat],
2415 2569 2628 2641 quando
2655 2584 2836 2641 regem
2853 2585 3008 2626 suum
3035 2568 3313 2625 Christum
3336 2578 3488 2624 tanta

1897 2660 2188 2715 multitudo
2249 2659 2539 2715 clamabat.
2592 2661 2699 2718 Sed
2755 2661 2886 2733 quid
2947 2662 3048 2717 fuit
3110 2661 3340 2717 Domino
3395 2677 3484 2717 re-

1900 2764 2024 2820 gem
2044 2765 2164 2806 esse
2185 2750 2385 2807 Israel?
2409 2751 2549 2818 Quid
2586 2768 2842 2825 magnum
2870 2753 2972 2809 fuit
3001 2755 3116 2826 regi
3140 2753 3485 2823 saeculorum,

1900 2854 2084 2914 regem
2110 2843 2231 2898 ﬁeri
2253 2845 2573 2900 hominum?
2613 2843 2731 2900 Non
2755 2847 2903 2901 enim
2923 2861 3017 2902 rex
3048 2846 3213 2902 Israel
3240 2846 3492 2904 Christus

1901 2935 1972 2991 ad
1999 2935 2321 3008 exigendum
2346 2937 2641 3005 tributum;
2666 2939 2752 2993 vel
2776 2937 2922 2994 ferro
2947 2940 3247 2994 exercitum
3274 2937 3492 2995 arman-4

1902 3027 2028 3084 dum
2075 3029 2367 3100 hostesque
2403 3028 2750 3086 debellandos
2801 3048 2815 3085 :
2857 3029 2951 3086 sed
2989 3046 3082 3086 rex
3114 3030 3299 3096 Israel,
3344 3032 3492 3102 quod

1900 3126 2140 3174 mentem
2174 3126 2344 3190 regat,
2399 3122 2544 3189 quod
2571 3120 2626 3174 in
2667 3129 2928 3176 aeternum
2974 3122 3238 3187 consulat,
3267 3123 3493 3192 quodin

1903 3223 2131 3279 regnum
2172 3209 2434 3265 caelorum
2464 3211 2772 3277 credentes,
2802 3221 3105 3282 sperantes,
3139 3223 3496 3285 amantesque

1907 3304 2187 3375 perducat.
2246 3303 2344 3360 Dei
2389 3318 2518 3375 ergo
2564 3302 2734 3360 Filius
2780 3304 3004 3376 aequalis
3044 3303 3213 3371 Patri,
3256 3306 3494 3362 Verbum

1904 3411 2004 3468 per
2057 3396 2202 3468 quod
2249 3395 2395 3452 facta
2441 3403 2566 3451 sunt
2591 3397 2793 3464 omnia,
2847 3397 2990 3468 quod
3035 3413 3132 3452 rex
3159 3412 3280 3453 esse
3325 3397 3498 3454 voluit

1904 3487 2088 3552 Israel,
2123 3487 2358 3558 dignatio
2383 3495 2486 3553 est,
2517 3503 2625 3542 non
2662 3489 2965 3558 promotio;
3017 3490 3385 3546 miserationis
3413 3491 3500 3547 in-

1906 3579 2105 3636 dicium
2157 3589 2262 3645 est,
2317 3595 2425 3633 non
2459 3580 2743 3649 potestatis
2791 3589 3171 3651 augmentum;
3227 3582 3317 3652 qui
3347 3580 3494 3638 enim

1906 3669 2206 3741 appellatus
2234 3677 2320 3725 est
2340 3685 2438 3725 rex
2480 3669 2809 3737 Iudaeorum,
2862 3672 2917 3727 in
2942 3673 3098 3728 coalis
3123 3682 3207 3728 est
3233 3673 3495 3730 Dominus

1906 3763 2242 3834 angelorum.
2278 3761 2462 3835 (νεεδ.
2496 3761 2607 3835 14.)
2641 3762 2712 3816 Et
2751 3764 2945 3818 invenit
2991 3764 3148 3818 Iesus
3177 3763 3418 3829 asellum,
3446 3774 3497 3820 et

1905 3857 2039 3912 sedit
2061 3872 2219 3929 super
2243 3873 2382 3911 eum.
2407 3856 2507 3910 Hic
2530 3857 2769 3911 breviter
2787 3856 2990 3911 dictum
3011 3865 3122 3921 est;
3153 3871 3277 3910 nam
3304 3871 3497 3928 quem-

1908 3947 2198 4003 admodum
2249 3949 2321 4002 sit
2358 3947 2584 4012 factum,
2609 3945 2748 4016 apud
2769 3947 2905 4002 alios
2924 3947 3282 4018 evangelistas
3293 3947 3497 4020 plenis-

1908 4038 2044 4093 sime
2095 4037 2311 4109 legitur.
2365 4037 2671 4092 Adhibetur
2706 4047 2885 4093 autem
2912 4039 3038 4094 huic
3083 4039 3230 4095 facto
3259 4041 3498 4110 prophe-

1908 4129 2074 4185 ticum
2106 4130 2492 4196 testimonium,
2523 4137 2584 4184 ut
2606 4139 2892 4202 appareret
2911 4133 3055 4200 quod
3081 4132 3304 4204 maligni
3347 4133 3498 4204 prin-

1908 4220 2056 4289 cipes
2103 4216 2411 4275 Iudaeorum
2437 4235 2563 4274 eum
2585 4235 2692 4276 non
2720 4220 3112 4292 intelligebant,
3168 4223 3223 4276 in
3249 4238 3356 4294 quo
3396 4224 3499 4279 im-

1907 4313 2198 4386 plebantur
2224 4328 2343 4383 quae
2365 4313 2618 4385 legebant
2647 4332 2660 4368 :
2689 4312 2895 4369 Invenit
2922 4332 3042 4386 ergo
3068 4315 3227 4370 Iesus
3250 4315 3494 4386 asellum,

1911 4413 1962 4461 et
1990 4405 2123 4460 sedit
2167 4421 2325 4477 super
2353 4421 2492 4461 eum.

1980 4495 2144 4552 Vsus.
2177 4494 2264 4551 15.
2290 4526 2362 4536 —
2391 4494 2546 4552 Sicut
2570 4499 2823 4568 scriptum
2843 4507 2920 4553 est
2947 4515 2966 4553 :
2993 4497 3122 4553 Noli
3147 4500 3347 4570 timere,
3377 4500 3494 4572 ﬁlia

1914 4588 2067 4659 Sion,
2115 4607 2231 4646 ecce
2257 4607 2351 4647 rex
2381 4600 2501 4647 tuus
2524 4593 2659 4646 venit
2695 4593 2878 4648 sedens
2923 4609 3080 4665 super
3109 4593 3313 4666 pullum
3333 4595 3498 4653 asinae

223 4655 744 4767 '[MsWIOsianna],
766 4655 908 4763 (ιιιοά
936 4655 1204 4762 interpres
1234 4655 1419 4746 noster
1447 4655 1808 4761 Hieronymus
1834 4655 1889 4716 Β
1912 4655 2100 4755 (lacn.
2148 4699 2225 4750 ix,
2257 4682 2334 4754 9).
2377 4682 2504 4738 Haec
2546 4682 2657 4737 lilia
2681 4683 2834 4751 Sion,
2892 4655 3258 4743 cui'divi'nitus
3286 4687 3389 4744 ista
3412 4688 3500 4745 di-

221 4780 537 4852 diligentius
588 4783 862 4838 elucidans
910 4782 1183 4837 transtulit
1223 4799 1237 4835 :
1278 4778 1528 4847 Obsecro,
1560 4779 1805 4844 Domine,

223 4873 397 4940 salva,
427 4873 652 4928 obsecro.
694 4874 838 4931 Idem
872 4889 1107 4945 namque
1149 4874 1443 4946 signiﬁcat,
1499 4890 1530 4926 ο
1558 4871 1804 4938 Domine,

221 4978 329 5037 per
351 4963 777 5034 interiectionem
819 4965 1173 5030 obsecrantis,
1216 4965 1376 5036 quod,
1434 4963 1666 5030 obsecro,
1701 4959 1811 5017 Do-

224 5055 390 5118 mine,
413 5067 511 5124 per
544 5054 717 5124 ipsum
745 5056 966 5110 verbum
987 5054 1396 5111 obsecrationis.
1434 5050 1652 5108 Osanna
1709 5052 1814 5106 ita-

226 5157 359 5212 que,
386 5141 550 5210 salva,
581 5144 812 5208 obsecro,
842 5143 1128 5215 signiﬁcat,
1146 5153 1462 5214 consumpta
1475 5144 1654 5198 littera
1675 5145 1694 5197 i
1719 5157 1814 5198 vo-

227 5234 359 5300 cali,
418 5250 537 5307 qua:
576 5237 799 5291 verbum
825 5236 977 5306 prius
1006 5237 1282 5302 terminat,
1306 5249 1431 5291 cum
1454 5234 1695 5307 perfecte
1732 5233 1815 5289 di-

227 5325 378 5382 citur
408 5328 502 5393 osi,
549 5343 647 5398 per
673 5329 928 5383 virtutem
964 5327 1159 5383 litterae
1189 5329 1394 5385 vocalis
1431 5327 1622 5399 Aleph,
1651 5343 1682 5381 a
1707 5341 1813 5397 qua

226 5417 460 5476 verbum
488 5432 716 5489 sequens
753 5419 939 5491 incipit
967 5437 1130 5486 anna,
1160 5419 1302 5491 quod
1332 5420 1540 5475 metrici
1562 5419 1618 5474 in
1645 5417 1817 5474 versi-

229 5512 342 5570 bus
381 5512 703 5568 scandendis
753 5511 1102 5584 synalepham
1148 5521 1344 5566 vocant
1377 5530 1388 5566 :
1419 5512 1666 5582 quamvis
1690 5509 1813 5584 [illi]

231 5605 495 5676 seriptam
530 5604 764 5661 litteram
789 5603 1108 5661 scandentes
1133 5604 1458 5659 transiliunt.
1508 5602 1566 5658 In
1589 5604 1694 5659 hoc
1723 5615 1819 5657 au-

1914 4780 2137 4838 cuntur,
2179 4774 2234 4827 in
2284 4771 2391 4828 illis
2437 4781 2557 4828 erat
2607 4775 2798 4829 ovibus
2855 4791 2975 4846 qua:
3016 4793 3205 4835 vocem
3260 4781 3498 4852 pastoris

1916 4865 2236 4932 audiebant;
2291 4865 2346 4920 in
2396 4865 2487 4921 illa
2518 4875 2637 4920 erat
2663 4867 3005 4926 multitudine
3057 4888 3179 4943 quas
3213 4873 3500 4930 Dominum

1915 4959 2224 5015 venientem
2253 4966 2405 5013 tanta
2428 4959 2710 5014 devotione
2745 4959 3019 5027 laudabat,
3082 4973 3233 5020 tanto
3283 4966 3500 5038 agmine

1918 5050 2235 5108 deducebat.
2255 5051 2318 5107 Ei
2334 5051 2538 5107 dictum
2550 5060 2634 5109 est
2655 5069 2669 5106 :
2698 5052 2828 5108 Noli
2842 5057 3055 5118 timere;
3079 5057 3228 5110 illum
3245 5071 3497 5129 agnosce,

1920 5141 2010 5211 qui
2041 5156 2169 5197 ecce
2199 5141 2351 5214 [Ms.,
2395 5143 2486 5214 qui
2516 5158 2547 5197 a
2577 5141 2651 5216 te]
2691 5143 2973 5212 laudatur;
3016 5154 3070 5200 et
3093 5146 3202 5201 noli
3231 5147 3502 5220 trepidare

1919 5246 2044 5288 cum
2094 5233 2313 5304 patitur,
2368 5234 2494 5307 quia
2535 5234 2626 5291 ille
2662 5236 2882 5310 sanguis
2917 5234 3173 5292 fundatur
3200 5251 3300 5309 per
3337 5254 3500 5310 quem

1918 5333 2069 5382 tuum
2097 5327 2350 5384 delictum
2376 5329 2617 5386 deleatur
2638 5338 2693 5386 et
2719 5332 2828 5386 vita
2850 5332 3146 5388 redimatur
3173 5333 3356 5407 [Aug.,
3379 5336 3504 5394 red-

1921 5420 2124 5494 datur].
2155 5420 2260 5478 Sed
2284 5423 2489 5494 pullum
2513 5425 2707 5490 asinae,
2742 5426 2795 5480 in
2822 5441 2930 5496 quo
2952 5441 3112 5483 nemo
3140 5429 3352 5485 sederat
3376 5429 3504 5501 (hoc

1921 5514 2064 5570 enim
2090 5515 2227 5585 apud
2269 5516 2402 5572 alios
2439 5520 2793 5590 cvangelistas
2830 5520 3120 5594 invenitur)
3158 5521 3505 5596 intelligimus

1920 5607 2173 5678 populum
2203 5611 2462 5680 gentium,
2493 5613 2583 5681 qui
2613 5613 2786 5684 legem
2814 5613 3025 5670 Domini
3053 5632 3159 5672 non
3185 5625 3501 5689 acceperat;

231 5705 351 5755 tem
376 5699 543 5754 verbo
572 5696 808 5769 Osanna,
836 5698 947 5755 iota
966 5698 1164 5766 littera,
1196 5713 1296 5755 nec
1316 5697 1506 5755 saltem
1536 5695 1688 5772 [Ms.,
1718 5693 1823 5753 sal-
1923 5699 2131 5756 asinam
2159 5717 2288 5759 vero
2324 5704 2473 5776 (quia
2504 5714 2792 5777 utrumque
2816 5709 3118 5778 jumentum
3148 5712 3376 5770 Domino
3402 5710 3503 5780 ad-

320 5887 351 5923 ι
382 5877 669 5952 Ilucusque
690 5891 756 5937 ex
777 5877 939 5939 Beda
963 5879 1185 5941 homilia
1208 5881 1389 5940 citata.

1996 5873 2029 5921 ι’
2058 5875 2140 5936 Ex
2170 5877 2228 5936 S.
2259 5879 2421 5953 Aug.,
2451 5887 2608 5938 tract.
2635 5899 2711 5956 LI,
2737 5899 2885 5941 num.
2912 5884 3064 5944 2-15.
