4088 6340
593 399 699 465 9H

1500 394 1563 451 Β.
1591 395 1654 451 F.
1683 390 1913 449 ALBlNl
1936 390 2078 449 ‘SEU
2116 385 2393 447 ALCUINI
2424 383 2708 445 OPERUM
2738 380 2920 440 PARS
2946 380 3010 439 ΙΙ.

3786 384 3906 443 912

595 518 818 579 ductum
846 514 978 587 est),
1018 512 1232 584 plebem
1267 507 1403 578 ejus,
1450 523 1573 579 quae
1612 506 1865 562 veniebat
1891 520 1955 560 ex
1994 502 2192 574 populo
2217 506 2273 568 Α
2295 500 2453 556 cebat
2484 498 2662 569 ipsum
2690 510 2811 587 esse
2833 507 3067 587 granum
3089 490 3524 587 mortiﬁcandum
3547 499 3607 551 et
3630 494 3905 570 multipli.

594 610 785 676 lsrael,
814 624 921 676 non
960 605 1222 661 indomita
1259 608 1464 667 tamen,
1512 599 1607 655 sed
1647 613 1768 671 quae
1801 610 2041 670 praesepe
2082 596 2189 650 Do-

600 704 738 763 mini
764 669 1000 774 agndvit.
1045 698 1232 771 (Vnus.
1276 693 1386 767 16.)
1426 691 1555 747 Haec
1592 669 1697 747 non
1732 669 2075 762 cognoverunt
2112 688 2195 742 di-

596 791 790 865 scipuli
813 791 930 860 ejus
956 788 1208 859 primum,
1238 784 1328 841 sed
1363 782 1575 856 quando
1619 778 1952 853 gloriﬁcatus‘
1995 786 2069 833 est
2101 776 2196 832 Je-

598 903 715 944 sus.
736 884 795 941 Id
814 889 920 948 est,
941 879 1157 951 quando
1175 878 1432 933 virtutem
1453 889 1565 931 suae
1585 870 2000 929 resurrectionis
2019 878 2197 925 osten-

601 979 700 1037 dit.
738 975 885 1030 Tunc
920 972 1182 1028 recordati
1226 978 1378 1035 sunt,
1416 969 1541 1041 quia
1581 968 1692 1022 haec
1724 974 1873 1020 erant
1908 965 2103 1035 scripta
2130 960 2195 1017 de

599 1086 682 1126 eo.
723 1064 1043 1123 Recolentes
1082 1062 1279 1133 quippe
1326 1058 1623 1115 secundum
1674 1056 2045 1125 Scripturam,
2075 1066 2197 1123 qua:

600 1170 729 1219 ante
747 1160 1057 1232 passionem
1074 1157 1160 1212 vel
1182 1156 1238 1212 in
1261 1155 1472 1212 Domini
1496 1154 1745 1226 passione
1763 1151 2027 1221 completa
2048 1156 2192 1218 sunt,

600 1256 679 1314 ibi
707 1263 764 1311 et
788 1256 893 1311 hoc
916 1255 1243 1308 invenerunt
1260 1290 1277 1317 ,
1301 1257 1362 1304 ut
1389 1249 1687 1305 secundum
1721 1246 1934 1316 eloquia
1965 1244 2198 1316 prophe-

602 1358 786 1406 tarum
812 1348 869 1403 in
896 1346 1043 1417 pullo
1068 1344 1235 1400 asinae
1264 1344 1497 1400 sederet.

673 1442 838 1499 Vens.
868 1439 1054 1495 17-19.
1079 1468 1150 1480 -—
1172 1436 1550 1492 Testimonium
1569 1451 1691 1505 ergo
1712 1432 2009 1505 perhibebat
2041 1431 2195 1486 turba

601 1550 722 1609 quin
748 1540 862 1588 erat
891 1548 1009 1585 cum
1038 1546 1122 1595 eo,
1150 1527 1361 1601 quando
1392 1526 1657 1581 Lazarum
1687 1525 1883 1579 vocavit
1917 1523 1980 1577 de
2016 1538 2199 1577 monu-

601 1635 798 1692 mento,
828 1634 878 1680 et
904 1623 1174 1679 suscitavit
1202 1637 1319 1676 eum
1360 1637 1394 1674 a
1430 1618 1672 1672 mortuis.
1710 1616 1998 1687 Propterea
2032 1626 2079 1671 et
2108 1616 2197 1671 ob-

603 1719 741 1775 uiam
784 1717 920 1772 venit
965 1716 1012 1769 ei
1056 1714 1241 1779 turba,
1282 1712 1370 1783 qui
1399 1710 1702 1774 audierunt,
1729 1726 1847 1763 eum
1885 1708 2065 1779 fecisse
2100 1708 2196 1763 hoc

601 1808 830 1879 signum.
863 1805 1125 1861 Pharisrei
1151 1820 1272 1875 ergo
1298 1801 1543 1857 dixerunt
1571 1800 1640 1855 ad
1661 1802 1961 1871 semetipsos
1984 1817 2003 1855 :
2042 1800 2196 1854 Vide-

603 1901 694 1965 tis,
722 1900 850 1970 quia
878 1896 1009 1952 nihil
1036 1896 1361 1967 proﬁcimus,
1390 1910 1506 1949 ecce
1530 1894 1758 1948 mundus
1785 1903 1923 1949 totus
1945 1902 2058 1965 post
2081 1908 2199 1947 eum

605 1992 755 2047 abiit.
794 1991 976 2046 Turba
1013 1990 1250 2046 turbavit
1291 1990 1529 2044 turbam.
1562 1988 1701 2057 Quid
1751 1992 1930 2044 autem
1971 1988 2200 2055 invides,

607 2098 751 2140 caeca
780 2083 960 2148 turba,
991 2083 1117 2152 quia
1145 2088 1270 2152 post
1295 2095 1422 2137 eum
1445 2080 1596 2137 vadit
1627 2079 1861 2137 mundus
1881 2121 1896 2148 ,
1922 2096 2019 2152 per
2043 2095 2204 2151 quem

605 2174 784 2233 factus
815 2183 899 2231 est
925 2174 1194 2231 mundus?

1111 2271 1129 2285 ’
1188 2283 1417 2343 CAPUT
1455 2285 1628 2341 xxx.

606 2398 901 2454 Nuntiatus
931 2398 1167 2468 gentibus
1191 2416 1309 2453 eum
1338 2398 1509 2453 videre
1542 2397 1853 2468 uolentibus,
1879 2397 2063 2452 horam
2091 2415 2203 2454 sum

677 2466 1074 2540 clariﬁcationis
1101 2486 1211 2525 esse
1247 2470 1407 2535 dicit,
1440 2479 1488 2523 et
1521 2466 2033 2540 granumufrumenti
2070 2486 2205 2540 mor-

677 2538 823 2594 tuum
850 2539 1069 2594 multum
1098 2542 1328 2611 fructum
1364 2538 1669 2611 pronuntiat
1705 2538 2012 2611 allaturum.
2044 2538 2204 2594 Mini-

680 2621 927 2697 strantem
952 2609 1155 2683 quoque
1178 2612 1277 2665 sibi
1302 2609 1759 2681 honoriﬁcandum
1785 2609 2058 2680 promittit.

680 2724 846 2781 Vnus.
883 2723 1069 2778 20-22.
1109 2754 1180 2765 ——
1216 2723 1388 2778 Erant
1426 2732 1600 2778 autem
1633 2723 1848 2795 gentiles
1891 2723 2106 2796 quidam
2140 2740 2205 2778 ex

605 2817 691 2877 his
723 2819 814 2890 qui
838 2818 1182 2872 ascenderant
1209 2827 1265 2872 ut
1289 2818 1574 2871 adorarent
1605 2818 1661 2871 in
1691 2817 1774 2871 die
1799 2816 1949 2886 festo.
1983 2815 2058 2871 Hi
2083 2832 2205 2886 ergo

608 2916 937 2963 accesserunt
962 2907 1031 2960 ad
1058 2904 1384 2978 Philippum,
1409 2906 1497 2977 qui
1518 2914 1665 2960 erant
1688 2923 1721 2958 a
1748 2905 2034 2960 Bethsaida
2061 2902 2207 2959 Gali-

607 2999 744 3068 lteae,
774 3009 822 3055 et
849 2999 1101 3071 rogabant
1131 3016 1251 3054 eum
1272 2998 1499 3053 dicentes
1526 3012 1543 3050 :
1572 2999 1818 3063 Domine,
1852 2998 2090 3053 volumus
2116 2996 2209 3051 Je-

605 3109 726 3149 sum
746 3091 936 3147 videre.
983 3089 1135 3145 Venit
1160 3101 1336 3145 autem
1370 3090 1679 3162 Philippus,
1708 3100 1758 3144 et
1785 3091 1912 3146 dicit
1943 3090 2204 3145 Andrum.

606 3183 847 3238 Andreas
893 3199 1077 3237 rursus
1131 3191 1182 3237 et
1221 3180 1500 3254 Philippus
1541 3182 1785 3238 disserunt
1834 3181 1984 3238 Iesu.
2017 3183 2208 3239 Videa—

2292 588 2522 646 cundum
2553 607 2566 643 :
2596 585 3033 643 mortificandum
3055 583 3369 641 inﬁdelitate
3394 583 3736 655 Iudaeorum,
3760 589 3908 646 mul-

2293 679 2647 753 tiplicandum
2664 678 2767 734 ﬁde
2783 677 3023 734 omnium
3041 677 3383 748 populorum.
3400 676 3430 734 Ι
3433 694 3522 735 am
3542 694 3677 736 vero
3693 682 3905 738 exhor-

2292 781 2416 830 tans
2448 773 2517 829 ad
2551 771 2818 843 passionis
2854 786 2965 827 suae
2992 770 3246 827 sectanda
3284 771 3544 845 vestigia,
3583 772 3696 839 Qui
3734 786 3903 844 amat,

2294 864 2505 936 inquit,
2552 865 2787 918 animam
2828 878 3017 929 suam,
3065 860 3245 934 perdet
3288 878 3427 921 eam.
3481 863 3639 932 Quod
3691 864 3905 923 duobus

2294 956 2469 1013 modis
2514 953 2742 1026 intelligi
2782 959 2965 1024 potest
3009 970 3023 1006 :
3065 950 3170 1019 Qui
3211 961 3384 1020 amat,
3425 953 3645 1026 perdet,
3695 953 3755 1009 id
3801 962 3902 1023 est,

2296 1048 2343 1105 si
2373 1062 2554 1114 amas,
2584 1046 2780 1118 perdes
2808 1043 2940 1120 [Ms.
2971 1052 3020 1099 et
3047 1042 3210 1118 Aug,,
3247 1044 3434 1118 perde]
3473 1063 3488 1099 :
3530 1046 3581 1101 si
3620 1047 3786 1117 cupis
3823 1049 3903 1103 vi-

2297 1148 2408 1197 tam
2431 1149 2615 1196 tenere
2637 1139 2694 1193 in
2717 1137 2955 1205 Christo,
2985 1137 3097 1193 noli
3124 1139 3316 1195 timere
3349 1139 3489 1194 mori
3523 1155 3627 1210 pro
3658 1138 3900 1199 Christo.

2294 1231 2426 1289 Item
2455 1231 2560 1287 alio
2581 1231 2742 1287 modo
2769 1248 2782 1285 :
2809 1228 2914 1297 Qui
2937 1238 3081 1285 amat
3106 1231 3338 1286 animam
3360 1249 3531 1299 suam,
3555 1233 3749 1303 perdet
3765 1252 3901 1290 eam.

2296 1323 2417 1381 Noli
2444 1338 2627 1379 amare
2655 1323 2711 1377 in
2748 1321 2853 1378 hac
2880 1322 3025 1390 vita,
3061 1338 3129 1378 ne
3169 1322 3368 1393 perdas
3410 1324 3468 1378 in
3513 1334 3732 1381 aeterna
3771 1328 3895 1382 vita.

2297 1414 2413 1471 Hoc
2438 1420 2617 1469 autem
2637 1411 2781 1482 quod
2802 1411 3073 1482 posterius
3092 1411 3225 1480 dixi,
3249 1412 3427 1484 magis
3456 1413 3668 1469 habere
3695 1415 3901 1472 videtur

2297 1505 2638 1577 evangelicns
2665 1520 2885 1570 sensus;
2931 1504 3177 1575 sequitur
3204 1504 3350 1560 enim
3385 1524 3399 1559 :
3428 1504 3499 1559 Et
3522 1506 3619 1578 qui
3650 1507 3769 1561 odit
3793 1508 3900 1562 ani-

2297 1617 2437 1654 mam
2459 1616 2609 1654 suam
2639 1600 2694 1654 in
2720 1600 2817 1654 hoc
2846 1598 3071 1663 mundo,
3110 1598 3166 1652 in
3189 1598 3348 1652 vitam
3382 1608 3643 1654 (sternam
3677 1601 3897 1658 custodit

2297 1710 2432 1748 eam.
2461 1694 2603 1765 Ergo
2629 1694 2773 1764 quod
2799 1709 2963 1764 supra
2988 1691 3191 1748 dictum
3218 1700 3300 1748 est
3328 1710 3342 1748 :
3377 1692 3481 1759 Qui
3516 1702 3695 1760 amat,
3725 1697 3897 1753 subin-

2298 1786 2576 1858 telligitur,
2602 1786 2658 1841 in
2687 1786 2791 1841 hoc
2819 1785 3051 1852 mundo;
3085 1784 3201 1854 ipse
3231 1784 3420 1855 itaque
3461 1782 3647 1858 [Aug.,
3693 1784 3894 1861 utique]

2302 1878 2493 1950 perdet
2524 1894 2536 1931 :
2576 1875 2679 1943 Qui
2708 1883 2881 1930 autem
2903 1875 3036 1940 odit,
3057 1874 3245 1945 utique
3270 1874 3323 1928 in
3351 1874 3455 1930 hoc
3475 1876 3708 1942 mundo,
3735 1877 3789 1932 in
3816 1876 3895 1931 vi-

2306 1978 2415 2027 tam
2443 1976 2703 2025 aeternam
2735 1968 2849 2038 ipse
2876 1966 3114 2037 custodit
3134 1980 3276 2020 eam.
3304 1963 3496 2037 Magna
3521 1976 3579 2021 et
3607 1968 3753 2022 mira
3776 1984 3892 2025 sen-

2303 2062 2493 2129 tentia,
2519 2059 2975 2132 quemadmodum
3013 2058 3084 2114 sit
3122 2058 3358 2113 hominis
3390 2057 3446 2112 in
3471 2057 3710 2113 animam
3749 2076 3896 2116 suam

2303 2170 2458 2210 amor
2480 2162 2541 2208 ut
2560 2160 2770 2223 pereat,
2797 2151 2980 2207 odium
3006 2166 3076 2206 ne
3096 2150 3317 2222 pereat!
3351 2148 3414 2205 Si
3442 2148 3577 2204 male
3595 2153 3898 2219 amaret-is,

2304 2255 2432 2303 tunc
2462 2245 2627 2302 odisti
2658 2262 2671 2297 :
2703 2244 2749 2300 si
2776 2245 2914 2299 bene
2938 2243 3138 2309 oderis,
3166 2250 3297 2298 tunc
3321 2242 3529 2297 amasti.
3547 2240 3758 2299 Felices
3796 2245 3895 2314 qui

2302 2340 2535 2396 oderunt
2564 2335 2942 2401 custodiendo,
2969 2350 3037 2390 ne
3065 2334 3295 2405 perdant
3316 2333 3567 2389 amando.
3602 2352 3622 2385 ›
3651 2332 3757 2389 Hic
3777 2335 3897 2389 ani-

2301 2446 2405 2487 mae
2435 2427 2653 2485 nomine
2673 2428 2783 2483 vita
2804 2441 3046 2497 praesens
3070 2426 3409 2497 designatur;
3440 2424 3529 2479 vel
3552 2424 3723 2480 etiam
3747 2424 3895 2496 hujus

2303 2523 2429 2579 vita:
2453 2516 2775 2588 delectatio,
2810 2535 2928 2591 quae
2965 2519 3243 2590 perdenda
3279 2527 3363 2574 est
3399 2525 3460 2573 ut
3498 2517 3736 2575 feliciter
3760 2519 3897 2575 inre-

2303 2614 2421 2670 nias
2458 2613 2794 2669 voluntatem
2832 2620 2980 2667 tuam
3016 2612 3072 2666 in
3114 2625 3283 2684 regno
3326 2611 3454 2677 Dei,
3495 2628 3669 2682 quam
3704 2612 3898 2670 fortiter

2304 2707 2487 2762 vicisti
2510 2707 2565 2761 in
2595 2707 2700 2762 hoc
2733 2705 2948 2762 saeculo.
2982 2705 3118 2760 Nam
3145 2705 3317 2760 sancti
3348 2713 3626 2777 martyres
3655 2707 3777 2761 odio
3806 2707 3897 2761 ha-

2308 2802 2546 2858 buerunt
2569 2801 2710 2856 hanc
2739 2808 3063 2871 praesentem
3088 2798 3256 2853 vitam
3293 2812 3390 2868 pro
3426 2796 3643 2852 Christi
3678 2799 3895 2867 nomine,

2308 2896 2436 2951 dum
2456 2894 2631 2965 magis
2651 2893 2937 2948 voluerunt
2961 2893 3105 2948 hanc
3124 2900 3445 2962 praesentem
3465 2890 3647 2946 vitam
3667 2893 3897 2962 perdere,

2309 2999 2472 3055 quam
2511 2982 2786 3039 Christum
2828 2995 3056 3055 negare,
3104 2982 3389 3053 implentes
3430 2982 3580 3053 quod
3622 2984 3897 3052 sequitur:

2344 3126 2351 3129 _
2383 3074 2547 3130 Vnus.
2576 3073 2664 3130 26.
2690 3105 2761 3115 —
2794 3074 2853 3130 Si
2880 3077 2997 3148 quis
3043 3074 3173 3128 mihi
3198 3075 3481 3138 ministrat,
3509 3089 3597 3129 me
3638 3082 3897 3144 sequatur.

2320 3183 2339 3216 ι
2374 3164 2513 3232 Quid
2539 3174 2643 3232 est,
2669 3183 2749 3220 me
2794 3176 3063 3238 sequatur,
3093 3164 3201 3219 nisi
3229 3180 3316 3219 me
3338 3164 3620 3219 imitetur?
3666 3164 3902 3220 Christus

894 3231 1074 3237 ηπ---
1133 3231 1176 3237 --
1222 3231 1497 3254 -ηηππ,
1542 3231 1782 3238 "mm.--
1836 3231 1983 3238 nm-
2036 3231 2183 3239 .--π

607 3290 734 3331 mus
763 3275 892 3344 quid
920 3274 1182 3330 Dominus
1220 3275 1285 3331 ad
1318 3275 1423 3330 ista
1461 3276 1821 3347 responderit.
1857 3276 1995 3332 Ecce
2022 3275 2208 3331 volne-

2314 3231 2458 3314 enim
2493 3274 2591 3329 pro
2625 3231 2781 3315 nobis
2808 3231 3000 3330 passus
3022 3266 3126 3325 est,
3158 3258 3235 3313 ait
3253 3258 3544 3328 Apostolus
3570 3257 3798 3325 Petrus,
3821 3274 3902 3314 re-

608 3372 741 3420 runt
766 3380 891 3419 eum
916 3364 1086 3421 Judaei
1117 3366 1384 3433 occidere,
1413 3366 1641 3438 gentiles
1667 3367 1852 3423 videre
1880 3386 1893 3421 :
1922 3367 2017 3423 sed
2048 3368 2213 3422 etiam

610 3457 690 3514 illi
719 3471 788 3512 ex
815 3454 1016 3512 iudicis
1045 3464 1225 3523 erant,
1262 3459 1355 3527 qui
1395 3458 1705 3513 clamabant
1737 3477 1749 3513 :
1778 3459 2090 3514 Benedictus
2124 3458 2213 3531 qui

614 3551 752 3604 venit
779 3551 834 3603 in
874 3550 1082 3604 nomine
1115 3549 1328 3603 Domini
1366 3566 1458 3604 rea:
1493 3548 1682 3604 Israel.
1710 3550 1848 3606 Ecce
1891 3551 1968 3604 illi
2002 3566 2070 3605 ex
2102 3550 2212 3605 cir—

618 3641 974 3707 cumcisione,
996 3640 1071 3695 illi
1094 3656 1161 3696 ex
1180 3642 1465 3711 praeputio,
1489 3642 1637 3696 velut
1659 3643 1892 3713 parietes
1917 3643 1983 3697 de
2004 3643 2214 3699 diverso

616 3732 933 3797 venientes,
982 3738 1039 3787 et
1086 3733 1141 3787 in
1186 3748 1351 3787 unam
1390 3732 1551 3788 ﬁdem
1597 3732 1797 3788 Christi
1839 3734 1990 3806 pacis
2030 3735 2214 3790 osculo

622 3832 1029 3881 concurrentes.
1060 3823 1355 3879 Audiamus
1380 3839 1511 3896 ergo
1537 3840 1724 3880 vocem
1761 3824 1954 3897 lapidis
1994 3827 2215 3898 angula-

621 3919 719 3977 ris.
749 3919 934 3990 (Vsus.
965 3918 1083 3992 25.)
1107 3918 1264 3975 Iesus
1294 3929 1489 3988 autem,
1518 3922 1713 3991 inquit,
1741 3922 2003 3992 respondit
2028 3922 2101 3976 eis
2125 3921 2212 3975 di-

616 4026 738 4064 cens
772 4027 790 4065 :
831 4008 981 4065 Venit
1009 4011 1170 4084 583
1201 4012 1352 4079 hora,
1384 4020 1441 4066 ut
1490 4010 1810 4082 clariﬁcetur
1835 4009 2009 4066 Filius
2045 4012 2213 4066 homi-

616 4104 720 4158 nis.
773 4103 874 4159 Hic
921 4105 1207 4176 quisquam
1250 4102 1479 4160 forsitan
1527 4112 1681 4174 putat
1730 4104 1851 4159 ideo
1902 4118 1961 4159 se
2013 4102 2215 4158 dixisse

621 4195 1004 4268 gloriﬁcatum,
1034 4196 1160 4266 quia
1188 4196 1415 4267 gentiles
1435 4210 1560 4250 eum
1584 4195 1837 4251 volebant
1864 4194 2069 4250 videre.
2095 4191 2215 4249 Non

620 4288 699 4344 ita
722 4295 806 4344 est
843 4306 856 4343 :
898 4287 992 4343 sed
1035 4288 1252 4344 videbat
1289 4288 1434 4357 ipsos
1475 4285 1626 4359 [Λίδη
1653 4285 1790 4359 ipse]
1828 4285 2054 4357 gentiles
2092 4291 2215 4354 post

620 4381 929 4452 passionem
953 4387 1009 4433 et
1037 4379 1488 4435 resurrectionem
1514 4392 1667 4432 suam
1694 4377 1750 4431 in
1776 4376 2026 4433 omnibus
2046 4375 2216 4446 genti-

620 4473 726 4528 bus
750 4473 1080 4535 credituros;
1118 4469 1266 4539 quia,
1296 4470 1435 4523 sicut
1470 4469 1600 4523 dicit
1630 4468 1919 4539 Apostolus
1948 4486 1963 4522 :
1995 4468 2214 4523 chitas

624 4578 691 4618 ea:
715 4570 860 4631 parte
889 4558 1057 4614 Israel
1085 4559 1226 4629 facta
1250 4567 1349 4623 est,
1381 4557 1546 4612 donec
1573 4557 1841 4629 plenitudo
1868 4559 2099 4629 gentium
2125 4559 2211 4613 in-
2240 4584 2293 4647 ι)

623 4661 788 4707 traret
825 4650 1002 4722 (Rom.
1043 4667 1133 4716 ιι,
1173 4650 1285 4723 25).
1334 4650 1414 4704 Ex
1458 4649 1741 4705 occasione
1782 4649 1945 4719 igitur
1984 4649 2213 4705 istorum

623 4743 905 4819 gentilium
929 4746 1020 4814 qui
1043 4760 1166 4801 eum
1201 4746 1384 4801 videre
1406 4743 1729 4814 cupiebant,
1756 4744 2041 4799 anntmtiat
2071 4741 2215 4797 futu-

625 4852 748 4895 ram
774 4836 1163 4906 plenitudinem
1189 4838 1452 4909 gentium,
1483 4845 1550 4909 et.
1562 4837 1830 4908 promittit
1858 4837 1970 4908 jam
1994 4837 2215 4907 jamque

627 4928 821 4985 adesse
846 4929 1037 4983 horam
1062 4928 1470 5000 gloriﬁcationis
1496 4943 1628 4994 sum,
1657 4944 1765 4999 qua
1793 4926 1937 4982 facta
1962 4927 2015 4981 in
2040 4926 2212 4992 caelis,

627 5029 817 5094 gentes
840 5019 1059 5076 fuerant
1087 5020 1392 5076 crediturae.
1434 5020 1587 5077 Unde
1614 5020 1930 5090 praedictum
1955 5027 2038 5074 est
2063 5038 2076 5073 :
2107 5018 2218 5074 Ea:-

626 5112 797 5167 altare
817 5129 973 5184 super
996 5111 1149 5168 caelos
1182 5111 1352 5178 Deus,
1379 5121 1424 5168 et
1455 5129 1611 5185 super
1640 5128 1843 5167 omnem
1873 5119 2067 5165 terram
2101 5109 2214 5181 glo-

629 5206 765 5260 riam
784 5214 932 5259 tuam
955 5203 1129 5279 (Psal.
1152 5219 1284 5269 cvn,
1308 5203 1382 5276 7).
1410 5204 1536 5260 Haec
1562 5212 1643 5261 est
1662 5205 1900 5276 gentium
1919 5204 2214 5275 plenitudo,

629 5298 698 5354 de
734 5312 843 5366 qua
872 5296 1004 5352 dicit
1028 5295 1316 5367 Apostolus
1346 5309 1361 5350 :
1394 5294 1615 5350 Caecitas
1637 5313 1700 5351 ea:
1719 5306 1867 5368 parte
1886 5295 2055 5351 Israel
2076 5296 2218 5365 facta

626 5394 725 5451 est,
750 5385 914 5440 donec
934 5384 1202 5456 plenitudo
1228 5386 1456 5458 gentium
1481 5385 1718 5440 intraret.
1748 5385 1854 5441 Sed
1883 5385 2218 5441 altitudinem

629 5478 1042 5553 gloriﬁcationis
1068 5480 1306 5550 oportuit
1350 5488 1409 5534 ut
1438 5478 1765 5548 praecederet
1788 5477 2066 5533 humilitas
2094 5492 2220 5547 pas-

631 5571 821 5628 sionis.
850 5570 974 5625 Ideo
1003 5579 1221 5626 secutus
1246 5571 1488 5642 adjunxit
1520 5585 1534 5624 :
1564 5570 1749 5642 (Vnus.
1780 5569 1872 5635 24,
1899 5569 1989 5641 25)
2032 5570 2215 5633 Amen,

633 5677 787 5717 amen
816 5662 934 5717 dico
959 5663 1099 5717 vobis
1120 5704 1133 5730 ,
1160 5664 1260 5718 nisi
1293 5680 1510 5735 granum
1537 5662 1785 5733 frumenti
1810 5662 2001 5717 cadens
2033 5662 2089 5716 in
2123 5671 2220 5716 ter-

635 5766 752 5808 ram
783 5762 1044 5808 mortuum
1081 5755 1267 5825 fuerit,
1300 5756 1469 5826 ipsum
1508 5753 1676 5808 solum
1713 5761 1906 5807 manet.
1946 5752 2007 5808 Si
2045 5760 2218 5806 autem

637 5858 900 5909 mortuum
932 5848 1109 5933 fuerit,
1133 5848 1349 5937 multum
1381 5850 1605 5931 fructum
1637 5848 1810 5923 affert.
1840 5846 1914 5913 Se
1932 5854 2115 5921 autem
2135 5845 2219 5905 di-

2311 3348 2562 3421 linquens
2591 3350 2747 3406 nobis
2775 3349 3104 3420 exemplum,
3136 3358 3195 3404 ut
3228 3364 3522 3420 sequamur
3539 3351 3775 3422 vestigia
3793 3350 3903 3419 ejm

2316 3441 2369 3514 (ι
2397 3441 2544 3496 Petr.
2571 3458 2636 3510 ιι,
2663 3442 2776 3513 2i).
2808 3442 2948 3498 Ecce
2973 3441 3115 3512 quod
3139 3441 3342 3497 dictum
3381 3450 3465 3497 est
3498 3460 3511 3496 :
3543 3442 3608 3498 Si
3631 3445 3752 3514 quis
3774 3443 3911 3498 mihi

2314 3537 2604 3602 ministrat,
2639 3553 2722 3590 me
2767 3545 3036 3608 sequatur.
3073 3534 3192 3603 Quo
3216 3534 3417 3601 fructu,
3461 3552 3572 3608 qua
3611 3539 3899 3605 mercede,

2315 3642 2424 3697 quo
2448 3626 2707 3697 praemio?
2731 3625 2801 3681 Et
2838 3627 2927 3680 ubi
2961 3642 3097 3691 sum,
3131 3626 3327 3697 inquit,
3355 3643 3473 3699 ego,
3517 3627 3631 3681 illic
3670 3638 3725 3682 et
3755 3629 3900 3683 misi-

2313 3728 2418 3774 ster
2459 3736 2603 3774 meus
2630 3721 2746 3773 erit.
2787 3738 2806 3771 ι
2835 3718 3043 3775 Merces
3078 3726 3161 3775 est
3188 3720 3410 3801 amoris,
3461 3728 3520 3777 et
3553 3721 3743 3791 operis
3777 3737 3897 3792 pre-

2315 3811 2471 3877 tium,
2496 3825 2604 3880 quo
2625 3810 2967 3866 ministratur
2986 3808 3227 3877 Christo,
3252 3825 3374 3867 esse
3394 3827 3520 3866 cum
3547 3810 3643 3868 illo
3680 3813 3773 3867 cui
3801 3813 3901 3867 mi-

2314 3904 2532 3959 nistrat.
2566 3921 2585 3954 ‹
2623 3902 2724 3959 Ubi
2749 3903 2894 3958 enim
2917 3904 3055 3959 bene
3077 3904 3185 3958 erit
3206 3903 3323 3959 sine
3350 3903 3439 3959 illo
3460 3904 3484 3957 ’ἒ
3504 3903 3614 3959 Aut
3630 3904 3900 3974 quomodo

2315 3995 2498 4068 [Aug.,
2550 4002 2643 4048 aut
2681 3993 2918 4066 quando]
2965 3993 3152 4067 [male]
3204 4009 3326 4051 esse
3349 3995 3554 4065 poterit
3597 4011 3719 4052 cum
3766 3996 3902 4053 illo?

2312 4087 2455 4142 Audi
2473 4087 2776 4144 evidentius
2805 4102 2819 4141 :
2851 4086 2920 4141 Et
2945 4086 2992 4142 si
3014 4088 3129 4159 quis
3154 4088 3283 4142 mihi
3307 4089 3705 4156 ministraverit,
3739 4089 3906 4145 hono-

2315 4179 2543 4248 riﬁcabit
2562 4196 2681 4234 eum
2708 4177 2872 4235 Pater
2888 4196 3054 4235 meus.
3083 4179 3200 4247 Quo
3227 4180 3454 4247 honore,
3477 4181 3584 4236 nisi
3604 4188 3663 4236 ut
3684 4181 3765 4237 sit
3784 4197 3904 4238 cum

2314 4271 2454 4327 Filio
2481 4271 2633 4341 ejus?
2661 4272 2813 4340 Quod
2859 4273 3006 4329 enim
3050 4274 3298 4345 superius
3333 4274 3454 4329 ait:
3506 4271 3607 4328 Ubi
3644 4290 3748 4345 ego
3768 4292 3903 4342 sum,

2316 4366 2426 4422 illic
2471 4377 2521 4423 et
2565 4369 2803 4423 minister
2846 4386 2993 4424 meus
3037 4370 3137 4425 erit
3168 4386 3187 4425 :
3218 4370 3323 4427 hoc
3366 4370 3687 4443 intelligitur
3742 4386 3908 4443 expo-

2316 4461 2522 4526 suisse,
2574 4476 2696 4517 cum
2745 4461 2918 4536 dicit:
2949 4461 3335 4533 Honori/icabit
3364 4480 3485 4518 eum
3525 4461 3690 4518 Pater
3738 4482 3907 4520 meus.

2315 4549 2449 4605 Nam
2477 4566 2639 4620 quem
2678 4549 2937 4620 majorem
2982 4552 3241 4608 honorem
3283 4554 3533 4624 accipere
3578 4555 3794 4625 poterit
3819 4554 3909 4609 ad—

2316 4649 2554 4711 optatus,
2584 4658 2747 4712 quam
2770 4651 2831 4697 ut
2851 4644 2922 4698 sit
2945 4643 3036 4697 ubi
3059 4652 3143 4699 est
3163 4644 3387 4713 unicus;
3419 4663 3527 4702 non
3552 4646 3792 4716 aqualis
3838 4648 3912 4704 fa-

2315 4741 2433 4790 ctus
2481 4734 2795 4801 divinitati,
2846 4736 2945 4791 sed
2989 4737 3335 4795 consociatus
3397 4738 3548 4811 [Ms.,
3588 4740 3908 4814 consocius]

2315 4828 2641 4884 aeternitati?
2693 4826 2835 4895 Quid
2870 4829 2941 4885 sit
2966 4837 3148 4886 autem
3180 4831 3493 4890 ministrare
3539 4831 3788 4900 Christo,
3826 4834 3910 4892 cui

2315 4921 2467 4990 operi
2489 4935 2698 4977 merces
2727 4930 2872 4976 tanta
2910 4924 3266 4991 promittitur,
3295 4926 3761 4982 considerandum
3784 4936 3908 4984 est:

2317 5011 2381 5067 Si
2427 5012 2543 5083 quis
2597 5013 2725 5067 mihi
2751 5013 3057 5078 ministrat,
3108 5032 3191 5070 me
3227 5026 3493 5087 sequatur,
3525 5018 3630 5073 hoc
3667 5018 3911 5092 intelligi

2316 5106 2507 5171 voluit,
2536 5121 2601 5162 ac
2634 5107 2680 5161 si
2720 5106 2925 5162 diceret
2955 5125 2969 5161 :
3002 5105 3061 5163 Si
3088 5108 3211 5178 quis
3233 5124 3321 5164 me
3361 5124 3469 5165 non
3497 5110 3776 5181 sequitur,
3806 5128 3913 5170 non

2317 5199 2450 5254 mihi
2495 5199 2788 5256 ministrat.
2848 5200 3157 5256 Ministrant
3203 5215 3332 5272 ergo
3383 5199 3510 5258 Jesu
3554 5201 3786 5260 Christo
3822 5205 3916 5275 qui

2315 5306 2425 5346 non
2460 5307 2556 5347 sua
2606 5297 2885 5362 quaerunt,
2936 5292 3030 5348 sed
3055 5308 3176 5363 quae
3199 5290 3327 5349 Jesu
3354 5292 3557 5350 Christi
3580 5292 3822 5367 (Philip.
3852 5312 3912 5361 ιι,

2317 5383 2430 5456 2i).
2452 5384 2570 5440 Hoc
2593 5386 2741 5440 enim
2775 5393 2879 5451 est,
2906 5402 2988 5440 me
3017 5395 3281 5458 sequatur,
3328 5388 3447 5444 vias
3469 5387 3912 5450 ambuletmeas.

2316 5489 2423 5530 non
2452 5490 2578 5530 suas
2612 5494 2624 5529 :
2655 5476 2797 5533 sicut
2837 5477 2967 5532 ali‘bi
3002 5477 3265 5547 scriptum
3315 5486 3437 5534 est:
3468 5478 3571 5546 Qui
3589 5496 3643 5535 se
3685 5481 3835 5536 dicit
3860 5482 3918 5536 in

2318 5566 2525 5625 Christo
2573 5588 2803 5637 manere,
2860 5571 3030 5637 debet,
3061 5572 3195 5626 sicut
3236 5570 3326 5627 ille
3366 5571 3671 5638 ambulauit,
3697 5582 3756 5627 et
3803 5575 3918 5646 ipe

2317 5661 2587 5716 ambulare
2609 5662 2661 5734 (I
2696 5662 2859 5718 Joan.
2891 5679 2952 5729 ll,
2984 5661 3061 5734 6).
3094 5663 3272 5718 Etiam
3297 5663 3345 5719 si
3382 5663 3612 5735 porrigit
3636 5662 3918 5723 esurienti

2317 5769 2533 5824 panem,
2563 5755 2627 5809 de
2654 5755 3022 5811 misericordia
3047 5752 3228 5811 facere
3250 5754 3430 5823 debet,
3458 5771 3568 5812 non
3596 5758 3663 5813 de
3680 5753 3918 5826 jactan-

2318 5849 2420 5908 tia-
2445 5862 2554 5908 nou
2570 5847 2712 5906 aliud
2724 5849 2803 5923 ibi
2819 5856 3029 5927 quaem
3048 5864 3211 5931 quam
3233 5850 3604 5937 opusbonum,
3616 5853 3915 5939 nesciente
