4088 6340
241 368 350 429 915

1051 370 1459 429 EXEGETICA.
1503 402 1571 412 —
1609 371 1963 429 COMMENT.
2002 374 2069 430 IN
2108 372 2296 432 JOAN.
2339 403 2407 414 ——-
2441 372 2568 428 LIB.
2611 373 2677 427 Υ.

3397 370 3500 428 914

243 487 466 543 sinistra
491 485 618 558 quid
647 484 809 542 faciat
830 488 1048 542 dextera
1079 486 1295 556 (Matth.
1327 503 1402 553 vt,
1434 488 1510 559 5),
1542 487 1595 540 id
1623 496 1734 551 cst,
1758 496 1817 540 ut
1842 488 1892 548 Α
1921 488 2250 545 inﬁrmitatis
2309 489 2630 546 necessitate
2680 486 2996 551 turbantur,
3047 501 3114 542 ne
3166 488 3500 558 desperando

243 581 512 636 alienetur
545 577 770 634 intentio
795 578 1103 648 cupiditatis
1131 579 1198 633 ab
1225 593 1390 648 opere
1416 579 1717 634 charitatis.
1744 579 1825 632 llli

243 671 478 728 dicitur:
503 665 637 724 Cum
663 671 754 725 uni
775 687 838 724 ea:
867 670 1094 725 minimis
1116 671 1243 724 meis
1265 670 1462 740 fecisti,
1506 671 1632 724 mihi
1659 670 1827 740 fecisti

242 760 460 837 (Matth.
475 777 604 829 xxv,
618 761 728 833 40).
745 761 853 818 Nec
874 777 938 817 ea
962 770 1168 817 tantum
1192 778 1309 833 qua:
1323 763 1390 818 ad
1404 761 1827 818 misericordiam

242 851 516 923 pertinent
543 851 898 922 corporalem,
922 852 1017 907 sed
1041 853 1222 908 omnia
1243 868 1406 923 opera
1431 860 1649 923 propter
1675 852 1829 908 Chri-

241 956 388 1004 stum
418 948 645 1016 faciens,
677 949 826 1022 (tunc
845 959 1004 1006 erunt
1029 952 1190 1018 bona,
1243 953 1498 1024 quoniam
1525 952 1648 1006 finis
1695 949 1828 1021 legis

242 1035 493 1096 Christus
507 1043 573 1097 ad
587 1039 850 1112 justitiam
865 1045 1010 1099 omni
1039 1045 1278 1100 credenti
1297 1043 1474 1116 [Rom.
1490 1042 1638 1114 x,4])
1667 1039 1830 1113 58ἥ⁵

244 1135 474 1191 credens
499 1134 659 1208 [Aug.
676 1153 780 1190 om.
793 1177 806 1201 ,
819 1135 1068 1208 credens]
1085 1136 1330 1192 minister
1344 1145 1428 1191 est
1441 1135 1637 1190 Christi
1657 1147 1830 1202 usque

243 1227 314 1284 ad
327 1229 457 1283 illud
475 1243 610 1298 opus
623 1245 830 1301 magna;
845 1230 1144 1294 charitatis,
1170 1228 1312 1300 quod
1324 1237 1406 1283 est
1423 1229 1656 1282 animam
1675 1240 1829 1280 suam

239 1332 346 1390 pro
362 1317 620 1374 fratribus
646 1336 845 1390 ponere
866 1337 880 1386 ;
907 1321 1010 1375 hoc
1025 1320 1281 1387 estenim,
1310 1329 1364 1375 et
1388 1335 1487 1389 pro
1501 1318 1715 1373 Christo
1733 1331 1829 1387 po-

243 1424 377 1464 nere
403 1428 415 1463 :
441 1412 567 1479 quia
597 1419 652 1465 et
673 1412 775 1466 hoc
796 1420 1018 1482 propter
1045 1427 1140 1466 sua
1165 1412 1407 1465 membra
1433 1409 1676 1464 dicturus
1705 1416 1786 1463 est
1810 1425 1822 1462 :

245 1498 381 1553 Cum
407 1515 504 1568 pro
529 1501 646 1556 istis
674 1499 898 1566 fecistis,
929 1517 1026 1572 pro
1048 1517 1133 1557 me
1160 1500 1384 1557 fecistis.
1411 1501 1486 1555 De
1520 1501 1610 1554 tali
1630 1500 1829 1569 quippe

245 1605 412 1661 Opere
441 1591 600 1645 etiam
624 1607 682 1646 se
711 1592 1017 1647 ministrum
1041 1592 1240 1657 facere,
1263 1601 1316 1647 et
1345 1593 1612 1663 appellare
1635 1594 1826 1664 digna-

250 1693 336 1741 tus
361 1693 461 1750 est,
485 1685 576 1740 ubi
595 1685 672 1738 ait
703 1702 715 1738 :
741 1682 888 1740 Sicut
919 1683 1092 1739 Filius
1113 1686 1338 1739 hominis
1369 1702 1475 1739 non
1504 1686 1638 1739 venit
1673 1685 1829 1738 mini-

245 1777 426 1839 strari,
453 1775 542 1829 sed
583 1775 901 1841 ministrare,
948 1785 995 1830 et
1045 1778 1277 1830 animam
1325 1793 1477 1831 suam
1521 1793 1709 1847 ponere
1735 1793 1828 1847 pro

1926 592 2166 653 pereant,
2198 582 2510 638 consolaris.
2543 580 2682 634 Audi
2709 595 2858 650 ergo,
2891 595 2924 634 ο
2960 578 3114 634 miles
3133 578 3502 650 Christi,quid

1928 673 2118 728 deinde
2145 673 2452 744 subjungat,
2492 688 2616 727 cum
2659 672 2920 726 dixisset:
2958 668 3114 724 Nunc
3159 671 3336 724 anima
3384 687 3503 728 mea

1928 766 2134 820 turbata
2152 773 2245 820 est.
2280 763 2349 818 Et
2366 763 2490 835 quid
2511 763 2703 827 dicam,
2726 760 2934 831 inquit?
2966 757 3129 814 Pater
3152 758 3388 828 salviﬁca
3421 776 3503 815 me

1929 874 1992 911 ea:
2033 858 2131 911 hac
2172 857 2321 910 hora.
2372 855 2478 911 Sed
2523 863 2795 926 propterea
2843 853 2955 907 veni
2994 853 3050 906 in
3090 851 3274 905 horam
3321 851 3455 906 hanc
3481 868 3501 907 :

1929 944 2106 1012 Pater,
2139 948 2374 1018 clariﬁca
2395 957 2543 1003 tuum
2565 965 2771 1003 nomen.
2810 947 3004 1002 Docuit
3032 955 3081 1000 te
3108 946 3239 1016 quid
3265 945 3501 1016 cogites,

1930 1039 2112 1095 docuit
2145 1040 2274 1110 quid
2324 1041 2493 1106 dicas,
2525 1055 2684 1110 quem
2734 1041 2972 1106 invoces,
3025 1039 3081 1093 in
3126 1053 3232 1108 quo
3274 1052 3502 1107 speres,

1929 1133 2081 1202 cujus
2104 1132 2432 1187 voluntatem
2454 1141 2655 1187 certam
2673 1141 2835 1202 atque
2857 1132 3093 1188 divinam
3114 1138 3220 1186 tua:
3241 1127 3510 1187 voluntati

1929 1223 2198 1289 humanm,
2251 1223 2586 1294 inﬁrmmque
2639 1238 2910 1294 proponas
2951 1222 3133 1296 [Aug.,
3174 1218 3502 1294 praaponas].

1929 1314 2048 1369 Non
2079 1315 2198 1369 ideo
2229 1315 2325 1369 tibi
2355 1315 2600 1370 videatur
2635 1330 2702 1369 ex
2728 1315 2835 1370 alto
2856 1314 3104 1377 deﬁcere,
3143 1315 3269 1385 quia
3297 1322 3349 1368 te
3390 1312 3508 1367 vult

1930 1410 1997 1464 ab
2023 1409 2130 1463 imo
2162 1410 2470 1480 prospicere
2492 1409 2674 1482 [Aug.,
2697 1407 3021 1481 proﬁcere]?
3047 1408 3181 1463 Nam
3206 1415 3260 1463 et
3305 1406 3505 1463 tentari

1931 1501 2180 1570 dignatus
2207 1509 2290 1555 est
2327 1517 2357 1555 a
2388 1501 2620 1567 diabolo,
2653 1517 2682 1554 a
2713 1516 2818 1570 quo
2839 1501 3046 1570 utique,
3087 1501 3132 1555 si
3174 1499 3358 1564 nollet,
3391 1513 3501 1552 non

1931 1599 2230 1647 tentaretur
2257 1611 2270 1646 :
2301 1601 2355 1648 et
2381 1607 2444 1647 ea
2469 1593 2745 1663 respondit
2767 1593 3002 1658 diabolo,
3033 1607 3151 1661 qua:
3191 1600 3248 1645 tu
3299 1591 3352 1644 in
3389 1599 3504 1644 ten-

1928 1684 2225 1738 tationibus
2245 1684 2443 1739 debeas
2471 1685 2816 1752 respondere.
2858 1685 2928 1739 Et
2956 1684 3044 1738 ille
3069 1685 3285 1754 quidem
3323 1689 3504 1736 tenta-

1932 1783 2017 1830 tus
2045 1783 2150 1840 est,
2179 1774 2276 1829 sed
2303 1791 2410 1829 non
2441 1775 2776 1845 periclitatus
2808 1795 2820 1829 :
2845 1784 2906 1830 ut
2930 1776 3149 1831 doceret
3176 1784 3229 1829 te
3255 1774 3308 1828 in
3336 1780 3511 1829 tenta—

247 1867 429 1922 multis
462 1867 673 1938 (Matth.
725 1885 818 1934 xx,
855 1868 969 1938 28).
1016 1869 1154 1924 Hinc
1190 1884 1317 1939 ergo
1348 1880 1433 1924 est
1460 1869 1829 1938 unusquisque
1857 1858 1904 1918 B
1936 1867 2079 1921 tione
2112 1865 2528 1937 periclitantem,
2563 1867 2815 1922 tentatori
2848 1868 3284 1936 respondentem,
3310 1873 3364 1918 et
3390 1869 3512 1935 post

249 1960 497 2015 minister
523 1959 748 2026 Christi,
776 1961 917 2016 unde
944 1971 1026 2015 est
1061 1970 1114 2014 et
1151 1961 1397 2017 minister
1425 1959 1691 2016 Christus.
1738 1959 1829 2016 Sic

248 2051 642 2107 ministrantem
665 2051 878 2108 Christo
906 2051 1228 2108 honoriﬁcat
1260 2053 1421 2107 Pater
1457 2052 1594 2121 ejus,
1623 2053 1829 2107 honore

249 2141 342 2197 illo
370 2159 579 2215 magno,
611 2154 671 2198 ut
710 2144 779 2199 sit
809 2160 931 2198 cum
963 2144 1098 2199 Filio
1148 2142 1280 2211 ejus,
1312 2160 1410 2199 nec
1437 2159 1674 2211 unquam
1699 2142 1830 2196 deﬁ-

247 2233 359 2288 ciat
391 2233 523 2289 ﬁdes
563 2235 679 2304 ejus
707 2233 889 2305 [Aug.,
941 2233 1171 2288 felicitas
1192 2233 1351 2305 ejus].
1393 2253 1410 2284 ι
1461 2233 1830 2288 Communiter

246 2339 380 2380 vero
410 2327 475 2378 de
499 2325 748 2378 omnibus
787 2325 864 2378 ait
897 2343 910 2377 :
937 2322 995 2378 Si
1033 2325 1148 2395 quis
1177 2326 1303 2378 mihi
1334 2325 1630 2389 ministrat;
1654 2323 1830 2378 omnis

250 2419 399 2472 enim
432 2418 735 2487 quicunque
757 2418 896 2472 bene
918 2416 1279 2487 agit,Christo
1302 2417 1593 2472 ministrat.
1627 2435 1644 2469 t
1675 2417 1829 2472 Unde

248 2511 623 2580 unusquisque
649 2526 746 2580 pro
775 2509 990 2566 modulo
1013 2526 1110 2566 suo
1139 2510 1414 2566 ministret
1430 2509 1664 2574 Christo,
1694 2510 1831 2564 bene

248 2603 502 2668 vivendo,
527 2604 897 2674 eleemosynas
911 2603 1176 2668 faciendo,
1205 2619 1401 2659 nomen
1420 2605 1832 2673 doctrinamque

250 2694 589 2765 ejus,quibus
603 2699 836 2767 potuerit
860 2699 1224 2769 praedicando.
1258 2719 1276 2751 ι
1298 2697 1398 2765 Qui
1426 2713 1556 2754 vero
1577 2702 1716 2770 bene
1745 2699 1828 2754 vi-

251 2795 441 2842 ventes
482 2787 798 2844 exhortatur
825 2798 886 2844 ut
924 2799 1277 2860 permaneant
1305 2791 1360 2844 in
1399 2791 1534 2845 bene
1576 2791 1829 2858 vivendo,

251 2878 526 2933 ministrat
546 2877 789 2946 Christo;
822 2881 913 2950 qui
957 2897 1087 2936 vero
1111 2881 1387 2936 humiliter
1417 2882 1728 2938 admonenti
1771 2897 1832 2938 se

252 2969 460 3035 obedit,
484 2970 754 3026 ministrat
780 2971 1022 3038 Christo;
1055 2983 1108 3027 et
1128 2975 1219 3043 qui
1250 2974 1478 3029 ﬁdeliter
1505 2975 1558 3028 in
1590 2975 1695 3029 hoc
1723 2985 1824 3030 sae-

253 3061 377 3116 culo
405 3062 677 3119 ministrat
700 3063 937 3132 Christo,
968 3064 1197 3122 feliciter
1221 3067 1276 3120 in
1305 3065 1489 3121 futuro
1509 3065 1706 3122 sreculo
1741 3080 1830 3122 re-

254 3152 442 3224 gnabit
466 3169 588 3208 cum
610 3153 844 3210 Christo.

1929 1961 2279 2015 tcntationem
2303 1975 2411 2015 non
2434 1960 2512 2014 ire
2537 1957 2667 2031 [Με.
2692 1969 2739 2014 et
2769 1959 2928 2030 Aug.,
2955 1959 3283 2029 respondere
3308 1965 3362 2012 et
3388 1965 3513 2027 post

1930 2059 2252 2107 tentatorem
2280 2068 2385 2106 non
2422 2049 2544 2122 ire],
2596 2051 2689 2106 sed
2718 2067 2748 2105 a
2775 2051 3014 2120 periculo
3055 2049 3367 2105 tentationis
3395 2048 3512 2103 exi-

1929 2159 2009 2199 re.
2036 2144 2190 2199 Sicut
2216 2154 2400 2199 autem
2426 2144 2517 2198 hic
2549 2142 2688 2196 dixit
2725 2162 2738 2196 :
2763 2141 2919 2197 Nunc
2951 2144 3128 2197 anima
3154 2160 3268 2196 mea
3299 2141 3511 2195 turbata

1928 2242 2022 2296 est,
2055 2233 2128 2287 ita
2155 2234 2318 2287 etiam
2343 2233 2414 2286 ibi
2444 2232 2575 2286 dicit
2602 2249 2616 2285 :
2648 2231 2832 2286 Tristis
2864 2243 2936 2286 est
2963 2233 3141 2286 anima
3185 2249 3300 2286 mea
3345 2247 3510 2303 usque

1930 2323 1998 2376 ad
2027 2331 2263 2376 mortem.
2293 2323 2360 2376 Et
2390 2340 2402 2376 :
2446 2321 2625 2386 Pater,
2668 2323 2715 2376 si
2745 2324 2860 2392 ﬁeri
2890 2332 3074 2394 potest,
3107 2331 3336 2376 transeat
3371 2339 3404 2375 a
3430 2337 3512 2376 me

1929 2415 2070 2468 calix
2095 2416 2211 2468 iste.
2258 2413 2502 2470 Hominis
2535 2415 2771 2485 suscepit
2798 2414 3188 2479 inﬁrmitatem,
3221 2422 3282 2468 ut
3322 2413 3512 2468 doceat

1929 2505 2010 2561 sic
2031 2507 2410 2562 contristatum
2438 2513 2492 2562 et
2531 2507 2930 2572 conturbatum,
2957 2507 3101 2576 quod
3131 2505 3374 2576 sequitur
3424 2503 3508 2558 di-

1930 2613 2073 2654 cere.
2115 2597 2507 2665 Verumtamen,
2534 2615 2637 2652 non
2676 2599 2814 2669 quod
2863 2615 2954 2670 ego
2993 2597 3128 2662 volo,
3163 2597 3252 2651 sed
3273 2596 3410 2667 quod
3452 2605 3510 2648 tu

1927 2690 2026 2755 vis,
2060 2687 2222 2742 Pater
2250 2688 2461 2760 (Matth.
2495 2705 2644 2756 xxvr,
2675 2691 2765 2756 '58,
2797 2689 2910 2760 '59).
2945 2689 3035 2744 Sic
3061 2689 3206 2744 enim
3244 2690 3405 2742 homo
3440 2687 3510 2743 ab

1930 2781 2182 2836 humanis
2210 2781 2264 2834 in
2293 2782 2476 2836 divina
2505 2781 2786 2852 dirigitur,
2820 2797 2941 2837 cum
2969 2781 3232 2836 voluntati
3262 2783 3512 2835 humanae

1929 2876 2182 2932 voluntas
2210 2876 2390 2931 divina
2420 2877 2770 2947 prteponitur.
2823 2876 2961 2944 Quid
2992 2883 3075 2931 est
3101 2884 3306 2940 autem,
3355 2873 3515 2928 clari-

1927 2967 2030 3036 ﬁca
2068 2976 2215 3021 tuum
2240 2983 2446 3032 nomen,
2473 2967 2578 3022 nisi
2598 2969 2654 3022 in
2684 2983 2781 3024 sua
2807 2968 3057 3037 passione
3087 2976 3139 3023 et
3161 2966 3512 3022 resurrectio-

1929 3059 2033 3114 ne?
2069 3059 2208 3126 Quid
2229 3066 2310 3114 est
2336 3075 2465 3129 ergo
2511 3059 2674 3125 aliud,
2709 3060 2815 3115 nisi
2844 3069 2904 3115 ut
2930 3059 3090 3115 Pater
3125 3058 3388 3115 clariﬁcet
3415 3057 3508 3112 Fi—

1930 3149 2085 3216 lium,
2116 3151 2207 3221 qni
2234 3151 2498 3205 clariﬁcat
2526 3165 2723 3206 nomen
2748 3167 2922 3218 suum,
2947 3151 3110 3205 etiam
3138 3150 3194 3204 in
3239 3148 3506 3204 similibus

327 3264 462 3320 Cum
492 3264 748 3320 Dominus
770 3263 927 3321 Jesus
950 3265 1288 3337 praedixisset
1308 3266 1361 3321 in
1390 3280 1557 3338 grano
1571 3265 1833 3322 frumenti
1862 3229 1910 3296 C
2147 3244 2486 3338 PaSSioniblls
2531 3259 2812 3338 59n'9mm
2857 3260 3075 3338 599mm
3090 3245 3121 3338 2
3149 3243 3346 3338 σεβί
3393 3242 3510 3338 28⁸)

257 3354 412 3428 [Ms.,
453 3357 677 3429 sinapis]
721 3359 1028 3427 passionem
1058 3374 1210 3413 suam
1241 3399 1257 3424 ,
1293 3367 1346 3414 et
1367 3375 1494 3415 suos
1526 3360 1837 3415 hortaretur

255 3446 535 3502 ministros
566 3455 628 3502 ut
672 3457 1026 3518 sequerentur
1052 3465 1197 3515 eum,
1224 3449 1293 3504 ad
1335 3458 1576 3506 nostram
1619 3465 1834 3506 rursum

254 3536 627 3596 inﬁrmitatem
647 3554 804 3596 suum
824 3540 1143 3610 temperavit
1167 3539 1440 3608 affectum,
1467 3549 1522 3597 et
1554 3541 1672 3597 ait:

847 3689 1075 3748 CAPUT
1113 3689 1304 3747 XXXI.

253 3828 504 3884 Animam
538 3846 688 3885 suam
709 3832 969 3885 turbatam
997 3848 1105 3886 esse
1133 3831 1348 3896 dicenti,
1375 3839 1422 3885 et
1451 3830 1747 3900 clariﬁcari
1779 3848 1835 3888 se

327 3919 362 3955 a
387 3900 545 3955 Patre
574 3901 803 3970 poscenti
831 3917 937 3970 voc
949 3902 1012 3954 de
1041 3901 1165 3955 caelo
1192 3902 1306 3954 ait:
1337 3901 1403 3956 Et
1435 3901 1748 3966 clariﬁcavi,
1781 3910 1835 3957 et

328 3971 525 4026 iterum
555 3969 880 4026 clariﬁcabo.
914 3969 1040 4024 Post
1062 3973 1172 4024 htrc
1195 3970 1360 4024 multa
1380 3973 1728 4041 prosequitur,
1753 3973 1835 4025 in-

331 4050 414 4095 ter
439 4059 556 4111 qua:
579 4057 634 4095 se
663 4058 768 4095 non
799 4041 867 4093 ad
885 4041 1262 4111 judicandum,
1294 4040 1387 4095 sed
1415 4042 1485 4095 ad
1522 4040 1834 4096 saluandam

327 4111 582 4165 mundum
608 4111 803 4166 venisse
832 4118 1073 4165 testatur.

330 4251 494 4307 Vens.
523 4251 610 4304 27.
637 4281 708 4292 -
738 4247 896 4304 Nunc
933 4251 1110 4305 anima
1138 4267 1253 4306 mea
1290 4251 1503 4306 turbata
1545 4258 1639 4304 est.
1681 4247 1837 4305 Unde

258 4342 474 4399 turbata
503 4349 604 4408 est,
637 4340 862 4396 Domine
890 4336 1042 4406 Iesu,
1073 4340 1252 4394 anima
1281 4339 1408 4395 tua?
1437 4329 1690 4410 Nunquid
1726 4353 1835 4394 non

253 4432 385 4487 ideo
412 4433 644 4486 animam
683 4431 960 4502 accepisti,
1001 4438 1054 4486 et
1099 4429 1375 4485 hominem
1409 4429 1728 4499 perfectum,
1777 4437 1838 4484 ut

252 4523 526 4594 patereris
547 4523 600 4577 in
637 4523 736 4577 eo?
760 4521 930 4578 Video
960 4530 1032 4586 te,
1059 4520 1306 4588 Domine,
1335 4529 1577 4578 nostram
1606 4521 1834 4577 inﬁrmi-

257 4621 429 4669 tatem
480 4614 619 4669 inte
672 4611 968 4668 transferre
1013 4621 1068 4667 et
1102 4613 1157 4667 in
1197 4621 1249 4668 te
1294 4627 1511 4668 causam
1558 4614 1832 4682 suscipere

252 4715 520 4761 nostram.
542 4705 664 4762 ideo
687 4707 931 4762 turbatus
957 4721 1033 4767 es,
1079 4705 1202 4775 quia
1224 4705 1472 4772 voluisti;
1506 4705 1645 4760 sicut
1673 4714 1832 4762 natus

251 4797 428 4866 fuisti,
469 4799 595 4870 quia
623 4799 859 4854 voluisti.
909 4799 1045 4854 Nam
1070 4799 1230 4870 paulo
1276 4807 1402 4855 ante
1437 4800 1501 4855 de
1545 4807 1599 4856 te
1625 4800 1829 4856 dictum

253 4901 342 4950 est
371 4935 386 4960 ,
431 4894 522 4949 ubi
569 4893 834 4949 Lazarum
857 4894 1129 4949 suscitasti
1157 4912 1171 4948 ε
1205 4892 1248 4947 Τ
1250 4894 1453 4948 urbavit
1474 4895 1825 4965 semetipsum.

249 4985 393 5042 Nam
419 4985 503 5040 his
529 4987 708 5042 verbis
743 4987 809 5040 ab
830 4986 1143 5040 inﬁrmitate
1174 4998 1356 5041 nostra
1388 4988 1567 5057 rapuit
1600 5004 1698 5043 nos
1753 4988 1823 5043 ad

252 5079 624 5135 inﬁrmitatem
675 5094 847 5135 suam.
893 5081 1002 5135 Vox
1031 5088 1114 5134 est
1149 5082 1293 5135 enim
1342 5080 1674 5136 fortitudinis
1719 5082 1826 5136 D0-

249 5171 409 5236 mini,
440 5171 532 5227 ubi
559 5173 674 5226 ait:
717 5169 865 5226 Venit
889 5171 1040 5237 hora,
1079 5181 1135 5224 ut
1171 5171 1490 5241 clari/icetur
1531 5170 1707 5226 Filius
1738 5172 1832 5226 ho-

249 5263 412 5318 minis
435 5281 454 5318 :
488 5281 592 5320 vox
617 5273 700 5321 est
729 5265 873 5320 enim
923 5263 1253 5320 inﬁrmitatis
1280 5272 1498 5329 nostrte,
1533 5263 1662 5318 dum
1705 5263 1782 5317 ait
1814 5281 1826 5316 :

254 5351 417 5408 Nunc
446 5357 622 5409 anima
645 5372 760 5410 mea
782 5355 991 5410 turbata
1011 5365 1106 5411 est.
1138 5374 1157 5410 ι
1189 5370 1212 5397 τι
1237 5356 1280 5411 Ο
1296 5357 1522 5412 Domine
1545 5356 1828 5422 mediator,

250 5448 399 5502 Deus
425 5465 583 5520 supra
612 5465 730 5515 nos,
761 5450 923 5504 homo
944 5457 1167 5520 pr0pter
1190 5465 1307 5514 nos,
1341 5464 1575 5520 agnosco
1619 5447 1833 5502 miseri«

250 5538 497 5594 cordiam
518 5547 683 5594 tuam.
723 5538 859 5594 Nam
887 5539 1028 5610 quod
1049 5547 1105 5595 tu
1144 5548 1348 5607 tantus,
1395 5549 1501 5596 tuae
1549 5540 1829 5596 charitatis

255 5628 538 5687 voluntate
565 5632 824 5698 turbaris,
853 5631 1053 5687 multos
1093 5631 1147 5686 in
1193 5648 1418 5704 corpore
1462 5641 1570 5698 tuo,
1603 5632 1695 5702 qui
1722 5646 1832 5687 sua:

332 5818 357 5852 ο
383 5808 464 5869 Ex
492 5808 548 5866 S.
573 5809 735 5886 Ang.,
758 5814 922 5867 tract.
952 5823 1052 5881 LII,
1091 5823 1240 5867 num.
1271 5808 1422 5868 2-14.

1945 3334 2097 3389 Venit
2118 3352 2239 3405 ergo
2275 3352 2376 3390 vox
2400 3335 2464 3390 de
2491 3335 2618 3391 coelo
2644 3337 2820 3392 dicens
2848 3354 2864 3392 :
2896 3337 2967 3391 Et
2995 3335 3301 3405 clariﬁcavi,
3331 3344 3380 3388 et
3410 3335 3509 3388 ite-

1936 3444 2052 3481 rum
2089 3427 2408 3497 clariﬁcabo.
2465 3429 2536 3482 Et
2584 3430 2889 3500 clariﬁcavi,
2944 3438 3232 3499 antequam
3275 3426 3512 3482 facerem

1935 3521 2192 3576 mundum
2218 3537 2232 3586 ;
2261 3530 2306 3574 et
2329 3521 2518 3575 iterum
2541 3519 2863 3590 clariﬁcabo,
2902 3529 3209 3592 surgentem
3232 3536 3262 3575 a
3285 3518 3515 3575 mortuis

1935 3617 1991 3666 et
2016 3610 2393 3665 ascendentem
2414 3611 2470 3665 in
2499 3610 2715 3666 cmlum.
2745 3610 2815 3665 Et
2836 3611 2993 3666 aliter
3020 3611 3246 3682 intelligi
3288 3618 3467 3682 potest
3495 3628 3509 3664 :

1936 3702 2007 3757 Et
2048 3702 2353 3772 clariﬁcavi,
2402 3718 2526 3759 cum
2556 3703 2623 3758 de
2661 3703 2870 3774 virgine
2913 3711 3072 3759 natus
3113 3711 3215 3770 est,
3267 3718 3390 3758 cum
3445 3701 3516 3758 de

1937 3801 2074 3858 cmlo
2110 3801 2287 3856 indice
2323 3800 2474 3856 stella
2498 3816 2531 3854 a
2556 3801 2729 3871 magis
2754 3801 3010 3855 adoratus
3037 3808 3142 3865 est,
3167 3814 3289 3853 cum
3317 3813 3348 3852 a
3381 3812 3512 3853 san-

1938 3896 2040 3950 ctis
2084 3901 2273 3949 sancto
2300 3891 2505 3962 Spiritu
2529 3893 2703 3962 plenis
2748 3895 2963 3962 agnitus
2989 3900 3092 3959 est,
3123 3907 3245 3947 cum
3290 3891 3514 3947 descen-

1939 3986 2098 4040 dente
2123 3982 2330 4053 Spiritu
2376 3982 2432 4037 in
2480 3984 2659 4053 specie
2703 3982 2961 4038 columbae
3008 3983 3330 4046 declaratus,
3387 3994 3514 4035 cum

1936 4090 2070 4131 voce
2117 4076 2181 4130 de
2209 4074 2346 4129 coelo
2387 4082 2616 4129 sonante
2661 4080 3012 4139 monstratus,
3063 4088 3186 4127 cum
3232 4071 3287 4126 in
3329 4077 3515 4126 monte

1939 4166 2377 4236 transﬁguratus,
2399 4180 2520 4221 cum
2564 4164 2822 4220 miracula
2852 4163 3016 4218 multa
3051 4163 3201 4229 fecit,
3227 4177 3351 4218 cum
3376 4161 3517 4216 mul-

1939 4266 2023 4313 tos
2051 4257 2262 4313 sanavit
2290 4265 2449 4327 atque
2478 4256 2777 4322 mundavit,
2807 4271 2932 4311 cum
2958 4256 3024 4310 de
3052 4254 3391 4325 paucissimis
3410 4268 3514 4324 pa-

1939 4350 2096 4405 nibus
2132 4359 2335 4404 tantam
2362 4348 2760 4404 multitudinem
2785 4347 2956 4418 pavit,
2985 4360 3107 4400 cum
3135 4345 3312 4400 ventis
3336 4351 3392 4398 et
3416 4342 3516 4397 ﬁu-

1939 4445 2114 4500 ctibus
2135 4444 2438 4514 imperavit,
2481 4459 2602 4498 cum
2623 4449 2865 4498 mortuos
2893 4440 3191 4498 suscitavit.
3228 4439 3299 4493 Et
3326 4439 3518 4494 iterum

1939 4532 2262 4602 clariﬁcabo,
2287 4549 2409 4588 cum
2437 4539 2685 4603 resurget
2701 4547 2731 4586 a
2752 4533 2995 4597 mortuis,
3031 4546 3153 4586 cum
3191 4544 3340 4585 mors
3357 4530 3409 4586 ei
3429 4528 3514 4584 ul-

1939 4636 2024 4683 tra
2051 4642 2158 4682 non
2209 4625 2598 4689 dominabitur,
2635 4641 2757 4680 cum
2785 4625 3111 4679 exaltabitur
3147 4638 3310 4694 super
3349 4620 3518 4678 cmlos

1934 4717 2096 4783 Deus,
2130 4723 2186 4771 et
2207 4732 2369 4787 super
2389 4730 2605 4770 omnem
2637 4723 2836 4785 terram
2857 4714 3024 4782 gloria
3048 4712 3180 4783 ejus.
3208 4714 3394 4783 (Vsus.
3420 4712 3512 4778 29,

1890 4881 1894 4886 _
1933 4809 2049 4880 50.)
2076 4807 2249 4862 Turba
2277 4824 2396 4878 ergo
2416 4823 2532 4878 qua:
2555 4805 2728 4860 stabat
2756 4814 2804 4859 et
2838 4804 3114 4869 audiebat,
3145 4803 3347 4858 dicebat
3375 4802 3516 4856 toni-

1933 4911 2109 4957 truum
2139 4917 2248 4955 esse
2273 4900 2472 4970 factum
2499 4916 2516 4952 :
2548 4896 2641 4951 alii
2680 4897 2942 4964 dicebant,
2972 4895 3189 4968 angelus
3216 4899 3262 4951 ei
3307 4893 3515 4947 locutus

1932 5005 2027 5050 est.
2073 4991 2356 5064 Respondit
2384 4989 2540 5044 Iesus
2586 4998 2633 5044 et
2673 4989 2804 5043 dixit
2836 5007 2854 5044 :
2889 4988 3014 5044 Non
3058 4999 3266 5060 propter
3295 5004 3375 5041 me
3410 5001 3515 5040 voa:

1937 5088 2047 5142 htrc
2080 5087 2241 5152 venit,
2264 5085 2354 5139 sed
2378 5093 2586 5154 propter
2611 5100 2721 5138 vos.
2748 5084 2847 5139 llic
2868 5084 3102 5139 ostendit
3129 5083 3218 5138 illa
3256 5095 3386 5138 voce
3406 5095 3518 5138 non

1937 5178 2039 5234 sibi
2075 5177 2369 5231 indicatum
2399 5175 2542 5244 quod
2564 5175 2678 5246 jam
2715 5176 2939 5238 sciebat,
2974 5175 3068 5230 sed
3099 5175 3178 5229 eis
3207 5173 3402 5243 quibus
3432 5171 3516 5228 in-

1934 5266 2103 5322 dicari
2146 5267 2446 5335 oportebat.
2482 5265 2633 5321 Sicut
2664 5273 2842 5320 autem
2876 5266 2965 5318 illa
2994 5281 3098 5319 vox
3142 5280 3250 5319 non
3288 5271 3515 5334 propter

1933 5377 2076 5426 eum,
2104 5360 2199 5414 sed
2243 5367 2464 5429 propter
2509 5359 2627 5413 illos
2677 5375 2709 5413 a
2757 5357 3036 5412 divinitate
3086 5355 3227 5412 facta
3275 5365 3396 5412 est:
3434 5356 3515 5412 sic

1935 5453 2116 5508 anima
2142 5450 2258 5520 ejus
2305 5467 2412 5505 non
2437 5459 2660 5522 propter
2687 5465 2810 5504 cum
2831 5490 2845 5516 ,
2878 5449 2969 5504 scd
2992 5458 3212 5520 propter
3259 5449 3394 5506 alios
3418 5463 3516 5506 vo-

1933 5546 2140 5601 luntate
2164 5544 2375 5599 turbata
2398 5550 2498 5598 est.
2535 5563 2553 5594 ι

2003 5639 2166 5696 Vens.
2197 5639 2283 5696 51.
2319 5669 2392 5687 ιρ-
2421 5635 2579 5693 Nunc
2595 5634 2859 5706 judicium
2883 5644 2956 5692 est
2984 5635 3186 5712 mundi.
3220 5632 3340 5693 Non
3365 5648 3514 5696 enim
