4088 6340
580 334 693 397 918

1408 374 1417 383 ,
1450 333 1511 387 Β.
1552 332 1613 387 F.
1654 330 1881 388 ALBlNl
1919 328 2050 386 SEU
2089 325 2365 384 ALCUINI
2400 328 2683 388 OPERUM
2720 329 2901 386 PARS
2934 329 3001 386 Il.

3748 325 3856 391 916

582 443 650 511 de
675 450 857 508 futuro
878 450 1084 523 judicio
1102 451 1207 507 hoc
1238 450 1441 506 dictum
1480 464 1601 504 esse
1628 456 1879 520 putemus
1914 445 2058 517 quod
2107 446 2163 499 in
2191 445 2239 505 Α
2267 456 2367 501 est.
2404 446 2533 502 Hazc
2560 448 2730 504 scriba
2756 447 2921 512 vobis,
2948 455 3006 502 ut
3038 464 3143 502 non
3166 447 3422 519 peccetis;
3450 447 3527 503 ita
3553 448 3647 520 qui
3671 447 3861 509 nunc.

584 543 694 600 ﬁne
717 541 906 599 mundi
933 540 1176 597 futurum
1195 546 1298 604 est,
1323 538 1417 594 ubi
1444 538 1572 593 boui
1602 547 1658 593 et
1688 537 1815 592 mali
1838 536 2168 608 separabun-

586 643 681 692 tur
729 642 929 691 aeterna
956 633 1238 697 divisione,
1266 631 1362 687 sed
1406 631 1473 685 de
1493 629 1699 699 judicio
1741 631 1885 701 quod
1930 626 2173 700 quotidie

510 746 519 751 *
585 725 645 784 in
671 734 861 786 sancta
889 726 983 781 Dei
1018 724 1259 782 Ecclesia
1288 722 1426 779 solet
1460 737 1599 780 esse.
1635 741 1655 775 ι
1689 721 2011 779 Possidebat
2042 733 2173 791 ergo

587 816 836 875 diabolus
875 832 1045 889 genus
1083 818 1403 879 humanum,
1440 822 1494 871 et
1535 830 1658 871 reos
1686 814 2066 886 suppliciorum
2093 820 2174 868 te-

588 909 755 966 nebat
808 907 1171 980 chirographo
1227 916 1609 979 peccatorum;
1673 908 2055 964 dominabatur
2116 904 2173 960 in

590 1000 846 1057 cordibus
868 1000 1188 1065 inﬁdelium,
1220 1001 1289 1056 ad
1315 1007 1623 1055 creaturam
1651 999 1933 1055 colendam
1957 1000 2173 1053 deserto

588 1098 860 1159 cl'eatore,
884 1091 1139 1163 deceptos
1156 1091 1509 1162 captivosque
1529 1091 1780 1146 trahebat
1811 1108 1823 1144 :
1847 1103 1947 1159 per
1966 1085 2173 1145 Christi

589 1190 771 1241 suum
801 1183 962 1241 ﬁdem
984 1201 1104 1257 qua:
1126 1196 1302 1242 morte
1330 1187 1448 1258 ejus
1461 1195 1516 1242 et
1543 1186 1941 1242 resurrectione
1960 1183 2175 1239 ﬁrmata

590 1284 695 1345 est,
726 1292 827 1350 per
850 1280 969 1353 ejus
1007 1282 1330 1353 sanguinem
1372 1282 1465 1351 qui
1512 1281 1568 1336 in
1614 1280 1990 1337 remissionem
2020 1277 2175 1334 fusus

589 1376 1055 1439 estpeccatorum,
1094 1370 1261 1426 millia
1287 1371 1625 1427 credentium
1673 1387 1703 1426 a
1739 1371 2017 1426 dominatu
2060 1370 2176 1426 dia-

584 1460 699 1517 boli
743 1461 1065 1529 liberantur,
1107 1461 1309 1519 Christi
1357 1464 1571 1535 corpori
1598 1462 1936 1534 copulantur,
1980 1469 2038 1516 et
2072 1460 2175 1517 sub

589 1556 745 1606 tanto
766 1554 945 1623 capite
973 1566 1081 1608 uno
1117 1552 1234 1623 ejus
1275 1554 1468 1625 spiritu
1499 1553 1695 1609 debilia
1740 1552 1922 1626 [Aug.,
1972 1549 2173 1623 ﬁdelia]

589 1644 834 1698 membra
874 1652 1211 1713 vegetamur.
1264 1645 1378 1702 Hoc
1420 1647 1649 1702 vocabat
1690 1643 1979 1714 judicium,
2033 1646 2178 1700 hanc

591 1732 994 1801 discretionem,
1013 1739 1154 1793 hanc
1172 1753 1203 1791 a
1231 1738 1344 1793 suis
1373 1738 1667 1807 redemptis
1678 1735 1877 1792 diaboli
1907 1734 2178 1805 expulsio-

2269 548 2551 605 nerantur,
2580 540 2721 611 quod
2744 540 3008 609 sequitur,
3034 539 3260 595 audiunt
3288 557 3301 593 :
3332 537 3401 593 Et
3427 539 3473 593 si
3493 542 3856 612 peccaveritis,

2270 633 2581 687 advocatum
2622 632 2871 685 habemus
2906 630 3049 700 apud
3102 627 3316 685 Patrem
3357 630 3543 685 Iesum
3590 626 3859 688 Christum

2261 725 2489 797 justum,
2530 723 2638 795 ipse
2667 733 2741 778 est
2776 722 3076 794 propitiatio
3105 732 3437 794 peccatorum
3477 730 3783 777 nostrorum
3807 721 3859 795 (1

2269 814 2413 872 Joan
2442 832 2503 880 ιι,
2534 816 2608 888 i).
2643 815 2783 883 Quid
2825 815 2970 870 enim
3012 828 3251 878 oramus,
3283 828 3407 869 cum
3431 813 3671 869 dicimus
3704 831 3720 866 :
3767 812 3858 870 Di-

2271 911 2416 963 mitte
2440 906 2587 963 nobis
2609 907 2781 962 debita
2802 915 2983 961 nostra
3013 905 3229 978 (Matth.
3257 919 3339 971 v1,
3372 903 3486 977 l2),
3518 904 3629 960 nisi
3659 910 3727 959 ut
3751 904 3860 960 vul-

2271 1015 2402 1056 nera
2426 1008 2609 1055 nostra
2647 999 3031 1055 sanentur‘lEt
3069 999 3199 1071 quid
3234 999 3383 1055 aliud
3427 1001 3697 1071 petimus,
3744 1012 3857 1057 cum

2271 1090 2537 1147 dicimus:
2571 1090 2640 1145 Et
2654 1106 2717 1146 ne
2738 1107 2831 1146 nos
2852 1090 3051 1162 inferas
3082 1092 3139 1145 in
3168 1092 3530 1155 tentationem,
3555 1091 3672 1146 nisi
3706 1098 3766 1145 ut
3784 1089 3861 1146 ille

2272 1184 2364 1255 qui
2412 1184 2715 1249 insidiatur,
2750 1183 2834 1239 vel
2882 1190 3058 1240 certat
3100 1184 3461 1249 extrinsecus,
3484 1181 3638 1238 nulla
3672 1183 3861 1238 irrum-

2271 1285 2366 1349 pat
2390 1294 2458 1333 ex
2487 1286 2674 1350 parte,
2707 1277 2851 1332 nulla
2892 1293 2994 1333 nos
3020 1276 3210 1333 fraude
3254 1277 3508 1347 decipiat,
3556 1275 3734 1331 nullis
3774 1288 3861 1332 nos

2272 1370 2551 1425 subvertat
2564 1370 2867 1425 machinis?
2890 1369 3118 1437 Quando
3148 1383 3253 1423 non
3285 1374 3434 1423 tenet
3454 1367 3641 1422 locum
3669 1367 3860 1435 cordis,

2274 1466 2367 1519 ubi
2393 1462 2527 1520 ﬁdes
2553 1465 2782 1529 habitat,
2814 1463 3018 1533 ejectus
3041 1471 3127 1519 est
3151 1462 3320 1519 foras.
3352 1459 3484 1527 Sed,
3514 1458 3646 1516 Nisi
3678 1460 3851 1515 Domi-

2277 1572 2374 1610 nus
2402 1556 2705 1611 custodierit
2732 1556 3014 1621 civitatem,
3039 1556 3097 1609 in
3125 1570 3317 1608 vanum
3348 1553 3550 1625 vigilat,
3579 1552 3680 1623 qui
3700 1561 3857 1607 casto-

2275 1645 2355 1699 dit
2392 1662 2509 1701 eam
2535 1644 2707 1719 (Psal.
2737 1660 2920 1713 cxxvr,
2971 1647 3046 1719 i).
3076 1645 3253 1702 Nolite
3285 1661 3413 1717 ergo
3444 1646 3512 1701 de
3539 1645 3705 1701 vobis
3737 1645 3852 1717 ipsis

2276 1751 2622 1807 praesumere,
2678 1739 2721 1794 si
2763 1753 2871 1794 non
2910 1736 3074 1793 vultis
3124 1735 3272 1794 foras
3315 1737 3554 1808 ejectum
3598 1736 3854 1793 diabolum

591 1834 737 1877 nem.
771 1823 1014 1894 Denique
1037 1827 1275 1889 attende,
1294 1826 1425 1896 quid
1440 1827 1603 1891 dicat,
1634 1825 1790 1896 quasi
1811 1838 2179 1895 quereremus
2203 1808 2254 1869 Β
2283 1829 2423 1885 intro
2476 1831 2673 1886 iterum
2714 1844 2989 1887 revocare.
3048 1829 3206 1886 Absit
3252 1838 3433 1885 autem
3490 1837 3553 1884 ut
3597 1829 3856 1885 diabolum

593 1914 727 1983 quid
767 1923 913 1971 esset
939 1917 1083 1985 quod
1125 1918 1201 1971 ait
1235 1936 1247 1970 :
1293 1915 1450 1971 Nunc
1466 1917 1733 1988 judicium
1752 1925 1828 1971 est
1854 1915 2060 1982 mundi,
2093 1929 2179 1971 se-

593 2015 752 2063 cutus
798 2010 1075 2079 exposuit,
1121 2010 1202 2064 ait
1249 2009 1394 2064 enim
1438 2027 1451 2062 :
1507 2007 1665 2063 Nunc
1725 2009 1963 2079 princeps
2017 2007 2181 2077 hujus

593 2102 778 2156 mundi
810 2103 1050 2173 ejicietur
1086 2105 1250 2175 foras.
1283 2103 1601 2159 Audivimus
1636 2102 1795 2175 quale
1832 2103 2031 2159 dixerit
2060 2116 2182 2159 esse

589 2188 875 2263 judicium.
908 2194 1023 2250 Non
1052 2209 1184 2267 ergo
1209 2195 1342 2250 illud
1368 2196 1512 2266 quod
1532 2196 1586 2250 in
1614 2196 1723 2251 ﬁne
1750 2203 2039 2251 venturum
2062 2202 2177 2264 est,

591 2282 689 2340 ubi
714 2283 822 2337 vivi
846 2291 901 2338 et
926 2285 1123 2339 mortui
1144 2285 1419 2355 judicaudi
1450 2294 1595 2350 sunt,
1627 2285 1748 2340 aliis
1777 2285 1845 2340 ad
1878 2285 2177 2354 sinistram,

593 2372 718 2430 aliis
738 2374 807 2430 ad
827 2375 1106 2431 dexteram
1149 2378 1454 2447 separatis:
1486 2379 1580 2433 sed
1604 2378 1870 2449 judicium
1898 2393 2007 2449 quo
2028 2379 2181 2449 prin-

592 2480 723 2537 ceps
741 2465 901 2535 hujus
930 2468 1114 2524 mundi
1134 2466 1385 2538 ejieietur
1412 2468 1577 2523 iuras.
1604 2468 1885 2536 Quomodo
1925 2484 2055 2540 ergo
2098 2469 2182 2525 in-

595 2566 685 2614 tus
712 2557 867 2613 erat?
895 2557 1013 2626 Quo
1052 2570 1178 2615 eum
1217 2558 1359 2615 dixit
1400 2559 1723 2631 ejiciendum
1771 2558 1962 2615 foras?
1995 2557 2178 2628 Nunc,

595 2650 809 2721 inquit,
860 2652 1101 2722 princeps
1142 2650 1302 2722 hujus
1352 2649 1537 2706 mundi
1569 2650 1809 2721 ejiciatur
1846 2649 2037 2721 foras;
2074 2649 2181 2706 hoc

595 2741 1002 2815 intelligendum
1024 2748 1112 2799 est
1149 2742 1293 2813 quod
1320 2756 1466 2799 nunc
1512 2740 1605 2807 ﬁt,
1641 2756 1749 2796 non
1782 2738 1928 2812 quod
1970 2747 2180 2795 tantum

595 2831 782 2908 [Aug.,
824 2834 997 2908 tanto]
1042 2840 1167 2906 post
1212 2833 1456 2890 futurum
1494 2844 1581 2890 est
1627 2835 1681 2889 in
1734 2832 2027 2890 novissimo
2068 2831 2176 2888 die.

595 2923 935 2983 Pravidehat
976 2926 1162 2999 [Ang.,
1199 2924 1549 2999 pmdicebat]
1597 2923 2009 2996 ergoDominus
2034 2921 2182 2994 quod

596 3020 828 3087 sciebat,
857 3027 982 3091 post
1011 3019 1319 3091 passionem
1340 3026 1397 3076 et
1414 3018 1863 3091 gloriﬁcationem
1888 3031 2044 3073 suam
2081 3030 2183 3087 per

598 3112 913 3168 universum
949 3111 1209 3167 mundum
1246 3110 1446 3167 multos
1491 3111 1719 3183 populos
1757 3109 2079 3176 credituros,
2125 3107 2181 3162 in

598 3219 829 3277 quorum
856 3206 1112 3263 cordibus
1139 3204 1384 3262 diabolus
1410 3168 1731 3271 inusserat;
1763 3202 1852 3260 cui
1874 3168 2093 3275 quando
2110 3216 2180 3258 ex
2204 3168 2255 3234 θ

600 3296 706 3352 ﬁde
734 3300 1082 3366 renuntiant,
1121 3299 1369 3371 ejicictur
1411 3297 1577 3357 foras.
1604 3298 1713 3356 Sed
1760 3297 1893 3355 dicit
1934 3296 2131 3369 aliquis
2161 3316 2179 3353 :

599 3386 857 3459 Nunquid
896 3390 964 3444 de
999 3390 1255 3446 cordibus
1304 3392 1738 3461 patriarcharum
1781 3397 1836 3445 et
1885 3390 2181 3460 propheta-

604 3494 747 3546 rum,
774 3486 1128 3551 veterumque
1148 3479 1418 3561 justorum
1462 3498 1572 3538 non
1605 3491 1689 3537 est
1724 3482 1930 3552 eiectus
1975 3480 2185 3554 [foras?

604 3572 846 3648 ﬂectus]
872 3582 957 3630 est
980 3574 1158 3645 plane.
1190 3576 1473 3643 Quomodo
1511 3590 1642 3649 ergo
1662 3576 1864 3631 dictum
1891 3583 1996 3641 est,
2027 3572 2188 3631 Nunc

604 3665 846 3736 ejieletur
875 3664 1067 3735 foras?
1102 3666 1385 3733 Quomodo
1423 3674 1697 3738 putamus,
1742 3665 1846 3722 nisi
1892 3665 2019 3737 quia
2058 3672 2189 3721 tunc

605 3758 752 3830 quod
802 3758 859 3814 in
897 3759 1209 3815 horninibus
1254 3759 1597 3830 paucissimis
1642 3759 1847 3816 factum
1889 3767 2006 3828 est,
2047 3772 2190 3817 nunc

607 3850 665 3907 in
690 3851 876 3908 multis
895 3853 1216 3923 magnisque
1240 3852 1453 3923 populis
1486 3853 1602 3925 jam
1640 3852 1881 3910 futurum
1906 3868 2027 3911 esse
2054 3868 2191 3924 prte-

609 3941 811 4001 dictum
847 3944 967 4000 est?
1001 3943 1155 4000 Sicut
1196 3942 1326 4000 illud
1356 3946 1500 4016 quod
1535 3945 1739 4002 dictum
1767 3956 1851 4004 est
1897 3966 1911 4003 :
1958 3946 2190 4020 Spiritus

609 4043 781 4091 autem
820 4036 1052 4091 nondum
1082 4044 1203 4091 erat
1227 4037 1406 4104 datus,
1434 4038 1558 4110 quia
1597 4036 1757 4095 Iesus
1801 4039 2036 4096 nondum
2079 4046 2194 4095 erat

608 4128 933 4202 gloriﬁcatus
975 4129 1159 4203 (Joan.
1189 4144 1299 4199 ru,
1327 4131 1437 4206 59),
1493 4141 1672 4204 potest
1719 4134 1951 4190 similem
1990 4134 2195 4192 habere

610 4223 961 4295 quaestionem
984 4232 1041 4280 et
1073 4225 1303 4281 similem
1332 4226 1676 4282 solutionem.
1718 4226 1835 4283 Non
1881 4229 2026 4284 enim
2075 4229 2193 4284 sine

612 4314 818 4386 Spiritu
866 4324 1055 4374 sancto
1094 4318 1274 4374 futura
1319 4319 1825 4390 praenuntiaverunt
1869 4323 2188 4393 propheta;

612 4420 709 4469 aut
733 4430 840 4469 non
868 4415 1033 4470 etiam
1059 4414 1347 4470 Dominum
1393 4414 1656 4471 infantem
1687 4417 1742 4471 in
1771 4416 1979 4486 Spiritu
2006 4423 2194 4472 sancto

2279 1922 2464 1999 mundi
2490 1922 2790 1994 principem
2836 1922 2912 1978 ita
2959 1920 3168 1978 dictum
3212 1921 3623 1988 existimemus,
3655 1926 3717 1976 ut
3747 1934 3856 1977 cum

2279 2013 2416 2069 caelo
2440 2021 2495 2069 et
2519 2021 2678 2070 terrae
2705 2013 2971 2070 dominari
2992 2027 3152 2085 posse
3173 2012 3479 2069 credamus.
3508 2011 3620 2068 Sed
3638 2013 3857 2069 mundus

2279 2106 2581 2177 appellatur
2632 2108 2689 2164 in
2733 2107 2891 2164 malis
2918 2108 3247 2175 hominibus,
3291 2109 3388 2179 qui
3431 2115 3545 2164 toto
3590 2116 3860 2167 terrarum

2280 2198 2410 2253 orbe
2438 2195 2618 2254 diﬁ’usi
2645 2207 2811 2255 sunt:
2850 2200 2993 2256 sicut
3036 2198 3336 2271 appellatur
3374 2199 3559 2257 domus
3586 2201 3644 2256 in
3688 2202 3773 2258 his
3816 2215 3857 2260 ι

2281 2288 2479 2360 quibus
2517 2289 2829 2359 habitatur,
2881 2292 3179 2347 secundum
3216 2292 3363 2364 quod
3402 2292 3635 2348 dicimus
3665 2312 3680 2346 :
3713 2291 3862 2348 Bona

2281 2381 2473 2438 domus
2486 2390 2589 2450 est,
2608 2384 2692 2439 vel
2705 2384 2847 2440 mala
2869 2385 3063 2443 domus
3077 2394 3163 2442 est
3177 2402 3193 2453 ;
3219 2401 3328 2442 non
3341 2388 3564 2459 quando
3583 2389 3860 2460 reprehen-

2280 2472 2482 2542 dimus,
2524 2475 2639 2532 sive
2662 2476 2948 2533 laudamus
2985 2477 3273 2535 mdiﬁcium
3292 2480 3567 2553 parietum
3592 2490 3753 2552 atque
3791 2488 3859 2537 te-

2280 2574 2528 2636 ctorum;
2562 2569 2656 2625 sed
2684 2571 2899 2641 quando
2935 2586 3118 2628 mores
3160 2571 3248 2628 vel
3287 2573 3559 2629 bonorum
3596 2573 3858 2628 hominum

2280 2660 2366 2718 vel
2394 2662 2682 2720 malorum.
2734 2662 2828 2722 Sic
2867 2680 2998 2738 ergo
3038 2666 3246 2722 dictum
3286 2674 3390 2733 est,
3432 2666 3685 2738 princeps
3718 2665 3856 2736 hujus

2280 2754 2485 2820 mundi,
2516 2755 2571 2810 id
2604 2764 2709 2823 est,
2747 2757 3002 2829 princeps
3043 2758 3311 2813 malorum
3352 2757 3648 2815 hominum
3690 2757 3852 2832 [Ang.,

2281 2846 2546 2903 malorum
2574 2846 2861 2921 omnium],
2894 2849 2986 2920 qui
3014 2848 3264 2906 habitant
3291 2850 3346 2905 in
3370 2850 3598 2906 mundo.
3626 2849 3860 2922 Appella-

2286 2947 2372 2995 tur
2398 2939 2563 2995 etiam
2591 2941 2824 2997 mundus
2850 2941 2905 2996 in
2935 2941 3111 3007 bonis,
3140 2943 3232 3014 qui
3260 2942 3527 2999 similiter'
3554 2952 3676 3001 toto
3706 2954 3860 3000 terra-

2283 3044 2407 3083 rum
2440 3028 2573 3085 orbe
2619 3029 2798 3087 diffusi
2846 3031 3163 3088 suntzinde
3188 3034 3318 3089 dicit
3344 3033 3679 3105 Apostolus:
3730 3033 3858 3089 Dens

2284 3130 2395 3175 erat
2425 3121 2480 3175 in
2528 3117 2753 3188 Christo,
2783 3124 3039 3177 mundum
3094 3123 3437 3180 reconcilians
3477 3126 3582 3180 sibi
3630 3123 3722 3197 (II
3749 3122 3858 3180 Cor.

2284 3230 2335 3280 v,
2365 3213 2476 3286 i9).
2510 3213 2576 3270 Hi
2608 3223 2734 3270 sunt
2758 3230 2827 3271 ex
2867 3230 3100 3286 quorum
3124 3216 3378 3272 cordibus
3399 3217 3659 3288 princeps
3688 3214 3862 3272 mundi

2286 3307 2503 3380 ejicitur
2551 3307 2719 3365 foras.
2763 3307 2900 3364 Cum
2945 3323 3078 3382 ergo
3125 3309 3391 3366 dixisset:
3436 3306 3598 3363 Nune
3639 3311 3869 3382 princeps

2286 3401 2446 3473 huius
2471 3402 2657 3458 mundi
2684 3401 2924 3473 ejicietur
2942 3400 3091 3471 foras
3116 3418 3137 3457 :

2360 3504 2522 3561 Vens.
2551 3501 2641 3558 5‘2.
2663 3534 2736 3546 --
2770 3502 2841 3558 Et
2891 3519 3007 3576 ego,
3036 3504 3232 3575 inquit,
3275 3504 3322 3558 si
3357 3503 3624 3559 excitatus
3669 3503 3819 3573 fuero
3840 3518 3872 3556 a

2289 3604 2452 3663 terra,
2478 3596 2653 3651 omnia
2680 3595 2887 3650 traham
2905 3604 3023 3668 post
3048 3612 3148 3651 me.
3174 3596 3305 3665 Qua:
3319 3595 3519 3662 omnia,
3543 3595 3647 3651 nisi
3671 3610 3740 3651 ex
3766 3593 3874 3666 qui-

2289 3690 2393 3745 bus
2438 3686 2527 3741 ille
2551 3686 2766 3757 ejioitur
2804 3685 2990 3743 foras?
3017 3686 3134 3744 Non
3159 3696 3343 3744 autem
3370 3687 3508 3743 dixit
3525 3702 3750 3754 omnes,
3791 3684 3875 3743 sed

2291 3780 2501 3845 omnia;
2528 3795 2632 3833 non
2652 3779 2791 3834 enim
2833 3780 3067 3836 omnium
3086 3789 3163 3835 est
3182 3780 3313 3850 ﬁdes
3336 3780 3423 3854 (II
3454 3779 3638 3836 Thess.
3670 3797 3766 3847 ιιι,
3802 3779 3874 3853 2).

2291 3868 2411 3924 Non
2434 3870 2618 3940 itaque
2651 3870 2758 3926 hoc
2798 3871 2869 3927 ad
2898 3872 3310 3927 universitatem
3345 3871 3629 3927 hominum
3675 3871 3877 3937 retulit,

2294 3965 2389 4022 sed
2434 3963 2504 4020 ad
2537 3974 2803 4022 creatura:
2845 3966 3241 4040 integritatem,
3275 3967 3331 4022 id
3375 3974 3480 4032 est,
3530 3966 3787 4038 spiritum
3828 3973 3882 4022 et

2296 4062 2534 4119 animam
2564 4069 2623 4120 et
2644 4074 2875 4130 corpus;
2904 4069 2962 4117 et
2982 4060 3113 4117 illud
3141 4061 3287 4132 quod
3318 4059 3508 4133 [Aug.,
3535 4060 3669 4134 quo]
3689 4060 3882 4115 intelli-

2297 4156 2497 4227 gimus,
2523 4164 2581 4209 et
2618 4154 2749 4209 illud
2776 4153 2919 4224 quod
2956 4151 3144 4225 [Aug.,
3173 4149 3305 4224 quo]
3331 4152 3602 4219 videmus,
3655 4160 3712 4208 et
3763 4149 3883 4208 illud

2297 4245 2441 4315 quod
2471 4242 2656 4316 [Aug.,
2701 4242 2831 4316 quo]
2861 4242 3106 4300 visibiles
3144 4252 3201 4300 et
3223 4243 3644 4300 contractabiles
3676 4257 3881 4299 sumus.

2298 4338 2402 4407 Qui
2426 4338 2570 4394 enim
2618 4338 2800 4394 dixit:
2850 4335 3087 4410 Capillus
3120 4340 3307 4410 capitis
3346 4341 3503 4395 vestri
3548 4356 3656 4395 non
3702 4338 3885 4411 peribit

2302 4428 2454 4502 (Luc.
2478 4446 2594 4495 xxx,
2625 4429 2739 4500 i8),
2786 4430 2970 4485 omnia
3010 4431 3183 4486 trahit
3209 4439 3333 4503 post
3374 4447 3455 4488 se.
3481 4430 3594 4486 Aut
3616 4431 3666 4487 si
3710 4428 3885 4486 mutis

616 4501 836 4561 Simeou
866 4520 1033 4589 senex
1058 4505 1281 4560 etAnna
1307 4505 1467 4560 vidua
1490 4516 1885 4577 cognoverunt;
1917 4508 2196 4564 etZacha—
2223 4541 2278 4603 ι)
2304 4501 2404 4590 ipsi
2427 4520 2672 4576 homines
2692 4520 3025 4592 intelligendi
3048 4501 3389 4589 sungbmnia
3410 4524 3805 4595 manu
3825 4521 3887 4579 αι

615 4598 727 4654 rias
753 4605 809 4653 et
834 4594 1131 4664 Elisaheth,
1156 4597 1249 4668 qui
1278 4598 1343 4653 de
1367 4596 1459 4654 illo
1506 4600 1741 4655 nondum
1768 4608 1919 4667 nato,
1947 4600 2039 4656 sed
2080 4600 2193 4670 jam
2226 4594 2269 4603 ⁷
2301 4610 2529 4666 salutem
2551 4625 2840 4683 possumus
2862 4611 3071 4668 dicere;
3094 4628 3161 4668 εχ
3175 4594 3666 4684 quibusomnibus,
3683 4614 3791 4679 an,
3809 4612 3887 4668 ιε.

615 4696 879 4758 concepto
903 4694 1050 4742 tanta
1084 4703 1183 4759 per
1225 4687 1489 4761 Spiritum
1530 4698 1777 4747 sanctum
1806 4692 2191 4762 praedixerunt.

616 4774 723 4831 Sed
767 4775 1001 4845 Spiritus
1028 4778 1262 4834 nondum
1309 4786 1426 4836 erat
1457 4780 1634 4848 datus,
1668 4781 1721 4837 id
1752 4790 1855 4849 est,
1888 4781 1977 4837 illa
2026 4783 2199 4838 abun-

614 4868 798 4924 dantia
819 4869 1005 4939 gratia:
1047 4871 1323 4941 spiritalis,
1354 4889 1459 4945 qua
1501 4877 1812 4948 congregati
1843 4875 2041 4948 linguis
2079 4890 2196 4932 om-

615 4965 765 5021 nium
796 4962 1166 5035 loquerentur,
1208 4983 1272 5023 ac
1300 4968 1345 5023 si
1373 4970 1430 5025 in
1452 4969 1653 5044 linguis
1680 4973 1922 5029 omnium
1951 4974 2196 5044 gentium

616 5048 796 5114 futura
835 5060 1554 5129 praenuntiaretur‘Ecclesia
1578 5109 1591 5132 ,
1624 5083 1730 5138 qua
1760 5067 1932 5138 gratia
1963 5065 2198 5139 spiritali

616 5152 797 5224 populi
844 5160 1324 5227 congregarentur,
1373 5161 1480 5226 qua
1520 5157 1678 5230 longe
1726 5160 1943 5231 lateque
1974 5167 2196 5233 peccata

618 5242 1041 5312 dimitterentur,
1060 5258 1114 5301 et
1136 5246 1300 5301 millia
1317 5247 1541 5302 millium
1560 5249 1670 5306 Deo
1691 5252 2195 5309 reconciliarentur.

618 5328 755 5404 Quid
781 5354 930 5411 ergo,
952 5339 1030 5395 ait
1051 5340 1342 5411 quispiam,
1364 5339 1490 5411 quia
1517 5340 1760 5398 diabolus
1773 5344 1840 5398 de
1861 5345 2199 5400 credentium

619 5429 874 5486 cordibus
902 5429 1113 5500 eiicitur
1140 5432 1282 5488 foras
1305 5430 1449 5500 ,jam
1494 5430 1731 5488 ﬁdelium
1758 5435 2026 5490 neminem
2077 5443 2199 5492 ten-

619 5522 737 5578 fat?
759 5520 873 5579 lmo
898 5538 1028 5579 vero
1076 5534 1285 5582 tentare
1321 5543 1427 5582 non
1452 5535 1651 5583 cessat.
1684 5524 1792 5584 Sed
1817 5528 1961 5583 aliud
1992 5540 2075 5585 est
2120 5532 2201 5586 in-

618 5612 893 5671 trinsecus
932 5630 1180 5687 regnare,
1210 5617 1353 5673 aliud
1397 5626 1483 5674 est
1511 5616 1815 5675 forinsecus
1854 5634 2195 5691 oppugnare;

623 5702 769 5759 aliud
800 5712 881 5760 est
912 5705 1219 5773 vulnerare,
1250 5707 1393 5762 aliud
1421 5709 1691 5764 occidere.
1727 5707 1835 5765 Sed
1857 5709 1902 5765 si
1928 5709 2197 5778 vulnerat,

628 5796 777 5853 adest
804 5798 895 5868 qui
911 5805 1083 5854 sanat.
1106 5797 1242 5866 Quia
1267 5800 1405 5855 sicut
1421 5800 1586 5874 586
1604 5804 1969 5875 pugnantibus
1997 5805 2199 5863 dictum

2301 4702 2377 4759 hil
2392 4718 2510 4759 esse
2533 4703 2859 4775 periturum,
2881 4718 3004 4758 cum
3026 4719 3190 4775 supra
3212 4704 3405 4760 desuis
3424 4703 3621 4760 ovibus
3643 4704 3889 4775 loquere-

2301 4802 2391 4851 tur
2409 4794 2590 4867 (Joan.
2628 4811 2685 4862 x,
2718 4793 2830 4867 28).
2860 4795 2969 4850 Aut
2987 4803 3137 4851 certe
3155 4795 3337 4850 omnia
3361 4794 3646 4850 hominum
3669 4808 3891 4866 genera,

2301 4887 2416 4943 sive
2435 4887 2488 4941 in
2502 4886 2698 4957 linguis
2719 4884 2994 4953 omnibus,
3010 4886 3124 4944 sive
3148 4887 3204 4942 in
3216 4886 3465 4943 tetatibus
3484 4884 3769 4951 omnibus,
3784 4886 3894 4941 sive

2300 4980 2356 5036 in
2390 4978 2644 5050 gradibus
2690 4979 2959 5037 honorum
3005 4979 3273 5046 omnium,
3314 4980 3430 5035 sive
3465 4980 3521 5034 in
3559 4977 3896 5035 diversitati-

2298 5072 2403 5128 bus
2423 5071 2762 5143 ingeniorum
2789 5072 3066 5138 omnibus,
3088 5072 3202 5129 sive
3228 5072 3287 5128 in
3308 5072 3507 5129 artium
3533 5070 3820 5127 licitarum
3842 5077 3896 5125 et

2298 5163 2515 5220 utilium
2534 5161 2961 5234 professionibus
2980 5166 3255 5234 omnibus,
3274 5173 3330 5222 et
3340 5166 3601 5237 quidquid
3617 5165 3772 5221 aliud
3792 5162 3896 5220 dici

2298 5264 2480 5329 poteat
2504 5298 2520 5324 ,
2549 5257 2843 5313 secundum
2874 5257 3294 5314 innumerabiles
3320 5255 3659 5313 diﬁ‘erentias
3686 5257 3891 5328 quibus

2302 5348 2446 5403 inter
2468 5362 2549 5414 se,
2588 5354 2788 5418 praeter
2814 5347 2929 5403 sola
2962 5358 3212 5419 peccata,
3254 5347 3499 5404 homines
3544 5348 3779 5412 distant,
3830 5343 3901 5400 ab

2302 5440 2687 5497 excelsissimis
2710 5456 2880 5512 usque
2906 5442 2975 5499 ad
3002 5442 3355 5509 humillimas,
3383 5457 3417 5497 a
3443 5457 3573 5513 rege
3606 5456 3786 5514 usque
3829 5436 3900 5495 ad

2303 5536 2610 5593 mendicum
2643 5552 2655 5589 :
2690 5534 2906 5603 Omnia,
2954 5536 3151 5607 inquit,
3204 5537 3413 5591 traham
3438 5545 3557 5607 post
3604 5552 3713 5602 me,
3743 5543 3806 5591 ut
3830 5534 3905 5591 sit

2301 5636 2466 5696 caput
2493 5641 2706 5693 eorum,
2728 5635 2784 5682 et
2809 5628 2898 5684 illa
2931 5630 3175 5685 membra
3201 5628 3337 5699 ejus.
3388 5624 3499 5683 Sed
3527 5627 3577 5682 si
3600 5625 3902 5694 excitatus,

2302 5720 2501 5791 inquit,
2527 5721 2677 5790 fuero
2697 5740 2729 5776 a
2755 5732 2920 5788 terra,
2954 5723 3057 5778 hoc
3086 5730 3193 5787 est,
3221 5738 3346 5777 cum
3383 5719 3659 5775 exaltatus
3692 5718 3858 5775 fuero
3880 5735 3898 5772 :

2303 5825 2412 5867 non
2442 5811 2588 5867 enim
2615 5811 2830 5870 dubitat
2854 5812 3097 5870 futurum
3123 5828 3245 5872 esse
3271 5811 3416 5886 quod
3442 5810 3597 5870 venit
3634 5809 3895 5884 inplere.
