4088 6340
222 338 329 397 917

1044 334 1455 396 uxrem.
1492 366 1566 382 --
1589 335 1948 397 conm.
1985 337 2057 394 IN
2089 336 2282 396 rem.
2320 367 2391 380 -
2426 339 2555 394 us.»
2594 340 2661 397 v.
2712 310 2717 317 ’
2778 284 2784 288 ’

3381 345 3485 402 918

222 453 339 509 Hoc
366 449 602 507 refertur
639 450 709 506 ad
755 447 908 518 illud,
937 464 1045 521 quo
1090 452 1340 522 superius
1378 452 1458 508 ait
1479 466 1499 506 :
1521 451 1580 508 Si
1626 462 1802 508 autem
1832 460 1881 520 Α
1974 452 2342 509 Praenuntiata
2384 453 2647 509 Dominus
2687 452 2938 511 Christus
2985 455 3235 524 paSsioue
3288 473 3385 514 sua
3431 461 3485 515 in

223 552 491 601 mortuum
520 543 932 616 fneritgransm,
956 545 1179 600 multum
1191 547 1421 617 fructum
1442 547 1598 616 affert
1620 547 1801 616 (Joan.

222 650 329 702 xu,
356 633 472 707 24).
510 634 647 690 Nam
682 635 1063 691 exaltationem
1101 651 1254 693 suam
1278 637 1409 707 quid
1451 636 1597 692 aliud
1626 637 1803 705 dixit,

223 743 389 800 quam
438 726 495 782 in
523 742 684 784 cruce
709 729 1053 799 passionem?
1074 728 1228 795 Quod
1257 739 1312 784 et
1340 730 1453 801 ipse
1477 729 1804 802 evangelista

223 835 335 876 non
362 820 561 887 tacuit;
592 820 870 892 subiunxit
908 823 1075 889 enim,
1102 829 1159 878 et
1197 822 1274 876 ait
1305 840 1318 876 :
1351 821 1536 895 (Vens.
1567 824 1659 890 35,
1686 823 1805 896 54.)

225 911 347 967 Hoc
362 922 537 966 autem
560 912 789 979 dicebat,
807 913 1110 984 signiﬁcans
1136 930 1241 985 qua
1265 924 1430 968 morte
1473 925 1606 970 esset
1642 916 1805 969 mori-

220 1013 400 1059 turus.
442 1002 731 1075 Respondit
776 1004 826 1059 ei
866 1006 1019 1060 turba
1046 1022 1065 1060 :
1097 1003 1213 1060 Nos
1248 1006 1629 1062 audisimusea:
1657 1006 1765 1079 lege
1787 1048 1803 1076 ,

217 1099 352 1172 quia
375 1095 616 1154 Christus
637 1108 810 1153 manet
829 1099 888 1153 in
904 1107 1180 1165 (sternam,
1198 1107 1249 1153 et
1266 1098 1524 1170 quomodo
1546 1108 1605 1153 tu
1631 1099 1761 1154 diris
1784 1115 1805 1156 :

221 1187 445 1263 Oportet
472 1190 701 1245 exaltari
728 1190 931 1248 Filium
955 1194 1222 1249 heminis?
1250 1194 1380 1261 Quis
1401 1204 1479 1250 est
1505 1196 1605 1249 iste
1628 1193 1805 1252 Filius

220 1282 454 1338 hominis
465 1283 493 1337 γ
517 1282 825 1340 Memoriter
845 1294 1131 1341 tenuerunt
1146 1287 1290 1357 quod
1313 1287 1573 1343 Dominus
1590 1288 1806 1344 dicebat

223 1375 445 1431 assidue
484 1373 682 1430 Filium
728 1378 964 1434 hominis
990 1394 1049 1435 se
1072 1394 1210 1435 esse.
1237 1380 1371 1435 Nam
1400 1384 1503 1438 hoc
1546 1382 1667 1439 loco
1694 1398 1803 1439 non

221 1467 344 1521 ait:
371 1466 419 1522 si
454 1466 721 1523 exaltatns
746 1467 911 1524 fuerit
932 1484 967 1524 a
1004 1479 1149 1525 terra
1186 1469 1359 1526 Filius
1395 1472 1632 1527 hominis
1663 1492 1675 1527 :
1709 1474 1803 1529 sed

222 1559 368 1614 sicut
389 1559 638 1629 superius
665 1558 899 1628 dixerat,
932 1560 1148 1631 quando
1175 1562 1405 1618 nuntiati
1429 1570 1557 1618 sunt
1579 1563 1805 1635 gentiles

221 1651 325 1716 illi,
348 1651 441 1721 qui
466 1665 591 1706 eum
618 1652 796 1708 videre
815 1653 1105 1723 cupiebant
1130 1672 1142 1707 :
1181 1652 1333 1709 Venit
1360 1654 1514 1720 hora,
1561 1664 1621 1709 ut
1642 1655 1806 1727 glori-

221 1744 410 1814 ﬁcetur
436 1740 612 1797 Filius
658 1743 906 1799 hominis.
936 1743 1053 1799 Hoc
1096 1745 1281 1815 itaque
1330 1746 1420 1801 isti
1456 1746 1638 1800 animo
1675 1746 1806 1801 reti-

222 1842 505 1902 nentes,et
522 1836 665 1905 quod
681 1852 822 1891 nunc
845 1837 917 1891 ait
943 1855 957 1890 :
986 1834 1117 1891 Cum
1140 1836 1400 1892 exaltatus
1423 1836 1573 1907 fuero
1592 1846 1802 1906 eterra,
1833 1816 1884 1878 Β

223 1935 455 1983 mortem
485 1927 665 1983 crucis
702 1927 1084 1997 intelligentes,
1110 1929 1440 1998 qumsierunt
1483 1927 1551 1982 ab
1592 1928 1708 1994 illo,
1750 1936 1809 1985 et

223 2020 510 2077 dixerunt:
557 2017 671 2075 Nos
697 2019 995 2074 audivimus
1013 2037 1079 2075 ea:
1098 2019 1230 2091 lege,
1260 2020 1384 2092 quia
1425 2018 1665 2074 Christus
1692 2035 1808 2074 ma-

223 2124 308 2169 net
336 2115 391 2169 in
418 2123 670 2170 eternium
702 2132 717 2169 :
751 2114 1082 2187 etquomodo
1124 2123 1183 2170 ta
1217 2113 1348 2170 dicis
1373 2129 1394 2170 .'
1418 2113 1635 2186 Oportet
1660 2112 1806 2169 exal-

222 2208 329 2262 tari
353 2206 557 2263 Filium
579 2208 849 2264 hominis?
870 2207 929 2264 Si
953 2209 1099 2264 enim
1118 2207 1368 2264 Christus
1393 2215 1500 2274 est,
1528 2207 1803 2277 inquiunt,

227 2305 417 2353 manet
467 2298 526 2352 in
568 2308 878 2352 aeternum:
913 2296 961 2352 si
996 2305 1181 2352 manet
1220 2298 1276 2352 in
1316 2305 1612 2362 aeternum,
1668 2310 1805 2367 quo-

222 2387 390 2443 modo
434 2386 765 2441 exaltabitur
816 2402 848 2441 a
893 2388 1079 2441 terra?
1124 2386 1180 2442 Id
1239 2396 1346 2453 est,
1382 2387 1652 2459 quomodo
1677 2401 1828 2442 cru-r

222 2476 307 2530 cis
354 2475 607 2546 passione
653 2476 949 2531 morietur?
982 2476 1094 2533 Hoc
1124 2478 1271 2533 enim
1316 2490 1443 2533 eum
1498 2476 1699 2532 dixisse
1724 2477 1807 2530 in-

222 2564 557 2637 telligebant,
604 2567 747 2636 quod
793 2564 974 2623 facere
1009 2568 1341 2638 cogitabant.
1379 2566 1500 2622 Non
1538 2582 1669 2638 ergo
1720 2567 1802 2622 eis

220 2655 515 2712 verborum
555 2656 784 2712 istorum
827 2658 1215 2714 obscuritatem
1250 2659 1471 2729 aperuit
1508 2658 1683 2714 infusa
1716 2674 1804 2713 sa-

221 2748 452 2821 pientia,
475 2749 571 2805 sed
604 2750 880 2806 stimulata
915 2752 1269 2808 conscientia.
1296 2751 1482 2824 (Vens.
1511 2750 1627 2825 55.)

224 2855 348 2909 ergo
374 2840 448 2894 eis
477 2838 633 2896 Iesus
664 2858 683 2896 :
710 2840 896 2897 Adhuc
942 2842 1206 2897 modicum
1235 2842 1409 2898 lumen
1452 2844 1510 2898 in
1536 2842 1680 2898 vobis
1703 2852 1801 2898 est.

224 2931 367 2989 Hinc
395 2941 500 3001 est,
531 2935 675 3006 quod
718 2935 1017 3007 intelligitis
1041 2934 1198 3007 [ΗΜ
1245 2936 1611 3008 intelligetis],
1658 2936 1805 3006 quod

223 3023 478 3081 Christus
518 3036 700 3082 manet
746 3027 803 3082 in
834 3036 1126 3083 internum.
1174 3028 1313 3100 Ergo
1344 3028 1631 3095 ambulate,
1676 3028 1805 3083 dum

225 3116 397 3175 lucem
437 3119 661 3186 habetis,
712 3129 770 3174 ut
808 3138 917 3176 non
955 3137 1046 3176 vos
1087 3125 1310 3176 tenebris
1344 3120 1802 3191 comprehendant.

222 3209 535 3278 Ambulate,
572 3179 833 3278 accedite,
865 3220 1039 3268 totum
1083 3211 1243 3283 587
1272 3179 1576 3283 intelligite,
1609 3222 1667 3267 et
1689 3228 1806 3269 mo-
1831 3179 1879 3243 θ

225 3304 462 3362 riturum
486 3304 761 3362 Christum
796 3313 851 3361 et
878 3306 1151 3362 victurum
1181 3306 1235 3359 in
1267 3313 1561 3372 aeternum;
1595 3314 1649 3361 et
1677 3321 1809 3361 san-

210 3380 445 3471 guinem
470 3397 715 3456 fusurum
743 3415 853 3471 quo
874 3399 1128 3466 redimat,
1159 3407 1218 3454 et
1238 3412 1591 3455 escensurum
1619 3399 1676 3453 in
1716 3414 1808 3454 su-

225 3489 414 3546 blimia
439 3505 549 3561 quo
574 3491 854 3562 perducat.
906 3489 1168 3546 Tenebrae
1192 3497 1377 3544 autem
1418 3504 1516 3545 vos
1558 3502 1808 3558 compre-

226 3584 487 3652 hendent,
517 3585 654 3640 sieo
678 3585 842 3639 modo
861 3582 1411 3639 credideritisChristi
1425 3582 1806 3648 aeternitatem,

226 3682 290 3730 It
315 3676 523 3746 negetis
548 3674 604 3730 in
632 3690 699 3731 eo
725 3674 918 3730 mortis
959 3673 1336 3730 humilitatem.
1363 3672 1435 3726 Et
1460 3672 1550 3743 qui
1572 3670 1810 3725 ambulat

227 3766 537 3821 intenebris
566 3807 581 3833 ,
620 3765 783 3821 nescit
820 3781 929 3837 quo
956 3764 1138 3821 vadat.
1181 3762 1274 3819 Sic
1323 3770 1502 3835 potest
1532 3760 1811 3818 oﬂendere

228 3858 285 3913 in
315 3857 546 3928 lapidem
572 3856 905 3924 offensionis,
936 3866 992 3913 et
1016 3865 1228 3930 petram
1255 3855 1518 3921 scandali,
1541 3855 1684 3925 quod
1709 3854 1812 3909 fuit

229 3949 490 4006 Dominus
520 3949 680 4006 caecis
700 3948 903 4004 Iudaeis
931 3947 984 4019 (Ι
1021 3946 1170 4002 Petr.
1200 3963 1264 4013 ιι,
1285 3946 1374 4017 8);
1402 3948 1544 4001 sicut
1582 3945 1810 4000 creden—

229 4038 375 4094 tibus
408 4038 542 4109 lapis
570 4053 733 4110 quem
782 4040 1209 4108 reprobavcrunt
1248 4035 1601 4099 aediﬁcantes,
1628 4033 1809 4089 factus

230 4139 315 4187 est
352 4131 408 4185 in
451 4138 618 4201 caput
658 4128 841 4200 anguli
883 4126 1056 4201 (Psat.
1105 4143 1277 4192 cxvu,
1331 4126 1444 4197 2‘2).
1492 4125 1631 4180 Hinc
1668 4124 1811 4179 indi-

230 4222 383 4294 gnati
411 4227 538 4278 sunt
562 4222 786 4277 credere
806 4221 864 4275 in
882 4218 1183 4284 Christum,
1202 4218 1330 4288 quia
1349 4231 1538 4272 eorum
1558 4215 1813 4285 impietas

229 4312 557 4383 contempsit
566 4320 862 4378 mortuum,
876 4311 1000 4367 risit
1014 4310 1257 4367 occisum
1280 4327 1294 4363 :
1310 4315 1367 4362 et
1387 4308 1503 4378 ipsa
1522 4315 1640 4362 erat
1663 4319 1814 4362 mors

229 4406 389 4478 grani
433 4403 848 4476 multiplicandi,
875 4411 932 4460 et
966 4402 1222 4460 exultatio
1264 4401 1533 4458 trahentis
1581 4406 1707 4471 post
1748 4413 1811 4456 se

232 4514 442 4554 omnia.

306 4592 475 4647 Vens.
502 4590 593 4648 56.
617 4621 689 4632 —
714 4590 856 4645 Dum
883 4590 1052 4645 lucem
1078 4588 1295 4653 habetis,
1319 4586 1513 4643 credite
1539 4588 1596 4642 in
1621 4586 1811 4654 lucem,

230 4696 294 4744 ut
320 4686 421 4757 ﬁlii
450 4686 587 4743 lacis
607 4688 743 4742 sitis.
770 4684 907 4742 Cum
936 4685 1138 4756 aliquid
1166 4684 1283 4739 veri
1310 4682 1554 4743 auditum
1581 4681 1813 4747 habetis,

231 4780 442 4837 credite
459 4780 517 4835 in
531 4780 841 4845 veritatem,
859 4785 924 4834 ut
947 4775 1307 4833 renascamini
1331 4774 1389 4829 in
1410 4772 1659 4828 veritate.
1684 4770 1817 4825 Haec

233 4872 444 4927 tactum
471 4880 550 4927 est
574 4870 763 4938 Iesus,
784 4880 834 4926 et
860 4869 1133 4925 abscondit
1157 4884 1214 4923 se
1240 4866 1305 4922 ab
1336 4866 1434 4920 eis.
1470 4864 1591 4921 Non
1627 4863 1695 4918 ab
1737 4861 1820 4917 eis

232 4962 333 5035 qui
358 4962 582 5018 credere
605 4970 662 5017 et
681 4961 904 5034 diligere
927 4964 1236 5030 eruperant;
1263 4971 1373 5011 non
1393 4957 1461 5011 ab
1480 4954 1562 5010 eis
1576 4952 1674 5023 qui
1694 4964 1818 5008 cum

234 5057 412 5113 ramis
432 5056 734 5128 palmarum
762 5062 818 5111 et
846 5054 1097 5109 laudibus
1122 5049 1337 5106 obviam
1377 5054 1673 5112 venerant;
1721 5042 1818 5100 sed

233 5150 310 5206 ab
330 5149 413 5205 eis
437 5149 532 5220 qui
557 5146 816 5205 videbant
842 5154 897 5202 et
917 5129 1249 5208 invidebant,
1279 5140 1405 5211 quia
1420 5153 1523 5195 nec
1539 5136 1817 5201 videbant,

234 5243 336 5302 sed
363 5244 418 5299 in
446 5242 677 5314 lapidem
712 5239 860 5296 illum
899 5236 1088 5294 caecati
1132 5233 1289 5307 [Aug.
1310 5272 1328 5300 ,
1351 5228 1619 5302 caecitate]
1650 5226 1820 5285 oden-

235 5337 462 5393 dehant.
485 5334 622 5392 Cum
647 5342 831 5388 autem
855 5345 916 5387 se
938 5328 1306 5385 abscondisset
1336 5323 1496 5381 Iesus
1517 5323 1587 5378 ab
1618 5320 1698 5377 eis
1726 5318 1821 5389 qui

236 5430 393 5488 illum
417 5429 665 5486 occidere
685 5426 994 5498 cupiebant,
1025 5422 1201 5497 (quod
1240 5435 1383 5492 saepe
1426 5424 1646 5489 propter
1685 5412 1821 5470 obli-

234 5513 458 5580 vioitem
470 5521 848 5580 commonendi
868 5514 1048 5589 estis),
1061 5525 1262 5573 nostra:
1285 5511 1588 5570 inﬁrmitati
1618 5523 1817 5567 consu-

238 5615 366 5684 luit,
395 5630 503 5673 non
530 5628 642 5673 suae
662 5612 917 5685 potestati
944 5609 1243 5681 derogavit.
1273 5627 1295 5661 ι

319 5744 342 5774 ο
376 5731 458 5787 Ex
484 5730 543 5786 S.
569 5729 731 5798 Aug.,
761 5734 922 5782 tract.
946 5739 1064 5790 uu,
1090 5721 1421 5798 num._2-i5.

320 5803 350 5848 ιδ
374 5802 533 5877 Apud
546 5793 908 5883 Augustinum
922 5798 1039 5855 hinc
1057 5795 1220 5851 verba
1244 5793 1318 5849 ita
1340 5793 1392 5847 in
1399 5797 1789 5862 terpunguntur
1805 5804 1818 5842 :

1905 545 2235 603 exaltatione
2262 545 2442 600 crucis
2471 544 2637 617 (qubd
2652 545 2824 601 Judaei
2843 532 3221 617 intelligentes,
3237 551 3487 618 quaestim

1904 652 2030 693 nem
2060 645 2458 708 proposuerunt
2483 638 2753 709 quomodo
2778 639 2984 695 diceret
3008 654 3068 694 se
3109 654 3230 696 esse
3265 642 3487 696 moritu-

1904 746 2049 798 rum,
2079 746 2203 787 cum
2242 746 2311 787 ex
2360 731 2477 803 lege
2506 726 2798 797 audiefint,
2825 733 2969 803 quod
3008 732 3259 790 Christus
3306 746 3489 791 manet

1904 823 1961 878 in
2010 823 2296 897 aeternum)
2320 864 2336 890 ,
2391 823 2586 879 deinde
2640 823 2823 879 intulit
2864 825 3216 897 evangelista,
3246 834 3302 881 et
3349 828 3425 881 ait
3471 846 3483 881 :

1905 910 2091 986 (Vens.
2117 913 2209 979 57,
2236 912 2327 985 38)
2353 910 2489 968 Cum
2537 922 2711 969 autem
2740 920 2889 969 tanta
2913 916 3065 986 signa
3087 916 3290 986 fecisset
3310 933 3490 971 coram

1903 1004 2000 1071 eis,
2032 1020 2138 1058 non
2164 1002 2443 1059 credebant
2470 1005 2528 1059 in
2553 1021 2693 1060 eum.
2728 1002 2796 1058 Ut
2826 1021 2995 1059 sermo
3025 1004 3188 1060 Isaite
3225 1007 3488 1077 prophetae

1903 1094 2395 1166 impleretur,quem
2414 1096 2548 1149 dixit
2577 1109 2596 1147 :
2627 1095 2868 1161 Domine,
2889 1096 3006 1167 quis
3032 1096 3255 1151 credidit
3282 1097 3490 1153 auditui

1904 1188 2125 1242 nostro?
2155 1187 2224 1241 Et
2253 1186 2523 1241 brachium
2546 1186 2760 1241 Domini
2789 1189 2873 1241 cui
2903 1187 3181 1243 revelatum
3210 1197 3287 1243 est
3331 1188 3487 1260 (Isai.

1905 1295 2001 1335 Lm
2012 1319 2027 1344 ,
2044 1279 2094 1350 l)
2109 1280 2132 1331 ?
2155 1276 2301 1344 Quis,
2317 1293 2417 1347 pro
2438 1279 2659 1333 raritate
2669 1279 2870 1347 posuit,
2887 1280 3013 1349 quia
3025 1281 3168 1349 quod
3180 1281 3350 1336 sancti
3365 1296 3492 1351 pro-

1904 1371 2083 1442 pheta:
2102 1386 2132 1424 a
2150 1369 2263 1425 Deo
2287 1369 2575 1425 audierunt
2594 1378 2649 1424 et
2674 1370 2871 1440 populo
2890 1371 3342 1440 praedicaverunt,
3358 1388 3492 1441 pau-

1904 1464 2111 1519 cissimi
2135 1463 2504 1519 crediderunt.
2539 1447 2596 1517 th
2625 1476 2690 1517 eo
2720 1464 2865 1532 quod
2910 1463 3007 1528 an,
3048 1463 3336 1519 Brachium
3376 1465 3488 1519 Do-

1905 1555 2035 1627 mini
2081 1555 2170 1609 cui
2217 1553 2496 1609 revelatum
2542 1554 2659 1608 est?
2708 1573 2727 1605 ι
2764 1567 2790 1595 α
2826 1554 2918 1609 ubi
2943 1555 3081 1612 satis
3100 1557 3340 1612 ostendit
3364 1555 3491 1613 bra-

1907 1648 2089 1703 chium
2117 1646 2353 1714 Domini,
2384 1649 2559 1718 ipsum
2588 1648 2683 1704 Dei
2714 1648 2911 1705 Filium
2950 1658 3351 1720 nuncupatum;
3380 1664 3491 1704 non

1906 1739 2050 1810 quod
2071 1740 2213 1795 Deus
2232 1740 2395 1795 Pater
2413 1740 2585 1812 ﬁgura
2601 1741 2994 1797 determinetur
3014 1742 3195 1797 carnis
3217 1741 3489 1806 humanae,

1906 1834 2064 1903 eique
2091 1832 2260 1888 Filius
2280 1842 2543 1904 tanquam
2566 1834 2869 1889 membrum
2897 1835 3140 1903 corporis
3159 1835 3383 1898 hmrcat,
3396 1832 3494 1887 sed

1908 1927 2035 1997 quia
2070 1928 2255 1982 omnia
2305 1942 2401 1996 per
2457 1927 2633 1996 ipsum
2682 1925 2827 1982 facta
2877 1935 3023 1992 sunt,
3065 1926 3186 1981 ideo
3208 1925 3494 1981 brachium

1906 2019 2123 2075 Domini
2169 2019 2347 2074 dictus
2395 2025 2496 2074 est.
2552 2017 2707 2075 Sicut
2732 2019 2875 2074 enim
2906 2026 3057 2074 tuum
3088 2017 3367 2073 brachium
3397 2030 3495 2087 per

1906 2114 2051 2184 quod
2083 2112 2350 2184 operaris,
2384 2113 2463 2169 sic
2509 2112 2606 2168 Dei
2645 2112 2930 2168 brachium
2987 2112 3190 2169 dictum
3244 2117 3328 2166 est
3376 2110 3496 2181 ejus

1906 2205 2168 2270 Verbum,
2190 2205 2318 2274 quia
2338 2219 2437 2274 per
2458 2204 2696 2260 Verbum
2724 2211 2983 2275 operatus
3021 2209 3108 2257 est
3151 2200 3295 2256 Deus
3337 2215 3496 2254 mun-

1906 2297 2058 2352 dum.
2081 2295 2191 2352 Cur
2216 2297 2365 2351 enim
2389 2296 2551 2352 homo
2573 2296 2881 2361 brachium,
2896 2302 2957 2356 ut
2983 2291 3188 2362 aliquid
3214 2298 3490 2363 operetur,

1906 2388 2172 2454 extendit,
2192 2387 2298 2443 nisi
2323 2386 2451 2459 quia
2473 2402 2584 2443 non
2611 2387 2868 2442 continuo
2894 2385 2956 2440 ﬁt
2992 2385 3135 2455 quod
3161 2384 3390 2440 dixerit?
3431 2382 3493 2440 Si

1908 2488 2087 2536 autem
2112 2487 2260 2536 tanta
2273 2486 2540 2551 petestate
2558 2479 2901 2551 praevaleret,
2926 2485 2984 2532 ut
2997 2477 3114 2533 sine
3125 2475 3235 2531 ullo
3248 2473 3499 2546 corporis

1906 2581 2058 2629 motu
2084 2574 2168 2629 sui
2210 2574 2353 2643 quod
2384 2573 2618 2639 diceret,
2648 2570 2837 2638 ﬁeret,
2872 2571 3157 2627 brachium
3194 2569 3313 2640 ejus
3351 2576 3498 2626 esset

1906 2666 2134 2720 verbum
2165 2663 2301 2733 ejus.
2330 2663 2438 2719 Sed
2463 2663 2725 2719 Dominus
2749 2661 2905 2718 Iesus
2944 2661 3040 2716 Dei
3086 2661 3264 2716 Patris
3302 2660 3493 2732 unige-

1906 2757 2055 2813 nitus
2073 2757 2266 2824 Filius,
2285 2758 2424 2813 sicut
2450 2771 2555 2811 non
2576 2762 2661 2811 est
2677 2756 2889 2826 paterni
2909 2754 3151 2826 corporis
3167 2754 3493 2821 membrum,

1906 2848 1984 2904 ita
2011 2864 2120 2903 non
2140 2857 2227 2904 est
2252 2846 2573 2919 cogitabile,
2604 2846 2689 2903 vel
2731 2845 2972 2902 sonabile
3018 2860 3082 2899 ac
3122 2844 3494 2918 transitorium

1906 2942 2180 2998 verbum:
2223 2940 2353 3011 quia
2388 2956 2515 2997 cum
2560 2940 2742 2996 omnia
2788 2954 2886 3009 per
2926 2939 3103 3009 ipsum
3153 2936 3295 2993 facta
3343 2945 3489 3005 sunt,

1907 3033 2051 3088 Deus
2090 3040 2210 3087 erat
2237 3032 2475 3088 Verbum
2503 3029 2688 3103 [Aug.,
2711 3031 2807 3085 Dei
2830 3030 3071 3087 Verbum
3091 3027 3252 3101 erat].
3274 3048 3294 3080 ι
3314 3028 3485 3095 Quem

1908 3127 2237 3198 evangelista
2261 3126 2496 3183 Verbum
2516 3125 2816 3180 nominavit
2830 3137 2950 3180 esse
2968 3122 3110 3193 apud
3136 3122 3327 3187 Deum,
3346 3122 3492 3175 hunc

1906 3218 2170 3287 propheta
2202 3217 2486 3273 brachium
2535 3214 2750 3270 Domini
2805 3214 3121 3269 nominavit.
3181 3213 3318 3267 Dum
3368 3212 3496 3266 bra-

1908 3308 2092 3365 chium
2112 3306 2326 3363 Domini
2353 3307 2658 3372 audiamus,
2680 3305 2777 3360 Dei
2795 3305 3075 3371 virtutem,
3093 3312 3149 3358 et
3166 3303 3263 3357 Dei
3287 3301 3501 3371 sapien-

1910 3398 2042 3453 tiam
2089 3397 2368 3453 Christum
2409 3408 2798 3468 agnoscamus,
2829 3411 2927 3466 per
2972 3409 3133 3466 quem
3175 3392 3321 3448 facta
3368 3398 3500 3447 sunt

1909 3490 2110 3545 omnia.
2157 3488 2349 3543 Omnia
2381 3489 2519 3542 enim
2558 3488 2615 3542 in
2653 3487 2914 3558 sapientia
2945 3485 3115 3555 fecisti
3153 3482 3324 3557 (Psal.
3377 3499 3495 3549 cur,

1908 3579 2025 3653 24),
2051 3580 2183 3635 dicit
2207 3578 2510 3635 Psalmista.
2549 3597 2567 3630 ι
2600 3577 2719 3633 Non
2761 3586 2847 3633 est
2869 3578 3015 3633 enim
3051 3577 3165 3647 ipse
3193 3576 3286 3645 qui
3312 3574 3496 3640 Pater,

1910 3672 2006 3728 sed
2030 3686 2197 3726 unum
2236 3678 2363 3726 sunt
2390 3670 2508 3741 ipse
2534 3678 2589 3724 et
2616 3669 2778 3724 Pater
2809 3710 2826 3736 ,
2848 3676 2905 3722 et
2930 3667 3154 3738 aequalis
3178 3665 3348 3732 Patri,
3374 3664 3496 3720 ubi-

1909 3778 2015 3834 que
2041 3771 2207 3819 totus.
2244 3762 2343 3819 Hic
2369 3763 2597 3833 quaestio
2623 3760 2852 3817 dillicilis
2889 3762 3065 3816 oritur
3089 3759 3217 3829 quid
3243 3757 3503 3814 fecissent

1908 3853 2078 3911 Judzni
2130 3853 2290 3920 mali;
2347 3852 2435 3908 vel
2477 3868 2597 3922 quae
2644 3853 2800 3922 culpa
2839 3852 3055 3907 illorum
3104 3858 3267 3916 esset,
3299 3857 3360 3903 ut
3387 3862 3498 3904 non

1910 3947 2218 4011 crederent,
2242 3944 2285 3999 si
2316 3958 2537 3999 necesse
2563 3952 2682 3999 erat
2729 3935 2785 3996 ut
2824 3958 2993 3996 sermo
3045 3940 3200 3995 lsaim
3236 3940 3500 4011 propheta!

1908 4035 2235 4107 impleretur,
2262 4051 2414 4106 quem
2441 4034 2574 4087 dixit
2607 4048 2625 4086 :
2658 4033 2878 4087 Domine
2902 4034 3016 4104 quis
3045 4031 3263 4086 credidit
3291 4029 3501 4083 audilui

1910 4139 2108 4193 nostro,
2136 4138 2184 4183 et
2213 4127 2486 4183 brachium
2529 4125 2744 4179 Domini
2793 4125 2879 4176 cui
2919 4121 3202 4177 revelatum
3245 4121 3357 4176 est?
3399 4118 3499 4174 Cui

1912 4223 2196 4293 quaestioni
2226 4219 2632 4291 respondemus,
2665 4216 2951 4271 Dominum
2978 4213 3265 4285 prmscium
3292 4210 3501 4268 futuro-

1913 4328 2032 4368 rum
2057 4328 2156 4383 per
2181 4311 2498 4384 prophetam
2524 4308 2839 4380 praedixisse
2870 4304 3241 4361 inﬁdelitatem
3281 4300 3497 4360 Judaeo-

1914 4421 2038 4461 rum
2062 4424 2074 4458 :
2103 4404 2418 4476 praedixisse
2446 4411 2647 4467 tamen,
2679 4416 2786 4454 non
2816 4397 3025 4453 fecisse.
3060 4395 3176 4450 Non
3202 4396 3345 4451 enim
3373 4409 3502 4467 pro-

1913 4506 2101 4569 pterea
2133 4513 2460 4569 quemquam
2499 4495 2642 4551 Deus
2692 4494 2758 4549 ad
2799 4490 3131 4563 peccandum
3168 4490 3334 4560 cogit,
3374 4488 3506 4559 quia

1917 4588 2099 4646 futura
2128 4591 2409 4646 hominum
2437 4595 2656 4659 peccata
2681 4586 2797 4656 jam
2838 4584 3012 4639 novit.
3057 4580 3301 4652 Ipsorum
3352 4580 3499 4635 enim

1916 4682 2187 4753 praescivit
2214 4689 2459 4752 peccata,
2479 4695 2588 4734 non
2612 4693 2743 4743 sua;
2768 4692 2876 4730 non
2907 4674 3226 4744 cujusquam
3255 4672 3500 4739 alterius,

1918 4775 2014 4831 sed
2043 4776 2304 4846 ipsorum.
2345 4772 2681 4842 Quapropter
2706 4769 2752 4824 si
2778 4783 2864 4833 ea,
2895 4780 3015 4837 quae
3057 4765 3148 4821 ille
3196 4766 3499 4837 prmscivit,

1918 4860 2160 4931 ipsorum
2199 4873 2307 4914 non
2353 4863 2500 4923 sunt,
2529 4856 2770 4927 ipsorum
2814 4867 2923 4909 nou
2970 4867 3102 4908 vera
3146 4851 3421 4923 praescivit
3445 4851 3497 4904 ιι.

1922 4953 2031 5011 Sed
2055 4954 2178 5024 quia
2208 4951 2349 5006 illius
2374 4947 2709 5021 praescientia
2739 4944 2853 5001 falli
2891 4961 2999 5000 non
3021 4950 3232 5016 potest,
3255 4943 3371 4997 sine
3397 4938 3501 4996 du-

1918 5040 2010 5098 bio
2031 5055 2139 5095 non
2161 5038 2320 5104 alius,
2342 5036 2435 5092 sed
2460 5034 2561 5106 ipsi
2586 5041 2836 5106 peccant,
2861 5046 2998 5103 quos
3024 5029 3167 5085 Deus
3186 5030 3505 5098 peccatores

1922 5116 2096 5207 [Λεία.
2115 5172 2132 5199 ,
2160 5125 2515 5203 peccaturos]
2541 5141 2663 5183 esse
2717 5123 3006 5196 praescivit.
3055 5119 3323 5177 Fecerunt
3372 5129 3502 5207 ergo

1917 5206 2199 5296 peccatum
2225 5220 2417 5286 Judaei,
2440 5219 2582 5290 quod
2624 5232 2719 5274 eos
2755 5214 2936 5272 facere
2971 5228 3078 5269 non
3104 5207 3381 5281 compulit,
3414 5206 3504 5264 cui

1918 5325 2202 5391 peccatum
2242 5330 2348 5369 non
2387 5312 2606 5383 placet:
2639 5308 2737 5367 sed
2781 5308 3020 5363 facturos
3066 5316 3187 5359 esse
3228 5297 3500 5391 praedixit,

1927 5388 2089 5483 quem
2114 5408 2251 5464 nihil
2276 5407 2428 5461 latet.
2460 5403 2566 5460 Sed
2590 5417 2654 5459 ea
2705 5415 2826 5469 quae
2881 5402 3180 5464 sequuntur
3224 5388 3501 5483 Evangelii

1926 5478 2095 5562 verba
2118 5502 2238 5573 plus
2266 5506 2477 5571 urgent,
2509 5505 2563 5552 et
2586 5490 2990 5566 profundiorem
3018 5484 3383 5573 quaestionem
3410 5478 3496 5534 fa-

1927 5599 2093 5655 ciunt.
2121 5571 2326 5651 Dicitur
2352 5591 2499 5647 enim
2527 5587 2693 5658 588
2721 5583 2832 5648 hic,
2859 5580 3013 5651 quasi
3044 5592 3206 5634 causa
3245 5575 3315 5631 sit
3359 5571 3506 5629 Deus

1933 5730 1954 5766 ‹
1984 5712 2325 5780 Quapropter
2352 5706 2398 5761 si
2428 5719 2514 5769 ea,
2541 5696 2774 5780 quasillo
2801 5694 3069 5780 praescivit
3096 5695 3355 5766 ipsorum,
3392 5701 3503 5745 non

1926 5768 2053 5840 3th
2075 5768 2336 5852 ipsorum,
2385 5768 2758 5831 non’vere‘ille
2777 5768 3065 5840 praescivit.
3103 5786 3121 5818 ι
