4074 6450
490 406 497 412 ~
573 369 682 428 919

1419 364 1481 417 B.
1523 363 1585 419 F.
1628 360 1860 417 ALBINI
1899 358 2032 417 SEU
2081 356 2357 416 ALCUINI
2393 356 2680 416 OPERUM
2718 357 2899 415 PARS
2935 358 2997 446 ll.

571 478 972 540 incredulitatis
998 476 1214 535 illorum
1232 517 1247 544 ,
1269 476 1363 548 qui
1403 476 1620 532 illorum
1655 477 1844 533 oculos
1870 474 2164 531 excaecavit
2187 474 2243 537 Α
2265 487 2374 529 non
2401 480 2652 544 poterant
2672 472 2915 540 credere,
2943 440 3100 543 culpa
3124 477 3210 529 est
3243 472 3537 531 voluntatis
3576 440 3861 537 human;

576 583 635 632 et
669 589 766 630 cor
790 571 1080 628 induravit.
1114 570 1225 625 Hoc
1254 569 1473 624 omnino
1498 568 1566 625 de
1589 568 1700 623 Deo
1725 569 1944 634 dicitur,
1966 583 2073 623 non
2096 567 2162 622 de

580 666 813 723 diabolo.
843 664 951 719 Sed
978 678 1139 719 causa
1160 662 1449 731 quaerenda
1470 668 1554 717 est
1582 674 1682 715 cur
1704 661 1968 731 propheta
1992 660 2161 716 dixis—

580 765 664 813 set
689 757 792 813 hoc
823 756 992 811 Deum
1018 754 1212 809 fecisse
1245 771 1258 806 :
1295 748 1459 823 quain
1508 768 1575 808 eo
1624 752 1857 808 donante
1900 761 2164 823 quantum

576 849 895 920 poterimus,
938 860 1284 917 exponemus.
1325 844 1443 899 Non
1472 852 1723 916 poterant
1749 846 1991 911 credere,
2034 845 2164 916 quia

578 940 684 995 hoc
707 940 968 1011 propheta
994 938 1247 1009 prasdixit
1285 956 1297 991 :
1340 937 1467 1011 [hoc
1511 947 1694 994 autem
1730 939 1992 1009 propheta
2020 954 2163 1009 pra»

581 1030 757 1103 dixit],
784 1030 911 1099 quia
949 1029 1091 1085 Deus
1116 1030 1219 1085 hoc
1254 1028 1497 1084 futurum
1518 1043 1639 1084 esse
1665 1019 1957 1101 praiscivit.
1986 1026 2167 1094 Quare

578 1132 764 1181 autem
791 1138 900 1178 non
917 1130 1189 1193 poterant,
1221 1123 1267 1177 si
1296 1137 1328 1177 a
1360 1137 1449 1178 me
1476 1129 1773 1192 quaeratur,
1800 1122 1910 1176 cito
1937 1135 2164 1190 respon-

580 1217 683 1274 deo
715 1234 729 1271 :
761 1215 898 1282 Quia
926 1215 1182 1271 nolebant
1212 1233 1225 1269 :
1258 1214 1458 1270 malam
1499 1215 1697 1285 quippe
1734 1229 1924 1270 eorum
1970 1214 2165 1268 volun-

579 1323 747 1375 tatem
772 1316 1023 1387 praevidit
1048 1317 1210 1381 Deus,
1233 1324 1289 1371 et
1314 1330 1413 1386 per
1436 1316 1755 1386 prophetam
1784 1312 2170 1385 praenuntiavit

576 1408 688 1476 ille,
713 1410 801 1465 cui
827 1409 1085 1465 abscondi
1106 1406 1288 1463 futura
1308 1422 1416 1462 non
1442 1414 1703 1477 possunt:
1732 1414 1788 1461 et
1814 1405 1957 1460 hanc
1993 1420 2168 1460 excae-

578 1501 847 1557 cationem
872 1501 958 1556 vel
980 1500 1383 1555 indurationem
1420 1499 1619 1552 malam
1668 1512 1858 1553 eorum
1901 1509 2168 1550 meruisse

576 1593 910 1649 voluntatem
934 1582 1113 1666 This,
1142 1592 1375 1647 mala....
1407 1590 1733 1664 voluntate].
1783 1590 1874 1646 Sic
1899 1590 2045 1646 enim
2073 1604 2170 1645 ex-

577 1695 765 1753 caecat,
799 1687 880 1741 sic
926 1686 1159 1741 obdurat
1208 1685 1370 1750 Deus,
1403 1684 1702 1739 deserendo
1753 1690 1809 1739 et
1853 1697 1961 1737 non
2011 1680 2167 1751 adju-

577 1777 774 1842 vando,
793 1777 938 1846 quod
957 1775 1170 1831 occulto
1195 1773 1570 1843 nobisjudicio
1592 1774 1741 1839 facit,
1765 1773 1860 1828 sed
1890 1786 2169 1841 nunquam

2265 563 2380 619 Hoc
2417 565 2485 620 de
2512 562 2713 620 Iudaeis
2755 566 2849 634 qui
2882 565 3140 621 excaecati
3171 573 3227 621 et
3255 566 3493 622 indurati
3525 576 3690 635 sunt,
3714 568 3869 628 Deus

2264 656 2556 728 praascivit,
2586 666 2750 727 atque
2796 657 2853 712 in
2895 659 3014 729 ejus
3050 659 3243 728 spiritu
3271 659 3538 730 propheta
3582 661 3864 730 praedixit.

2265 749 2419 818 Quod
2451 766 2583 806 vero
2630 751 2838 807 addidit
2874 769 2887 805 :
2925 750 2996 806 Et
3036 762 3431 819 convertantur,
3459 763 3510 809 et
3535 770 3723 809 samem
3750 773 3864 823 eos,

2265 851 2449 900 utrum
2469 844 2900 901 subaudiendum
2922 846 2994 900 sit
3018 843 3177 917 [Aug.
3197 846 3348 913 add.,
3371 845 3529 921 non],
3546 848 3604 903 id
3630 857 3736 913 est,
3756 864 3867 905 non

2267 944 2677 1003 convertantur,
2699 951 2945 992 connexa
2970 936 3203 1007 desuper
3221 938 3515 1005 sententia,
3532 939 3630 995 ubi
3657 940 3865 996 dictum

2267 1037 2370 1095 est,
2405 1027 2474 1082 Ut
2496 1045 2599 1083 non
2627 1029 2836 1084 uideant
2866 1028 3052 1096 oculis,
3081 1038 3129 1083 et
3155 1029 3450 1102 intelligant
3479 1032 3642 1086 corde
3669 1047 3689 1084 :
3734 1035 3865 1103 quia

2267 1128 2323 1177 et
2357 1120 2447 1175 hic
2480 1121 2666 1190 utique
2694 1121 2897 1177 dictum
2921 1129 3025 1187 est,
3049 1129 3111 1175 ut
3133 1137 3244 1177 non
3263 1122 3602 1195 intelligant;
3652 1132 3711 1179 et
3749 1125 3866 1195 ipsa

2266 1213 2411 1269 enim
2437 1212 2719 1268 conversio
2737 1212 2804 1268 de
2834 1212 2977 1269 illius
3002 1213 3178 1282 gratia
3196 1222 3301 1279 est,
3328 1216 3415 1271 cui
3444 1215 3651 1271 dicitur
3681 1234 3695 1268 :
3720 1215 3858 1271 Deus

2268 1305 2517 1359 virtutum
2560 1315 2796 1361 converte
2834 1323 2927 1361 nos
2956 1303 3129 1379 (Psal.
3160 1324 3346 1374 anx,
3372 1308 3449 1380 4).
3505 1310 3594 1365 An
3635 1309 3869 1367 forte-et

2270 1397 2375 1453 hoc
2403 1398 2471 1453 de
2492 1413 2740 1468 supernae
2769 1400 3052 1456 medicina:
3104 1402 3479 1459 misericordia
3527 1403 3743 1459 factum
3782 1405 3865 1459 in—

2271 1490 2618 1563 telligendum
2641 1498 2745 1557 est,
2761 1494 3015 1562 quoniam
3044 1510 3317 1564 perversae
3337 1505 3392 1551 et
3414 1499 3669 1567 superbae
3688 1498 3866 1555 volun-

2273 1584 2399 1639 tatis
2422 1592 2596 1649 erant,
2624 1592 2680 1639 et
2698 1582 2970 1653 justitiam
2998 1602 3153 1642 suam
3199 1589 3534 1645 constituere
3579 1590 3861 1658 volebant,

2270 1674 2340 1730 ob
2369 1676 2472 1731 hoc
2513 1674 2667 1747 [Λίδη
2691 1676 2759 1731 ad
2786 1676 2911 1750 hoc]
2964 1680 3373 1746 desererentur,
3405 1689 3466 1736 ut
3490 1693 3861 1751 accurentur;

2274 1770 2344 1825 ad
2364 1770 2466 1825 hoc
2485 1779 2978 1837 excmcarcnturmt
3001 1772 3337 1830 offenderent
3352 1776 3408 1830 in
3426 1775 3672 1847 lapidem
3700 1777 3864 1833 oﬂ'en-

578 1866 798 1938 injuste.
813 1870 948 1925 Cum
974 1885 1103 1940 ergo
1129 1869 1412 1939 Apostolus
1440 1870 1580 1923 hanc
1606 1869 1779 1937 ipsam
1805 1866 2171 1923 ditlicillimam
2201 1856 2251 1917 Β
2276 1861 2463 1928 sionis,
2497 1871 2554 1918 et
2585 1863 2939 1934 implerentur
2976 1866 3144 1923 facies
3182 1884 3371 1924 eorum
3418 1870 3727 1942 ignominia
3753 1891 3767 1928 :
3796 1874 3864 1931 ita

580 1963 935 2032 quzestionem
987 1970 1265 2027 tractaret,
1298 1962 1373 2016 ait
1424 1978 1438 2013 :
1496 1960 1751 2032 Nunquid
1797 1961 2044 2031 iniquitas
2094 1967 2171 2014 est

580 2054 723 2124 apud
749 2052 919 2107 Deum
958 2052 1137 2125 (Rom.
1168 2069 1242 2116 lx,
1272 2051 1396 2124 id)?
1434 2053 1607 2107 Absit.
1641 2053 1700 2108 Si
1748 2067 1877 2124 ergo
1922 2052 2066 2107 absit
2109 2059 2172 2106 ut

580 2146 653 2201 sit
697 2144 955 2216 iniquitas
1000 2146 1140 2215 apud
1166 2144 1369 2211 Deum,
1399 2145 1513 2200 sive
1541 2145 1757 2214 quando
1788 2142 2029 2213 adjuvat,
2062 2144 2168 2198 mi-

581 2236 933 2294 sericorditer
981 2236 1142 2302 facit;
1200 2237 1313 2292 sive
1359 2236 1575 2306 quando
1621 2251 1729 2292 non
1764 2236 2002 2307 adjuvat,
2023 2235 2170 2305 juste

579 2324 745 2393 facit;
805 2329 932 2398 quia
970 2329 1152 2383 omnia
1191 2343 1298 2383 non
1342 2328 1671 2395 temeritate,
1700 2328 1795 2383 sed
1837 2326 1983 2396 justo
2022 2325 2169 2397 judi-

578 2420 667 2477 cio
714 2418 863 2475 facit.
900 2419 1071 2475 Porro
1119 2419 1166 2473 si
1214 2418 1415 2490 judicia
1473 2426 1785 2475 sanctorum
1822 2418 1965 2489 justa
2003 2425 2168 2482 sunt,

585 2520 792 2583 quanto
855 2512 1028 2583 magis
1083 2510 1474 2566 sanetitlcantis
1522 2519 1579 2567 et
1631 2509 1983 2580 justificantis
2038 2509 2171 2565 Dei?

584 2601 738 2660 Iusta
780 2618 911 2675 ergo
945 2611 1092 2669 sunt,
1128 2603 1224 2658 sed
1258 2602 1488 2658 occulta.
1518 2602 1643 2657 Ideo
1686 2618 1811 2658 cum
1847 2589 2177 2673 quaestiones

585 2696 894 2766 hujusmodi
922 2696 977 2749 in
1015 2694 1253 2749 medium
1292 2695 1575 2760 venerint,
1607 2709 1779 2764 quare
1816 2692 1954 2749 alius
1982 2693 2090 2760 sic,
2115 2701 2171 2748 et

580 2787 717 2843 alius
740 2788 819 2843 sic
841 2787 1144 2858 judicetur;
1200 2802 1369 2857 quare
1407 2786 1497 2843 ille
1538 2787 1649 2841 Deo
1681 2787 1965 2842 deserente
1995 2801 2170 2842 excie—

581 2886 772 2944 cetur,
805 2878 893 2933 ille
944 2878 1055 2933 Deo
1104 2877 1391 2949 adjuvante
1432 2878 1766 2933 illuminetur
1805 2896 1818 2932 :
1858 2893 1967 2933 non
2015 2878 2172 2933 nobis

572 2976 842 3046 judicium
862 2978 929 3032 de
951 2977 1156 3048 judicio
1180 2977 1315 3031 tanti
1336 2976 1536 3045 judicis
1560 2993 1902 3048 usurpamus,
1922 2978 2016 3032 sed
2044 2992 2171 3033 con-

582 3070 957 3127 tremisceutes
983 3070 1348 3126 cxclamemus
1375 3085 1501 3125 cum
1538 3070 1796 3142 Apostolo
1826 3088 1839 3124 :
1871 3069 1916 3126 0
1944 3070 2171 3126 altitudo

581 3164 885 3222 divitiarum
906 3166 1178 3237 sapientia:
1200 3174 1248 3219 et
1274 3165 1506 3220 scientia:
1531 3163 1661 3219 Dei!
1693 3164 1865 3231 Quam
1904 3165 2169 3220 inscruta-

2271 1953 2541 2010 humiliati
2583 1966 2890 2026 quaererent
2934 1974 3129 2015 nomen
3179 1961 3414 2027 Domini,
3445 1972 3505 2019 et
3558 1981 3671 2020 non
3720 1982 3863 2024 suam

2266 2044 2534 2115 justitiam
2570 2062 2677 2116 qua
2704 2047 2926 2103 inﬂatur
2961 2051 3227 2119 superbus
3265 2066 3280 2107 :
3324 2052 3421 2108 sed
3457 2052 3734 2123 justitiam
3776 2058 3865 2115 Dei

2272 2155 2377 2210 qua
2393 2137 2726 2208 justiticatur
2750 2141 2984 2211 impius?
3007 2140 3123 2199 Hoc
3141 2144 3287 2199 enim
3316 2145 3505 2201 multis
3527 2163 3715 2203 eorum
3745 2166 3867 2221 pro-

2271 2233 2403 2289 fecit
2443 2234 2497 2288 in
2536 2234 2758 2301 bonum,
2786 2235 2883 2304 qui
2934 2235 3003 2292 de
3048 2251 3147 2293 suo
3192 2238 3396 2295 scelere
3446 2245 3772 2311 compuncti,
3805 2245 3863 2300 in

2272 2323 2548 2380 Christum
2567 2333 2756 2395 postea
2780 2324 3146 2393 crediderunt,
3170 2343 3270 2398 pro
3291 2329 3491 2398 quibus
3519 2339 3575 2386 et
3597 2332 3714 2402 ipse
3741 2348 3866 2388 ora-

2276 2424 2453 2483 verat,
2479 2416 2699 2473 dicens‘:
2719 2414 2903 2484 Pater,
2930 2420 3141 2490 ignosce
3169 2420 3298 2488 illis,
3330 2424 3459 2493 quia
3488 2426 3867 2498 nesciuntqm'd

2273 2505 2477 2576 faciunt
2508 2505 2660 2579 (Luc.
2693 2524 2852 2575 χχιιι,
2881 2508 2994 2581 54).
3028 2530 3048 2563 ι
3081 2508 3339 2581 Sequitur
3371 2532 3385 2568 :

2346 2599 2509 2654 Vsus.
2540 2597 2631 2665 42,
2664 2598 2754 2655 45.
2795 2631 2868 2641 -
2922 2600 3297 2659 Verumtamen
3341 2613 3389 2659 et
3436 2622 3503 2660 ea;
3547 2609 3866 2681 principibus

2272 2691 2424 2746 multi
2451 2692 2783 2749 crediderunt
2810 2696 2867 2749 in
2903 2711 3043 2762 eum,
3070 2697 3163 2751 sed
3188 2708 3401 2769 propter
3419 2697 3746 2759 Pharisa’os
3773 2723 3866 2763 non

2274 2784 2673 2855 conﬁtebantur,
2699 2795 2757 2841 ut
2786 2788 2852 2842 de
2876 2805 3143 2860 synagoga
3163 2805 3268 2845 non
3287 2790 3613 2862 ejicerentur
3635 2810 3656 2848 :
3681 2796 3868 2853 dilexe-

2275 2884 2400 2930 runt
2436 2877 2574 2932 enim
2613 2876 2838 2948 gloriam
2890 2879 3163 2934 hominum
3207 2882 3394 2952 magis,
3438 2900 3606 2954 quam
3649 2885 3866 2957 glorians

2274 2966 2393 3022 Dei.
2425 2986 2445 3021 ι
2480 2970 2672 3026 Videte
2712 2972 3167 3041 quemadmodum
3211 2976 3486 3030 notaverit
3534 2978 3866 3050 evangelista

2275 3068 2331 3114 et
2352 3060 2740 3130 improbaverit
2775 3062 3081 3137 [quosdam]
3123 3080 3260 3137 quos
3291 3075 3473 3123 tamen
3496 3068 3555 3124 in
3584 3086 3717 3126 eum
3742 3071 3864 3127 dixit

2278 3152 2607 3209 credidisse:
2641 3155 2734 3225 qui
2765 3155 2821 3210 in
2848 3156 2952 3211 hoc
2975 3155 3142 3227 589
3166 3157 3413 3229 ingressu
3458 3158 3590 3216 fidei
3621 3162 3671 3218 si
3714 3162 3864 3233 proii—

582 3258 709 3316 bilia
755 3268 876 3314 sunt
921 3225 1130 3329 judicia
1176 3259 1309 3329 ejus,
1341 3266 1391 3313 et
1437 3225 1819 3329 investigabiles
1876 3258 1971 3312 vita
2007 3258 2172 3329 ipsius
2199 3225 2248 3292 ο
2278 3254 2486 3312 θθτθῐιῐν
2508 3261 2750 3303 amorem
2795 3225 3008 3319 (ἰιιοίίυέ
3039 3225 3289 3307 {lu—mallii?
3320 3252 3507 3323 810F313
3532 3225 3866 3324 proﬁc;me

577 3348 757 3426 (Rom.
785 3367 881 3415 ιιι,
916 3351 1036 3421 33)!
1072 3350 1148 3405 De
1179 3351 1377 3407 talibus
1397 3366 1530 3407 vero
1559 3351 1947 3423 quaestionibus
1977 3351 2059 3406 vel
2082 3350 2173 3423 ju-

581 3442 741 3500 diciis
759 3443 874 3510 Dei,
901 3444 1277 3500 admonentem
1318 3447 1602 3502 audiamus
1640 3445 1975 3517 Scripturam
2006 3454 2171 3520 atque

581 3536 851 3595 dicentem
879 3552 895 3591 :
926 3536 1130 3592 Altiora
1161 3547 1209 3593 te
1240 3555 1303 3593 ne
1331 3540 1623 3609 qutusieris,
1648 3547 1698 3593 et
1738 3539 1961 3608 fortiora
2007 3548 2055 3594 te
2106 3556 2171 3595 ne

580 3637 939 3700 perscrutatus
966 3629 1127 3699 [ueris
1150 3628 1347 3701 (Eccle.
1385 3646 1468 3696 ιιι,
1497 3628 1610 3699 2‘2).
1632 3629 2021 3685 Perveniamus
2040 3646 2170 3702 ergo

577 3720 641 3779 in
692 3721 835 3776 viam
882 3720 1028 3787 fidei,
1056 3722 1198 3777 hanc
1237 3722 1777 3792 perseverantissime
1824 3729 2103 3780 teneamus
2152 3743 2166 3779 :

578 3812 699 3886 ipsa
720 3814 969 3885 perducit
988 3815 1056 3869 ad
1082 3814 1389 3870 cubiculum
1419 3816 1583 3888 regis,
1608 3816 1663 3871 in
1689 3830 1798 3886 quo
1827 3824 1955 3871 sunt
1979 3832 2168 3874 omnes

578 3905 820 3961 thesauri
861 3904 1138 3975 sapientiae
1185 3905 1506 3962 absconditi.
1549 3904 1666 3963 Non
1719 3908 1864 3963 enim
1910 3908 2169 3966 Dominus

576 3997 695 4068 ipse
740 3996 897 4053 Iesus
933 3996 1183 4054 Christus
1227 3998 1338 4054 suis
1375 3998 1481 4055 illis
1531 3999 1742 4071 magnis
1796 4007 1853 4056 et
1897 4002 2167 4072 praecipue

576 4088 764 4144 electis
787 4088 1062 4159 discipulis
1103 4089 1413 4157 invidebat,
1441 4092 1656 4162 quando
1698 4091 1913 4148 dicebat
1947 4111 1959 4146 :
1993 4092 2167 4149 Multa

577 4180 742 4235 habeo
774 4180 914 4237 vobis
936 4181 1129 4249 dicere,
1150 4182 1242 4237 sed
1264 4200 1369 4238 non
1389 4186 1601 4255 potestis
1624 4183 1719 4238 illa
1760 4193 1971 4257 portare
2010 4185 2165 4242 modo

579 4271 762 4345 (Joan.
794 4291 910 4343 xvr,
942 4274 1053 4348 12).
1079 4276 1482 4331 Ambulandum
1511 4287 1615 4344 est,
1637 4277 2032 4347 proficiendum
2058 4288 2161 4345 εει,

577 4368 934 4423 crescendum
960 4376 1067 4435 est,
1092 4378 1154 4423 ut
1179 4370 1289 4424 sint
1311 4370 1476 4425 corda
1504 4378 1693 4425 nostra
1722 4373 1941 4441 capacia
1972 4387 2162 4426 earum

577 4471 785 4524 rerum,
817 4474 953 4528 quas
981 4474 1178 4530 capere
1207 4460 1367 4515 modo
1406 4477 1513 4517 non
1560 4476 1865 4531 possumus.
1916 4462 2069 4528 Quod
2117 4462 2163 4517 si

576 4561 678 4601 nos
699 4548 919 4604 ultimus
944 4550 1060 4604 dies
1086 4549 1431 4619 proficientes
1460 4551 1746 4614 invenerit,
1776 4552 1849 4607 ibi
1870 4553 2159 4620 discemus,

574 4639 721 4711 quod
750 4639 837 4694 hic
866 4654 972 4694 non
1001 4641 1294 4710 potuimus.
1341 4640 1459 4697 Non
1488 4642 1668 4712 itaque
1693 4642 1892 4698 mirum
1920 4653 2005 4700 est
2033 4645 2161 4715 quia

574 4743 684 4784 non
708 4736 959 4799 poterant
986 4732 1229 4798 credere,
1259 4747 1490 4802 quorum
1530 4732 1778 4788 voluntas
1818 4733 1899 4789 sic
1926 4734 2160 4804 superba

574 4828 712 4888 erat,
740 4829 800 4876 ut
825 4822 1134 4891 ignorantes
1160 4823 1257 4879 Dei
1279 4823 1545 4895 justitiam
1564 4866 1579 4891 ,
1608 4834 1665 4881 et
1714 4840 1868 4881 suam
1918 4826 2159 4883 volentes

572 4915 901 4971 constituere
928 4913 1084 4987 [Ms.,
1111 4915 1310 4972 vellent
1329 4917 1611 4991 statuere],
1640 4919 1779 4974 sicut
1799 4919 1865 4974 de
1893 4918 1999 4973 illis
2025 4918 2158 4973 dicit

569 5004 880 5075 Apostolus,
897 5003 1122 5075 justitiaa
1144 5006 1241 5063 Dei
1269 5022 1377 5063 non
1398 5016 1578 5064 essent
1604 5009 1831 5080 subjecti
1877 5006 1897 5080 (
1921 5007 2071 5062 Rom.
2096 5025 2153 5076 χ,

569 5095 605 5150 3
624 5093 663 5166 ).
694 5095 829 5163 Quia
853 5098 999 5153 enim
1025 5112 1132 5153 non
1154 5115 1221 5154 ex
1249 5098 1375 5166 fide,
1401 5100 1494 5156 sed
1520 5107 1777 5170 tanquam
1807 5114 1874 5155 ex
1900 5099 2154 5169 operibus

571 5194 884 5244 tumuerunt
911 5205 926 5245 :
955 5191 1069 5260 ipso
1094 5205 1191 5245 suo
1222 5197 1431 5245 tumore
1471 5191 1681 5256 caecati,
1718 5189 2056 5245 offenderunt
2098 5190 2154 5245 in

568 5277 802 5348 lapidem
822 5279 1155 5336 offensionis.
1182 5279 1274 5335 Sic
1296 5288 1478 5335 autem
1499 5281 1701 5336 dictum
1726 5289 1829 5347 est,
1861 5298 1965 5335 non
2005 5290 2152 5351 pote-

570 5377 690 5423 rant
725 5370 948 5435 credere,
979 5370 1073 5426 ubi
1102 5370 1507 5441 intelligendum
1544 5379 1645 5434 est,
1668 5371 1811 5440 quod
1840 5371 2095 5427 nolebant
2135 5390 2149 5427 :

570 5463 1021 5533 quemadmodum
1058 5464 1261 5519 dictum
1289 5472 1374 5520 est
1402 5464 1469 5519 de
1496 5463 1724 5519 Domino
1748 5464 1861 5520 Deo
1906 5483 1919 5518 :
1963 5462 2021 5520 Si
2047 5483 2151 5521 non

568 5558 849 5621 credimus,
877 5556 965 5611 ille
1012 5557 1184 5627 ﬁdelis
1232 5567 1521 5629 permanet,
1550 5574 1739 5629 negare
1784 5560 2009 5630 seipsum
2048 5577 2151 5615 non

566 5656 732 5717 potest
784 5647 870 5723 (II
911 5648 1046 5704 Tim.
1075 5666 1141 5717 ιι,
1175 5649 1288 5721 15).
1345 5649 1498 5707 Sicut
1549 5649 1667 5706 laus
1726 5659 1810 5706 est
1858 5651 2152 5707 voluntatis

567 5736 764 5795 divinae
794 5739 961 5812 [quod
999 5740 1119 5796 illos
1157 5742 1335 5797 salvos
1375 5742 1493 5799 ﬁeri
1521 5743 1734 5815 voluit],
1760 5744 1837 5799 ita
1886 5746 2032 5817 quod
2074 5743 2152 5802 illi

638 5863 665 5896 α
706 5852 786 5913 Ex
813 5852 871 5913 S.
900 5853 1221 5933 Augustino,
1252 5864 1410 5918 tract.
1439 5874 1549 5934 Liv,
1577 5872 1727 5919 num.
1760 5856 1872 5925 1-8.

2274 3346 2611 3408 superarent,
2656 3355 2817 3410 quem
2862 3351 3212 3412 superaverat
3265 3344 3560 3416 Apostolus
3616 3348 3806 3406 dicens
3849 3362 3865 3403 :

2274 3428 2614 3487 Mihiautem
2640 3430 2774 3485 absit
2801 3431 3021 3502 gloriari
3056 3434 3159 3489 nisi
3182 3436 3239 3489 in
3264 3452 3417 3491 cruce
3446 3436 3671 3493 Domini
3706 3441 3867 3494 nostri

2269 3518 2403 3576 Iesu
2429 3520 2642 3586 Christi,
2671 3540 2764 3593 per
2791 3540 2944 3595 quem
2986 3525 3117 3579 mihi
3153 3528 3382 3583 mundus
3427 3531 3724 3600 cruci/Ltus
3773 3541 3868 3600 est,

2271 3620 2320 3667 et
2349 3629 2443 3683 ego
2475 3612 2671 3667 mundo
2704 3610 2905 3685 (Galat.
2930 3631 3004 3681 vr,
3034 3614 3146 3687 14).
3184 3616 3268 3672 Ad
3313 3619 3418 3674 hoc
3453 3620 3605 3675 enim
3651 3630 3713 3676 et
3760 3622 3865 3694 ipse

2272 3698 2532 3754 Dominus
2569 3714 2787 3755 crucem
2817 3717 2990 3767 suam,
3018 3702 3113 3758 ubi
3150 3718 3273 3759 eum
3310 3705 3583 3761 dementia
3624 3708 3866 3780 superba

2271 3789 2563 3858 impietatis
2598 3790 2789 3856 irrisit,
2820 3792 2876 3846 in
2903 3808 3092 3848 eorum
3129 3795 3308 3864 quiin
3354 3796 3508 3876 illum
3547 3801 3862 3868 crederent,

2270 3880 2539 3938 frontibus
2565 3882 2703 3949 ﬁxit,
2727 3884 2820 3939 ubi
2841 3892 2925 3940 est
2957 3885 3354 3955 quodammodo
3404 3888 3566 3945 sedes
3605 3905 3866 3948 verecun-

2270 3974 2393 4040 diae,
2420 3984 2481 4029 ut
2511 3975 2577 4031 de
2604 3976 2823 4032 nomine
2846 3975 2963 4045 ejus
2984 3978 3119 4034 fides
3144 3994 3253 4051 non
3273 3981 3589 4050 erubescat,
3611 3992 3671 4040 et
3696 3985 3866 4057 magis

2269 4066 2365 4122 Dei
2389 4065 2635 4137 gloriam,
2668 4083 2829 4137 quam
2871 4068 3152 4123 hominum
3180 4069 3426 4141 diligant.
3473 4091 3495 4125 ι

2344 4177 2364 4209 ι
2393 4169 2419 4199 α
2449 4157 2729 4229 Loqueute
2775 4160 3003 4217 Domino
3042 4160 3170 4218 Jesu
3197 4162 3416 4221 Christo
3449 4168 3599 4239 apud
3626 4168 3860 4239 Judaaos,

2268 4257 2323 4306 et
2346 4256 2499 4304 tanta
2525 4250 2914 4308 miraculorum
2953 4252 3109 4325 signa
3155 4253 3410 4323 faciente,
3442 4259 3671 4328 quidam
3692 4262 3865 4318 credi-

2267 4341 2482 4404 derunt,
2511 4342 2878 4411 prmdestinati
2905 4342 2963 4398 in
3004 4344 3171 4400 vitam
3196 4354 3455 4403 :eternam
3478 4390 3495 4415 ,
3531 4364 3673 4421 quos
3699 4352 3862 4409 etiam

2267 4432 2479 4487 vocavit
2504 4447 2635 4488 oves
2659 4449 2814 4501 suas;
2846 4434 3066 4505 quidam
3089 4451 3218 4493 vero
3240 4452 3348 4493 non
3373 4440 3749 4507 crediderunt,
3765 4458 3864 4501 nec

2264 4530 2517 4591 poterant
2550 4523 2791 4590 credere,
2822 4539 2887 4579 eo
2912 4526 3056 4595 quod
3085 4528 3297 4584 occulto
3324 4546 3425 4585 nec
3456 4539 3643 4589 tamen
3666 4533 3863 4604 injuste

2257 4616 2463 4686 judicio
2491 4616 2587 4672 Dei
2621 4617 2835 4673 fuerant
2879 4622 3170 4688 excaecati;
3193 4642 3213 4676 ι
3241 4622 3332 4678 alii
3360 4639 3491 4681 vero
3523 4628 3713 4696 palam
3740 4644 3860 4685 cre-

2267 4710 2476 4776 dentes,
2519 4716 2575 4764 et
2622 4725 2746 4765 cum
2793 4711 2958 4766 ramis
3004 4712 3306 4781 palmarum
3352 4728 3741 4786 occurrentes;
3772 4720 3861 4776 alii

2264 4820 2394 4860 vero
2438 4804 2649 4862 occulte
2687 4806 2998 4872 credentes,
3028 4809 3124 4864 sed
3150 4814 3371 4880 propter
3411 4808 3726 4869 Pharisaeos
3753 4829 3859 4870 non

2263 4897 2602 4963 confitentes,
2636 4913 2772 4969 quos
2824 4899 3155 4970 evangelista
3206 4902 3447 4969 notavit,
3496 4919 3626 4959 cum
3678 4904 3855 4960 dixit:

2263 4989 2571 5046 Dilexerunt
2619 4990 2842 5063 gloriam
2887 4994 3156 5049 hominum
3201 4996 3370 5069 magis
3420 5014 3583 5068 quam
3630 4998 3855 5069 gloria

2256 5083 2374 5139 Dei.
2403 5083 2587 5139 Gloria
2620 5084 2715 5139 Dei
2754 5093 2839 5142 est
2866 5087 3078 5157 publice
3112 5087 3357 5142 confiteri
3381 5086 3687 5154 Christum,
3715 5089 3854 5146 sicut

2256 5186 2524 5251 martyres
2551 5179 2724 5235 sancti
2754 5179 3018 5247 fecerunt,
3046 5181 3114 5238 de
3143 5183 3337 5254 quibus
3363 5182 3469 5239 alio
3495 5183 3554 5237 in
3585 5183 3712 5240 loco
3737 5184 3853 5256 ipse

2257 5272 2515 5327 Dominus
2541 5271 2618 5325 ait
2641 5290 2654 5325 :
2681 5270 2784 5338 Qui
2812 5289 2894 5327 me
2921 5273 3188 5343 confessus
3215 5274 3371 5344 fuerit
3396 5291 3577 5329 coram
3618 5276 3852 5331 homini-

2256 5361 2370 5429 bus,
2401 5361 2687 5431 conﬁtebor
2709 5372 2757 5416 et
2786 5378 2877 5433 ego
2920 5380 3041 5417 eum
3069 5380 3248 5418 coram
3278 5363 3440 5418 Patre
3478 5381 3595 5418 meo
3626 5365 3846 5438 (Matth.

2254 5469 2311 5519 ι,
2338 5453 2449 5527 52).
2479 5454 2580 5522 Qui
2605 5453 2893 5510 confitetur
2913 5454 3189 5510 Christum
3208 5456 3263 5510 in
3289 5454 3629 5512 confessione
3649 5458 3847 5524 laudis,

2257 5544 2618 5609 confitebitur,
2653 5545 2708 5600 id
2736 5553 2819 5600 est
2862 5545 3171 5601 laudabitur
3197 5562 3229 5601 ιι
3258 5545 3475 5602 Christo
3499 5563 3689 5604 coram
3732 5549 3850 5608 Deo

2258 5639 2437 5695 Patre.
2460 5638 2557 5696 liis
2575 5640 2649 5696 ita
2673 5654 2732 5697 se
2754 5639 3096 5708 habentibus,
3118 5648 3173 5698 et
3196 5655 3290 5697 sua
3312 5638 3423 5711 jam
3444 5642 3852 5714 propinquante

2257 5751 2523 5812 passmnc.
