4088 6340
232 350 337 407 921

1049 338 1465 400 EXEGETICA.
1497 369 1569 383 —-
1604 337 1959 397 COMMENT.
2001 338 2067 395 IN
2106 336 2299 397 JOAN.
2338 370 2410 382 —
2445 339 2576 396 LIB.
2616 342 2680 400 V.

3396 346 3508 407 992

266 476 271 481 δ
306 463 473 520 Vens.
502 458 595 527 44,
616 454 958 515 45.-Ιεειιε
982 451 1224 509 clamavit
1250 464 1299 510 et
1324 454 1456 508 dixit
1479 471 1497 508 .-
1521 452 1625 519 Qui
1654 451 1816 506 credit
1848 455 1893 515 Α
1922 465 2039 520 quae
2068 452 2214 507 venit
2246 453 2303 510 in
2345 453 2490 509 hunc
2533 451 2815 524 mundum,
2858 454 2986 526 quia
3010 470 3110 529 per
3134 455 3283 516 illam
3327 457 3504 520 factus

232 554 290 609 in
318 570 418 618 me,
447 568 551 609 non
578 550 741 605 credit
760 550 815 602 in
842 564 952 613 me,
978 547 1067 601 sed
1094 548 1148 600 in
1183 563 1299 601 eum
1338 546 1429 617 qui
1454 545 1594 598 misit
1623 560 1736 610 me;
1767 551 1817 597 et

233 643 325 714 qui
354 641 487 696 videt
515 656 616 705 me,
648 638 782 695 videt
823 653 939 691 eum
969 636 1058 708 qui
1086 653 1166 689 me
1202 636 1364 689 misit.
1401 654 1419 686 ‹
1458 634 1577 689 Jam
1606 633 1819 687 dixerat

234 734 468 811 quodam
494 732 611 788 loco
634 750 646 785 :
674 728 794 785 Mea
822 729 1061 783 doctrina
1084 745 1186 783 non
1206 738 1279 799 est
1304 745 1439 794 mea,
1470 727 1560 782 sed
1584 726 1698 797 ejus
1726 727 1816 798 qui

232 843 318 881 me
338 827 478 881 misit
506 824 687 899 (Joan.
710 840 807 888 vu,
834 822 941 894 16).
968 822 1068 878 Ubi
1090 822 1449 877 intelleximus
1470 834 1592 875 eum
1614 818 1816 875 doctri-

234 935 364 974 nam
393 933 546 976 suam
588 917 789 974 dixisse
824 917 1057 971 Verbum
1085 915 1278 979 Patris,
1313 914 1457 985 quod
1484 921 1567 969 est
1588 912 1729 982 ipse;
1761 920 1816 968 ct

232 1020 339 1076 hoc
363 1019 695 1092 signiﬁcasse
722 1016 950 1073 dicendo
973 1031 989 1071 :
1013 1015 1265 1071 Doctrina
1293 1031 1410 1069 mea
1432 1031 1537 1068 non
1563 1021 1638 1067 est
1676 1029 1811 1078 mea,

231 1111 326 1167 sed
343 1112 456 1182 ejus
485 1113 573 1185 qui
601 1128 682 1166 me
706 1112 871 1177 misit,
900 1110 1044 1180 quod
1069 1125 1102 1164 a
1125 1111 1303 1180 seipse
1342 1109 1458 1179 ipse
1499 1099 1607 1162 non
1649 1115 1813 1173 esset,

232 1205 329 1260 sed
369 1204 590 1259 haberet
615 1219 647 1258 a
675 1219 781 1273 quo
821 1209 985 1258 esset.
1017 1201 1160 1256 Deus
1188 1199 1331 1254 enim
1377 1199 1444 1253 de
1490 1199 1618 1260 Deo,
1647 1196 1817 1253 Filius

230 1292 409 1349 Patris
432 1312 445 1348 :
467 1294 630 1349 Pater
658 1302 839 1349 autem
863 1307 970 1348 non
999 1292 1142 1347 Deus
1167 1291 1235 1346 de
1254 1290 1386 1355 Deo,
1416 1287 1512 1345 sed
1545 1289 1684 1343 Deus
1712 1287 1817 1343 Pa-

229 1395 317 1443 ter
341 1385 483 1455 Filii.
514 1385 667 1442 Nunc
690 1393 870 1441 autem
893 1424 908 1450 ,
939 1383 1083 1454 quod
1126 1382 1239 1437 ait:
1266 1380 1372 1447 Qui
1419 1379 1581 1435 credit
1619 1380 1676 1433 in
1713 1395 1813 1445 me,

228 1494 336 1533 non
354 1477 516 1532 credit
543 1478 599 1531 in
623 1494 723 1543 me,
750 1462 840 1531 sed
862 1476 920 1529 in
952 1490 1071 1529 eum
1102 1473 1191 1545 qui
1228 1472 1373 1527 misit
1412 1487 1513 1536 me,
1542 1468 1816 1539 quomodo

227 1567 553 1625 intellecturi
578 1582 783 1633 sumus,
809 1567 916 1623 nisi
951 1567 1077 1637 quia
1118 1567 1282 1620 homo
1326 1562 1617 1633 apparebat
1644 1559 1817 1615 homi-

225 1660 418 1726 nibus,
445 1675 568 1715 cum
612 1659 804 1716 lateret
847 1658 1024 1714 Deus?
1054 1658 1124 1713 Et
1163 1672 1233 1712 ne
1272 1661 1529 1727 putarent
1559 1654 1662 1708 hoc
1690 1667 1817 1707 eum

225 1766 347 1807 esse
384 1751 759 1808 tantummodo
806 1751 951 1822 quod
995 1750 1268 1815 videbant,
1303 1748 1465 1803 talem
1496 1762 1573 1802 ac.
1605 1754 1815 1802 tantum

226 1859 287 1901 se
314 1845 499 1901 volens
524 1845 692 1911 credi,
718 1844 893 1915 qualis
920 1851 975 1899 et
1001 1851 1236 1915 quantus
1264 1849 1349 1897 est
1372 1841 1555 1907 Pater,
1586 1840 1675 1912 qui
1702 1856 1814 1893 cre—
1844 1830 1892 1890 Β

224 1937 303 1990 dit
328 1937 385 1991 in
410 1953 510 2003 me,
540 1936 735 2007 inquit,
758 1953 861 1991 non
881 1936 1042 1990 credit
1064 1937 1118 1990 in
1146 1952 1248 2000 me,
1278 1934 1330 1988 id
1359 1943 1443 1988 est
1473 1933 1617 2002 quod
1648 1932 1812 1997 videt,

224 2028 316 2084 sed
344 2031 401 2085 in
440 2045 560 2084 eum
598 2030 688 2100 qui
716 2030 856 2083 misit
884 2044 996 2094 me,
1029 2027 1083 2082 id
1110 2035 1194 2081 est
1226 2027 1279 2080 in
1308 2022 1548 2107 Patrem.
1586 2021 1693 2078 Sed
1721 2021 1815 2092 qui

225 2121 399 2176 credit
436 2122 492 2177 in
526 2121 768 2189 Patrem,
797 2137 1022 2178 necesse
1053 2129 1138 2178 est
1162 2127 1223 2176 ut
1248 2135 1371 2175 eum
1400 2118 1587 2174 credat
1616 2116 1814 2171 Filium

224 2211 456 2281 habere;
483 2235 501 2267 ι
539 2222 595 2269 et
618 2215 744 2271 dum
784 2230 909 2270 eum
934 2214 1152 2269 Patrem
1182 2214 1354 2269 credit
1379 2220 1664 2276 aeternum,
1691 2223 1813 2264 cre-

222 2304 318 2359 dat
335 2313 390 2360 et
413 2303 608 2361 Filium
637 2307 838 2360 habere
866 2316 1194 2361 comternum
1223 2305 1347 2370 sibi,
1374 2312 1430 2358 et
1452 2302 1815 2358 consubstan-

221 2399 411 2455 tialem
452 2399 574 2454 sibi.
624 2398 917 2467 Propterea
960 2397 1098 2454 dixit
1124 2416 1136 2450 :
1164 2396 1270 2463 Qui
1288 2396 1452 2451 credit
1482 2396 1540 2449 in
1579 2411 1683 2459 me,
1708 2410 1813 2448 non

222 2491 391 2545 credit
420 2493 474 2546 in
500 2508 580 2546 me
602 2505 620 2544 :
641 2491 829 2547 nolens
853 2498 914 2547 ut
945 2499 1118 2547 totum
1153 2491 1297 2561 quod
1333 2492 1398 2546 de
1441 2488 1658 2545 Christo
1695 2502 1814 2544 cre-

220 2582 371 2638 ditur
393 2583 685 2638 secundum
706 2584 978 2640 hominem
1004 2584 1338 2640 crederetur.
1362 2582 1454 2638 llle
1479 2583 1616 2637 bene
1641 2581 1814 2637 credit

221 2673 283 2729 in
328 2689 415 2730 me
441 2674 534 2745 qui
568 2675 862 2731 secundum
890 2676 946 2731 id
970 2677 1114 2747 quod
1158 2676 1305 2731 videt
1340 2690 1426 2730 me
1459 2690 1567 2730 non
1603 2681 1813 2729 tantum

221 2767 397 2821 credit
417 2766 471 2821 in
494 2782 611 2835 me;
642 2769 738 2824 sed
764 2769 1059 2826 secundum
1091 2770 1145 2826 id
1171 2770 1317 2841 quod
1344 2769 1494 2825 videt
1519 2784 1606 2824 me
1629 2783 1810 2839 mqua-

223 2857 334 2915 lem
362 2874 484 2915 esse
510 2859 689 2928 Patri;
731 2880 749 2913 ι
783 2877 847 2917 ac
876 2877 945 2918 ne
970 2868 1254 2933 putaretur
1294 2860 1374 2917 sic
1396 2860 1628 2916 voluisse
1654 2858 1812 2913 intel-

221 2947 319 3020 ligi
348 2948 582 3018 Patrem,
613 2958 874 3022 tanquam
899 2961 1113 3023 patrem
1144 2953 1436 3009 multorum
1459 2952 1690 3007 ﬁliorum
1713 2966 1813 3022 per

221 3041 453 3112 gratiam
477 3052 939 3114 regeneratorum,
966 3060 1070 3100 non
1095 3045 1241 3100 unici
1259 3045 1420 3101 Verbi
1443 3044 1666 3115 aequalis
1685 3044 1808 3109 sibi,

223 3133 481 3189 continuo
506 3133 733 3205 subjecit
756 3154 769 3190 :
792 3135 861 3189 Et
891 3137 979 3207 qui
1010 3136 1144 3190 videt
1171 3153 1273 3202 me,
1295 3136 1434 3190 videt
1461 3152 1579 3191 eum
1604 3135 1692 3206 qui
1717 3134 1811 3187 mi-

219 3226 293 3281 sit
318 3242 419 3280 me.
446 3246 465 3279 ι
505 3225 687 3297 Usque
726 3227 862 3284 adeo
890 3227 1035 3285 enim
1066 3227 1200 3282 nihil
1243 3227 1410 3282 distat
1438 3226 1578 3281 inter
1605 3239 1730 3280 eum
1755 3232 1812 3280 et

219 3336 333 3386 me,
361 3328 422 3375 ut
447 3321 539 3390 qui
568 3336 655 3376 me
680 3320 858 3387 videt,
888 3320 1071 3377 videat
1100 3335 1223 3377 eum
1251 3321 1345 3390 qui
1372 3319 1520 3374 misit
1548 3334 1655 3373 me.
1686 3316 1814 3372 ﬂzec

217 3411 380 3477 visio,
406 3412 807 3480 intellectualis,
837 3428 944 3469 non
970 3412 1205 3469 carnalis
1228 3412 1388 3467 debet
1420 3408 1665 3480 intelligi,
1692 3423 1813 3479 qua:

219 3504 387 3560 modo
437 3504 493 3558 in
541 3503 699 3559 laude
738 3512 823 3560 est
868 3511 1202 3571 sanctorum,
1231 3511 1356 3574 post
1397 3499 1813 3557 resurrectionis

218 3596 428 3652 ultimae
465 3596 607 3652 diem
636 3596 691 3651 in
718 3596 897 3667 specie
923 3592 1091 3669 [Ms.,
1121 3596 1177 3651 in
1207 3594 1297 3668 re]
1338 3603 1554 3651 teternse
1581 3593 1814 3650 beatitu-

220 3693 368 3748 dinis
396 3692 520 3757 erit,
554 3693 619 3748 de
657 3707 765 3762 qua
790 3691 916 3747 alibi
946 3692 1058 3746 ait:
1085 3689 1238 3745 Beati
1264 3688 1457 3745 mundo
1485 3687 1659 3754 corde,
1683 3702 1812 3759 quo-

221 3784 369 3838 niam
401 3783 501 3854 ipsi
538 3783 705 3839 Deum
732 3783 976 3839 uidebunt
1002 3782 1219 3852 (Matth.
1248 3799 1314 3849 v,
1346 3782 1423 3855 8).
1456 3781 1812 3836 Attendamus

223 3884 443 3932 extera.

282 3968 464 4043 ‘Vans.
494 3969 582 4025 46.
596 4000 668 4011 -
683 3967 797 4041 Ego
820 3967 912 4024 tua:
934 3969 989 4024 in
1009 3970 1261 4025 mundum
1282 3969 1420 4034 veni,
1448 3976 1506 4022 ut
1534 3968 1700 4022 omnis
1721 3968 1812 4039 qui

220 4060 390 4116 credit
420 4063 476 4116 in
501 4078 601 4128 me,
628 4062 684 4117 in
711 4062 932 4116 tenebris
972 4078 1075 4116 non
1114 4069 1342 4116 maneat.
1383 4059 1532 4114 Dixit
1579 4059 1812 4129 quodam

226 4150 350 4208 loco
372 4152 647 4225 discipulis
671 4153 784 4208 suis
811 4172 823 4207 :
856 4150 960 4207 Vos
999 4152 1121 4208 estis
1149 4152 1323 4207 lumen
1353 4151 1536 4206 mundi
1558 4166 1576 4204 :
1597 4168 1700 4206 non
1720 4160 1817 4223 po-

221 4251 320 4300 test
350 4245 597 4300 abscondi
622 4246 803 4300 civitas
827 4261 985 4317 super
1022 4254 1249 4300 montem
1288 4243 1591 4298 constituta.
1629 4241 1814 4314 Neque

221 4349 515 4396 accendunt
545 4340 812 4396 lucernam
857 4348 907 4395 et
953 4322 1153 4413 ponunt
1202 4356 1316 4393 eam
1357 4337 1451 4393 sub
1493 4336 1690 4402 modio,
1722 4335 1812 4390 sed

219 4450 381 4504 super
417 4432 789 4488 candelabrum
836 4439 895 4486 ut
944 4430 1114 4485 luceat
1163 4428 1403 4485 omnibus
1444 4429 1532 4501 qui
1574 4428 1630 4482 in
1658 4427 1814 4481 domo

219 4533 366 4578 sunt.
395 4522 485 4579 Sic
512 4521 681 4577 luceat
711 4520 887 4576 lumen
922 4530 1150 4576 vestrum
1192 4537 1369 4574 coram
1414 4517 1732 4583 hominibus,
1756 4524 1812 4571 ut

216 4615 430 4671 uideant
460 4632 614 4686 opera
640 4622 812 4669 vestra
841 4613 1007 4679 bona,
1038 4620 1087 4667 et
1126 4610 1416 4683 gloriﬁcent
1462 4609 1677 4665 Patrem
1722 4627 1812 4665 ve-

218 4717 392 4764 strum
414 4708 503 4780 qui
522 4708 576 4762 in
590 4706 730 4763 caelis
753 4716 825 4761 est
848 4703 1062 4779 (Matth.
1088 4722 1141 4771 v,
1166 4704 1277 4776 14).
1303 4703 1418 4759 Νοη
1445 4712 1624 4759 tamen
1646 4703 1810 4758 dixit:

220 4799 336 4856 Vos
367 4799 459 4854 lux
487 4799 711 4854 venistis
740 4798 797 4854 in
821 4797 1108 4863 mundum,
1141 4805 1201 4852 ut
1229 4796 1407 4852 omnis
1434 4796 1526 4867 qui
1556 4794 1730 4851 credit
1759 4795 1815 4850 in

218 4906 344 4956 vos,
374 4890 428 4944 in
459 4890 694 4945 tenebris
716 4905 822 4944 non
845 4896 1082 4945 maneat.
1109 4888 1386 4959 Nusquam
1407 4888 1512 4943 hoc
1531 4887 1634 4958 legi
1656 4900 1816 4958 posse

221 4981 510 5037 conﬁrmo.
558 4979 786 5034 Lumina
811 4995 942 5050 ergo
967 4987 1094 5035 sunt
1116 4994 1306 5035 omnes
1332 4977 1508 5035 sancti
1535 4996 1547 5030 :
1573 4976 1669 5032 sed
1697 4991 1818 5032 cre-

220 5071 402 5129 dendo
444 5071 813 5126 illuminantur
848 5071 917 5126 ab
960 5087 1055 5137 eo,
1087 5088 1119 5125 a
1152 5085 1259 5140 quo
1284 5069 1329 5125 si
1358 5070 1482 5140 quis
1510 5067 1814 5136 recesserit,

223 5148 617 5217 tenebrahitur.
648 5161 856 5216 Lumen
895 5170 1076 5216 autem
1122 5160 1253 5216 illud
1293 5160 1435 5230 quod
1463 5160 1755 5225 illuminat,
1786 5173 1819 5214 a

221 5270 285 5311 se
315 5254 570 5310 recedere
595 5269 704 5308 non
745 5260 942 5323 potest,
974 5253 1100 5323 quia
1129 5251 1569 5311 incommutabile
1596 5251 1817 5307 omnino

221 5351 330 5402 est.
364 5344 498 5399 Cum
527 5351 709 5399 autem
752 5344 883 5400 dicit
915 5364 927 5399 :
957 5343 1141 5399 Omnis
1186 5345 1275 5416 qui
1323 5344 1485 5398 credit
1532 5344 1588 5396 in
1632 5359 1732 5407 me,
1762 5343 1817 5396 in

222 5438 452 5494 tenebris
480 5456 585 5493 non
612 5447 806 5504 manet,
840 5440 970 5495 satis
1011 5439 1323 5495 manifestat
1346 5454 1535 5496 omnes
1565 5453 1623 5494 se
1658 5438 1713 5492 in
1740 5445 1819 5493 te-

223 5530 415 5585 nehris
457 5530 728 5587 invenisse
751 5546 765 5586 :
787 5531 884 5587 sed
915 5548 984 5588 ne
1013 5533 1067 5587 in
1109 5533 1188 5588 eis
1234 5532 1468 5587 tenebris
1498 5537 1815 5586 remaneant

224 5620 286 5678 in
310 5621 505 5692 quibus
524 5624 729 5678 inventi
747 5631 893 5692 sunt,
921 5625 1115 5680 debent
1131 5623 1293 5695 590
1317 5623 1540 5679 credere
1563 5622 1617 5677 in
1640 5622 1816 5677 lucem

306 5753 332 5781 ι
373 5740 544 5810 Aug.:
574 5759 593 5793 ε
630 5741 701 5798 Ut
745 5757 869 5798 eum
915 5758 1136 5799 necesse
1173 5749 1316 5797 esset
1350 5756 1418 5796 ex
1451 5749 1692 5810 tempore
1719 5737 1815 5810 ha:-

228 5811 383 5884 bere,
409 5808 555 5887 (ιιὶοᾶ
571 5820 731 5875 antea
747 5828 857 5873 non
876 5814 1129 5878 habebat.
1154 5814 1235 5874 lta
1258 5813 1405 5875 enim
1424 5829 1457 5881 a
1475 5808 1815 5885 Patre,un
1848 5895 1859 5899 μ

1919 549 2000 598 est
2025 544 2279 600 mundus.

1987 661 2153 716 Vens.
2176 661 2265 715 47.
2287 693 2359 703 -—
2380 663 2449 718 Et
2477 665 2524 719 si
2550 665 2666 738 quis
2693 666 2940 733 audierit,
2961 666 3155 739 inquit,
3182 668 3339 727 verba
3361 686 3500 741 mea,

1915 758 1965 804 et
1994 767 2099 806 non
2145 754 2473 817 custodierit,
2492 773 2574 825 ea,
2605 774 2697 828 ego
2725 776 2829 813 non
2841 760 3027 830 judico
3055 778 3193 817 eum.
3228 781 3247 815 ‹
3280 764 3503 834 Audite,

1917 843 2183 913 quomodo
2213 846 2344 902 dicit
2368 846 2558 915 Filius,
2586 866 2677 921 ego
2708 867 2813 906 non
2827 851 3013 922 judico
3032 869 3183 920 eum;
3206 869 3327 910 cum
3358 855 3504 913 dicat

1916 935 2023 989 alio
2068 936 2225 992 loco:
2252 935 2416 993 Pater
2460 958 2563 995 non
2599 941 2810 1011 judicat
2852 962 3184 1019 quemquam,
3213 948 3304 1002 sed
3348 965 3502 1005 omne

1907 1027 2175 1098 judicium
2202 1032 2343 1087 dedit
2383 1033 2528 1089 Filio
2560 1034 2741 1108 (Joan.
2771 1055 2826 1103 v,
2859 1038 2983 1110 εξ),
3019 1041 3123 1096 nisi
3149 1042 3276 1111 quia
3306 1042 3507 1097 intelli-

1917 1119 2148 1190 gendum
2181 1131 2283 1190 est,
2315 1128 2460 1195 quod
2488 1129 2766 1198 sequitur:
2790 1128 2917 1185 Non
2963 1133 3101 1187 enim
3142 1134 3276 1201 ueni,
3306 1134 3500 1204 inquit,

1918 1221 1973 1265 ut
1994 1213 2232 1283 judicem
2254 1217 2526 1284 mundum,
2542 1220 2635 1274 sed
2655 1230 2712 1274 ut
2729 1220 3013 1292 saluiﬁcem
3038 1225 3332 1281 mundum?
3350 1224 3506 1283 Nunc

1917 1321 2046 1377 ergo
2094 1316 2305 1380 tempus
2346 1320 2429 1367 est
2478 1314 2883 1385 misericordias,
2914 1331 3101 1390 postea
3144 1322 3253 1377 erit
3289 1321 3501 1392 judicii.

1918 1397 2053 1465 Quia
2075 1403 2507 1472 misericordiam,
2537 1406 2732 1477 inquit,
2762 1418 2811 1462 et
2831 1410 3097 1481 judicium
3135 1412 3356 1467 cantabo
3387 1412 3503 1482 tibi,

1917 1489 2139 1547 Domine
2180 1491 2352 1565 (Psal.
2394 1511 2446 1560 c,
2481 1496 2554 1570 l).
2612 1497 2717 1554 Sed
2746 1500 2812 1555 de
2854 1500 2971 1570 ipso
3011 1502 3174 1570 etiam
3202 1502 3384 1559 futuro
3405 1519 3506 1560 no-

1916 1564 2246 1654 vissimoque
2266 1586 2470 1656 judicio
2491 1564 2670 1644 videte
2692 1591 2820 1659 quid
2848 1564 2993 1647 dicat
3018 1613 3031 1647 ε
3063 1564 3251 1665 (πως.
3277 1594 3371 1667 48)
3400 1594 3508 1662 Qui

1917 1677 2112 1745 spernit
2143 1693 2223 1731 me
2248 1689 2296 1732 et
2324 1697 2427 1734 non
2456 1682 2644 1752 accipit
2673 1682 2828 1737 verba
2854 1702 2989 1753 mea,
3011 1686 3164 1741 habet
3192 1690 3282 1761 qui
3301 1689 3508 1760 judicet

1918 1784 2056 1822 eum.
2085 1767 2268 1823 Sermo
2297 1788 2449 1843 quem
2477 1772 2682 1829 locutus
2709 1793 2845 1843 sum,
2881 1777 2970 1832 ille
3000 1779 3265 1849 judicabit
3303 1798 3424 1838 eum
3447 1783 3507 1837 in

1918 1867 2198 1922 novissimo
2218 1868 2322 1923 die.
2351 1871 2467 1928 Non
2491 1875 2596 1929 ait:
2614 1874 2717 1941 Qui
2747 1881 2954 1948 spernit
2974 1896 3061 1936 me
3088 1890 3144 1937 et
3167 1899 3275 1938 non
3305 1887 3507 1956 accipit

1917 1957 2079 2011 verba
2125 1974 2268 2025 mea,
2294 1977 2395 2033 ego
2424 1978 2547 2019 eum
2578 1982 2684 2021 non
2708 1965 2894 2036 judico
2918 1970 2973 2025 in
3001 1974 3295 2031 novissimo
3336 1975 3444 2033 die.
3480 1998 3499 2031 ι

1914 2047 2076 2103 Venit
2102 2051 2247 2105 enim
2276 2052 2446 2111 Filius
2486 2057 2581 2111 Dei
2623 2059 2694 2114 ad
2737 2060 3069 2129 salvandum,
3105 2081 3212 2122 non
3260 2067 3327 2123 ad
3359 2066 3508 2138 judi-

1915 2139 2167 2194 candum.
2191 2141 2314 2198 Ideo
2342 2145 2502 2213 dixit,
2527 2164 2633 2203 non
2659 2148 2846 2218 judico
2873 2167 3017 2219 eum,
3046 2156 3100 2210 id
3124 2165 3209 2212 est
3237 2159 3418 2227 modo,
3447 2160 3519 2216 in.

1912 2232 2185 2298 praesenti,
2229 2235 2321 2289 sed
2358 2236 2545 2306 judico
2585 2253 2709 2294 eum
2737 2241 2793 2296 in
2823 2244 3117 2301 novissimo
3162 2248 3270 2303 die.
3311 2268 3331 2301 ‹
3368 2249 3504 2308 Cum

1912 2320 2056 2375 enim
2102 2323 2367 2380 dixisset:
2392 2326 2494 2393 Qui
2522 2331 2719 2399 spernit
2766 2349 2849 2387 me
2893 2344 2943 2389 et
2980 2352 3084 2391 non
3123 2341 3316 2411 accipit
3351 2343 3505 2399 verba

1914 2432 2050 2483 mea,
2082 2417 2236 2474 habet
2276 2422 2367 2492 qui
2386 2421 2592 2492 judicet
2636 2442 2788 2492 eum;
2833 2432 3273 2500 exspectantibus
3321 2443 3503 2492 autem

1913 2511 2163 2603 quisnam
2211 2515 2300 2571 ille
2344 2525 2517 2585 esset,
2548 2530 2767 2577 secutus
2813 2523 3057 2594 adjunxit
3085 2545 3097 2581 :
3127 2526 3310 2592 Sermo
3349 2547 3503 2603 quem

1912 2602 2117 2659 locutus
2145 2622 2283 2673 sum,
2311 2608 2400 2664 ille
2428 2611 2685 2679 iudicabit
2712 2631 2830 2670 eum
2849 2617 2907 2671 in
2931 2619 3213 2676 nouissimo
3235 2624 3339 2691 die,
3364 2602 3506 2683 satis

1912 2696 2280 2754 manifestavit
2318 2702 2555 2772 seipsum
2577 2703 2949 2774 judicaturum
2975 2709 3031 2765 in
3062 2714 3357 2772 novissimo
3393 2718 3501 2774 die.

1914 2785 2164 2856 Seipsum
2212 2791 2410 2861 quippe
2457 2793 2670 2851 locutus
2698 2806 2803 2864 est,
2854 2801 3092 2870 seipsum
3141 2807 3502 2876 annuntiavit,

1912 2884 2146 2953 seipsum
2168 2884 2392 2955 januam
2425 2889 2626 2958 posuit,
2649 2906 2756 2961 qua
2784 2894 2899 2963 ipse
2927 2899 2996 2951 ad
3033 2912 3164 2954 oves
3194 2909 3383 2969 pastor
3415 2902 3502 2958 in-

1913 2991 2103 3041 traret.
2130 2986 2305 3044 Aliter
2329 2989 2511 3061 itaque
2527 2990 2917 3061 judicabuntur
2941 2998 3035 3069 qui
3054 3014 3162 3055 non
3189 3001 3499 3070 audierunt,

1912 3088 1968 3135 et
1994 3080 2150 3136 aliter
2173 3082 2267 3153 qui
2296 3085 2585 3141 audierunt
2610 3096 2667 3143 et
2704 3099 3165 3161 contempserunt.
3216 3093 3321 3159 Qui
3363 3096 3502 3150 enim

1838 3190 1884 3252 ρ
1912 3176 2026 3229 sine
2047 3175 2154 3247 lege
2171 3190 2533 3249 peccaverunt,
2549 3181 2627 3237 ait
2646 3182 2951 3254 Apostolus,
2970 3187 3083 3242 sine
3104 3187 3213 3259 lege
3236 3189 3504 3260 peribunt;

1912 3275 1962 3321 et
2003 3268 2093 3339 qui
2133 3269 2191 3322 in
2238 3267 2350 3340 lege
2394 3282 2756 3341 peccaverunt,
2788 3290 2882 3345 per
2926 3274 3088 3347 legem
3117 3277 3506 3347 judicabantur

1914 3362 2093 3437 (Rom.
2127 3382 2190 3433 ιι,
2222 3366 2331 3440 12).
2366 3368 2557 3440 (Vsus.
2590 3369 2706 3444 49.)
2748 3369 2889 3437 Quia
2927 3390 3041 3445 ego,
3083 3374 3277 3444 inquit,
3310 3391 3376 3429 ea:
3420 3390 3506 3431 me

1913 3474 2017 3512 non
2035 3474 2153 3513 sum
2180 3457 2409 3515 locutus.
2436 3460 2562 3517 Ideo
2582 3477 2640 3517 se
2665 3462 2798 3519 dicit
2817 3480 2927 3521 non
2950 3465 3193 3521 locutum
3212 3482 3280 3521 ex
3301 3467 3502 3537 seipse,

1913 3551 2040 3621 quia
2083 3568 2191 3609 non
2231 3560 2317 3609 est
2360 3569 2427 3609 ex
2474 3556 2672 3626 seipso.
2720 3576 2740 3610 ι
2800 3556 2919 3613 Jam
2956 3560 3061 3617 hoc
3090 3576 3231 3633 saepe
3270 3562 3506 3619 diximus

1913 3644 2056 3713 quod
2079 3643 2249 3700 Filius
2280 3661 2311 3699 a
2338 3660 2396 3701 se
2425 3663 2533 3702 non
2552 3656 2658 3716 est,
2682 3651 2778 3705 sed
2798 3667 2829 3706 a
2852 3651 3044 3719 Patre;
3080 3653 3202 3710 ideo
3223 3654 3501 3725 adiunxit:

1912 3734 2017 3792 Sed
2064 3738 2156 3808 qui
2194 3739 2337 3793 misit
2373 3756 2454 3794 me
2494 3738 2676 3809 Pater,
2713 3743 2823 3815 ipse
2850 3744 2979 3799 mihi
3008 3746 3315 3801 mandatum
3360 3747 3505 3803 dedit

1912 3830 2037 3901 quid
2062 3830 2238 3885 dicam
2259 3840 2309 3886 et
2334 3832 2462 3903 quid
2488 3833 2693 3906 loquar.
2723 3836 2838 3891 Non
2863 3837 3005 3892 enim
3034 3838 3277 3893 locorum
3304 3841 3499 3909 spatio,

1911 3939 2022 3978 non
2070 3923 2396 3994 syllabarum
2443 3928 2809 3996 expressione,
2840 3944 2949 3983 non
2982 3929 3154 3984 vocali
3183 3944 3316 3986 sono
3341 3931 3504 3987 Pater

1913 4015 2051 4070 Filio
2090 4014 2346 4085 loquitur,
2379 4024 2439 4071 ut
2483 4017 2652 4074 Filius
2697 4020 3009 4076 mandatum
3047 4021 3226 4076 Patris
3273 4023 3500 4079 audiat:

1914 4110 2055 4165 sicut
2097 4109 2240 4164 ﬁlius
2283 4110 2521 4167 hominis
2566 4113 2635 4168 ab
2676 4113 2896 4170 homine
2940 4115 3129 4171 audire
3173 4116 3342 4181 solet,
3371 4116 3502 4187 quid

1912 4201 2073 4257 Pater
2102 4201 2321 4256 mandet
2362 4201 2459 4256 illi.
2494 4221 2514 4253 ι
2550 4202 2657 4258 Sed
2694 4204 2886 4260 unicus
2932 4203 3103 4262 Filius
3138 4215 3223 4263 est
3264 4208 3501 4267 Verbum

1913 4291 2092 4348 Patris
2138 4299 2193 4347 et
2234 4293 2497 4362 sapientia
2532 4294 2711 4350 Patris
2736 4309 2750 4349 :
2775 4295 2829 4349 in
2864 4295 2957 4352 illo
2981 4306 3107 4352 sunt
3132 4299 3311 4353 omnia
3340 4315 3501 4356 man-

1916 4388 2041 4444 data
2066 4386 2262 4443 Patris.
2287 4387 2471 4457 Neque
2494 4388 2639 4443 enim
2665 4387 2979 4445 mandatum
3003 4390 3184 4447 Patris
3211 4392 3501 4463 aliquando

1915 4482 2084 4538 Filius
2129 4482 2382 4548 nescivit,
2411 4490 2472 4538 ut
2516 4497 2639 4538 eum
2680 4498 2903 4540 necesse
2950 4492 3095 4541 esset
3138 4500 3205 4540 ex
3257 4494 3501 4556 tempore

1841 4566 1894 4628 Ι)
1917 4581 2118 4636 habere
2146 4580 2289 4650 quod
2313 4580 2539 4653 accepit,
2567 4589 2628 4637 ut
2647 4582 2917 4639 nascendo
2943 4582 3233 4653 acciperet,
3259 4583 3499 4639 dederit-

1917 4696 2023 4754 que
2061 4682 2140 4736 illi
2182 4680 2345 4738 Pater
2388 4683 2655 4754 gignendo
2682 4696 2731 4750 α,
2758 4684 2902 4754 quod
2950 4701 3058 4741 non
3103 4686 3373 4742 haberet:
3405 4682 3501 4742 sed

1915 4791 2041 4832 eum
2089 4775 2272 4845 genuit
2314 4776 2478 4829 vitam
2527 4777 2833 4831 habentem.
2885 4774 3037 4833 Sicut
3085 4777 3332 4847 superius
3380 4776 3495 4831 ait:

1918 4865 2066 4922 Sicut
2090 4865 2253 4921 Pater
2279 4867 2431 4921 habet
2453 4867 2630 4932 vitam,
2663 4870 2737 4922 sic
2769 4866 2911 4923 dedit
2956 4878 3005 4924 et
3034 4867 3178 4925 Filio
3208 4871 3367 4925 vitam
3396 4868 3496 4922 ha-

1918 4959 2034 5014 bere
2052 4960 2107 5014 in
2131 4961 2422 5030 semetipso,
2451 4959 2505 5014 id
2526 4968 2607 5014 est
2631 4959 2813 5032 genuit
2842 4958 3059 5030 Filium,
3092 4963 3259 5017 vitam
3287 4961 3495 5015 haben-

1919 5060 2028 5109 tem
2051 5053 2106 5107 in
2132 5053 2421 5122 semetipso
2446 5071 2459 5106 :
2484 5052 2563 5108 sic
2582 5053 2713 5109 dicit
2738 5055 2850 5121 hic,
2870 5056 3003 5110 sicut
3025 5054 3331 5109 mandatum
3355 5052 3498 5108 dedit

1918 5145 2048 5199 mihi
2087 5143 2269 5199 Pater.
2297 5144 2364 5199 Et
2392 5145 2518 5216 quia
2547 5153 2747 5202 aeterna
2778 5148 2891 5219 ipsa
2918 5148 3189 5212 nativitas,
3220 5158 3498 5217 nunquam

1918 5253 2025 5293 non
2048 5234 2151 5291 fuit
2176 5236 2365 5301 Filius,
2387 5238 2480 5308 qui
2502 5247 2586 5294 est
2609 5239 2720 5294 vita
2746 5255 2760 5294 :
2786 5249 2840 5296 et
2870 5242 3010 5296 sicut
3032 5247 3113 5295 cst
3137 5240 3247 5295 vita
3269 5248 3495 5310 :eterna,

1918 5330 1998 5386 sic
2026 5339 2111 5385 est
2138 5330 2229 5399 qui
2257 5339 2414 5387 natus
2441 5340 2541 5398 est,
2573 5333 2685 5388 vita
2714 5343 2935 5389 teter-na.
2966 5333 3043 5388 Ita
3073 5343 3128 5389 et
3160 5335 3495 5404 mandatum,

1921 5437 2028 5477 non
2055 5422 2198 5493 quod
2245 5422 2414 5479 Filius
2440 5440 2549 5479 non
2576 5426 2791 5490 habeat,
2822 5423 2985 5481 Pater
3014 5426 3192 5493 dedit;
3234 5427 3329 5481 sed
3358 5426 3499 5483 sicut

1922 5515 2049 5579 dixi,
2084 5515 2140 5569 in
2189 5500 2675 5587 sapientia'Patris,
2720 5518 2861 5587 quod
2905 5528 2989 5574 est
3016 5520 3252 5575 Verbum
3294 5519 3496 5592 Patris,

1920 5607 2104 5665 omnia
2130 5608 2381 5664 mandata
2418 5617 2543 5664 sunt
2568 5609 2763 5664 Patris.
2797 5607 3054 5681 Sequitur
3070 5612 3245 5669 enim:

1918 5728 2335 5877 tgnahtztnqlgcepit,
2364 5736 2426 5788 ut
2449 5728 2720 5787 nascendo
2745 5732 3037 5805 acceperit,
3063 5732 3381 5810 dederitque
3418 5730 3501 5803 illi

1956 5819 2046 5877 tgn
2190 5839 2205 5856 .
2225 5820 2246 5858 ι
3365 5818 3371 5824 ’

1956 5818 2205 5878 ignenno.
2225 5820 2246 5858 ι
3365 5818 3371 5824 ’
