4074 6444
561 382 667 448 9Ξ5

1417 382 1480 441 Β.
1518 382 1583 442 ιτ.
1618 382 1846 442 ALBINI
1885 385 2018 445 SEU
2051 384 2329 445 ALCUINI
2363 385 2648 447 OPERUM
2679 386 2860 445 PARS
2894 387 2962 445 ll.

3720 390 3831 449 924

626 500 797 558 Vnus.
822 496 913 557 50.
942 496 1025 541 '—
1066 490 1138 555 Et
1186 498 1314 565 scio,
1337 499 1463 571 quia
1507 499 1814 553 mandatum
1866 499 1979 570 ejus
2028 500 2134 554 vita
2162 503 2213 563 Α
2235 500 2495 565 valerent,
2527 513 2593 555 ex
2623 514 2717 555 ore
2742 499 2922 555 carnis
2964 498 3129 554 verba
3158 506 3457 554 sonuerunt
3492 504 3548 555 et
3573 494 3831 560 abierunt

557 605 758 653 interna
801 602 897 651 est.
949 593 1009 650 Si
1044 609 1174 666 ergo
1203 593 1314 648 vita
1341 601 1542 648 aeterna
1577 600 1662 647 est
1703 592 1818 662 ipse
1868 590 2056 657 Filius,
2087 599 2143 648 et

554 690 669 747 vita
694 697 899 746 aeterna
926 697 1010 744 est
1036 688 1349 743 mandatum
1379 686 1577 751 Patris,
1607 686 1736 757 quid
1764 685 1909 740 aliud
1938 686 2141 740 dictum

556 791 641 840 est
661 796 823 853 quam
863 795 967 853 ego
1006 794 1125 837 sum
1153 780 1467 836 mandatum
1495 779 1704 836 Patris?
1743 778 1977 834 Proinde
2006 786 2061 833 et
2086 777 2142 832 id

555 878 700 949 quod
740 874 983 948 adiungit
1007 882 1065 931 et
1090 873 1263 932 dicit:
1287 872 1419 941 Quae
1448 889 1541 945 ego
1567 872 1782 945 loquor,
1825 874 1960 927 sicut
2007 870 2143 926 dixit

554 969 688 1025 mihi
713 967 893 1035 Pater,
921 970 998 1025 sic
1041 967 1229 1041 loquor
1255 983 1273 1020 :
1294 983 1402 1023 non
1447 966 1792 1036 accipiamus,
1825 966 1962 1021 dixit
1988 965 2137 1031 mihi,

554 1062 708 1134 quasi
728 1074 829 1132 per
842 1063 1010 1117 verba
1031 1059 1185 1134 [Ms.,
1214 1060 1369 1131 quasi
1391 1060 1577 1116 verbo.
1610 1059 1769 1131 Aug.,
1799 1059 1952 1130 quasi
1981 1059 2143 1113 Pater

550 1153 741 1228 verba]
772 1153 985 1209 locutus
1003 1153 1074 1209 sit
1100 1153 1261 1208 unico
1286 1153 1472 1213 verbo,
1508 1159 1599 1207 aut
1624 1152 1816 1223 egebat
1838 1149 1934 1205 Dei
1961 1152 2141 1207 verbis

554 1248 650 1307 Dei
676 1252 921 1306 verbum.
944 1246 1091 1304 Dixit
1115 1263 1243 1319 ergo
1266 1246 1431 1302 Pater
1448 1245 1603 1311 Filio,
1631 1246 1773 1302 sicut
1799 1246 1947 1301 dedit
1969 1247 2140 1300 vitam

550 1340 690 1396 Filio
715 1359 727 1395 :
750 1355 860 1397 non
879 1341 1023 1410 quod
1044 1340 1339 1404 nesciebat,
1357 1338 1441 1393 vel
1463 1353 1568 1392 non
1593 1336 1846 1397 habebat.
1872 1337 1965 1391 sed
1995 1337 2142 1406 quod

551 1432 669 1505 ipse
705 1432 875 1488 Filius
908 1440 1045 1487 erat.
1080 1429 1219 1505 Quid
1249 1437 1333 1485 est
1373 1437 1554 1485 autem
1580 1444 1595 1483 :
1622 1426 1770 1484 Sicut
1808 1428 1944 1482 dixit
1984 1428 2139 1495 mihi,

550 1504 628 1582 sic
675 1526 878 1599 loquor,
1054 1504 1281 1580 verbum
1308 1523 1530 1595 loquor?
1571 1521 1648 1578 Ita
1679 1522 1769 1578 ille
1798 1522 1933 1578 dixit
1960 1529 2020 1578 ut
2048 1538 2142 1578 ve-

549 1632 670 1684 rax,
698 1617 776 1673 ita
802 1618 906 1673 iste
927 1617 1167 1689 loquitur
1185 1624 1247 1671 ut
1273 1616 1495 1672 veritas.
1544 1616 1722 1672 Verax
1752 1625 1930 1675 autem
1954 1616 2140 1686 genuit

549 1710 855 1766 veritatem.
885 1709 1023 1777 Quid
1042 1724 1171 1782 ergo
1193 1707 1307 1780 jam
1333 1709 1539 1765 diceret
1562 1708 1818 1765 veritati?
1846 1706 1963 1764 Non
1994 1710 2139 1765 enim

549 1802 867 1872 imperfecta
887 1810 1004 1858 erat
1031 1804 1251 1868 veritas,
1266 1803 1353 1859 cui
1376 1817 1566 1858 verum
1593 1800 1796 1872 aliquid
1821 1801 2132 1858 adderetur.

2244 596 2699 651 transvolantibus
2744 596 2921 661 sonis;
2971 603 3317 667 strepuerunt
3362 594 3543 668 [Aug.,
3575 603 3829 653 transvo-

2240 686 2413 742 lantes
2440 687 2559 743 soni
2592 685 2958 759 strepuerunt]
2988 687 3222 757 peractis
3251 688 3476 743 merulis
3520 696 3826 759 temporum

2240 791 2460 833 suorum
2487 796 2499 831 :
2526 777 2622 833 sed
2645 794 2731 833 res
2764 778 2914 850 ipsa),
2939 793 3169 849 quarum
3205 779 3356 851 signa
3392 787 3517 834 sunt
3551 780 3693 845 soni,
3718 790 3829 835 tra-

2240 877 2342 927 cta:
2369 871 2830 941 quodammodoin
2854 887 3040 927 eorum
3067 873 3384 928 memoriam
3407 874 3500 944 qui
3519 874 3825 943 audierunt,

2239 962 2404 1018 etiam
2433 961 2499 1017 ad
2530 978 2627 1018 nos
2652 979 2752 1034 per
2790 963 3018 1029 litteras,
3044 978 3167 1034 qua:
3210 963 3439 1019 visibilia
3479 966 3636 1037 signa
3676 976 3823 1033 sunt,

2237 1062 2618 1127 pervenerunt.
2661 1055 2817 1127 591
2851 1055 2966 1111 Non
2993 1056 3071 1111 sic
3098 1054 3335 1126 loquitur
3359 1058 3603 1113 veritas:
3626 1059 3827 1114 intelli-

2240 1148 2490 1220 gentibus
2518 1147 2789 1203 mentibus
2818 1149 2963 1203 intus
2988 1148 3246 1219 loquitur,
3271 1150 3387 1205 sine
3416 1165 3550 1206 sono
3577 1152 3821 1217 instruit,

2240 1241 2563 1312 intelligibili
2601 1256 2732 1297 voce
2777 1240 3070 1313 perfundit.
3123 1242 3224 1311 Qui
3266 1258 3395 1315 ergo
3444 1252 3626 1314 potest
3673 1246 3728 1298 in
3764 1259 3823 1299 ea

2238 1332 2422 1388 videre
2463 1334 2760 1388 nativitatis
2803 1332 2921 1403 ejus
2955 1336 3342 1397 aeternitatem,
3395 1336 3510 1405 ipse
3553 1334 3703 1391 illam
3749 1336 3825 1393 sic

2240 1425 2392 1481 audit
2419 1424 2754 1495 loquentem,
2783 1425 2924 1481 sicut
2946 1427 2996 1481 ei
3021 1425 3158 1481 dixit
3193 1425 3375 1490 Pater,
3409 1426 3552 1496 quod
3580 1427 3827 1497 loquere-

2240 1524 2349 1571 tur.
2384 1515 2653 1572 Excitavit
2680 1530 2779 1572 nos
2806 1518 2872 1572 ad
2904 1532 3155 1589 magnum
3182 1516 3513 1573 desiderium
3542 1520 3824 1576 interioris

2239 1610 2536 1667 dulcedinis
2562 1626 2672 1666 sua:
2696 1630 2707 1663 :
2731 1610 2824 1666 sed
2849 1612 3144 1667 crescendo
3171 1612 3467 1682 capiamus,
3492 1612 3822 1670 ambulando

2240 1706 2593 1770 crescamus,‘
2630 1702 2963 1774 proﬁciendo
3012 1703 3348 1758 ambulemus
3370 1744 3384 1770 ,
3429 1713 3489 1758 ut
3535 1706 3823 1774 pervenire

2238 1795 2506 1864 possimus
2537 1814 2555 1847 ι
2579 1809 2677 1864 per
2701 1794 2936 1865 seipsum
2976 1794 3044 1850 ad
3084 1795 3340 1866 seipsum,
3374 1797 3553 1867 seipso
3594 1798 3822 1854 docente

548 1867 700 1947 Diidt
719 1907 851 1964 ergo
869 1894 1108 1959 veritati,
1132 1894 1257 1964 quia
1279 1894 1465 1965 genuit
1485 1867 1794 1949 veritatem.
1821 1890 1994 1949 Porro
2020 1894 2136 1964 ipsa
2167 1867 2215 1928 Β
2240 1903 2341 1943 nos
2361 1895 2411 1942 et
2445 1887 2791 1957 promittente
2823 1886 2979 1941 nobis
3000 1899 3016 1939 :
3036 1884 3150 1957 Ego
3174 1903 3290 1940 sum
3323 1887 3428 1949 via,
3457 1896 3506 1940 et
3538 1888 3754 1952 veritas,
3778 1898 3824 1943 et

546 1985 756 2040 veritas
781 1985 862 2041 sic
882 1983 1143 2055 loquitur,
1162 1993 1227 2041 ut
1254 1986 1304 2041 ei
1331 1986 1535 2042 dictum
1564 1993 1647 2042 est
1671 2004 1684 2040 :
1709 1986 1805 2043 sed
1833 1985 2137 2059 intelligen-

549 2073 719 2142 tibus,
747 2088 886 2146 quos
903 2076 1063 2132 docet
1089 2082 1150 2131 ut
1180 2084 1338 2133 nacta
1369 2075 1528 2150 [Aug.
1558 2085 1606 2131 et
1629 2075 1725 2147 aL,
1755 2075 1905 2151 nata]
1935 2086 2039 2132 est.
2064 2074 2139 2133 'Ut

549 2173 733 2224 autem
771 2167 1058 2224 crederent
1087 2168 1353 2235 homines,
1381 2169 1525 2240 quod
1550 2168 1854 2241 intelligere
1895 2168 2137 2224 nondum

2237 1980 2361 2035 vita.
2410 1978 2511 2035 Via
2562 1980 2949 2050 quaerentibus,
2994 1978 3196 2035 veritas
3243 1978 3669 2047 invenientibus,
3716 1980 3822 2036 vita

2236 2071 2697 2145 permanentibus.
2760 2092 2779 2117 ι

554 2323 3807 2361 MM

1797 2468 2095 2548 LIBER
2150 2464 2565 2545 SEXTUS.

618 2734 962 2795 Charisslmaa
985 2736 1044 2793 in
1062 2733 1286 2795 Christo
1305 2737 1479 2795 sorori
1499 2736 1664 2795 Gislae
1692 2738 1824 2813 [At.,
1848 2737 2125 2813 Gislanze],

546 2836 605 2885 et
632 2828 756 2885 illisa
786 2829 899 2887 Deo
930 2837 1071 2886 vota
1103 2826 1399 2898 Columbae,
1428 2830 1650 2888 humilis
1678 2831 1842 2888 levita
1871 2831 2133 2888 Alcuinus

553 2918 783 2975 salutem
811 2931 861 2974 ι.

618 3013 702 3113 A-d
727 3014 981 3113 solatium
1028 3016 1347 3113 sanctitatis-
1357 3024 1553 3073 vestrae
1598 3016 1743 3073 hunc
1778 3014 2018 3113 libellum
2047 3015 2131 3113 di-
2162 3048 2210 3113 ο

549 3105 690 3173 rexi,
725 3105 992 3162 comatico
1019 3119 1270 3163 sermone
1297 3108 1555 3163 dictatum
1573 3149 1588 3176 ,
1616 3115 1680 3163 ut
1721 3124 1846 3164 eum
1885 3108 2135 3165 habeatis

549 3199 639 3257 his
674 3197 885 3266 diebus,
914 3198 983 3256 ad
1019 3200 1380 3257 exercendam
1418 3201 1474 3256 in
1511 3216 1578 3258 eo
1606 3210 1845 3257 vestram
1889 3209 2134 3257 sanctam

548 3291 892 3349 devotionem
920 3309 935 3345 :
967 3292 1095 3363 quia
1134 3293 1397 3363 optimum
1442 3300 1527 3349 est
1568 3292 1626 3349 in
1669 3293 1766 3349 tali
1811 3292 1990 3349 studio
2032 3293 2133 3348 hos

549 3379 926 3437 sanctissimos
970 3394 1234 3453 peragere
1283 3382 1399 3440 dies
1422 3425 1439 3450 ,
1488 3390 1545 3439 et
1595 3383 1832 3438 maxime
1882 3383 1937 3439 in
1986 3380 2131 3439 beati

550 3470 774 3527 Joannis
817 3472 1163 3543 evangelista:
1202 3474 1514 3544 Evangelio,
1542 3473 1600 3530 in
1627 3490 1737 3545 quo
1785 3486 1910 3531 sunt
1939 3475 2132 3531 altiora

547 3564 804 3635 mysteria
821 3562 1161 3631 Divinitatis;
1195 3565 1337 3621 illius
1363 3580 1580 3636 quoque
1599 3566 1874 3638 Evangelii
1903 3569 2135 3623 sanctis-

552 3654 691 3710 sima
717 3654 881 3710 verba
910 3653 1123 3709 Domini
1164 3656 1339 3712 nostri
1364 3654 1494 3711 Iesu
1521 3655 1743 3722 Christi,
1772 3671 1893 3727 quae
1922 3657 2132 3714 locutus

548 3751 635 3799 est
660 3758 725 3799 ea
751 3750 912 3800 nocte
936 3759 1045 3814 qua
1082 3746 1226 3800 tradi
1254 3747 1423 3802 voluit
1450 3762 1551 3816 pro
1581 3748 1767 3802 mundi
1796 3748 1988 3804 salute.
2022 3748 2132 3807 To-

549 3834 657 3895 tius
680 3833 909 3891 forsitan
948 3835 1225 3909 Evangelii
1251 3839 1647 3909 expositionem
1675 3839 1848 3895 direxi
1878 3839 2132 3913 [direxis-

547 3924 686 3998 sem]
710 3926 894 3993 vobis,
925 3927 972 3984 si
998 3943 1089 3986 me
1109 3944 1218 3985 non
1244 3940 1563 4000 occupasset
1587 3928 1794 3987 domini
1821 3933 1966 4004 regis
1990 3948 2130 4003 prm-

545 4024 760 4088 ceptum
791 4018 847 4074 in
867 4021 1244 4078 emendatione
1266 4022 1480 4079 Veteris
1502 4022 1747 4093 Novique
1770 4022 2124 4081 Testamenti.

546 4106 773 4177 Tamen,
795 4112 906 4168 Deo
929 4114 1249 4181 auxiliante,
1264 4121 1322 4171 et
1348 4114 1462 4170 vita
1487 4115 1706 4181 comite,
1728 4123 1965 4186 emptum
1992 4130 2129 4187 opus

2235 2736 2472 2801 Paschaz,
2502 2737 2668 2792 sciens
2681 2734 2856 2805 Iesus,
2874 2736 2998 2809 quia
3018 2737 3159 2792 venit
3182 2735 3313 2792 hora
3333 2736 3469 2810 ejus,
3497 2749 3559 2795 ut
3584 2749 3819 2798 transeat

2232 2844 2298 2883 ea:
2328 2828 2425 2883 hoc
2469 2828 2663 2883 mundo
2694 2829 2763 2884 ad
2792 2825 3029 2883 Patrem.
3064 2847 3084 2880 α
3122 2829 3149 2869 ιι
3180 2826 3406 2896 Pascha,
3440 2829 3669 2900 fratres,
3715 2852 3817 2891 non

2234 2919 2376 2977 sicut
2417 2920 2635 2993 quidam
2669 2920 2984 2977 existimant
3026 2918 3273 2977 Graecum
3320 2938 3517 2980 nomen
3552 2934 3640 2980 est
3665 2968 3681 2993 ,
3734 2928 3822 2983 sed

2238 3011 2543 3068 Hebraeum.
2590 3011 2800 3069 Pascha
2842 3011 3097 3068 transitus
3139 3012 3333 3069 dicitur
3373 3014 3425 3069 in
3472 3030 3571 3071 sua
3617 3016 3823 3089 lingua,

2236 3112 2520 3176 propterea
2541 3103 2666 3174 quia
2690 3110 2816 3159 tunc
2835 3104 3068 3174 primum
3098 3102 3301 3159 Pascha
3324 3104 3624 3161 celebravit
3652 3124 3820 3180 popu-

2233 3195 2318 3253 lus
2344 3194 2469 3263 Dei,
2498 3194 2712 3266 quando
2738 3210 2802 3250 ex
2833 3191 3067 3267 Egypto
3098 3190 3363 3267 fugientes
3392 3194 3642 3252 Rubrum
3674 3214 3822 3254 mare

2233 3288 2568 3344 transierunt
2597 3286 2796 3354 (Exod.
2831 3302 2942 3351 xxv,
2972 3285 3085 3358 29).
3112 3306 3129 3339 ι
3162 3285 3291 3354 Quae
3315 3285 3484 3358 ﬁgura
3513 3289 3571 3343 in
3599 3287 3822 3345 Christo

2234 3379 2531 3438 secundum
2559 3379 2842 3434 veritatem
2871 3377 3088 3449 impleta
3106 3385 3209 3443 est,
3225 3377 3353 3432 dum
3381 3394 3479 3449 per
3501 3381 3817 3451 passionem

2233 3475 2411 3531 crucis
2441 3473 2695 3529 transiret
2722 3487 2789 3529 ex
2815 3471 2919 3528 hoc
2947 3472 3147 3527 mundo
3173 3471 3241 3527 ad
3270 3471 3507 3529 Patrem.
3556 3473 3637 3528 Ita
3661 3476 3820 3530 nobis

2233 3566 2621 3621 transeundum
2650 3572 2735 3620 est
2764 3564 2832 3620 ab
2868 3565 2972 3620 hoc
2998 3564 3199 3619 mundo
3232 3563 3301 3619 ad
3338 3563 3556 3619 Patrem
3574 3607 3593 3632 ,
3622 3581 3654 3619 a
3683 3574 3817 3621 tem-

2230 3659 2507 3729 poralibus
2552 3658 2619 3713 ad
2649 3665 2870 3724 aeterna,
2902 3657 2971 3714 ab
3014 3657 3300 3727 iniquitate
3344 3657 3413 3717 ad
3454 3658 3755 3729 justitiam,
3785 3676 3817 3713 a

2230 3749 2515 3819 decepture
2555 3749 2769 3805 diabolo
2797 3748 2863 3805 ad
2892 3748 3214 3804 salvatorem
3239 3747 3537 3805 Christum.
3568 3748 3706 3804 Cum
3736 3750 3812 3805 di-

2230 3840 2441 3897 lexisset
2460 3859 2581 3897 suos
2593 3838 2690 3914 'qui
2709 3850 2857 3896 erant
2880 3842 2936 3896 in
2962 3840 3177 3907 mundo,
3193 3859 3355 3913 usque
3372 3841 3427 3895 in
3446 3842 3606 3911 ﬁnem
3633 3842 3817 3897 dilexit

2229 3953 2337 3992 eos.
2377 3956 2395 3989 ‹
2427 3937 2620 4007 Utique
2645 3944 2703 3990 ut
2731 3944 2786 3991 et
2814 3936 2916 4008 ipsi
2940 3937 3005 3992 de
3029 3936 3134 3993 hoc
3160 3936 3383 4001 mundo,
3408 3936 3501 3991 ubi
3533 3946 3717 4003 erant,
3749 3938 3814 3993 ad

2230 4044 2388 4085 suum
2414 4037 2595 4099 caput,
2622 4028 2764 4098 quod
2810 4027 2936 4084 hinc
2973 4028 3297 4093 transiisset,
3329 4022 3489 4100 592
3520 4026 3643 4097 eius
3682 4030 3810 4085 dile-

2228 4120 2407 4176 ctione
2437 4119 2760 4175 transirent:
2786 4138 2806 4171 )
2844 4116 2913 4173 In
2936 4118 3117 4189 ﬁnem,
3136 4118 3192 4174 id
3219 4126 3301 4175 est
3330 4119 3385 4174 in
3411 4126 3701 4188 aeternum,
3731 4120 3813 4175 di-

542 4202 1311 4274 secundumopportunitatem
1325 4206 2126 4279 temporiscxpleverotvestro-
2228 4210 2354 4266 (exit
2379 4228 2485 4267 eos.
2512 4230 2531 4263 ί
2565 4209 2658 4265 Vel
2689 4210 2746 4263 in
2766 4208 2944 4280 ﬁnem,
2970 4209 3024 4264 in
3046 4206 3341 4278 Christum,
3372 4212 3497 4282 quia
3527 4211 3655 4269 ﬁnis
3680 4213 3814 4286 legis

545 4307 650 4363 que
676 4296 881 4351 nomini
904 4306 1337 4354 consummatum
1366 4299 1704 4355 dedicavero.
1732 4298 1888 4355 Nunc
1911 4314 2041 4357 vero
2069 4300 2125 4356 in
2227 4299 2473 4357 Christus
2498 4306 2599 4356 est.
2633 4299 2824 4373 (Vsus.
2855 4299 2934 4373 2.)
2982 4300 3049 4355 Et
3080 4319 3223 4357 aena
3245 4303 3361 4373 jam
3386 4303 3552 4375 facta.
3586 4304 3707 4362 Non
3740 4309 3813 4363 ita

543 4387 797 4475 praesenti
822 4388 1084 4458 deprecer
1111 4397 1174 4445 ut
1193 4389 1367 4445 nostri
1394 4390 1629 4446 nominis
1658 4390 1902 4446 habeatis
1921 4404 2125 4446 memo—
2149 4412 2205 4475 ι)
2228 4393 2485 4449 debemus
2511 4392 2810 4464 intelligere
2852 4408 3061 4449 scenam
3108 4393 3330 4462 factam,
3354 4397 3521 4451 veluti
3536 4396 3655 4466 jam
3686 4416 3815 4456 con-

543 4473 682 4528 riam
703 4475 757 4528 in
781 4477 1130 4533 sanctisacris
1154 4476 1358 4551 [Forte,
1382 4478 1767 4552 sacrosanctis]
1785 4481 2125 4538 orationibus
2151 4473 2179 4475 ί
2226 4495 2495 4556 sumptam
2533 4483 2719 4558 [Aug.,
2748 4483 3199 4559 consummatam]
3227 4495 3389 4557 atque
3429 4495 3770 4547 transactam
3796 4510 3809 4545 :

545 4565 775 4630 vestris;
797 4574 853 4620 et
876 4567 981 4621 hoc
1003 4574 1216 4638 tempus
1240 4569 1639 4626 sanctissimum
1669 4570 1725 4626 in
1753 4571 1974 4627 servitio
2000 4586 2125 4641 san-
2222 4576 2399 4632 adhuc
2441 4576 2586 4631 enim
2629 4578 2949 4632 cmnabatur
2967 4618 2983 4644 ,
3013 4593 3137 4633 cum
3186 4576 3446 4635 Dominus
3487 4585 3733 4639 surrexit
3757 4592 3814 4641 et

540 4652 746 4745 ctitatis
764 4694 781 4719 ,
811 4661 866 4710 et
891 4655 1148 4726 religione
1176 4659 1494 4716 castissima:
1531 4661 1678 4727 vitae,
1704 4668 1760 4717 et
1793 4662 1845 4716 in
1878 4661 2122 4719 lectionis
2220 4671 2386 4741 pedes
2415 4669 2543 4725 lavit
2584 4669 2861 4741 discipulis
2897 4671 3027 4726 suis.
3078 4670 3214 4727 Nam
3240 4681 3425 4744 postea
3451 4677 3729 4745 recubuit,
3759 4688 3813 4734 et

540 4743 720 4838 studio
768 4760 1027 4817 prospere
1076 4751 1349 4821 peragatis
1375 4793 1389 4817 ,
1444 4763 1712 4823 quatenus
1762 4755 1831 4812 ad
1873 4765 2119 4813 sanctum
2220 4762 2516 4818 b'uecellam
2553 4779 2650 4819 suo
2674 4763 2923 4818 traditori
2967 4762 3133 4818 dedit.
3166 4763 3331 4821 Coena
3369 4782 3501 4838 ergo
3531 4743 3812 4835 Iactandi-

537 4832 744 4930 Pascha
770 4839 1167 4930 pervenientes,
1182 4844 1463 4913 condignis
1483 4845 1731 4903 laudibus
1761 4849 2121 4906 resurrectio-
2218 4862 2364 4911 ctum
2401 4863 2484 4911 est
2509 4853 2659 4929 [Ms.,
2685 4870 2837 4910 omna
2869 4870 3000 4927 ergo
3029 4855 3174 4912 dicta
3222 4854 3350 4930 est],
3376 4832 3493 4930 jam
3531 4832 3752 4929 parata,
3784 4882 3804 4914 ι

540 4939 667 4981 nem
716 4927 929 5023 Domini
973 4932 1144 4988 nostri
1194 4934 1470 4992 celebrare
1520 4938 1765 4994 valeatis.
1833 4937 1973 5009 Opto
2021 4956 2118 4999 vos
2217 4927 2626 5005 convivantibus
2645 4947 2919 5019 discipulis
2944 4963 3067 5004 cum
3096 4927 3809 5023 magistro.‘Cum_diabolus

532 5027 754 5110 semper
781 5019 993 5089 valere,
1020 5031 1075 5077 et
1115 5022 1169 5080 in
1196 5026 1344 5081 omni
1369 5027 1587 5097 pietatis
1614 5029 1872 5088 exercitio
1897 5029 2113 5103 ﬂorere,
2205 5039 2327 5110 jam
2374 5038 2596 5093 misisset
2635 5038 2691 5092 in
2732 5055 2822 5093 cor
2857 5046 2912 5094 ut
2950 5019 3345 5095 traderet'eum
3385 5037 3563 5097 Iudas
3617 5041 3809 5099 Simon

538 5104 871 5170 charissima:
890 5114 1139 5175 dominae.
2205 5104 2523 5185 'Scariothis.
2562 5149 2580 5181 ι
2606 5127 2662 5185 Si
2693 5130 2890 5201 quaeris
2913 5132 3042 5203 quid
3067 5133 3292 5189 missum
3318 5133 3389 5189 sit
3410 5134 3466 5189 in
3495 5151 3591 5191 cor
3612 5135 3808 5193 Judm.’

1077 5226 1305 5286 CAPUT
1353 5228 1568 5286 XXXI].
2212 5221 2328 5279 Hoc
2370 5222 2575 5294 utique,
2607 5233 2665 5279 ut
2704 5224 2929 5279 traderet
2972 5243 3113 5280 eum.
3170 5226 3353 5283 Missio
3380 5228 3486 5284 ista
3535 5230 3803 5300 spiritalis

532 5332 767 5424 sum
787 5357 826 5424 9
848 5356 1004 5424 mna
1030 5341 1158 5398 In“
1194 5345 1787 5424 Pal-“ldimpulomm’
1815 5353 2109 5424 exemplum
2210 5316 2481 5419 suggestio
2506 5323 2591 5372 est
2705 5317 2893 5424 non-in
2914 5333 3075 5374 aures
3101 5320 3473 5424 corporalibus
3502 5322 3675 5389 sonis,

598 5406 662 5496 si
697 5410 906 5496 ἀράίεεε
949 5413 1145 5496 dicem,
1174 5406 1232 5496 εξι
1257 5417 1379 5496 ﬂ”;
1419 5406 1682 5496 εοῃζςενυε,
1721 5406 2108 5496 {magaba
2208 5406 2264 5460 in
2288 5423 2383 5463 cor
2411 5410 2797 5466 consentientis
2820 5412 3033 5481 iniqua;
3084 5415 3223 5469 sicut
3264 5414 3408 5469 enim
3440 5416 3613 5473 bonas
3648 5418 3803 5489 cogi.

600 5482 834 5576 omnium
859 5480 1140 5538 Dominum
1169 5480 1350 5557 fecisse
1376 5487 1686 5557 probantur.
1721 5480 1733 5490 ’
1927 5480 1938 5489 ’
1980 5480 1994 5496 ’
2210 5502 2438 5559 taliones
2480 5504 2743 5575 benignus
2771 5505 3004 5576 Spiritus
3038 5507 3300 5575 immittit,
3325 5509 3404 5565 sic
3427 5512 3592 5568 etiam
3620 5480 3802 5569 malvas

599 5570 784 5630 CAPUT
827 5591 946 5644 xm,
976 5575 1143 5633 Vens.
1174 5578 1225 5632 1.
1251 5578 1479 5635 -Αηιε
1506 5579 1644 5636 diem
1694 5592 1868 5639 autem
1913 5585 2105 5656 festum
2205 5594 2562 5665 cogitationes
2604 5570 2870 5671 malignus
2914 5600 3136 5671 spiritus
3190 5570 3449 5676 suggerit.
3483 5623 3506 5660 ε
3559 5604 3669 5664 Sed
3708 5608 3798 5662 in-

1179 5736 1735 5828 βέὲεξριειροτθφιο
1758 5744 1958 5828 erit“
1995 5754 2099 5815 θειτ

596 5749 625 5771 ι
666 5749 741 5787 ue
784 5749 908 5816 nac_
927 5749 1155 5817 epistola
1179 5749 1239 5802 et
1263 5749 1333 5819 ne
1351 5749 1599 5822 tempore
1624 5754 1735 5811 quo
1758 5749 1958 5828 scripta
1995 5754 2099 5815 est,
2205 5749 2393 5805 misso.
2419 5749 2571 5807 Hanc
2595 5767 2704 5807 non
2732 5754 2896 5809 habet
2918 5755 3039 5811 cod.
3070 5771 3172 5812 ms.
3194 5756 3267 5828 is.
3296 5758 3687 5819 Emmeraan

526 5801 702 5859 rccole
719 5817 838 5874 quae
858 5803 1090 5863 diximus
1108 5821 1165 5862 ω
1188 5814 1395 5865 monito
1418 5808 1504 5868 lus
1528 5817 1933 5873 commentariis
1953 5831 2093 5888 prae-
2271 5820 2301 5865 b
2332 5821 2413 5885 Ex
2448 5821 2509 5879 Β.
2535 5821 2701 5888 Aug.,
2726 5831 2886 5883 tract.
2913 5839 3003 5888 LV.
3029 5840 3182 5885 num.
3208 5829 3316 5887 1-7.

2271 5820 2301 5865 ι
2332 5821 2413 5885 Ex
2448 5821 2509 5879 Β.
2535 5821 2701 5896 Aug.,
2726 5831 2886 5883 tract.
2913 5839 3003 5895 av,
3029 5840 3182 5885 num.
3195 5820 3316 5887 ’1-7.
