4074 6460
1052 405 1462 463 EXEGETIGA.
1500 434 1572 448 —-
1607 403 1960 463 ουΜΜΕΝΤ.
2001 405 2069 461 ΙΝ
2104 404 2297 464 JOAN.
2323 438 2394 450 -—
2420 405 2548 463 LIB.
2590 406 2676 465 Vl.

3382 408 3563 503 mo

238 525 427 584 terest,
451 518 775 589 quibusnam
795 531 981 574 earum
1021 530 1175 574 mens
1212 498 1449 575 humana
1483 519 1804 585 consentiat,
1828 524 1883 584 Δ
1909 532 2012 578 tus.
2044 520 2321 589 Quomodo
2348 530 2639 592 utrumque
2664 528 2723 576 et
2757 521 2989 578 mundus
3012 527 3179 588 totus,
3223 530 3403 581 tamen
3431 533 3491 583 et

238 609 422 667 divino
463 609 664 665 auxilio
708 609 791 664 vel
833 610 1046 666 deserta
1088 627 1188 682 per
1216 612 1486 677 meritum,
1515 610 1600 664 vel
1625 608 1809 679 adiuta

234 717 337 773 per
357 701 606 774 gratiam.
630 722 649 754 ι
685 699 813 759 Sine
838 700 943 757 lide
966 703 1211 774 proditor
1233 703 1333 761 iste
1363 703 1512 757 venit
1534 703 1601 758 ad
1628 703 1811 758 convi-

235 796 406 863 vium,
437 811 545 851 non
571 795 796 850 credens
820 795 990 851 Deum
1016 809 1157 863 esse,
1176 810 1339 867 quem
1375 794 1584 852 tradere
1608 797 1812 867 cogita-

236 885 354 942 bat.
388 903 409 938 t
442 884 738 942 Videbatur
778 894 833 941 et
875 884 1203 943 tolerabatur
1239 904 1251 939 :
1289 886 1343 942 in
1387 900 1451 942 eo
1492 902 1652 956 quem
1696 884 1810 941 falli

235 976 492 1049 putabat,
518 974 833 1043 fallebatur;
864 997 885 1030 ι
926 975 1083 1048 cujus
1108 977 1315 1034 malitia
1336 978 1548 1035 bonitas
1574 978 1670 1033 Dei
1695 987 1812 1033 ute-

234 1069 399 1126 batur
428 1069 497 1125 ad
519 1068 746 1126 salutem
774 1069 1020 1126 aliorum.

304 1160 473 1217 Vsus.
500 1160 554 1216 3.
580 1190 653 1201 —
678 1179 697 1213 ς
736 1146 920 1218 Sciens
952 1162 1077 1234 quia
1121 1161 1297 1217 omnia
1324 1160 1467 1217 dedit
1494 1162 1542 1216 ei
1567 1159 1731 1217 Pater
1754 1162 1813 1216 in

234 1265 442 1305 manus.
490 1250 632 1322 Ergo
658 1258 712 1307 et
750 1252 924 1322 ipsum
964 1253 1298 1309 traditorem.
1349 1252 1483 1308 Nam
1526 1252 1571 1309 si
1601 1268 1725 1309 eum
1756 1253 1813 1309 in

234 1340 487 1398 manibus
530 1360 637 1397 non
684 1343 935 1409 haberet,
978 1359 1087 1399 non
1116 1343 1303 1414 utique
1347 1342 1441 1399 illo
1484 1352 1724 1400 uteretur
1754 1349 1814 1399 ut

233 1430 678 1495 vellet.,Sciehat
708 1433 850 1487 enim
882 1431 1142 1489 Dominus
1165 1434 1293 1504 quid
1321 1432 1522 1489 faceret
1548 1450 1646 1505 pro
1673 1434 1811 1491 ami-

233 1524 332 1589 cis,
370 1523 463 1596 qui
509 1526 778 1596 patienter
824 1527 1077 1582 utebatur
1119 1526 1374 1582 inimicis.
1428 1525 1610 1582 Sciens
1654 1527 1812 1581 etiam

234 1621 358 1693 quia
383 1638 417 1675 a
440 1618 549 1675 Deo
576 1621 752 1688 exivit,
777 1631 825 1675 et
855 1621 1111 1697 adDeum
1131 1621 1275 1676 vadit
1299 1636 1317 1673 :
1339 1636 1439 1676 nec
1466 1620 1657 1687 Deum,
1686 1636 1813 1676 cum

234 1712 359 1784 ηδε
376 1712 579 1777 exiret;
609 1727 709 1768 nec
733 1728 833 1768 nos
855 1712 1133 1779 deserens,
1151 1729 1274 1769 cum
1294 1713 1510 1768 rediret.
1531 1710 1717 1785 (Vsus.
1733 1710 1812 1787 4.)

234 1796 415 1873 Surgit
451 1819 484 1857 a
517 1820 659 1858 omna
680 1845 694 1869 ,
725 1812 774 1857 et
806 1805 951 1876 ponit
997 1804 1302 1859 vestimenta
1346 1820 1465 1859 sua.
1510 1803 1814 1859 Locuturus

1907 618 2072 689 pedes
2098 616 2148 673 ei
2184 616 2397 672 lavandi
2438 623 2583 681 sunt,
2603 636 2624 670 ι
2653 616 2759 672 nisi
2787 617 2915 687 quia
2956 617 3191 674 mdes
3232 625 3375 677 totus
3405 627 3493 679 est

1910 708 1964 763 in
1988 708 2202 764 lavacro
2222 708 2394 764 sancti
2426 707 2786 777 baptismatis,
2803 707 3001 764 iterum
3022 707 3241 778 pulvere
3256 717 3491 768 terreno

1907 797 2256 854 habitationis
2276 798 2614 855 sordidatur?
2636 797 2789 856 Unde
2805 807 2858 855 et
2878 813 3102 855 necesse
3122 799 3286 856 habet
3297 800 3495 859 item

1910 888 2079 943 lavari
2127 904 2226 960 per
2265 888 2495 961 gratiam
2541 887 2786 962 [lavacri]
2839 888 3034 945 divinae
3080 889 3318 960 pietatis,
3368 890 3496 951 licet

1907 980 2059 1050 prius
2104 980 2291 1036 eadem
2337 981 2510 1053 gratia
2551 988 2696 1037 esset
2728 988 2874 1037 totus
2904 982 3223 1047 mundatus,
3250 983 3494 1054 apostolo

1909 1067 2115 1125 Joanne
2140 1079 2431 1127 attestaute
2457 1090 2468 1124 :
2494 1070 2552 1127 Si
2582 1071 2869 1127 dixerimus
2909 1073 3034 1146 quia
3074 1082 3345 1143 peccatum
3387 1091 3492 1130 non

1909 1158 2180 1226 habemus,
2205 1176 2299 1215 nos
2326 1161 2465 1232 ipsos
2494 1161 2811 1231 decipimus,
2835 1170 2885 1216 et
2905 1162 3096 1216 veritas
3122 1162 3178 1217 in
3211 1161 3356 1218 nobis
3382 1178 3490 1218 non

1908 1262 1987 1307 est
2017 1250 2067 1324 (1
2094 1249 2255 1306 Joan.
2280 1268 2322 1318 t,
2344 1250 2420 1326 8).
2449 1270 2468 1303 ι
2503 1251 2753 1319 Quotidie
2777 1252 2941 1325 igitur
2960 1253 3126 1323 pedes
3146 1253 3288 1309 lavat
3313 1253 3492 1319 nobis,

1910 1342 2002 1414 qui
2030 1342 2341 1413 interpellat
2366 1358 2467 1413 pro
2492 1343 2651 1399 nobis
2671 1360 2685 1397 :
2709 1351 2766 1398 et
2803 1344 3041 1414 quotidie
3086 1358 3187 1401 nos
3220 1358 3357 1417 opus
3392 1343 3494 1399 ba-

1909 1434 2060 1501 bere,
2088 1442 2147 1488 ut
2191 1435 2355 1506 pedes
2396 1434 2664 1501 lavemus,
2714 1435 2769 1490 in
2800 1435 2915 1506 ipsa
2943 1435 3190 1491 oratione
3216 1435 3492 1493 Dominica

1911 1524 2248 1590 conﬁtemur,
2270 1542 2393 1582 cum
2415 1526 2671 1583 dicimus:
2689 1526 2904 1581 Dimitte
2926 1526 3071 1581 nobis
3091 1525 3265 1582 debita
3290 1536 3491 1593 nostra,

1911 1624 2045 1678 sicut
2067 1633 2114 1679 et
2129 1640 2222 1680 nos
2239 1624 2550 1679 dimittimus
2565 1622 2724 1697 593
2741 1621 3059 1678 debitoribus
3075 1622 3265 1677 nostris
3280 1620 3498 1694 (Matth.

1911 1731 1987 1780 vt,
2022 1714 2130 1787 η).
2176 1735 2195 1768 s
2222 1714 2291 1769 Et
2321 1731 2410 1770 vos
2456 1715 2641 1770 mundi
2683 1716 2836 1780 estis,
2862 1712 2953 1769 sed
2978 1731 3081 1768 non
3112 1730 3308 1770 omnes.
3343 1712 3499 1780 Quod

1912 1804 2242 1875 evangelista
2279 1805 2629 1875 sequentibus
2654 1805 2839 1862 verbis
2870 1804 3140 1877 exposuit.
3166 1803 3290 1862 Ideo
3315 1813 3498 1862 trans-

236 1894 558 1965 evangelista
604 1895 670 1950 de
714 1903 865 1951 tanta
912 1896 1124 1951 Domini
1165 1894 1485 1962 humilitate,
1515 1895 1665 1964 prius
1693 1892 1809 1965 ejus
1838 1882 1885 1943 Β
1915 1911 2101 1951 eamus
2126 1896 2193 1951 ad
2221 1902 2435 1952 caetera.

234 1981 603 2040 celsitudinem
633 1985 803 2040 voluit
847 1986 1246 2042 commendare.
1297 1984 1380 2040 Ad
1434 1987 1537 2041 hoc
1583 1984 1819 2056 pertinet

237 2075 380 2145 quod
399 2076 475 2131 ait
502 2093 515 2131 :
542 2074 723 2133 Sciens
748 2079 871 2150 quia
901 2079 1077 2133 omnia
1102 2076 1242 2133 dedit
1264 2074 1502 2139 eiPater
1523 2077 1577 2133 in
1606 2093 1813 2134 manus.

236 2165 371 2223 Cum
414 2160 541 2240 ergo
584 2170 634 2226 ei
677 2171 858 2226 omnia
904 2170 1139 2226 dedisset
1169 2169 1331 2224 Pater
1369 2169 1425 2225 in
1467 2185 1678 2236 manus,
1707 2185 1819 2225 non

239 2256 335 2314 Dei
382 2259 612 2327 Domini,
644 2264 738 2317 sed
778 2260 1014 2317 hominis
1061 2262 1203 2316 servi
1258 2260 1503 2331 implevit
1556 2260 1815 2316 otiicium.

234 2353 412 2409 Tanta
457 2362 541 2410 est
587 2354 784 2425 quippe
831 2354 1079 2409 humana:
1125 2352 1448 2409 humilitatis
1496 2352 1727 2417 utilitas,
1758 2360 1821 2409 ut

236 2456 358 2499 eam
389 2460 487 2500 suo
515 2446 915 2501 commendaret
960 2445 1208 2515 exemplo
1238 2445 1400 2500 etiam
1431 2445 1611 2500 divina
1653 2446 1820 2501 δυω-

237 2538 424 2593 mitas.
445 2556 463 2590 ι
492 2534 584 2593 δυ)
595 2539 667 2609 git
693 2553 725 2592 a
753 2552 895 2593 cana
915 2577 929 2603 ,
957 2536 1234 2593 descendit
1259 2537 1325 2593 de
1355 2536 1696 2605 caelestibus;
1727 2556 1821 2611 po-

178 2678 183 2681 .
237 2628 351 2680 suit
394 2628 694 2682 vestimenta
740 2644 860 2692 sua,
895 2627 946 2682 id
994 2635 1077 2683 est
1121 2627 1465 2698 semetipsum
1500 2628 1816 2684 exinanivit.

240 2722 431 2796 (Vens.
466 2723 546 2793 5.)
576 2722 707 2778 Cum
737 2722 1013 2794 accepisset
1041 2721 1279 2789 linteum,
1305 2724 1582 2793 prcecinxit
1607 2740 1681 2789 se,
1712 2721 1822 2778 for-

240 2828 385 2868 mam
425 2814 568 2869 servi
609 2813 856 2869 induens.
905 2813 1064 2868 Mittit
1091 2831 1281 2886 aquam
1310 2814 1365 2868 in
1384 2813 1599 2885 pelvem,
1632 2813 1686 2869 id
1712 2823 1818 2883 est,

239 2904 381 2963 fudit
409 2908 723 2978 sanguinem
754 2922 910 2963 suum
936 2907 991 2963 in
1019 2915 1240 2976 terram,
1263 2914 1321 2963 ut
1366 2908 1651 2964 mundaret
1678 2908 1731 2963 in
1763 2923 1821 2964 se

242 2996 575 3053 credentium
610 2997 837 3069 vestigia
865 3038 880 3066 ,
910 3013 1029 3070 qua:
1062 2998 1295 3055 terrenis
1324 3000 1560 3071 peccatis
1605 2999 1821 3055 sordida

240 3086 485 3155 fuerant;
515 3095 570 3143 et
596 3098 901 3161 extergeret
923 3090 1090 3145 linteo
1119 3106 1225 3161 quo
1250 3100 1370 3147 erat
1391 3091 1735 3162 praecinctus,
1766 3089 1821 3145 id

242 3187 327 3235 est
350 3180 589 3252 corporis
615 3180 695 3236 sui
716 3178 881 3237 linteo
907 3196 1015 3252 quo
1037 3188 1154 3236 erat
1172 3182 1817 3253 prmeinctus,purgaret:

242 3272 372 3343 (pia
551 3271 639 3327 illa
670 3269 787 3341 ejus
821 3244 1004 3343 passio
1022 3314 1038 3337 ,
1065 3244 1250 3329 nostra
1277 3281 1361 3328 est
1382 3244 1661 3345 purga-tio:
1678 3272 1818 3328 Dum
1846 3244 1893 3307 (ἶ

241 3360 473 3419 formam
497 3364 639 3419 servi
667 3364 895 3436 accepit,
922 3380 1029 3420 non
1058 3365 1201 3435 quod
1222 3365 1453 3421 habebat
1477 3364 1700 3432 dimisit,
1725 3364 1821 3423 sed

240 3457 388 3529 quod
420 3471 526 3513 non
551 3456 783 3513 habebat
805 3457 1115 3527 assumpsit.

313 3548 481 3604 Vsus.
509 3547 647 3604 6.-
663 3547 817 3604 Venit
830 3565 949 3620 ergo
972 3550 1039 3604 ad
1065 3547 1329 3605 Simonem
1346 3546 1582 3605 Petrum.
1604 3568 1623 3602 ι
1652 3561 1678 3591 ι
1700 3546 1820 3605 Νοι

242 3639 321 3694 ita
350 3637 751 3711 intelligendum
779 3647 881 3707 est,
914 3640 1068 3710 quasi
1097 3641 1324 3696 aliorum
1356 3641 1580 3713 pedibus
1603 3640 1816 3708 lavaris,

241 3734 484 3789 venisset
509 3733 577 3788 ad
601 3734 837 3804 primum
869 3735 1255 3804 apostolorum,
1285 3735 1380 3793 sed
1407 3735 1532 3807 quia
1562 3736 1686 3791 inde
1709 3735 1822 3807 pri-

243 3842 393 3883 mum
437 3828 616 3898 erepit.
643 3848 661 3880 ι
693 3828 818 3883 Ideo
847 3827 1153 3898 expavescit
1188 3828 1412 3895 Petrus,
1444 3835 1506 3884 ut
1532 3828 1625 3883 Dei
1654 3827 1822 3885 Filius

243 3918 411 3990 pedes
460 3918 512 3974 ei
564 3918 797 3986 lavaret,
848 3917 1109 3975 Dominus
1161 3932 1339 3984 servo,
1395 3917 1537 3973 Deus
1589 3917 1817 3973 homini.

251 4027 270 4060 ο
300 4008 532 4076 Quando
582 4024 713 4082 ergo
750 4010 919 4082 pedes
959 4009 1348 4080 discipulorum
1399 4010 1581 4065 lavare
1630 4011 1818 4081 coepit,

246 4100 395 4156 venit
419 4102 487 4157 ad
507 4116 631 4157 eum
660 4116 690 4156 a
720 4117 825 4173 quo
848 4103 1030 4173 cmpit,
1057 4098 1110 4158 id
1134 4112 1217 4158 est
1238 4103 1303 4159 ad
1331 4101 1553 4160 Petrum
1581 4111 1671 4158 :et
1695 4111 1823 4159 tunc

244 4192 458 4259 Petrus,
489 4193 632 4265 quod
657 4194 820 4249 etiam
846 4193 1072 4265 quilibet
1099 4208 1285 4249 eorum
1314 4194 1640 4263 expavisset,
1661 4209 1824 4264 expa-

244 4286 326 4341 vit
345 4294 507 4358 atque
527 4285 602 4341 ait
623 4305 635 4340 :
655 4284 895 4351 Domine,
909 4293 965 4341 tu
987 4285 1116 4341 mihi
1141 4285 1286 4342 lavas
1306 4285 1499 4358 pedes?
1518 4307 1536 4339 ι
1555 4285 1633 4341 Tu
1660 4286 1821 4352 Deus,

241 4391 349 4448 ego
374 4377 566 4444 homo;
597 4383 655 4432 tu
698 4376 978 4443 Dominus,
1008 4393 1106 4449 ego
1132 4392 1350 4444 servus;
1383 4387 1441 4433 tu
1470 4378 1820 4450 Redemptor,

241 4483 349 4542 ego
397 4478 667 4540 peccator.
718 4469 905 4542 (Vsus.
935 4468 1014 4542 7.)
1063 4466 1217 4536 Quod
1251 4486 1344 4541 ego
1382 4468 1543 4541 facio,
1571 4479 1627 4524 tu
1658 4470 1823 4525 nescis

243 4562 404 4617 modo
438 4574 459 4612 :
490 4561 619 4616 scies
664 4571 836 4615 autem
877 4568 1074 4631 postea.
1136 4558 1303 4629 Hujus
1338 4558 1465 4615 facti
1509 4560 1823 4631 mysterium

1984 1991 2147 2047 Vnus.
2178 1989 2264 2043 12.
2290 2019 2363 2030 -—
2385 1986 2673 2060 Postquam
2709 2004 2832 2059 ergo
2866 1987 2990 2045 lauit
3022 1988 3178 2062 pedes
3204 2004 3418 2055 eorum.
3445 1985 3502 2045 id

1916 2091 2020 2151 est,
2052 2081 2273 2154 impleta
2295 2081 2680 2153 redemptionis
2702 2090 2901 2140 nostris
2920 2083 3241 2154 purgatione
3257 2096 3355 2154 per
3381 2094 3508 2137 san-

1917 2175 2095 2246 guinis
2123 2174 2206 2229 sui
2235 2172 2573 2240 effusionem,
2619 2174 2816 2245 accepit
2850 2175 3150 2230 vestimenta
3175 2190 3303 2241 sua,
3346 2172 3507 2232 tertio

1917 2262 2005 2317 die
2025 2262 2092 2317 de
2114 2261 2362 2332 sepulcro
2394 2277 2703 2335 resurgens,
2725 2271 2783 2318 et
2807 2264 2998 2319 eodem
3019 2277 3248 2334 corpore
3266 2276 3373 2333 quo
3392 2275 3508 2318 mo-
3580 2326 3581 2329 η

1916 2355 2159 2411 riebatur
2188 2357 2241 2411 in
2272 2371 2470 2424 cruce,
2500 2357 2820 2413 immortalis
2854 2356 3030 2412 factus
3063 2364 3150 2412 est
3179 2366 3236 2411 et
3257 2356 3502 2414 vestitus.

1918 2444 1986 2502 Et
2012 2464 2132 2501 cum
2153 2447 2469 2503 recubuisset
2493 2449 2703 2516 iterum,
2723 2448 2969 2506 ascendit
2989 2447 3045 2503 in
3063 2446 3281 2513 corium,
3302 2447 3359 2503 in
3379 2447 3508 2503 (lex.

1918 2547 2036 2596 tera
2065 2536 2160 2595 Dei
2191 2536 2407 2606 sedens,
2443 2549 2500 2597 et
2526 2540 2582 2596 in
2616 2540 2900 2613 majestate
2937 2548 3177 2613 paternae
3207 2536 3508 2594 divinitatis

1920 2630 2262 2698 recumbens,
2291 2632 2433 2688 unde
2457 2633 2656 2689 iterum
2675 2639 2936 2690 venturus
2962 2640 3067 2700 est,
3090 2631 3337 2704 judicare
3355 2632 3508 2689 vivos

1918 2729 1975 2779 et
2011 2735 2272 2779 mortuos.
2318 2723 2578 2795 Sequitur
2620 2725 2807 2782 enim:
2845 2724 2996 2781 Dixit
3031 2725 3146 2780 eis:
3189 2722 3348 2780 Scitis
3378 2722 3507 2794 quid

1920 2814 2131 2886 fecerim
2170 2816 2309 2872 vobis
2332 2816 2358 2871 Ρ
2380 2815 2495 2872 Hoc
2530 2816 2674 2873 enim
2718 2817 2796 2872 ait
2839 2817 2983 2888 quod
3021 2825 3147 2872 ante
3172 2815 3513 2888 praemiserat

1923 2906 2075 2980 [Ms.,
2108 2908 2492 2980 promiserat],
2542 2909 2671 2965 dum
2717 2908 2880 2965 Petro
2924 2906 3166 2979 apostolo
3193 2906 3509 2979 respondit:

1923 2997 2079 3066 Quod
2097 3016 2191 3071 ego
2217 2999 2374 3069 facio,
2400 3000 2566 3055 nescis
2589 3001 2765 3066 modo,
2785 3002 2921 3056 scies
2936 3009 3111 3056 autem
3130 3008 3331 3071 postea.
3353 2996 3511 3054 Nunc

1921 3098 2006 3147 est
2038 3091 2167 3147 illud
2192 3102 2335 3163 post,
2363 3092 2505 3163 quod
2527 3102 2653 3149 ante
2679 3094 2945 3163 promisit.

1994 3182 2156 3238 Vens.
2193 3184 2277 3239 13.
2304 3214 2376 3223 —-
2428 3182 2533 3238 Vos
2562 3186 2755 3240 uocatis
2790 3201 2869 3239 me
2909 3183 3132 3240 Domine
3156 3192 3205 3239 et
3237 3182 3511 3255 magister,

1921 3282 1970 3329 et
1999 3275 2123 3330 bene
2169 3276 2363 3331 dicitis.
2397 3274 2630 3347 Utique,
2669 3278 2797 3348 quia
2821 3291 3014 3334 verum
3040 3277 3221 3333 dicitis
3239 3316 3258 3344 ,
3288 3292 3406 3332 sum
3435 3284 3514 3331 et-

1921 3369 2077 3423 enim.
2107 3367 2225 3425 Non
2254 3372 2574 3441 arrogantia:
2588 3378 2736 3444 typo,
2758 3370 2853 3427 sed
2875 3371 3122 3427 veritatis
3148 3369 3410 3439 obsequio
3430 3368 3515 3425 di-

1921 3455 2022 3522 xit,
2048 3472 2139 3527 ego
2176 3474 2292 3512 sum
2325 3471 2343 3509 :
2383 3455 2566 3530 (Vens.
2607 3455 2694 3527 14)
2728 3455 2789 3513 Si
2809 3474 2930 3528 ergo
2954 3473 3048 3529 ego
3069 3456 3173 3512 lavi
3202 3464 3395 3511 uestros
3423 3471 3516 3527 pec

1920 3545 2032 3614 des,
2062 3548 2319 3603 Dominus
2342 3558 2389 3603 et
2418 3550 2686 3620 magister,
2711 3558 2757 3603 et
2786 3566 2873 3605 vos
2902 3548 3097 3604 debetis
3129 3549 3266 3604 alter
3292 3547 3515 3603 alterius

1923 3633 2102 3691 lavare
2139 3638 2310 3709 pedes.
2344 3636 2404 3696 Si
2440 3654 2540 3712 ego
2569 3638 2713 3695 Deus
2741 3648 2795 3696 et
2835 3639 3098 3696 Dominus
3141 3639 3323 3696 dimisi
3361 3638 3518 3695 vobis

1921 3736 2145 3798 peccata
2170 3737 2369 3796 vestra,
2403 3738 2605 3800 quanto
2631 3731 2806 3802 magis
2832 3737 2889 3785 et
2914 3745 3012 3786 vos
3033 3729 3242 3786 debetis
3268 3728 3408 3785 alter
3436 3727 3517 3783 al-

1922 3820 2095 3876 terius
2124 3830 2345 3891 peccata
2370 3822 2685 3878 dimittere?
2719 3840 2736 3872 ι
2772 3823 2800 3862 b
2824 3821 2890 3879 Et
2916 3822 3022 3880 hoc
3052 3830 3139 3879 est
3182 3822 3327 3892 quod
3371 3820 3514 3891 Apo-

1914 3912 2091 3967 ‘stolus
2120 3913 2229 3967 ait:
2272 3912 2534 3967 Donantes
2574 3913 2980 3985 nobismetipsis,
3017 3915 3064 3969 si
3104 3914 3221 3985 quis
3265 3912 3517 3969 adversus

1922 4004 2146 4075 aliquem
2175 4004 2328 4058 habet
2356 4003 2563 4075 culpam
2588 4002 2813 4076 (Coloss.
2843 4022 2921 4071 ιιι,
2953 4005 3068 4078 15),
3092 4006 3234 4061 sicut
3254 4013 3310 4061 et
3334 4003 3516 4060 Domi-

1921 4112 2024 4152 nus
2061 4096 2281 4152 donavit
2306 4096 2489 4162 nobis,
2538 4098 2613 4151 ita
2642 4105 2698 4152 ct
2722 4113 2821 4153 nos
2846 4096 3006 4171 Mog.
3030 4138 3047 4164 ,
3080 4098 3300 4155 donavit
3322 4096 3512 4164 vobis,

1922 4189 1999 4244 ita
2023 4197 2080 4244 et
2097 4189 2237 4262 vos].
2262 4188 2498 4246 Invicem
2533 4190 2713 4260 itaque
2738 4190 2893 4247 nobis
2920 4191 3116 4247 delicta
3147 4192 3431 4258 donemus,
3456 4198 3517 4249 et

1922 4297 2023 4354 pro
2045 4283 2243 4338 nostris
2268 4282 2478 4339 delictis
2518 4283 2750 4339 invicem
2786 4298 3044 4352 oremus;
3078 4293 3239 4356 atque
3277 4284 3353 4341 ita
3378 4298 3514 4355 quo-

1924 4370 2211 4427 dammodo
2250 4372 2483 4430 invicem
2535 4373 2700 4444 pedes
2738 4381 2954 4430 nostros
2991 4374 3239 4431 lavamus
3281 4372 3421 4447 Uis.
3466 4383 3518 4430 et

1927 4458 2088 4536 Aug.,
2117 4463 2403 4538 lavemus].
2434 4485 2453 4518 ι
2483 4460 2633 4521 Licet
2651 4472 2706 4519 et
2728 4464 2832 4520 hoc
2850 4465 3205 4538 corporaliter
3228 4465 3517 4522 cbaritatis

1924 4558 2120 4625 otiicio,
2152 4568 2210 4614 et
2253 4552 2576 4615 humilitatis
2603 4560 2851 4632 exemplo
2876 4560 3147 4631 aliquibus
3188 4559 3396 4616 utiliter
3432 4558 3514 4615 fa-

243 4654 481 4710 needmn
506 4652 781 4721 intelligis,
810 4651 905 4706 sed
932 4660 1116 4720 postea
1143 4648 1511 4705 intellecturus
1542 4650 1670 4717 eris,
1696 4650 1823 4720 quia
1853 4648 1899 4661 "
1922 4665 2049 4707 cere
2092 4650 2330 4720 placeat,
2380 4659 2560 4706 tamen
2597 4651 2913 4723 spiritaliter
2953 4650 3010 4707 in
3056 4652 3223 4709 corde
3261 4652 3515 4709 omnibus

243 4751 292 4806 si
312 4759 363 4803 te
388 4764 491 4803 non
515 4747 708 4813 lavero,
724 4763 828 4802 non
845 4744 1053 4801 habebis
1073 4752 1272 4817 partem
1300 4762 1517 4799 mecum.
1538 4744 1726 4816 (Vens.
1743 4742 1823 4816 8.)

244 4840 398 4896 Dixit
423 4847 596 4894 autem
624 4836 815 4894 Petrus
839 4852 858 4890 :
887 4836 1011 4893 Non
1036 4837 1235 4893 lavabis
1262 4836 1389 4891 mihi
1412 4836 1565 4909 pedes
1593 4838 1650 4891 in
1676 4844 1828 4891 teter-

244 4950 397 4990 rtum.
442 4932 725 4989 zEternum
751 4973 767 4998 ,
789 4946 889 5002 pro
918 4944 1192 5003 nunquam
1234 4931 1415 5002 posuit
1440 4949 1454 4984 :
1482 4930 1577 4987 sed
1606 4930 1826 4984 territus

245 5024 599 5094 responsione
635 5023 846 5079 Domini
892 5021 1167 5094 subiunxit
1199 5038 1215 5078 :
1248 5022 1446 5095 (Vens.
1493 5021 1559 5095 9)
1603 5020 1825 5076 Domine

245 5130 355 5172 non
399 5123 599 5172 tantum
625 5115 798 5188 pedes,
825 5115 918 5171 sed
946 5125 995 5170 et
1014 5123 1188 5187 caput,
1218 5124 1268 5170 ct
1306 5132 1513 5171 manus.
1548 5134 1567 5166 ‹
1599 5114 1823 5184 Quando

246 5207 472 5277 quidem
508 5206 589 5262 sic
629 5206 875 5273 minaris,
899 5204 1123 5261 lavanda
1148 5205 1247 5261 tibi
1272 5220 1391 5261 mea
1424 5207 1686 5272 membra,
1718 5222 1827 5262 non

246 5297 429 5353 solum
470 5298 578 5352 ima
614 5314 719 5353 non
754 5298 1032 5363 subtraho,
1063 5312 1252 5352 verum
1282 5298 1444 5352 etiam
1485 5298 1659 5368 prima
1700 5299 1828 5353 sub-

245 5397 458 5446 sterne.
504 5389 621 5447 Non
646 5388 799 5463 [δίδη
828 5388 925 5464 Ne]
952 5390 1082 5445 mihi
1119 5403 1284 5462 neges
1310 5390 1622 5460 capiendam
1650 5396 1826 5447 tecum

244 5488 494 5557 partem,
521 5483 724 5539 nullam
772 5482 866 5539 tibi
914 5497 1049 5554 nego
1095 5481 1411 5538 abluendam
1451 5483 1557 5538 mei
1587 5484 1831 5555 corporis

244 5583 486 5649 partem.
527 5574 825 5647 Respondit
850 5570 1006 5631 Iesus
1030 5580 1059 5628 ‘:
1090 5571 1277 5647 (Vsus.
1311 5572 1399 5647 10)
1429 5571 1533 5640 Qui
1572 5574 1707 5630 lotus
1733 5583 1827 5643 est,

1926 4741 2189 4813 agendum
2216 4752 2319 4807 est,
2341 4750 2402 4797 ut
2422 4742 2604 4798 debita
2633 4751 2819 4798 nostra
2842 4744 2899 4799 in
2923 4743 3153 4801 invicem
3182 4744 3518 4801 dimittamus

1926 4834 2103 4900 nobis,
2134 4834 2275 4889 sicut
2302 4850 2333 4917 a
2360 4834 2470 4891 Deo
2502 4844 2690 4892 nostro
2717 4836 2874 4895 nobis
2894 4837 3078 4896 debita
3096 4839 3295 4897 dimitti
3324 4840 3515 4910 depre-

1926 4941 2134 4982 camur.
2161 4924 2420 4998 Sequitur
2444 4928 2621 4984 enim:

2467 5043 2697 5102 CAPUT
2734 5045 2975 5103 XXXIII.-

1933 5156 2058 5213 Non
2080 5174 2189 5213 esse
2216 5172 2418 5229 servum
2445 5158 2701 5229 majorem
2741 5159 2957 5215 domino
2983 5158 3179 5221 dicens,
3214 5164 3331 5228 post
3369 5153 3513 5211 testi-

2000 5230 2233 5301 monium
2261 5227 2545 5301 Scriptura}
2585 5247 2619 5284 a
2661 5230 2808 5285 Iuda
2847 5248 2904 5288 se
2947 5227 3260 5301 tradendum
3304 5228 3513 5301 intinett'

1999 5298 2507 5425 ζῧέξδεέἶντῗσείοηε
2543 5301 2841 5374 signiﬁcat;
2876 5311 2927 5357 et
2956 5299 3241 5368 discipulos
3262 5298 3518 5370 multipli-

2260 5388 2320 5425 or
2341 5388 2373 5425 a
2399 5388 2481 5425 ur.

2260 5388 2481 5426 artatur.

2005 5482 2165 5539 Vsus.
2204 5484 2286 5553 16,
2319 5484 2406 5540 17.
2435 5515 2509 5526 -—
2534 5484 2718 5550 Amen,
2746 5499 2898 5539 amen
2920 5481 3039 5539 dico
3064 5482 3206 5538 vobis
3226 5495 3246 5535 :
3288 5480 3413 5538 Non
3439 5490 3516 5538 est

1929 5593 2109 5632 servus
2135 5577 2307 5647 major
2339 5576 2551 5633 domino
2586 5592 2713 5642 suo,
2756 5590 2919 5645 neque
2948 5572 3217 5646 apostolus
3256 5573 3433 5645 major
3454 5587 3518 5631 eo

249 5682 362 5727 non
390 5667 543 5725 habet
574 5684 703 5739 opus
748 5667 850 5724 nisi
884 5664 1037 5740 pedes
1062 5664 1257 5734 lavare,
1280 5665 1372 5721 sed
1395 5677 1469 5721 est
1494 5667 1721 5724 mundus
1755 5677 1833 5725 to—
1930 5670 2020 5742 qui
2050 5670 2190 5723 misit
2225 5668 2394 5722 illum.
2423 5666 2480 5723 Si
2506 5667 2616 5722 hac
2645 5666 2824 5732 scitis,
2853 5664 2990 5722 beati
3018 5665 3165 5721 eritis
3203 5665 3252 5722 si
3288 5661 3521 5739 fuerit“

328 5861 354 5894 ι
395 5847 475 5906 Ex
501 5847 559 5907 S.
588 5848 753 5924 Aug.,
779 5855 940 5908 tract.
963 5864 1074 5918 ut,
1104 5862 1254 5904 num.
1285 5845 1392 5903 14.

2005 5848 2033 5888 ιι
2061 5847 2136 5903 Ex
2172 5846 2228 5903 ὃ.
2260 5846 2420 5920 Aug.,
2451 5850 2610 5901 tract.
2639 5858 2794 5914 LVIII,
2817 5858 2968 5903 num.
2987 5843 3031 5904 ὓ
