4088 6340
598 377 712 442 927

1456 372 1518 430 Β.
1558 373 1621 430 F.
1659 366 1884 428 ALBINI
1922 366 2055 426 SEU
2106 361 2384 425 ALCUINI
2420 356 2703 423 OPERUM
2738 361 2920 421 PARS
2954 360 3021 419 II.

3776 355 3881 428 ἥδ

606 512 689 551 ea.
723 510 744 546 ι
780 504 808 535 ι
830 488 946 548 Hoc
971 489 1095 548 ideo
1121 488 1274 554 dixit,
1303 486 1430 558 quia
1468 485 1676 542 laverat
1701 486 1867 556 pedes
1894 480 2185 553 discipulo-
2214 483 2267 543 Α
2288 476 2390 532 fuit
2409 476 2702 548 unicuique
2725 492 2820 532 sua
2841 475 3197 544 conscientia.
3218 475 3313 535 sed
3333 475 3554 537 alterius
3578 479 3877 555 incognita.

606 602 751 654 rum,
774 585 1035 659 magister
1057 582 1378 639 humilitatis
1395 590 1451 638 et
1479 582 1647 637 verbo
1682 589 1739 636 et
1765 577 2047 650 exemplo:
2080 598 2099 630 ι
2127 584 2191 632 ut

603 679 772 735 verbo
800 684 858 733 et
880 674 1127 746 exemplo
1155 689 1251 731 eos
1273 675 1569 729 instrueret
1592 672 1647 727 in
1674 670 1957 727 charitatis
1991 668 2185 725 oﬁicio.

607 769 793 842 (Vsus.
827 767 939 839 18.)
971 767 1094 822 Non
1138 765 1203 821 de
1231 766 1372 823 vobis
1404 765 1642 822 omnibus
1669 764 1809 831 dico,
1842 763 1896 819 id
1934 770 2048 829 est,
2080 777 2189 819 non

605 877 704 918 vos
731 874 918 918 omnes
939 860 1129 915 beatos
1169 860 1311 918 dico.
1352 858 1466 930 Ego
1494 861 1602 914 scio
1639 874 1770 930 quos
1806 856 2075 928 elegerim,
2119 855 2189 912 ad

607 954 758 1009 hanc'
770 952 1177 1018 beatitudinem,
1208 959 1268 1008 ut
1292 966 1538 1008 meorum
1562 950 1670 1007 sint
1705 965 1965 1022 sequaces
1985 963 2189 1021 praece-

604 1055 840 1118 ptorum.
873 1044 976 1101 Sed
1014 1055 1071 1100 ut
1100 1045 1384 1119 impleatur
1412 1044 1685 1118 Scriptura
1707 1059 1726 1098 :
1767 1043 1872 1112 Qui
1907 1043 2188 1099 manducat

602 1156 789 1212 panem
818 1156 1042 1205 mecum,
1073 1138 1259 1195 levabit
1284 1150 1466 1196 contra
1488 1157 1569 1194 me
1595 1138 1899 1194 calcaneum
1926 1154 2100 1193 suum.
2131 1135 2189 1193 Id

603 1238 719 1296 est,
763 1230 997 1287 calcabit
1022 1245 1111 1286 me
1149 1229 1310 1303 [Aug.
1331 1272 1346 1298 ,
1381 1230 1719 1287 conculcabit
1743 1227 1875 1301 me].
1904 1227 2191 1284 Manducat

602 1335 819 1392 panem,
867 1338 972 1378 non
998 1321 1064 1377 ad
1105 1321 1335 1378 salutem
1379 1324 1503 1389 sibi,
1543 1322 1639 1379 sed
1665 1322 1734 1377 ad
1771 1335 2022 1392 poenam:
2062 1319 2188 1390 quia

601 1413 971 1478 manducavit,
1010 1420 1073 1467 ut
1108 1412 1305 1468 lateret
1342 1413 1618 1484 proditor,
1657 1428 1764 1467 non
1806 1421 1866 1467 ut
1900 1410 2190 1483 proﬁceret
2244 1430 2250 1457 ι

601 1513 832 1559 amator.
883 1503 1023 1572 Quid
1050 1512 1133 1560 est
1161 1506 1303 1575 quod
1343 1506 1449 1562 alio
1492 1506 1611 1562 loco
1657 1506 1823 1561 dicit:
1870 1505 2060 1560 Nonne
2095 1521 2188 1577 ego

599 1611 688 1649 vos
716 1595 993 1651 duodecim
1012 1597 1162 1668 elegi,
1181 1607 1229 1652 et
1247 1614 1387 1653 unus
1403 1614 1469 1653 ea:
1492 1598 1632 1653 vobis
1652 1597 1893 1653 diabolus
1913 1607 1989 1653 est
2004 1596 2184 1671 (Joan.

597 1702 677 1747 vr.
710 1690 836 1762 7i)?
865 1699 920 1746 et
944 1692 1033 1747 hic
1055 1692 1214 1748 dicit:
1241 1692 1355 1764 Ego
1375 1694 1484 1748 scio
1510 1709 1638 1764 quos
1666 1690 1951 1764 elegerim?
1973 1691 2189 1747 Electus

598 1787 681 1834 est
712 1778 800 1835 ille
828 1780 1013 1847 Iudas,
1042 1798 1146 1837 non
1175 1783 1240 1838 ad
1264 1782 1674 1847 beatitudinem,
1702 1782 1797 1839 sed
1824 1784 1892 1838 ad
1929 1782 2187 1853 proditio-

2360 569 2524 626 Vr-zns.
2557 567 2648 623 25.
2687 600 2749 609 -
2782 568 2915 624 Erat
2945 577 3121 624 autem
3148 571 3450 628 recumbens
3471 590 3613 631 unus
3632 592 3702 632 ex
3722 576 3881 634 disci-

2284 661 2424 734 pulis
2448 662 2564 733 eius
2601 663 2656 717 in
2679 663 2800 717 sinu
2824 663 2989 732 Jesu,
3028 680 3184 735 quem
3211 664 3462 738 diligebat
3499 666 3680 723 Iesus.
3728 669 3879 738 Quod

2287 754 2517 822 dixerat,
2545 757 2603 811 in
2629 757 2768 823 sinu,
2800 755 2964 829 paulo
2985 764 3110 829 post
3136 756 3297 824 dicit,
3336 777 3496 832 super
3515 771 3703 835 pectus
3731 763 3876 823 Iesu.

2284 847 2403 919 Ipse
2448 857 2534 904 est
2571 846 2839 916 Joannes,
2886 848 3042 920 cujus
3066 859 3151 906 est
3174 849 3277 907 hoc
3303 851 3697 925 Evangelium,
3745 856 3879 914 sicut

2285 951 2475 1016 postea
2500 942 2901 999 manifestatur.
2933 943 3066 999 Erat
3101 944 3246 999 enim
3274 945 3392 1001 haec
3425 962 3618 1003 eorum
3651 964 3879 1007 consue-

2288 1035 2439 1101 tudo,
2454 1034 2545 1105 qui
2562 1050 2748 1091 sacras
2764 1035 2922 1091 nobis
2941 1034 3152 1091 litteras
3167 1036 3565 1119 ministrarum,
3583 1048 3647 1095 ut
3667 1044 3875 1113 quando

2287 1130 2356 1185 ab
2383 1128 2562 1200 aliquo
2591 1146 2779 1186 eorum
2809 1130 2991 1185 divina
3016 1130 3345 1187 narrabatur
3372 1133 3624 1201 historia,
3662 1151 3792 1192 cum
3814 1138 3871 1195 ad

2288 1222 2525 1293 seipsum
2550 1224 2781 1290 veniret,
2813 1231 3071 1294 tanquam
3093 1225 3171 1281 de
3188 1224 3295 1281 alio
3318 1224 3638 1297 loqueretur
3664 1245 3681 1295 ;
3722 1239 3780 1284 et
3806 1230 3875 1291 sic

2289 1328 2349 1370 se
2388 1313 2655 1370 insereret
2700 1316 3026 1371 ordinationi
3072 1314 3266 1389 [Aug.,
3318 1317 3519 1392 ordini]
3548 1323 3873 1380 narrationis

2288 1419 2421 1471 sure,
2435 1411 2690 1476 tanquam
2712 1422 2895 1462 rerum
2916 1416 3192 1479 gestarum
3215 1410 3471 1483 scriptor,
3486 1427 3597 1467 non
3620 1423 3869 1484 tanquam

2289 1496 2374 1552 sui
2400 1497 2571 1568 ipsius
2598 1498 2938 1569 prmdicator.
2972 1499 3085 1556 Hoc
3122 1500 3251 1557 fecit
3292 1511 3349 1557 et
3388 1504 3584 1561 beatus
3626 1504 3866 1577 Moyses;

2288 1589 2364 1644 ita
2386 1590 2452 1645 de
2485 1605 2543 1645 se
2566 1590 2683 1661 ipso
2712 1599 2966 1662 tanquam
2997 1592 3067 1647 de
3090 1592 3194 1647 alio
3220 1604 3413 1649 cuncta
3442 1596 3698 1675 narravit
3717 1597 3865 1675 [Adit

2288 1701 2354 1739 ea:
2381 1684 2543 1756 Aug.,
2576 1693 2632 1741 et
2672 1685 2747 1740 ait
2776 1705 2787 1739 :
2821 1686 2957 1741 dixit
2986 1686 3247 1742 Dominus
3289 1688 3356 1743 ad
3399 1672 3649 1764 Moysen]
3682 1664 3863 1763 (ὲπῖά.

2288 1793 2366 1845 vr,
2399 1778 2472 1851 1).
2512 1798 2531 1831 ι
2560 1778 2844 1850 Diligebat,
2891 1795 2997 1835 non
3024 1796 3137 1851 pra:
3161 1781 3412 1837 omnibus
3437 1799 3609 1838 unum
3628 1825 3646 1849 ,
3679 1786 3773 1841 sed
3800 1786 3865 1841 fa-

598 1870 683 1925 nis
705 1871 985 1940 perﬁdiam
1012 1873 1081 1927 ob
1107 1872 1335 1927 salutem
1370 1873 1576 1939 mundi,
1606 1889 1716 1929 non
1740 1890 1922 1940 suam,
1951 1876 2079 1946 quia
2105 1876 2185 1931 di-
2214 1866 2261 1929 Β
2286 1869 2553 1925 miliarius
2588 1871 2640 1925 in
2669 1871 2922 1927 omnibus
2951 1888 3138 1927 unum.
3181 1870 3447 1939 Quiddam
3476 1874 3531 1928 in
3561 1890 3630 1930 eo
3656 1877 3861 1944 dilexit,

596 1970 746 2018 ctum
768 1970 853 2019 est
878 1964 944 2019 de
971 1980 1073 2019 eo:
1116 1964 1304 2021 Melius
1323 1975 1467 2022 esset
1490 1968 1694 2023 homini
1723 1968 1817 2035 illi,
1842 1970 1887 2025 si
1911 1985 2017 2025 non
2051 1970 2183 2026 fuis-

596 2062 681 2111 set
700 2066 859 2112 natus
885 2056 1097 2129 (Matth.
1121 2074 1271 2125 xxvr,
1292 2058 1405 2132 24).
1437 2059 1530 2116 Isti
1557 2076 1690 2117 vero
1715 2062 1780 2117 de
1807 2062 2003 2132 quibus
2021 2063 2182 2119 modo

595 2145 796 2201 dicitur
824 2146 975 2219 [Ms.,
1002 2148 1194 2222 dixit]:
1221 2149 1336 2223 Ego
1365 2152 1472 2206 scio
1506 2169 1636 2224 quos
1662 2153 1925 2226 elegerim,
1955 2157 2021 2212 ad
2053 2158 2183 2212 bea-

595 2237 883 2294 titudinem
933 2248 1148 2295 aeterna:
1175 2241 1359 2313 gloria:
1402 2244 1561 2299 electi
1605 2253 1750 2301 sunt.
1804 2244 2002 2318 (Vsus.
2057 2247 2179 2322 19.)

599 2346 619 2380 ‹
656 2329 879 2395 Amodo,
908 2331 1104 2401 inquit,
1136 2333 1254 2389 dico
1272 2334 1411 2390 vobis
1429 2336 1739 2409 priusquam
1764 2338 1885 2407 ﬁat,
1914 2348 1972 2393 ut
1998 2341 2182 2396 creda-

592 2420 681 2485 tis,
714 2437 831 2475 cum
859 2421 1057 2492 factum
1085 2423 1261 2493 fuerit,
1298 2426 1423 2497 quia
1451 2443 1544 2499 ego
1585 2443 1721 2482 sum.
1765 2428 1824 2484 Id
1862 2439 1974 2497 est,
2006 2429 2177 2505 [ego]

591 2525 731 2579 sum,
763 2513 829 2568 de
856 2528 963 2585 quo
984 2513 1073 2569 illa
1098 2513 1379 2588 Scriptura
1398 2520 1697 2588 praecessit,
1721 2520 1812 2576 ubi
1834 2520 2039 2577 dictum
2061 2532 2175 2579 est:

591 2602 696 2669 Qui
721 2604 1004 2660 manducat
1026 2623 1226 2662 mecum
1253 2624 1470 2679 panem,
1490 2609 1677 2666 levabit
1705 2627 1863 2683 super
1892 2630 1973 2668 me
2000 2613 2177 2670 calca-

590 2712 744 2750 neum
772 2693 954 2769 (Psal.
997 2699 1247 2772 XL,10).
1296 2720 1315 2754 ι
1349 2700 1534 2776 (Vnus.
1571 2704 1694 2777 20.)
1737 2704 1841 2771 Qui
1882 2707 2090 2778 accipit,
2132 2707 2179 2763 si

589 2804 741 2861 quem
760 2792 971 2858 misero,
1002 2809 1083 2847 me
1104 2795 1295 2865 accipit
1319 2810 1339 2849 :
1376 2798 1467 2869 qui
1495 2808 1669 2853 autem
1695 2816 1775 2854 me
1796 2800 2008 2871 accipit,
2040 2803 2177 2856 acci-

589 2882 660 2951 pit
689 2898 829 2949 eum,
858 2884 948 2955 qui
972 2902 1055 2940 me
1091 2887 1253 2941 misit.
1294 2906 1313 2939 ι
1348 2887 1482 2944 Cum
1513 2890 1629 2945 haec
1658 2890 1892 2959 dicebat,
1925 2908 2031 2948 non
2057 2896 2179 2951 uni-

590 2982 755 3031 tatem
786 2984 994 3033 naturre
1033 2978 1237 3046 divisit,
1268 2984 1363 3036 sed
1403 2983 1667 3039 mittentis
1691 2987 2065 3043 auctoritatem
2089 3005 2178 3045 os-

588 3067 775 3124 tendit.
795 3067 889 3125 Sic
913 3071 1098 3143 utique
1122 3070 1307 3145 [Aug.,
1329 3075 1409 3131 sic
1428 3076 1633 3150 itaque]
1662 3081 2031 3152 unusquisque
2051 3099 2175 3139 eum

586 3160 675 3229 qui
699 3169 784 3217 est
808 3163 1026 3230 missus,
1051 3165 1298 3237 accipiat,
1330 3168 1466 3222 utin
1494 3168 1585 3224 illo
1611 3183 1735 3225 eum
1773 3173 1867 3243 qui
1895 3175 2060 3241 misit,
2090 3184 2173 3231 at-

586 3250 807 3305 tendat:
845 3253 891 3307 si
917 3267 1047 3325 ergo
1069 3255 1319 3311 attendas
1344 3255 1619 3314 Christum
1643 3260 1698 3315 in
1722 3260 1907 3331 Petro,
1928 3264 2170 3322 invenies

586 3339 833 3410 discipuli
857 3353 1266 3415 praeceptorem.
1295 3347 1353 3402 Si
1383 3357 1563 3405 autem
1592 3353 1843 3409 attendas
1869 3353 2086 3412 Patrem
2113 3358 2170 3414 in

586 3427 740 3497 Filio,
770 3431 1013 3488 invenies
1042 3434 1311 3508 Unigeniti
1331 3437 1680 3498 Genitorem:
1709 3459 1775 3499 ac
1799 3446 1881 3503 sic
1904 3447 1959 3502 in
1985 3464 2051 3505 eo
2076 3451 2170 3521 qui

587 3520 784 3578 missus
826 3532 912 3579 est
950 3526 1069 3581 sine
1115 3525 1224 3582 ullo
1271 3530 1474 3601 accipis
1519 3547 1709 3591 errore
1757 3520 2109 3594 mittentem;
2141 3562 2163 3597 ι

587 3608 772 3704 (Vsus.
802 3612 918 3685 21.)
949 3611 1086 3670 Cum
1112 3616 1223 3673 hac
1242 3618 1462 3676 dixisset
1486 3623 1665 3692 Iesus,
1696 3627 1938 3684 turbatus
1962 3640 2039 3685 est
2064 3634 2171 3704 spi-

585 3700 711 3766 ritu,
740 3709 789 3754 et
814 3710 1130 3773 protestatus
1173 3717 1248 3763 est
1267 3749 1283 3776 ,
1325 3718 1374 3764 et
1411 3711 1547 3767 dixit
1570 3728 1590 3766 .'
1632 3714 1829 3785 Amen,
1871 3737 2023 3776 amen
2050 3700 2168 3780 dico

584 3794 743 3861 vobis,
767 3797 893 3868 quia
916 3815 1053 3856 unus
1073 3818 1139 3857 ex
1163 3802 1303 3859 vobis
1323 3806 1494 3861 tradet
1517 3826 1617 3864 me.
1656 3830 1674 3862 ι
1704 3810 1732 3852 δ
1754 3811 2013 3870 Turbavit
2043 3833 2168 3873 enm

585 3885 868 3945 imminens
887 3893 1067 3962 passio
1088 3902 1143 3949 et
1158 3896 1458 3966 periculum
1479 3902 1807 3971 proximum,
1820 3913 1877 3960 et
1889 3907 2168 3965 traditoris

582 3981 892 4048 impendens
910 3998 1123 4052 manus,
1138 3985 1291 4056 cujus
1312 3988 1486 4046 fuerat
1502 3996 1864 4066 praecognitus
1885 4000 2117 4057 animus.
2140 4022 2160 4056 ι

580 4067 743 4142 596
769 4072 1038 4131 Turbatus
1065 4085 1150 4132 est
1175 4077 1355 4150 itaque
1387 4083 1600 4153 spiritu,
1634 4091 1786 4143 tanto
1824 4089 2030 4146 scelere
2056 4098 2167 4147 tra-

578 4161 785 4219 ditoris.
815 4165 1055 4224 Turbata
1081 4177 1165 4225 est
1189 4172 1245 4226 in
1272 4188 1338 4229 eo
1361 4183 1545 4231 nostra
1584 4176 1901 4247 inﬁrmitas,
1929 4196 2035 4238 non
2066 4198 2165 4240 sua

577 4261 836 4323 potestas.
870 4255 1024 4315 Sicut
1063 4276 1165 4331 pro
1206 4264 1362 4320 nobis
1388 4281 1580 4334 passus
1609 4277 1729 4337 est,
1775 4270 1850 4325 ita
1884 4287 1982 4342 pro
2010 4276 2165 4331 nobis

577 4346 825 4401 turbatus
854 4356 958 4403 est.
989 4349 1091 4417 Qui
1121 4367 1250 4423 ergo
1288 4362 1558 4423 potestate
1583 4368 1830 4418 mortuus
1855 4371 1959 4430 est,
1992 4363 2166 4436 [pote-

578 4443 718 4490 state
746 4438 995 4495 turbatus
1012 4440 1118 4513 est]
1153 4457 1221 4497 ne
1252 4454 1433 4499 nostra
1464 4450 1802 4515 perturbatio
1830 4453 1883 4507 in
1910 4454 2165 4526 despera-

2284 1964 2427 2034 quod
2456 1964 2511 2019 in
2535 1964 2657 2020 aliis
2680 1980 2788 2020 non
2819 1964 3027 2033 dilexit,
3056 1965 3109 2021 id
3138 1973 3241 2031 est,
3270 1974 3331 2021 ut
3355 1982 3455 2037 per
3475 1984 3665 2039 pacem
3700 1979 3864 2038 trans-

2282 2056 2387 2113 iret
2412 2056 2501 2131 [ex
2527 2058 2631 2114 hac
2652 2059 2784 2124 vita,
2807 2074 2914 2113 non
2936 2074 3033 2129 per
3061 2059 3367 2130 passionem
3393 2060 3595 2135 ﬁniret]
3625 2066 3766 2122 hanc
3790 2067 3865 2121 vi-

2282 2157 2413 2203 tam.
2463 2148 2533 2203 In
2569 2149 2691 2204 sinu
2717 2148 2877 2216 Jesu,
2906 2149 2961 2205 id
2986 2159 3098 2217 est,
3130 2151 3184 2206 in
3214 2159 3429 2207 secreto
3448 2194 3463 2217 ,
3499 2152 3562 2207 de
3587 2169 3699 2224 quo
3728 2156 3861 2213 illud

2280 2239 2528 2297 mirabile
2554 2248 2611 2297 et
2632 2241 2883 2297 omnibus
2904 2242 3117 2299 saeculis
3152 2242 3460 2299 inauditum
3484 2248 3746 2302 cruciavit
3770 2264 3857 2304 sa-

2282 2343 2663 2390 cramentum:
2700 2333 2769 2390 In
2795 2337 3051 2407 principio
3082 2346 3193 2391 erat
3241 2335 3505 2407 Verbum,
3544 2348 3593 2396 et
3638 2338 3861 2397 Verbum

2279 2436 2389 2483 erat
2421 2428 2562 2501 apud
2584 2427 2773 2496 Deum,
2800 2438 2851 2485 et
2884 2429 3028 2486 Deus
3055 2440 3167 2487 erat
3203 2431 3452 2489 Verbum.

2348 2521 2511 2577 Vsus.
2539 2520 2628 2575 24.
2650 2552 2724 2563 -
2753 2540 2772 2574 ‹
2808 2518 2994 2577 Innuit
3020 2532 3196 2578 autem
3220 2524 3344 2580 huic
3364 2525 3557 2584 Simon
3582 2524 3796 2597 Petrus,
3816 2540 3858 2586 et

2278 2612 2403 2668 dicit
2430 2615 2498 2670 ei.
2526 2614 2801 2671 Innuendo
2822 2614 2970 2683 dicit,
3003 2632 3109 2672 non
3137 2617 3440 2690 loquendo;
3483 2621 3854 2693 signiﬁcando,

2277 2721 2387 2759 non
2412 2706 2671 2762 sonando.
2703 2705 2843 2774 Quid
2874 2707 3007 2763 dicit
3033 2708 3346 2765 innuendo?
3383 2710 3539 2778 Quod
3580 2715 3853 2784 sequitur:

2279 2797 2410 2864 Quis
2438 2808 2533 2867 est,
2560 2800 2624 2855 de
2647 2817 2750 2873 quo
2775 2801 2945 2857 dicit?
2967 2802 3093 2858 Haec
3119 2804 3282 2860 verba
3306 2803 3502 2860 Petrus
3527 2806 3741 2863 innuit:
3763 2823 3857 2863 non

2277 2906 2410 2947 sono
2437 2893 2605 2959 vocis,
2633 2894 2727 2949 sed
2752 2902 2902 2950 motu
2923 2895 3168 2966 corporis
3192 2896 3348 2952 dixit.
3380 2898 3573 2971 (Vsus.
3605 2900 3724 2975 25.)
3757 2900 3857 2955 Ιιαπ

2273 3000 2375 3056 que
2402 3002 2518 3040 cum
2550 2985 2866 3042 recubuisset
2905 2986 2994 3042 ille
3039 3005 3200 3061 supra
3232 2998 3411 3063 pectus
3438 2991 3595 3047 Jesu.
3648 2992 3754 3049 Hic
3787 3001 3859 3050 est

2274 3076 2463 3147 utique
2485 3077 2721 3147 pectoris
2755 3077 2925 3145 sinus,
2959 3080 3236 3151 sapientiae
3260 3090 3552 3138 secretum.
3597 3083 3740 3139 Dicit
3779 3087 3856 3141 ei:

2273 3165 2515 3236 Domine,
2532 3170 2658 3242 quis
2680 3180 2753 3226 est
2778 3169 2889 3244 [qui
2911 3173 3084 3228 tradet
3116 3173 3226 3248 te]?
3267 3174 3453 3247 (Vsus.
3483 3176 3603 3251 26.)
3634 3178 3856 3251 Respon-

2273 3260 2351 3314 dit
2376 3260 2425 3314 ei
2442 3260 2596 3316 Jesus
2619 3275 2638 3313 :
2677 3259 2779 3315 Ille
2803 3271 2898 3328 est,
2926 3264 3012 3318 cui
3033 3264 3313 3320 intinctam
3335 3283 3525 3337 panem
3558 3285 3855 3339 porrexerit.

2272 3350 2342 3406 Et
2381 3368 2501 3407 cum
2527 3353 2826 3409 intinxisset
2852 3372 3040 3426 panem
3062 3396 3077 3422 ,
3108 3356 3252 3411 dedit
3280 3355 3440 3414 Iudae
3481 3358 3689 3416 Simoni
3728 3361 3855 3418 Sca-

2271 3442 2477 3501 riothis.
2503 3442 2634 3501 Post
2677 3463 2897 3519 panem,
2930 3460 3054 3505 tunc
3089 3450 3323 3506 introivit
3347 3452 3405 3507 in
3427 3452 3584 3509 illum
3612 3454 3854 3512 Satanas.

2269 3535 2573 3607 Expressus
2605 3548 2692 3594 est
2732 3539 2994 3613 traditur,
3038 3539 3258 3599 nudatae
3295 3552 3421 3600 sunt
3449 3544 3678 3602 latebra
3715 3557 3858 3604 teno-

2268 3631 2493 3686 hrarum
2519 3650 2532 3686 :
2560 3630 2762 3689 bonum
2783 3640 2868 3690 est
2890 3635 3033 3705 quod
3058 3636 3306 3709 accepit,
3351 3639 3444 3695 sed
3471 3640 3621 3696 malo
3648 3657 3751 3698 suo
3777 3658 3857 3699 ac-

2267 3722 2434 3793 cepit,
2456 3723 2583 3794 quia
2605 3725 2746 3779 male
2758 3724 2960 3783 bonum
2982 3725 3155 3783 malus
3176 3729 3437 3800 accepit.»
3467 3749 3487 3782 ι
3508 3731 3533 3771 τι
3552 3731 3695 3788 Hinc
3716 3735 3855 3790 enim

2267 3814 2494 3872 docetur
2513 3831 2676 3887 quam
2701 3818 2989 3892 diligenter
3006 3821 3164 3876 nobis
3182 3824 3481 3880 cavendum
3502 3825 3596 3891 sit,
3617 3828 3700 3882 sic
3722 3826 3858 3884 male

2268 3910 2516 3980 accipere
2542 3910 2762 3966 bonum.
2791 3910 3014 3968 Multum
3054 3915 3253 3986 quippe
3294 3916 3544 3986 interest,
3592 3936 3703 3976 non
3731 3920 3855 3992 quid

2267 4000 2515 4071 accipiat,
2548 4001 2645 4058 sed
2666 4002 2790 4072 quis
2811 4003 3042 4076 accipiat
3066 4023 3079 4059 :
3110 4021 3211 4062 nec
3235 4007 3394 4078 quale
3414 4009 3487 4065 sit
3509 4013 3657 4082 quod
3673 4012 3854 4080 datur,

2266 4089 2360 4144 sed
2391 4089 2567 4161 qualis
2596 4090 2666 4146 sit
2688 4090 2803 4163 ipse
2828 4093 2915 4149 cui
2942 4096 3119 4151 datur.
3148 4097 3377 4155 Intravit
3408 4116 3539 4174 ergo
3558 4113 3685 4174 post
3714 4106 3858 4164 hunc

2264 4197 2461 4254 panem
2493 4181 2724 4240 Satanas
2754 4182 2810 4240 in
2853 4183 3068 4243 Domini
3101 4190 3451 4259 traditorem,
3502 4203 3567 4250 ut
3613 4197 3720 4252 sibi
3742 4197 3855 4267 jam

2264 4276 2525 4331 traditum
2552 4277 2762 4348 plenius
2787 4280 3109 4350 possideret,
3149 4282 3204 4339 in
3234 4300 3394 4355 quem
3436 4287 3594 4356 prius
3619 4289 3858 4347 intrave-

2264 4376 2368 4434 rat,
2399 4376 2461 4422 ut
2488 4369 2778 4439 deciperet.
2818 4391 2837 4423 ι
2869 4372 3035 4427 Auxit
3061 4374 3205 4430 enim
3231 4384 3516 4446 peccatum
3543 4382 3859 4439 traditionis

2260 4462 2610 4533 praesumptio
2637 4466 2983 4533 sacramenti,
3010 4480 3135 4523 cum
3160 4467 3395 4525 hominis
3430 4471 3632 4543 ingrati
3658 4474 3859 4531 intras-

576 4523 1016 4643 tio‘nemrcadat:1
1050 4530 1142 4585 sed
1169 4529 1272 4604 [in]
1310 4535 1713 4595 miserationem
1751 4544 2157 4615 proximorum,
2186 4582 2238 4643 Β
2261 4559 2346 4605 set
2387 4552 2543 4623 panis
2588 4552 2642 4608 in
2684 4562 2953 4624 ventrem,
2982 4558 3155 4615 hostis
3192 4559 3249 4615 in
3291 4571 3532 4620 mentem
3555 4574 3577 4618 :‘
3604 4565 3858 4625 fortassm'

574 4615 660 4669 vel
698 4615 753 4669 in
783 4615 1016 4693 [veram]
1041 4623 1413 4691 paenitentiam
1456 4637 1802 4698 peccatorum
1844 4643 2157 4694 nostrorum

574 4713 854 4771 vertatur;
887 4708 1013 4778 quia
1050 4710 1192 4767 illius
1218 4715 1551 4783 perturbatio
1588 4730 1775 4778 nostra
1806 4732 1889 4781 est
1912 4728 2158 4783 consola-

574 4795 668 4849 tio.
700 4796 886 4865 Amen,
915 4815 1066 4854 amen
1093 4802 1210 4857 dico
1236 4805 1393 4871 vobis,
1424 4809 1550 4879 quia
1575 4827 1712 4868 unus
1738 4830 1803 4871 ex
1826 4818 1967 4873 vobis
2002 4819 2158 4875 hodie

574 4886 744 4940 tradet
772 4904 871 4942 me.
903 4907 922 4940 ι
947 4901 970 4929 ο
991 4890 1139 4947 Unus
1169 4910 1414 4965 numero,
1445 4916 1551 4957 non
1581 4907 1805 4974 merito;
1830 4912 2029 4979 specie,
2048 4928 2156 4969 non

571 4978 808 5047 virtute;
845 4984 1225 5042 commistione
1267 4992 1563 5061 corporali,
1592 5012 1699 5053 non
1731 4978 1949 5056 vinculo
1988 5004 2142 5074 spiri-

574 5069 704 5137 tali;
745 5075 926 5130 carnis
952 5076 1312 5146 adjunctione,
1362 5098 1467 5139 non
1494 5090 1675 5145 cordis
1718 5093 1896 5148 socius
1922 5069 2148 5154 unitate.

572 5161 711 5230 Quid
733 5173 817 5221 est
842 5183 906 5222 ea:
933 5169 1103 5235 vobis,
1155 5171 1289 5239 nisi,
1334 5188 1401 5231 ex
1438 5178 1590 5235 vobis
1613 5182 1857 5238 exiturus
1895 5193 2011 5252 est,
2059 5187 2152 5257 qui

572 5253 751 5308 tradet
772 5258 901 5349 me?
926 5256 1109 5331 (Vnus.
1136 5260 1252 5337 22.)
1276 5263 1607 5337 Aspiciebant
1644 5289 1765 5344 ergo
1805 5274 2054 5349 discipuli
2074 5253 2150 5335 ad

2259 4657 2360 4712 per
2383 4643 2538 4713 panis
2565 4643 2967 4715 intinctionem,
3008 4649 3153 4706 illius
3197 4651 3509 4724 signiﬁcans
3550 4656 3850 4725 ﬁctionem,

2259 4736 2353 4806 qui
2378 4734 2536 4794 ﬁctus
2566 4738 2634 4793 ad
2660 4754 2870 4796 caenam
2893 4742 3043 4798 venit
3080 4744 3308 4814 amicus,
3339 4753 3394 4803 et
3426 4745 3606 4807 falsus
3642 4753 3713 4809 ad
3743 4769 3858 4809 ma-

2258 4826 2488 4898 gistrum
2515 4826 2706 4903 [vadit]
2735 4830 3047 4902 discipulus.

2336 4941 2355 4973 ‹
2394 4921 2548 4988 Quod
2568 4923 2724 4993 facis,
2757 4925 2843 4997 {ac
2863 4928 3040 4983 citius.
3070 4928 3187 4986 Non
3209 4933 3467 5004 praecepit
3495 4932 3738 5002 facinus,
3761 4937 3857 4995 sed

2255 5011 2507 5083 praedixit
2526 5010 2677 5069 Judas
2697 5015 2921 5084 malum,
2945 5019 3101 5076 nobis
3118 5019 3341 5077 bonum.
3363 5021 3505 5091 Quid
3526 5026 3676 5081 enim
3699 5026 3857 5085 Iuda

2252 5099 2428 5171 pejus,
2456 5110 2510 5157 et
2540 5104 2669 5174 quid
2698 5105 2854 5164 nobis
2892 5108 3107 5178 melius,
3146 5128 3311 5183 quam
3339 5113 3573 5171 traditus
3597 5116 3855 5176 Christus

2253 5193 2322 5247 ab
2352 5194 2489 5250 illo?
2522 5193 2688 5251 Citius
2722 5212 2741 5250 :
2772 5198 2876 5256 hoc
2904 5198 3151 5272 [verbum
3177 5205 3302 5280 hoc]
3327 5217 3409 5263 est
3427 5206 3550 5279 plus
3573 5214 3760 5281 parati
3783 5214 3856 5270 ad

2251 5286 2579 5356 passionem,
2608 5286 2770 5359 quam
2798 5292 2921 5349 irati
2953 5296 3021 5351 ad
3049 5298 3362 5355 vindictam.
3396 5299 3514 5358 Non
3551 5306 3707 5362 enim
3734 5314 3854 5363 tam

571 5345 808 5465 invicem,
839 5347 1138 5459 hwsitantes
1157 5354 1223 5410 de
1248 5372 1351 5427 quo
1375 5357 1599 5465 diceret:
1620 5360 1711 5465 Sic
1746 5345 1947 5437 quippe
1980 5369 2035 5423 in
2070 5371 2151 5427 eis
2251 5345 2320 5433 ad
2342 5345 2644 5451 perniciem
2670 5345 3362 5460 perﬁdi

570 5448 840 5556 eratlerga
874 5447 1189 5517 magistrum
1225 5465 1384 5506 suum
1424 5453 1513 5523 pia
1550 5456 1789 5513 charitas
1811 5501 1825 5526 ,
1877 5469 1937 5515 ut
1967 5469 2147 5521 tamen
2251 5447 2362 5525 teni
2388 5470 2623 5527 ﬁdelium
2653 5447 2979 5545 lbstinando,
3007 5482 3149 5553 quod
3176 5447 3349 5554 facis;
3372 5447 3459 5556 [:16
3492 5487 3653 5545 citius
3674 5504 3697 5543 :
3736 5508 3854 5549 non

570 5546 663 5653 e‘os
684 5535 918 5593 humana
958 5541 1275 5601 alterutrum
1314 5548 1380 5604 de
1405 5548 1577 5605 altero
1617 5551 1895 5610 simularet
1923 5554 2065 5629 [Ms.
2096 5568 2147 5615 et
2253 5565 2379 5634 quia
2408 5566 2464 5621 in
2492 5574 2583 5623 tua
2604 5578 2872 5639 potestate
2895 5535 2997 5640 est,
3019 5535 3189 5645 quem
3458 5582 3552 5638 sed
3579 5535 3710 5653 quia
3736 5535 3855 5643 In;

571 5627 730 5702 Aug.,
770 5633 995 5690 alterum
1035 5637 1099 5693 de
1129 5639 1298 5698 altero
1326 5645 1649 5720 stimularet]
1675 5627 1975 5709 infirmitas.
2007 5651 2144 5712 Nota
2250 5627 2368 5710 vult
2391 5658 2483 5727 qui
2510 5627 2690 5714 omnia
2713 5669 2910 5731 potest.
2941 5627 3855 5744 {Enr-dxi;

644 5779 669 5845 fl
698 5768 775 5845 Ex
807 5767 864 5824 S.
894 5772 1056 5845 Aug"
1079 5782 1241 5832 tract.
1271 5794 1382 5845 ιιι,
1407 5796 1556 5837 num.
1582 5782 1696 5841 1-5.

2324 5804 2347 5872 ξ
2375 5793 2456 5872 ξπ
2479 5792 2536 5850 S.
2564 5795 2883 5872 Augustino,
2916 5806 3078 5857 tract.
3110 5819 3221 5872 Lxr,
3251 5820 3380 5861 num
3410 5806 3549 5865 2-6.

641 5837 671 5883 δ
702 5837 781 5896 Ex
810 5837 1019 5914 eodem]
1044 5837 1213 5906 tract.
1241 5865 1333 5921 ιι,
1362 5837 1512 5911 num.
1550 5853 1605 5916 1.

2321 5863 2349 5908 ἀ
2374 5864 2455 5924 Ex
2482 5863 2691 5942 eodeni,
2717 5863 2878 5931 tract;
2909 5888 3046 5948 un,
3076 5863 3228 5939 num}
3256 5876 3311 5957 1,
3336 5877 3392 5952 2,
3419 5877 3472 5954 4,
3502 5863 3558 5951 5t
