4088 6340
245 384 354 446 929

1067 376 1478 441 EXEGETICA.
1518 405 1588 422 -—-
1625 375 1982 435 COMMENT.
2021 375 2092 435 IN
2123 375 2314 436 JOAN.
2352 408 2425 422 -
2457 379 2587 442 LIB.
2626 383 2717 441 VI.

3407 383 3512 444 930

243 518 396 561 nemo
419 500 564 556 scivit
586 484 1040 565 discumbentium,
1059 498 1128 552 ad
1147 498 1272 569 quid
1293 497 1485 552 dixerit
1503 495 1571 549 ei.
1597 493 1826 561 Quidam
1850 498 1904 558 Α
1930 503 2110 551 autem
2142 497 2386 564 dixisset,
2417 498 2576 554 Nunc
2607 499 2930 570 clariﬁcatus
2958 505 3033 557 est
3058 495 3234 556 Filius
3263 499 3513 576 hominis,

241 598 383 656 enim
423 596 676 668 putabant
704 595 828 667 quia
857 593 1054 649 [oculos
1083 593 1300 648 habebat
1342 591 1532 655 ludas,
1570 590 1695 660 quia
1744 588 1830 640 di-

239 693 403 750 xisset
433 691 481 745 ei
510 690 704 745 Jesus:
732 689 861 744 Eme
888 707 949 743 ea
977 705 1093 760 qua:
1124 705 1253 759 opus
1275 695 1396 741 sunt
1420 684 1564 739 nobis
1594 682 1663 737 ad
1691 682 1829 735 diem

241 787 457 860 festum,
483 793 573 839 aut
611 792 668 838 ut
696 784 868 855 egenis
913 780 1114 854 aliquid
1151 780 1321 834 daret.
1352 776 1598 832 Habebat
1621 789 1750 845 ergo
1775 779 1832 827 et

241 880 506 937 Dominus
533 877 758 942 loculos,
785 882 840 930 et
867 891 898 930 a
925 873 1172 930 ﬁdelibus
1197 872 1376 928 oblata
1399 881 1746 932 conservans,
1775 871 1831 920 et

239 985 467 1030 suorum
497 967 914 1024 necessitatibus
939 974 993 1022 et
1013 965 1134 1020 aliis
1153 961 1516 1034 indigentibus
1535 955 1823 1014 tribuebat.

243 1061 396 1118 Tunc
422 1061 660 1133 primum
681 1058 1062 1115 ecclesiasticae
1099 1055 1340 1127 pecuniae
1367 1052 1541 1109 forma
1563 1059 1646 1107 est
1675 1049 1829 1104 insti-

244 1160 381 1220 tuta,
409 1153 501 1207 ubi
535 1151 972 1223 intelligeremus,
1003 1149 1146 1219 quod
1173 1145 1428 1219 praecepit
1452 1161 1559 1201 non
1587 1143 1828 1212 cogitan-

241 1245 370 1301 dum
403 1258 523 1299 esse
569 1244 635 1298 de
661 1241 899 1298 crastino
927 1239 1154 1314 (Matth.
1182 1254 1273 1304 v1,
1314 1236 1382 1292 54
1397 1246 1417 1308 )
1439 1277 1454 1303 ,
1487 1252 1594 1291 ιιοιι
1628 1234 1697 1289 ad
1724 1235 1830 1289 hoc

237 1336 411 1392 fuisse
433 1342 784 1406 praeceptum,-
815 1342 874 1388 ut
900 1331 1034 1387 nihil
1058 1329 1298 1401 pecunia:
1324 1335 1634 1384 servaretur
1655 1342 1686 1380 a
1705 1341 1828 1381 san-

235 1427 378 1494 c‘tis;
421 1427 516 1483 sed
544 1441 613 1481 ne
642 1425 753 1480 Deo
778 1439 876 1495 pro
905 1423 1006 1478 ista
1033 1422 1332 1488 serviatur,
1371 1427 1427 1476 et
1467 1427 1688 1490 propter
1712 1418 1828 1473 ino-

237 1520 346 1594 pia:
368 1520 617 1575 timorem
636 1517 846 1590 justitia
877 1517 1177 1572 deseratur.
1215 1535 1234 1567 ι

311 1609 472 1680 595
504 1610 667 1664 Vens.
700 1609 790 1663 50.
813 1637 885 1646 --
907 1605 1038 1661 Cum
1069 1615 1242 1659 autem
1271 1604 1550 1674 accepisset
1577 1601 1666 1657 ille
1697 1602 1822 1656 buc-

234 1702 446 1768 cellam,
478 1704 605 1756 exiit
634 1703 905 1767 continuo,
947 1709 1060 1754 erat
1096 1708 1271 1753 autem
1299 1714 1422 1752 nox.
1471 1698 1602 1752 Erat
1646 1704 1826 1752 autem

237 1797 357 1868 ipse
386 1811 513 1863 nox,
545 1796 636 1866 qui
665 1796 828 1860 exiit,
862 1803 918 1850 et
957 1793 1100 1847 ﬁlius
1129 1793 1476 1879 tenebrarum
1501 1833 1516 1857 ,
1563 1800 1619 1846 et
1660 1804 1824 1860 opera

1931 588 2212 659 adjunxit:
2256 591 2323 645 Et
2364 591 2506 647 Deus
2535 591 2857 662 clariﬁcatus
2904 604 2977 648 est
3013 595 3069 648 in
3096 611 3175 648 eo.
3209 594 3328 664 Ipsa
3367 599 3512 654 enim

1929 692 2012 738 est
2044 684 2359 740 clariﬁcatio
2386 685 2508 740 Filii
2535 687 2788 753 hominis,
2822 694 2881 742 ut
2917 688 3056 742 Deus
3084 686 3413 746 clariﬁcetur
3457 693 3513 748 in

1928 790 2012 832 eo.
2048 775 2164 832 Non
2187 777 2334 832 enim
2367 779 2480 849 ipse
2503 779 2556 833 in
2582 780 2761 850 seipso
2788 778 2972 852 [Aug.,
3004 781 3049 835 si
3078 782 3223 837 enim
3259 797 3366 838 non
3396 784 3514 854 ipse

1929 868 1983 924 in
2010 869 2230 942 seipso],
2264 872 2358 926 sed
2397 871 2538 927 Deus
2571 873 2624 926 in
2655 873 2746 945 illo
2785 872 3141 938 clariﬁcatur,
3194 882 3320 931 tunc
3362 875 3512 932 illum

1928 960 2071 1017 Deus
2092 962 2146 1016 in
2171 978 2228 1018 se
2248 963 2531 1020 clariﬁcat.
2550 965 2792 1035 Denique
2816 975 3071 1037 tanquam
3092 967 3195 1022 ista
3216 982 3509 1038 exponens,

1928 1051 2172 1123 adjungit
2201 1062 2256 1108 et
2284 1056 2448 1110 dicit:
2495 1056 2554 1111 Si
2589 1057 2732 1112 Deus
2765 1057 3087 1128 clariﬁcatus
3114 1068 3187 1112 est
3229 1060 3285 1113 in
3327 1077 3414 1124 eo,
3465 1069 3514 1116 et

1925 1142 2069 1199 Deus
2097 1144 2408 1215 clari/icabit
2449 1165 2568 1202 eum
2605 1151 2663 1204 in
2704 1150 2995 1222 semetipso.
3031 1149 3144 1205 Hoc
3163 1159 3268 1217 est,
3298 1152 3345 1205 si
3373 1150 3513 1208 Deus

1926 1235 2250 1306 clariﬁcatus
2269 1248 2343 1293 est
2364 1240 2421 1294 in
2447 1257 2528 1307 eo,
2559 1241 2651 1310 qui
2681 1257 2786 1296 non
2811 1242 2959 1298 venit
2985 1241 3164 1298 facere
3183 1243 3513 1298 voluntatem

1926 1344 2096 1394 suam,
2123 1330 2216 1386 sed
2241 1331 2573 1388 voluntatem
2597 1333 2715 1402 ejus
2739 1334 2831 1406 qui
2855 1335 3000 1390 misit
3022 1351 3145 1390 eum
3173 1354 3185 1389 :
3213 1334 3396 1407 (Vens.
3421 1335 3510 1407 52)

1925 1421 1997 1476 Et
2023 1422 2165 1478 Deus
2205 1422 2520 1493 clariﬁcabit
2548 1443 2666 1480 eum
2693 1427 2748 1480 in
2787 1428 3080 1498 semetipso,
3105 1434 3166 1482 ut
3193 1436 3388 1481 natura
3414 1426 3514 1481 hu-

1925 1528 2108 1580 mana,
2124 1514 2179 1568 in
2201 1532 2307 1585 qua
2331 1523 2416 1571 est
2442 1516 2610 1573 Filius
2633 1518 2889 1585 hominis,
2910 1535 3028 1589 qua:
3053 1535 3082 1573 a
3114 1519 3292 1576 Verbo
3309 1528 3512 1575 aeterno

1925 1614 2172 1674 suscepta
2218 1614 2332 1673 est,
2380 1608 2545 1662 etiam
2573 1609 2867 1665 immortali
2911 1611 3213 1665 mternitate
3260 1611 3510 1667 donetur.

1923 1694 1992 1750 Et
2014 1699 2282 1765 continuo,
2312 1699 2506 1770 inquit,
2535 1701 2848 1772 clariﬁcabit
2876 1720 2995 1757 eum
3017 1716 3036 1754 :
3061 1705 3510 1760 resurrectionem

1923 1787 2131 1844 scilicet
2158 1806 2333 1857 suam,
2365 1807 2472 1846 non
2502 1793 2645 1848 sicut
2671 1801 2912 1849 nostram
2941 1795 2996 1849 in
3025 1795 3131 1850 ﬁne
3166 1795 3386 1862 saeculi,
3418 1796 3512 1851 sed

235 1886 444 1943 faciens
481 1887 848 1943 tenebrarum.
875 1883 1056 1941 Exivit
1091 1873 1220 1955 ergo
1246 1883 1313 1937 ad
1353 1899 1461 1939 sua:
1505 1881 1822 1953 perditionis
1852 1873 1900 1935 Β
1927 1881 2183 1935 continuo
2209 1881 2464 1957 futuram
2490 1925 2505 1951 ,
2562 1886 2666 1940 hac
2720 1887 3066 1942 attestatione
3111 1888 3431 1956 praedicens.
3487 1905 3507 1940 ι

237 1979 620 2046 ministerium,
651 1988 706 2034 et
741 1979 810 2034 ad
851 1988 1050 2034 nostra:
1080 1976 1276 2032 salutis
1298 1974 1818 2048 [dispensationem;

237 2087 346 2126 non
366 2080 566 2127 nostra:
596 2071 805 2144 salutis]
839 2068 1293 2133 consideratione,
1318 2067 1410 2123 sed
1442 2083 1553 2122 suze
1579 2067 1822 2138 negatio—

231 2165 319 2220 nis
362 2164 514 2237 [Ms.,
563 2148 967 2238 negotiationis]
1017 2163 1334 2218 intentione.
1388 2160 1526 2216 Hinc
1568 2160 1824 2231 impletur

232 2257 379 2325 quod
406 2255 689 2310 Psalmista
721 2256 797 2309 ait
823 2274 836 2308 :
877 2254 1002 2308 Dies
1032 2254 1136 2308 diei
1157 2260 1359 2307 eructat
1390 2251 1619 2315 verbum,
1639 2250 1694 2303 id
1715 2257 1818 2316 est,

235 2348 490 2403 Christus
521 2346 798 2416 discipulis
818 2346 1101 2416 promebat
1121 2345 1344 2398 verbum
1372 2341 1595 2397 salutis:
1627 2340 1697 2395 Et
1720 2357 1824 2396 ηοω

231 2442 375 2496 nocti
401 2439 598 2492 indicat
625 2439 894 2492 scientiam
926 2435 1099 2509 (Psal.
1127 2452 1282 2500 XVIII,
1311 2437 1366 2507 5)
1388 2476 1403 2501 ,
1447 2435 1500 2489 id
1525 2441 1627 2500 est,
1657 2433 1824 2490 Judas

231 2527 433 2584 Judzeis
457 2528 749 2598 proditoris
780 2526 934 2599 [Ms.,
965 2524 1306 2597 proditionis]
1350 2525 1612 2579 malitiam
1638 2532 1824 2579 osten-

233 2620 336 2675 dit.
382 2619 536 2674 Nunc
563 2619 768 2689 majore
811 2618 1108 2673 intentione
1141 2618 1304 2671 verba
1336 2615 1548 2671 Domini
1580 2614 1825 2670 conside-

233 2709 409 2764 randa
435 2717 579 2775 sunt,
612 2725 731 2778 quae
758 2709 872 2778 ipsa
903 2715 1061 2762 nocte
1092 2715 1216 2761 ante
1257 2705 1602 2761 traditionem
1641 2719 1824 2760 coram

233 2798 394 2871 [Ms.,
417 2785 540 2853 ante
565 2799 869 2854 traditionis
910 2795 1123 2869 horam]
1166 2797 1441 2866 discipulis
1479 2795 1825 2866 singulariter

232 2887 578 2958 loquebatur.
616 2874 1038 2944 Profundissima
1086 2897 1210 2944 sunt
1254 2889 1309 2942 in
1354 2879 1663 2959 mysteriis;
1705 2887 1824 2943 ideo

233 2980 332 3035 ubi
363 2980 592 3036 multum
613 2980 957 3036 laboraturus
978 2990 1060 3036 est
1083 2980 1406 3049 disputator,
1436 2995 1544 3034 non
1567 2979 1824 3035 remissus

234 3088 360 3129 esse
385 3075 541 3130 debet
583 3075 816 3129 auditor.
854 3073 1031 3128 Altius
1067 3073 1456 3128 consideranda
1500 3081 1625 3127 sunt
1661 3071 1826 3126 Altis-

235 3163 365 3220 simi
393 3164 554 3228 dicta,
586 3165 677 3235 qui
705 3164 944 3220 occultat
965 3171 1023 3218 ut
1053 3178 1378 3234 quaeramus,
1416 3169 1472 3217 et
1516 3162 1826 3220 manifestat

1923 1972 2108 2046 (Vens.
2141 1974 2255 2047 55.)
2301 1974 2522 2044 Filioli,
2552 1978 2724 2032 adhuc
2760 1979 3026 2033 modicum
3066 1979 3328 2034 vobiscum
3373 1996 3510 2034 sum.

1921 2065 2056 2123 Cum
2095 2078 2275 2124 autem
2309 2071 2558 2140 praedixit
2601 2071 2670 2127 de
2710 2071 3098 2128 clariﬁcatione
3147 2071 3314 2127 futuri
3360 2072 3514 2142 regni

1926 2159 2030 2225 sui,
2060 2160 2202 2215 etde
2224 2161 2612 2218 clariﬁcatione
2642 2164 3058 2219 resurrectionis
3083 2179 3214 2228 suae,
3245 2179 3366 2234 qua:
3387 2179 3513 2222 mox

1922 2251 2107 2306 futura
2140 2261 2259 2307 erat
2285 2271 2298 2319 ;
2345 2273 2362 2305 ι
2403 2255 2431 2295 b
2464 2270 2532 2308 ne
2559 2263 2812 2324 putarent
2835 2271 2965 2326 ergo
2986 2256 3126 2325 quod
3157 2254 3234 2309 sic
3260 2270 3384 2310 eum
3405 2255 3514 2309 cla-

1921 2341 2232 2398 riﬁcaturus
2260 2352 2404 2399 esset
2422 2345 2585 2410 Deus,
2614 2353 2674 2399 ut
2701 2361 2808 2400 non
2838 2346 2918 2400 eis
2939 2344 3355 2416 coniungeretur
3375 2344 3515 2400 ulte-

1923 2433 2038 2489 rius
2063 2448 2127 2489 ea
2153 2435 2582 2502 conversatione,
2629 2451 2734 2505 qua
2782 2437 2837 2490 in
2884 2443 3031 2492 terra
3073 2443 3192 2490 erat
3235 2451 3357 2491 cum
3387 2436 3512 2505 eis;

1923 2527 2116 2593 adhuc,
2146 2528 2340 2598 inquit,
2370 2528 2632 2582 modicum
2660 2528 2922 2583 vobiscum
2946 2546 3105 2596 sum;
3145 2538 3400 2600 tanquam
3430 2527 3515 2586 di-

1922 2626 2109 2674 ceret:
2142 2617 2408 2674 Continuo
2435 2620 2653 2689 quidem
2691 2623 3089 2677 resurrectione
3127 2620 3506 2688 clariﬁcabor',

1922 2725 2029 2765 non
2059 2718 2237 2766 tamen
2264 2712 2521 2767 continuo
2548 2726 2872 2769 ascensurus
2895 2714 2948 2768 in
2971 2714 3190 2780 caelum,
3218 2715 3312 2770 sed
3337 2715 3510 2769 adhuc

1923 2801 2184 2855 modicum
2214 2803 2476 2857 vobiscum
2516 2817 2675 2858 sum:
2723 2823 2741 2856 ι
2795 2804 3106 2876 signiﬁcans
3152 2805 3510 2877 quadraginta

1924 2893 2058 2958 dies,
2091 2895 2283 2964 quibus
2311 2903 2430 2951 erat
2455 2911 2580 2950 cum
2607 2895 2903 2966 discipulis,
2943 2897 3276 2968 temporibus
3312 2911 3510 2968 oppor-

1923 2985 2072 3039 tunis
2096 3000 2362 3055 apparens
2391 2986 2513 3041 illis.
2538 2987 2723 3043 Potest
2745 2996 2922 3044 tamen
2946 2988 3190 3059 intelligi,
3220 2990 3365 3060 quod
3387 3005 3511 3060 par-

1922 3090 2047 3129 vum
2079 3083 2289 3145 tempus
2317 3076 2461 3131 illius
2490 3080 2858 3150 tantummodo
2885 3080 3079 3146 noctis,
3104 3095 3277 3150 usque
3299 3081 3365 3136 ad
3385 3096 3510 3152 pas-

1925 3167 2090 3222 sionis
2127 3168 2316 3222 horam
2353 3185 2476 3223 cum
2503 3169 2781 3240 discipulis
2809 3185 2868 3226 se
2891 3186 3032 3226 esse.
3076 3182 3098 3210 ο
3144 3191 3162 3222 ι
3199 3171 3297 3227 Est
3325 3180 3382 3227 et
3406 3172 3511 3229 alia

235 3262 300 3308 ut
327 3255 686 3310 inveniamus.
714 3255 832 3326 Ipse
863 3264 945 3310 est
972 3255 1063 3324 qui
1093 3253 1314 3319 claudit,
1343 3263 1399 3309 et
1424 3254 1597 3324 aperit
1623 3272 1636 3308 :
1678 3255 1823 3310 clau—
1846 3243 1893 3306 C
1926 3257 2105 3312 divina
2129 3260 2434 3328 praesentia,
2461 3262 2708 3316 sensibus
2738 3261 2921 3332 ignota
2949 3263 3289 3329 mortalibus,
3314 3267 3381 3320 de
3403 3281 3510 3335 qua

238 3345 320 3401 dit
350 3355 408 3401 ut
430 3362 764 3416 quazramus:
793 3345 967 3415 aperit
993 3353 1054 3399 ut
1078 3345 1434 3411 inveniamus,
1457 3355 1516 3400 ut
1541 3345 1825 3416 inquisitor

233 3437 479 3494 fructum
516 3438 744 3508 accipiat
769 3437 983 3493 sudoris
1016 3438 1134 3504 sui;
1175 3445 1229 3492 et
1264 3437 1490 3510 largitor
1525 3437 1740 3493 laudem
1771 3445 1825 3493 et

239 3529 451 3602 gratias
477 3530 735 3584 bonitatis
756 3545 866 3584 suae
892 3529 1110 3584 habeat.

235 3663 241 3671 .
310 3621 474 3676 Vens.
489 3622 577 3676 51.
591 3620 819 3675 —Di:cit
834 3619 990 3675 Iesus
1008 3635 1026 3672 :
1043 3620 1200 3675 Nunc
1218 3619 1542 3690 clariﬁcatus
1559 3630 1633 3676 est
1649 3620 1823 3678 Filius

234 3716 496 3782 hominis,
528 3724 577 3768 et
623 3714 765 3768 Deus
803 3714 1128 3778 clari/icatus
1167 3724 1243 3769 est
1283 3716 1340 3768 in
1383 3731 1463 3770 eo.
1497 3714 1596 3770 Hic
1622 3715 1824 3786 aliquid

236 3821 495 3878 magnum
535 3804 800 3876 signiﬁcat
829 3804 885 3860 in
915 3806 1018 3860 hac
1054 3804 1460 3862 clariiicatione.
1514 3824 1532 3857 ‹
1587 3819 1612 3847 α
1644 3806 1826 3863 Exivit

236 3896 426 3964 Judas,
452 3906 506 3953 et
527 3896 851 3954 clariﬁcatus
878 3907 959 3954 est
991 3898 1148 3954 Jesus
1172 3915 1187 3965 ;
1227 3900 1359 3954 exiit
1397 3899 1538 3955 ﬁlius
1566 3901 1826 3976 perditio-

237 3991 346 4055 nis,
375 3997 430 4046 et
450 3989 778 4046 clariﬁcatus
797 3998 881 4045 est
901 3989 1069 4044 Filius
1094 3990 1346 4046 hominis.
1372 3991 1617 4046 Exeunte
1642 3993 1825 4061 itaque

239 4083 520 4138 immundo
556 4097 746 4137 omnes
786 4080 972 4136 mundi
1001 4090 1408 4148 remanserunt,
1459 4089 1514 4136 et
1557 4097 1682 4137 cum
1727 4098 1826 4140 suo

237 4176 561 4230 mundatore
591 4181 926 4229 manserunt.
957 4172 1086 4227 Tale
1115 4172 1318 4242 aliquid
1345 4173 1469 4240 erit,
1501 4189 1624 4228 cum
1648 4174 1826 4231 victus

237 4282 274 4323 a
303 4266 519 4322 Christo
543 4266 771 4322 transiet
795 4264 976 4337 [Aug.,
1010 4262 1306 4336 transierit]
1354 4263 1442 4319 hic
1478 4263 1732 4331 mundus,
1771 4272 1828 4321 et

237 4374 402 4414 nemo
428 4358 482 4411 in
516 4357 712 4428 populo
739 4356 942 4412 Christi
969 4354 1269 4410 remanebit
1289 4355 1636 4411 immundus:
1678 4372 1824 4423 cum,

237 4438 468 4507 zizaniis
495 4467 526 4504 a
553 4451 733 4506 tritico
767 4449 1063 4518 separatis,
1086 4448 1219 4519 justi
1261 4448 1540 4520 fulgebunt
1581 4449 1720 4505 sicut
1746 4449 1827 4506 sol

240 4545 299 4600 in
340 4560 507 4616 regno
550 4543 729 4598 Patris
757 4543 840 4598 sui
873 4540 1086 4614 (Matth.
1121 4557 1242 4607 xm,
1278 4540 1390 4613 45).
1432 4560 1450 4593 ›
1487 4542 1563 4597 De
1587 4541 1687 4596 hac
1715 4542 1826 4597 cla-

241 4637 544 4694 riﬁcatione
571 4635 752 4691 futura
780 4642 1092 4690 sanctorum
1113 4632 1413 4698 locuturus,
1441 4633 1606 4688 verbo
1631 4641 1829 4703 praete-
1854 4602 1904 4664 Β

239 4730 334 4785 riti
364 4728 620 4798 temporis
645 4735 730 4782 est
756 4741 886 4781 usus
911 4742 926 4791 ;
968 4725 1094 4794 quia
1119 4724 1262 4794 quod
1282 4724 1520 4779 futurum
1549 4724 1604 4778 in
1627 4725 1829 4779 sanctis

239 4827 350 4886 est,
384 4819 487 4874 hoc
511 4819 566 4873 in
590 4816 1067 4888 praedestinatione
1093 4815 1191 4871 Dei
1233 4814 1434 4871 factum
1464 4831 1587 4872 esse
1608 4816 1823 4872 dicitur.

248 4932 270 4968 ι
308 4913 467 4970 Nunc
497 4913 817 4982 clariﬁcatus
847 4920 920 4965 est
950 4909 1124 4964 Filius
1164 4910 1425 4975 hominis;
1457 4918 1714 4982 tanquam
1742 4911 1826 4966 di-

242 5013 398 5063 ceret
424 5023 435 5060 :
478 5005 616 5060 Ecce
645 5004 701 5056 in
725 5002 814 5058 illa
841 5017 961 5057 mea
999 5000 1389 5057 clariﬁcatione
1427 5002 1556 5072 quid
1584 5003 1710 5068 erit,
1736 5001 1828 5058 ubi

240 5098 516 5157 malorum
553 5095 733 5151 nullus
779 5094 902 5149 erit.
936 5093 1035 5149 Hic
1063 5101 1246 5148 autem
1277 5093 1459 5166 [Aug.,
1494 5093 1584 5149 Sic
1625 5094 1829 5167 autem]

242 5208 358 5249 non
387 5198 471 5245 est
491 5189 692 5244 dictum
720 5205 731 5240 :
763 5186 913 5240 Nunc
939 5185 1238 5256 signiﬁcata
1275 5194 1360 5240 est
1399 5185 1714 5241 clariﬁcatio
1739 5185 1835 5240 ﬁlii

243 5281 522 5347 hominis;
563 5279 658 5336 sed
680 5279 881 5335 dictum
903 5286 1006 5343 est,
1030 5276 1186 5332 Nunc
1213 5276 1535 5346 clariﬁcatus
1560 5288 1634 5333 est
1660 5277 1834 5333 Filius

246 5376 476 5432 hominis
501 5389 519 5426 :
548 5372 1000 5445 quemadmodum
1033 5385 1142 5425 non
1178 5377 1262 5425 est
1294 5370 1496 5425 dictum
1524 5389 1536 5423 :
1578 5369 1738 5425 Petra
1765 5370 1837 5425 si-

245 5469 544 5539 gniﬁcabat
568 5467 862 5533 Christum,
904 5465 1018 5530 sed,
1045 5461 1208 5518 Petra
1250 5471 1363 5518 erat
1387 5461 1668 5536 :Christus.
1697 5463 1832 5521 Cum

326 5641 354 5669 ι
383 5627 466 5683 Ex
492 5627 700 5692 eodem,
736 5631 897 5681 tract.
925 5638 1080 5689 anl,
1104 5637 1254 5677 num.
1281 5621 1338 5689 2,
1368 5623 1422 5678 5.

327 5699 357 5741 δ
386 5698 466 5754 Ex
496 5699 705 5763 eodem,
732 5704 892 5752 tract.
918 5711 1063 5760 exuv,
1097 5709 1244 5748 num.
1273 5693 1406 5747 1-4.

331 5783 354 5811 ε
396 5771 570 5826 Locus
607 5769 824 5824 mutilus
856 5775 968 5821 tam
1005 5766 1227 5838 ingEdit.
1263 5780 1425 5835 quam
1456 5765 1608 5831 Mss.,
1639 5766 1731 5838 qui
1761 5767 1836 5823 ita

254 5841 510 5907 fortassis
532 5841 746 5921 restitui
772 5839 972 5918 possit:
1008 5859 1027 5894 ι
1056 5837 1241 5897 Potest
1265 5844 1444 5897 tamen
1474 5837 1694 5917 intelligi
1714 5855 1838 5912 par.

1924 3346 2054 3402 item
2077 3348 2237 3403 dicit:
2265 3349 2401 3404 Ecce
2425 3367 2518 3421 ego
2545 3351 2805 3405 vobiscum
2827 3369 2965 3418 sum,
2994 3371 3155 3424 usque
3176 3354 3245 3407 ad
3271 3370 3512 3409 consum-

1922 3439 2206 3494 mationem
2233 3441 2416 3494 saeculi
2446 3441 2659 3510 (Matth.
2691 3458 2884 3507 xxvm,
2931 3442 3043 3513 20).
3087 3441 3202 3498 Hoc
3229 3451 3375 3498 certe
3403 3459 3512 3499 non

1923 3538 2025 3597 est,
2056 3532 2228 3586 adhuc
2256 3533 2519 3587 modicum
2549 3533 2813 3588 vobiscum
2858 3552 2975 3589 sum
2997 3552 3018 3601 ;
3053 3554 3072 3588 ι
3116 3536 3212 3591 sed
3238 3545 3320 3591 est
3346 3536 3514 3589 modi.

1923 3637 2042 3675 cum
2071 3622 2351 3689 vobiscum,
2385 3624 2469 3678 vel
2499 3631 2624 3679 ante
2641 3625 2910 3695 passionis
2930 3627 3146 3692 horam,
3171 3626 3253 3682 vel
3285 3633 3406 3696 post
3428 3641 3515 3684 re-

1924 3717 2318 3771 surrectionem
2363 3733 2534 3788 usque
2569 3719 2634 3773 ad
2675 3719 3010 3775 ascensionis
3038 3721 3286 3792 gloriam.
3321 3739 3339 3771 ‹
3374 3719 3514 3788 Quid

1924 3813 2008 3862 est
2027 3808 2169 3877 quod
2194 3816 2317 3876 post
2339 3810 2790 3865 resurrectionem
2813 3811 2918 3866 alio
2939 3812 3056 3866 loco
3077 3812 3213 3867 dixit
3236 3812 3515 3881 discipulis

1923 3899 2072 3952 suis:
2115 3897 2246 3952 Harc
2281 3908 2402 3952 sunt
2451 3899 2603 3954 verba
2621 3917 2739 3970 qua:
2780 3900 2987 3955 locutus
3015 3918 3134 3955 sum
3175 3901 3346 3967 vobis,
3391 3919 3512 3956 cum

1925 3988 2097 4041 adhuc
2116 4004 2277 4042 essem
2299 3987 2462 4060 596
2488 3989 2748 4044 vobiscum
2771 3989 2922 4062 (Luc.
2947 4006 3095 4058 xnv,
3117 3991 3231 4062 44),
3260 3992 3365 4048 nisi
3386 4007 3510 4048 cum

1925 4081 2101 4135 adhuc
2143 4095 2320 4135 essem
2361 4081 2415 4134 in
2443 4097 2606 4137 carne
2633 4084 2870 4148 mortali,
2905 4084 2959 4138 in
2987 4100 3092 4153 qua
3134 4086 3267 4140 estis
3291 4095 3346 4140 et
3370 4086 3511 4142 vos?

1927 4173 2078 4228 Tunc
2109 4173 2275 4237 enim,
2305 4189 2428 4229 cum
2458 4175 2573 4229 haec
2602 4175 2826 4240 diceret,
2859 4175 2914 4230 in
2937 4177 3124 4232 eadem
3146 4193 3312 4233 carne
3336 4177 3511 4234 susci-

1926 4270 2038 4318 tata
2061 4262 2244 4335 [Aug.,
2275 4265 2649 4338 resuscitatus]
2680 4275 2819 4334 erat,
2845 4267 2938 4324 sed
2963 4283 3086 4323 cum
3110 4268 3218 4324 illis
3247 4270 3303 4324 in
3322 4271 3511 4326 eadem

1927 4355 2255 4412 mortalitate
2277 4354 2388 4424 jam
2421 4372 2529 4412 non
2555 4365 2693 4413 erat.

1998 4468 2246 4534 Quaritis
2277 4486 2374 4532 me,
2405 4477 2453 4523 et
2488 4469 2624 4524 sicut
2659 4470 2771 4524 dixi
2814 4471 3040 4536 Judwis,
3089 4487 3194 4542 quo
3226 4489 3319 4542 ego
3355 4472 3512 4542 vado,

1926 4575 2012 4613 vos
2041 4575 2145 4612 non
2171 4561 2382 4629 potestis
2408 4560 2610 4614 venire:
2648 4570 2694 4615 et
2724 4561 2839 4616 dico
2869 4562 3009 4617 vobis
3041 4563 3215 4617 modo.
3261 4563 3376 4620 Hoc
3405 4574 3512 4634 est,

1930 4653 2089 4707 modo
2110 4668 2216 4708 non
2251 4653 2496 4722 potestis.
2539 4652 2740 4709 Iudaeis
2777 4662 2958 4710 autem
2983 4671 3107 4712 cum
3137 4657 3255 4712 haec
3283 4658 3510 4726 diceret,

1929 4758 2037 4797 non
2077 4743 2308 4808 addidit,
2342 4744 2516 4798 modo.
2546 4743 2642 4798 Isti
2679 4744 2859 4815 itaque
2901 4761 3009 4801 non
3056 4755 3307 4816 poterant
3330 4750 3515 4806 venire

1929 4842 2080 4901 tunc,
2112 4849 2220 4904 quo
2248 4833 2337 4889 ille
2363 4835 2492 4901 ibat,
2530 4835 2622 4890 sed
2649 4845 2902 4905 poterant
2927 4845 3133 4909 postea.
3162 4840 3392 4909 Ideoque
3416 4840 3512 4896 do-

1929 4943 2059 4985 cens
2085 4943 2199 4995 eos,
2227 4928 2497 4998 quomodo
2525 4928 2698 4984 idonei
2738 4945 2858 4986 esse
2883 4941 3106 5001 possent
3132 4948 3378 5004 pergere,
3405 4947 3514 5004 quo

1930 5019 2020 5075 ille
2048 5020 2400 5074 antecedebat
2441 5038 2453 5072 :
2484 5021 2670 5092 (Vens.
2696 5021 2786 5091 54)
2817 5021 3153 5090 Mandatum,
3185 5025 3376 5094 inquit,
3413 5041 3512 5082 no-

1933 5128 2052 5166 vum
2090 5111 2157 5166 do
2189 5111 2349 5177 vobis,
2387 5120 2445 5164 ut
2485 5110 2717 5182 diligatis
2755 5113 2991 5169 invicem.
3036 5114 3100 5169 Hi
3136 5123 3262 5170 sunt
3295 5130 3515 5186 gressus

1934 5202 2128 5272 quibus
2175 5202 2604 5272 sequendusest
2647 5203 2932 5272 Christus;
2984 5225 3000 5257 ι
3049 5205 3153 5261 hoc
3198 5207 3512 5266 mandatum

1933 5292 2234 5349 charitatis.
2271 5312 2289 5344 ε
2325 5292 2352 5332 d
2382 5293 2606 5350 Innovat
2633 5297 2830 5368 quippe
2857 5298 3184 5364 audientem,
3224 5298 3309 5355 vel
3334 5302 3514 5371 potius

1934 5386 2294 5454 obedientem,
2320 5402 2426 5442 non
2451 5389 2648 5456 omnis,
2681 5390 2775 5445 sed
2807 5390 2912 5444 ista
2938 5389 3159 5464 dilectio
3171 5432 3184 5458 ,
3214 5408 3377 5464 quam
3410 5394 3514 5451 Do-

1936 5477 2222 5544 minus,-ut
2246 5493 2276 5534 a
2307 5481 2511 5536 carnali
2538 5481 2823 5538 dilectione
2854 5481 3240 5554 distingueret,
3269 5483 3511 5540 addidit:

1935 5650 2063 5690 vum
2092 5642 2311 5720 tempus.
2332 5618 2475 5693 illius
2505 5638 3100 5720 tantummodohnoctis,
3129 5655 3301 5714 usque
3321 5641 3390 5710 ad

1937 5722 2055 5780 ram
2072 5709 2364 5780 passionis,
2393 5725 2498 5778 quo
2523 5709 2942 5780 cum‘discipnlis
2968 5721 3131 5768 esset.
3163 5732 3182 5766 ι
3213 5709 3234 5714 “
3370 5721 3373 5724 ’

2007 5779 2033 5819 ἀ
2061 5777 2142 5836 Ex
2173 5777 2230 5838 S.
2263 5777 2423 5856 Aug,
2453 5788 2613 5837 tract.
2642 5797 2744 5838 va
2791 5777 2940 5837 num.
2972 5783 3023 5850 l,
3047 5782 3103 5837 2.
