4074 6440
572 420 705 486 πί

574 536 732 598 «Sicut
759 532 923 592 dilexi
947 550 1054 591 eos.
1088 528 1319 588 Bilectio
1362 527 1466 584 ista
1494 542 1595 583 nos
1630 525 1873 592 innovat,
1900 534 1961 579 ut
1984 521 2157 579 simus
2181 518 2231 582 Δ

578 630 832 692 homines
855 629 999 696 novi,
1017 627 1110 683 sed
1134 624 1374 681 bzcredes
1403 620 1736 678 Testamenti
1758 618 1913 675 Novi.
1928 615 2057 673 Haec
2074 615 2156 671 di—

575 724 742 785 lectio
762 722 1015 797 populum
1041 732 1237 774 novum
1275 715 1478 786 colligit
1502 711 1737 769 Christo.
1775 731 1793 765 ι
1831 710 1956 765 Haec
1979 716 2035 764 et
2060 722 2157 762 an-

576 817 762 889 tiquos
798 813 985 870 Patres
1019 807 1328 873 innovabat,
1354 812 1417 860 ut
1443 808 1626 860 essent
1647 802 1704 857 in
1732 800 2006 857 Christum
2032 809 2156 853 cre-

579 911 800 973 dentes,
841 905 931 977 qui
956 909 1215 957 venturus
1251 905 1369 955 erat
1401 896 1669 952 redimere
1710 906 1824 949 eos.
1866 908 1887 944 ‹
1919 889 2156 946 Audiam

575 1004 723 1059 enim
750 1007 913 1068 atque
939 993 1282 1052 custodiant:
1323 987 1641 1046 Mandatum
1667 999 1857 1041 nouunt
1882 982 1950 1036 tto
1978 980 2119 1035 vobis
2135 1017 2150 1045 ,

592 1105 633 1147 tt
676 1105 763 1146 vos
800 1085 1019 1143 invicem
1059 1082 1292 1155 diligatis
1338 1099 1358 1133 ι
1406 1092 1595 1134 omnes
1621 1074 1715 1146 qui
1743 1074 1929 1129 volunt
1955 1070 2154 1126 fratres

576 1199 694 1241 esse
718 1180 860 1238 unici
878 1178 1000 1235 Filii
1022 1176 1137 1241 Dei,
1165 1175 1256 1246 qui
1280 1174 1514 1244 scipsum
1540 1172 1597 1225 in
1615 1171 1720 1225 hac
1738 1166 2026 1224 dilectione
2046 1172 2156 1219 tra-

575 1277 710 1332 didit
735 1289 834 1346 pro
871 1272 1047 1328 nobis.
1087 1269 1221 1324 Nam
1255 1276 1310 1323 et
1340 1266 1395 1320 in
1431 1265 1534 1320 hoc
1560 1263 1818 1319 mandato
1843 1259 1974 1315 illud
2004 1272 2156 1312 man-

575 1370 759 1427 datum
803 1376 916 1434 est,
955 1363 1097 1436 quod
1134 1362 1287 1433 prius
1329 1358 1580 1431 ponitur:
1629 1353 1828 1426 Diliges
1869 1351 2154 1407 Dominum

575 1459 745 1515 Deum
773 1467 921 1513 tuum
961 1471 1025 1510 ea:
1065 1461 1173 1507 toto
1192 1450 1349 1507 corde
1384 1458 1507 1512 tuo,
1542 1444 1615 1519 [et
1638 1460 1702 1500 ea:
1729 1450 1839 1500 tota
1872 1439 2076 1513 animo]
2105 1448 2155 1493 et

572 1559 682 1606 tota
709 1558 879 1603 mente
898 1556 990 1601 tua
1010 1541 1227 1618 (Matth.
1254 1556 1390 1606 χιιι,
1415 1538 1505 1603 59,
1538 1534 1668 1608 seq.)
1692 1550 1709 1589 :
1744 1553 1764 1586 ι
1796 1534 1892 1590 sed
1911 1534 2048 1588 bene
2074 1532 2158 1585 in-

573 1638 936 1711 telligentibus
965 1643 1254 1703 utrumque
1280 1631 1552 1687 invenitur
1572 1628 1629 1682 in
1667 1625 1911 1699 singulis.
1944 1622 2080 1679 Nam
2099 1628 2157 1677 et

572 1733 665 1804 qui
695 1730 867 1803 diligit
895 1728 1084 1793 Deutu,
1134 1739 1243 1781 non
1278 1736 1411 1780 eum
1454 1727 1633 1791 potest
1660 1718 1916 1776 cohibere
1958 1713 2153 1788 prisci-

570 1824 831 1897 pientem,
852 1829 912 1878 ut
938 1836 1046 1877 non
1066 1819 1253 1891 diligat
1271 1815 1580 1888 proximum
1603 1814 1786 1888 [Aug.,
1810 1821 2154 1869 contemnere

1372 436 1375 441 ·
1442 412 1506 468 Β.
1541 408 1605 468 F.
1644 408 1871 469 ALBINI
1908 405 2041 467 ΗΕΒ
2075 399 2352 463 ALCUINI
2386 400 2669 463 OPERUM
2700 401 2883 460 PARS
2918 400 2981 459 Η.

2694 518 2855 591 597
2889 518 3119 576 CAPUT
3145 516 3385 576 xxxrv.

2255 628 2381 714 Non
2426 632 2662 714 turbetur
2700 649 2791 714 cor
2835 641 3085 714 oestrum,
3125 631 3552 714 aitdiscipulis.‘
3574 631 3692 705 Ego
3718 651 3838 714 sunt

2321 703 2426 769 via,
2465 704 2677 767 ueritas,
2711 713 2760 758 et
2801 705 2929 759 vita.
2974 703 3078 770 Qui
3128 704 3265 759 videt
3312 720 3413 766 me,
3462 704 3605 759 uidet
3628 703 3699 759 et
3728 705 3842 760 Pn-

2321 782 2471 857 trem.
2491 773 2625 857 ﬁgo.
2668 775 2726 830 in
2755 771 2937 855 Patre,
2967 784 3016 831 et
3046 773 3311 857 P‘ater‘itt.
3332 792 3435 829 me.
3477 774 3841 848 Quodch

2320 845 2571 916 petieritis
2600 845 2656 900 in
2684 845 2891 900 nomine
2918 861 3052 911 meo,
3083 845 3178 900 hoc
3203 845 3423 916 faciam.

2321 960 2503 1017 Caru'r
2524 976 2641 1027 xw,
2667 960 2835 1019 Vua.
2857 960 2909 1017 1.
2939 988 3014 1002 -—
3042 959 3169 1017 Non
3203 960 3441 1016 turbetur
3464 978 3558 1017 eor
3584 971 3839 1019 oestrum.

2252 1051 2477 1110 Creditis
2504 1053 2562 1108 in
2614 1051 2808 1119 Deitas,
2836 1051 2964 1109 aliis
3002 1068 3087 1106 me
3119 1051 3333 1107 credite.
3372 1070 3392 1103 ι
3429 1052 3459 1094 b
3501 1051 3839 1117 Nemortem

2253 1153 2510 1215 tanquam
2550 1143 2802 1201 homines
2833 1143 3089 1203 timerent
3116 1140 3309 1216 [Beda,
3353 1157 3425 1200 ne
3466 1153 3706 1201 mortem
3737 1145 3839 1207 sibi

2254 1247 2511 1309 tanquam
2562 1235 2769 1293 homini
2816 1234 3119 1309 timerent],
3170 1244 3230 1292 et
3281 1235 3406 1292 ideo
3456 1236 3839 1303 turbarentur,

2253 1329 2562 1387 consolatur
2614 1344 2728 1395 eos,
2778 1329 2946 1385 etiam
2996 1329 3168 1385 Deum
3219 1343 3278 1385 se
3329 1341 3451 1384 esse
3500 1335 3839 1385 contestans.

2253 1421 2601 1492 Consequens
2633 1430 2719 1477 est
2751 1421 2917 1487 enim,
2948 1429 3007 1476 ut
3047 1421 3094 1477 si
3120 1421 3178 1477 in
3214 1420 3387 1479 Deum
3432 1421 3684 1486 creditis,
3715 1422 3845 1479 eth

2253 1535 2340 1576 me
2386 1519 2608 1575 credere
2640 1517 2882 1574 debeatis
2907 1536 2921 1573 :
2975 1517 3121 1588 quod
3159 1532 3269 1574 non
3295 1524 3442 1574 esset
3476 1530 3843 1589 concoquas,

2255 1611 2301 1667 si
2329 1598 2581 1669 Christus
2623 1608 2733 1667 nun
2755 1619 2902 1667 esset
2921 1610 3084 1666 Deus.
3122 1630 3145 1663 ι

2326 1703 2490 1759 Vsus.
2519 1702 2573 1757 2.
2613 1733 2685 1743 ——
2733 1700 2804 1757 In
2833 1701 2988 1757 domo
3018 1699 3198 1757 Patris
3223 1701 3327 1755 nisi
3370 1700 3684 1755 mansiones
3712 1699 3845 1753 Ital-

2255 1806 2324 1852 ιω
2350 1805 2495 1851 sunt.
2534 1793 2673 1862 Quia
2719 1794 2916 1850 merita
2950 1807 3142 1849 eorum
3190 1790 3346 1865 [Msa
3394 1789 3743 1863 sanctorum]
3769 1790 3846 1846 di-

572 1879 973 1987 prmcipientem
994 1953 1009 1979 ,
1039 1879 1314 1981 ut'diligat
1338 1879 1669 1979 proximum]
1698 1879 1729 1972 ξ
1748 1913 1805 1960 et
1838 1903 1929 1973 qui
1968 1908 2154 1957 sancte
2181 1879 2235 1945 Β
2255 1902 2416 1944 item
2436 1895 2585 1987 8013i.
2603 1885 2759 1987 “ideo
2779 1886 2839 1941 in
3099 1881 3279 1987 Putris
3668 1880 3845 1939 multa

542 1995 549 2003 ’
573 2016 736 2076 atque
757 2004 1073 2077 spiritaliter
1093 2003 1269 2075 diligit
1286 2000 1613 2073 proximum,
1640 1996 1771 2069 quid
1796 1997 1852 2051 in
1871 2009 1938 2051 eo
1958 1994 2153 2066 diligit,

573 2101 682 2158 nisi
727 2098 1014 2155 Dominum
1049 2096 1232 2169 [Aug.,
1263 2093 1500 2167 Deum]?
1526 2092 1646 2164 ipsa
1683 2096 1768 2146 est
1804 2087 2022 2145 dilectio
2042 2126 2056 2152 ,
2088 2086 2156 2141 ab

572 2194 720 2250 omni
735 2192 1002 2247 mundana
1016 2189 1301 2246 dilectione
1319 2188 1576 2253 discreta,
1596 2198 1759 2256 quam
1780 2181 2158 2252 distinguendo

572 2283 780 2342 addidit
801 2282 1100 2337 Dominus:
1144 2279 1293 2336 Sicut
1314 2278 1478 2334 dilexi
1508 2294 1616 2333 vos.
1667 2295 1686 2329 ι
1715 2259 1722 2267 ’

650 2393 670 2428 s
702 2388 727 2417 ι
759 2374 893 2431 Cum
922 2373 1184 2428 Dominus
1211 2369 1369 2427 Iesus
1394 2376 1636 2426 sanetam
1667 2367 2028 2431 dilectionem,
2051 2378 2158 2435 qua

573 2467 885 2527 seinvicem
921 2465 1227 2538 diligerent,
1265 2463 1542 2535 discipulis
1566 2460 2001 2525 commendaret,
2032 2458 2158 2511 dicit

574 2559 623 2615 ei
649 2558 832 2614 Simon
861 2554 1093 2611 Petrus:
1120 2554 1365 2618 Domine,
1394 2569 1498 2624 quo
1518 2551 1663 2606 vadis
1681 2551 1707 2605 2
1731 2549 1822 2606 Sic
1849 2549 2033 2618 utique
2057 2548 2159 2603 hoc

575 2650 713 2709 dixit
729 2650 989 2723 magistro
1009 2648 1322 2719 discipulus,
1345 2653 1402 2701 et
1418 2645 1647 2700 Domino
1669 2656 1878 2706 servus,
1901 2648 2158 2712 tanquam

574 2742 727 2812 sequi
758 2749 999 2813 paratus.
1030 2739 1327 2809 Propterea
1353 2737 1552 2809 quippe
1594 2735 1885 2800 Dominus,
1913 2734 2004 2804 qui
2043 2732 2160 2802 eius

576 2832 818 2888 animum
842 2831 1009 2895 vidit,
1035 2842 1205 2900 quare
1242 2829 1347 2884 hoc
1392 2825 1836 2897 interrogaverit,
1884 2824 1963 2880 sic
1999 2822 2049 2877 ei
2074 2834 2161 2878 re-

576 2923 792 2996 spondit
838 2941 851 2977 :
896 2924 1081 2995 (Vnus.
1126 2920 1217 2994 56)
1258 2922 1376 2989 Quo
1416 2937 1511 2993 ego
1536 2921 1672 2976 uado
1695 2962 1709 2987 ,
1748 2937 1854 2976 non
1891 2929 2037 2992 potes
2078 2932 2160 2973 me

577 3015 735 3075 modo
758 3018 946 3088 sequi;
987 3021 1243 3085 tanquam
1268 3014 1508 3070 diceret:
1548 3012 1780 3084 Propter
1816 3011 1958 3082 quod
1988 3012 2159 3066 inter‘

576 3122 756 3182 rogas,
780 3121 888 3165 non
914 3114 1070 3179 potes
1094 3108 1273 3162 modo.
1306 3104 1423 3160 Non
1455 3103 1551 3171 ait,
1579 3119 1688 3160 non
1716 3110 1869 3174 potes
1893 3119 1907 3169 ;
1938 3102 2030 3156 sed
2057 3116 2161 3155 non

576 3209 722 3274 potes
754 3197 952 3265 modo;
988 3197 1294 3253 dilationem
1336 3195 1544 3262 intulit,
1582 3209 1687 3251 non
1735 3209 1887 3265 spem
1914 3192 2065 3258 tulit,
2106 3198 2161 3244 et

576 3291 823 3350 eamdem
852 3303 1021 3361 spem,
1047 3302 1213 3359 quam
1240 3302 1347 3343 non
1375 3286 1519 3354 tulit,
1557 3286 1652 3342 sed
1678 3286 1857 3357 potius
1880 3282 2047 3348 dedit,
2078 3294 2163 3339 se-

578 3385 768 3461 quenti
787 3396 921 3439 voce
944 3382 1201 3448 firmavit,
1229 3381 1474 3437 addendo
1495 3387 1656 3450 atque
1681 3378 1939 3435 dicendo:
1970 3374 2163 3447 Seque-

579 3479 657 3535 ris
675 3484 849 3532 autem
870 3482 1067 3546 postea.
1092 3473 1277 3545 (Vsus.
1300 3471 1413 3544 57.)
1440 3468 1717 3542 Respondit
1746 3469 1963 3524 Petrus:
1986 3466 2163 3534 Quare

578 3579 626 3626 te
669 3583 774 3622 non
811 3580 1021 3637 possum
1064 3564 1209 3634 sequi
1249 3561 1402 3615 modo
1426 3562 1453 3614 .7
1486 3562 1717 3616 animum
1762 3574 1931 3613 meam
1972 3572 2070 3628 pro
2114 3564 2165 3611 te

577 3670 791 3737 ponam.
812 3652 953 3721 Quid
974 3652 1029 3707 in
1051 3652 1233 3707 animo
1260 3649 1377 3719 ejus
1400 3657 1544 3705 esset
1566 3645 2159 3719 cupiditatis,videbat;

578 3747 713 3822 quid
738 3760 870 3804 vero
917 3742 1160 3817 [virium]
1194 3756 1302 3799 non
1342 3742 1576 3797 videbat.
1620 3740 1963 3796 Voluntatem
2009 3754 2162 3795 suam

575 3839 816 3912 iactabat
841 3837 1111 3903 iniimus,
1140 3834 1236 3892 sed
1262 3834 1574 3890 intendebat
1602 3830 1755 3905 [Ms.,
1777 3829 2159 3901 impendebat;

579 3932 716 4003 Aug.
739 3972 754 3999 ,
795 3927 1137 4003 inspiciebat]
1176 3925 1540 3983 vaietudinem
1581 3925 1859 3990 medicus;
1901 3924 2002 3979 iste
2034 3938 2164 3995 pro-

579 4024 847 4088 mittebat,
878 4022 968 4078 ille
993 4020 1402 4093 praenoscebat;
1444 4016 1539 4088 qui
1560 4015 1858 4080 nesciebat,
1886 4014 2157 4077 audebat;

580 4124 638 4173 et
660 4115 754 4187 qui
786 4113 1125 4185 prtesciebat,
1154 4110 1401 4167 docebat.
1437 4126 1455 4161 ι
1494 4107 1688 4180 (Vsus.
1716 4104 1843 4177 '58.)
1876 4103 2163 4175 Respondit

578 4207 773 4265 Iesus:
813 4205 1055 4260 Animam
1081 4211 1227 4257 tuam
1254 4216 1348 4272 pro
1375 4214 1458 4254 me
1480 4214 1639 4271 penes
1657 4198 1681 4251 γ
1698 4196 1852 4265 Quod
1871 4193 2160 4265 promittis,

580 4300 746 4355 modo
768 4310 876 4353 non
904 4302 1076 4366 potes.
1103 4293 1265 4349 Prius
1288 4298 1373 4348 est
1393 4291 1571 4345 anima
1591 4300 1694 4360 pro
1716 4296 1772 4344 te
1806 4286 2074 4358 ponenda,
2101 4288 2165 4337 ut

579 4391 757 4465 possis
781 4396 970 4461 postea
1005 4388 1239 4442 animam
1267 4393 1415 4439 tuam
1441 4394 1540 4453 pro
1569 4395 1656 4436 me
1682 4393 1905 4450 ponere.
1956 4394 1977 4428 ι
2024 4375 2164 4443 Quid

579 4487 792 4541 tuttum
831 4478 1157 4550 praesumis?
1184 4477 1323 4542 Quid
1360 4475 1429 4530 de
1454 4483 1507 4530 te
1545 4474 1752 4530 sentis?
1781 4472 1921 4538 Quid
1956 4482 2077 4525 esse
2112 4477 2163 4524 te

582 4570 805 4629 credis?
832 4568 972 4625 Audi
994 4567 1121 4638 quid
1147 4567 1223 4622 sis
1248 4584 1262 4620 :
1299 4566 1490 4632 Amen,
1519 4580 1673 4619 amen
1710 4564 1828 4618 dico
1863 4562 1994 4616 tibi:

580 4660 815 4727 cantabit
852 4658 1061 4732 gallus,
1093 4658 1258 4715 donec
1284 4673 1369 4713 me
1408 4667 1485 4713 ter
1521 4668 1692 4727 neges.
1722 4655 1864 4713 Ecce
1892 4654 2163 4724 quomodo

578 4751 753 4827 {tibi}
780 4751 893 4809 cito
916 4748 1220 4822 apparebis,
1251 4747 1345 4819 qui
1368 4760 1562 4818 magna
1588 4744 1848 4816 loqueris,
1880 4756 1938 4802 et
1963 4753 2017 4801 te
2041 4759 2166 4815 par-

584 4845 772 4902 vulum
796 4844 997 4902 nescis.
1024 4842 1127 4911 Qui
1148 4841 1283 4897 mihi
1312 4840 1585 4912 promittis
1625 4846 1854 4895 mortem
1886 4846 2057 4904 uiam,
2084 4844 2168 4893 ter

576 4935 813 5008 negabis
850 4934 1015 4990 vitam
1060 4940 1224 4989 tuam.
1269 4930 1405 4987 Nam
1442 4930 1682 4987 timendo
1726 4937 1958 4986 mortem
1987 4929 2169 4984 carnis

577 5034 719 5095 tne,
738 5036 971 5087 mortem
998 5024 1371 5090 dabisanima:
1397 5031 1524 5079 tua.
1556 5021 1768 5090 Quanta
1786 5021 1931 5076 enim
1957 5029 2042 5075 est
2056 5020 2167 5076 vita

532 5160 539 5165 λ
576 5118 837 5181 conﬁteri
851 5119 1149 5185 Christum,
1165 5125 1317 5175 tanta
1336 5129 1485 5173 mors
1505 5124 1589 5172 est
1610 5128 1808 5186 negare
1823 5112 2119 5169 Christum.
2142 5131 2161 5166 ι

578 5210 725 5273 Huc
745 5212 1038 5269 admonere
1066 5218 1300 5283 oportet,
1313 5224 1384 5265 ne
1407 5209 1528 5279 quis
1556 5209 1624 5263 de
1644 5207 1758 5263 suis
1773 5206 1982 5263 viribus
1998 5204 2168 5262 conii-

574 5308 697 5372 dat,
731 5308 858 5369 dum
887 5307 954 5367 ad
982 5307 1144 5363 unius
1181 5304 1392 5361 ancillae
1435 5317 1623 5358 vocem
1673 5308 1821 5356 tanta
1853 5299 2047 5355 titubat
2075 5313 2170 5355 co-

574 5399 812 5465 lum;
850 5412 955 5455 nee
982 5398 1050 5454 de
1080 5396 1195 5453 suis
1217 5396 1505 5466 desperare
1528 5393 1784 5463 peccatis.
1811 5390 1949 5448 Nam
1974 5392 2167 5448 Petrus

578 5497 835 5548 mrtuus
878 5494 963 5546 est
1004 5488 1271 5560 mando,
1318 5485 1517 5543 revisit
1548 5484 1845 5555 plorando;
1885 5490 2165 5550 mortuus,

587 5583 713 5654 quia
738 5582 971 5652 superbe
993 5581 1110 5651 ipse
1136 5579 1498 5651 praesumpsit,
1530 5577 1729 5632 revixit
1749 5583 1929 5631 autem
1953 5574 2169 5632 humili-

587 5678 673 5728 ter
699 5672 983 5744 plorando,
1018 5670 1142 5740 quia
1163 5669 1394 5741 benigne
1424 5666 1661 5741 respexit
1688 5682 1812 5723 eum
1844 5664 2169 5739 pietaS'Sal-

586 5764 813 5820 vatoris.
837 5762 1094 5833 Sequitur
1126 5760 1303 5818 enim:

658 5888 689 5919 ι
711 5874 793 5933 Ex
817 5872 875 5933 S.
899 5873 1064 5950 Aug"
1096 5882 1255 5931 tract.
1288 5890 1444 5944 vax,
1470 5890 1619 5932 num.
1652 5874 1701 5929 1.

2255 1989 2401 2043 sunt.
2464 1996 2483 2031 ι
2517 1977 2707 2035 Nullus
2731 1975 2936 2034 eorum
2967 1976 3295 2035 alienabitur
3320 1975 3392 2033 ab
3427 1974 3522 2031 illa
3550 1974 3738 2042 domo,
3758 1974 3847 2033 Illi

2255 2071 2592 2128 mansionem
2609 2085 2708 2141 pro
2734 2084 2834 2126 suo
2861 2070 3089 2140 quisque
3109 2076 3437 2139 accepturus
3457 2076 3548 2124 est
3563 2067 3792 2127 merito.
3820 2087 3845 2123 ι

2254 2165 2381 2222 ideo
2408 2180 2517 2220 non
2546 2164 2795 2220 turbetur
2820 2178 2917 2220 cor
2939 2170 3202 2219 vestrum.
3250 2161 3392 2218 Nam
3416 2176 3557 2216 unus
3581 2160 3851 2218 denarius

2256 2259 2504 2318 omnibus
2526 2258 2588 2313 in
2627 2258 2790 2314 vinea
2812 2256 3188 2313 laborantibus
3241 2255 3424 2319 datur,
3448 2254 3503 2311 id
3533 2261 3636 2320 est,
3660 2253 3845 2309 omni-

2255 2352 2360 2409 bus
2388 2352 2445 2406 in
2480 2349 2721 2407 Ecclesia
2768 2362 2871 2419 per
2920 2347 3085 2403 ﬁdem
3130 2345 3503 2402 laborantibus
3548 2345 3664 2401 vita
3690 2344 3848 2404 dant!

2256 2450 2481 2500 uerna.
2524 2459 2547 2494 ι
2585 2440 2696 2497 Sed
2736 2440 2920 2497 multae
2958 2439 3290 2505 mansiones,
3345 2437 3598 2494 diversas
3626 2436 3849 2493 merits-

2257 2549 2382 2591 rum
2411 2535 2467 2589 in
2498 2549 2603 2588 una
2628 2533 2742 2588 vita
2784 2539 2989 2588 aeterna
3036 2530 3350 2603 signiﬁcant
3374 2528 3699 2601 dignitates,
3724 2528 3848 2587 erit

2257 2642 2366 2697 que
2393 2624 2581 2699 [Deus]
2627 2625 2814 2681 omnia
2850 2624 2906 2679 in
2937 2623 3211 2689 omnibus,
3261 2622 3388 2692 quia
3433 2620 3586 2677 Deus
3608 2621 3851 2679 citat-itas

2258 2728 2361 2776 est.
2394 2717 2487 2773 Sic
2508 2717 2657 2772 enim
2706 2716 2937 2787 quisque
2985 2714 3154 2769 etiam
3192 2713 3306 2782 ipse
3331 2712 3520 2777 habet,
3551 2728 3685 2768 cum
3712 2720 3850 2768 amat

2258 2793 2516 2871 in'altero
2543 2810 2689 2882 quod
2714 2810 2831 2879 ipse
2852 2824 2963 2864 non
3008 2808 3192 2873 habet,
3222 2806 3351 2876 quia
3377 2814 3575 2877 regnat
3598 2805 3660 2860 in
3686 2803 3851 2860 omni-

2258 2906 2362 2962 bus
2415 2904 2597 2960 unitas
2648 2902 2949 2959 ebanitatis.
2998 2919 3019 2953 ι
3064 2898 3325 2968 Sequitur
3356 2912 3375 2951 :
3427 2895 3486 2952 Si
3510 2912 3625 2968 quo
3682 2897 3850 2950 minus

2260 2999 2511 3053 dixissem
2535 2995 2699 3060 vobis,
2722 2995 2853 3065 quia
2876 2991 3011 3047 vado
3037 3006 3230 3064 parare
3268 2989 3412 3044 vobis
3436 2988 3638 3044 locum.
3668 2987 3735 3044 Si
3760 2987 3852 3043 ali-

2261 3086 2407 3150 cubi,
2456 3083 2606 3158 [nisi]
2638 3084 2694 3138 in
2750 3084 2910 3138 domo
2974 3081 3154 3136 Patris
3195 3080 3505 3136 mansiones
3561 3079 3856 3136 nullaaes-

2263 3187 2402 3246 sent,
2428 3177 2686 3235 dixissem
2720 3177 2907 3246 utique
2932 3173 3107 3230 vobis.
3139 3170 3243 3228 Sed
3268 3172 3422 3229 modo
3473 3172 3617 3227 cado
3667 3187 3854 3244 parm

2187 3245 2238 3310 θ
2266 3245 2407 3328 vobis
2435 3270 2628 3326 locum.
2675 3268 2976 3341 [Quomodo
3004 3267 3074 3322 ad
3114 3265 3234 3347 illas
3268 3265 3586 3323 mansiones
3611 3264 3854 3320 meanbra

2265 3362 2662 3435 pervenissent,
2709 3358 2757 3414 si
2806 3366 2968 3430 caput
3021 3372 3129 3412 non
3181 3357 3553 3428 praecessisset
3572 3356 3599 3409 ?
3634 3354 3856 3413 Paravit

2264 3456 2424 3512 nobis
2451 3451 2679 3524 locum],
2720 3452 2849 3511 dum
2877 3464 2976 3521 pro
3001 3449 3160 3505 nobis
3207 3457 3460 3504 mortuus
3487 3456 3575 3503 est
3596 3457 3653 3503 et
3674 3461 3855 3503 resur-

2266 3548 2426 3614 rexit,
2459 3546 2569 3601 imo
2591 3552 2646 3599 et
2668 3541 2914 3598 ascendit
2944 3541 3000 3594 in
3026 3538 3196 3596 caelos
3222 3553 3238 3593 :
3268 3540 3387 3594 inec
3420 3538 3612 3594 omnia
3638 3550 3742 3609 pro
3760 3550 3859 3595 no-

2264 3638 2349 3695 bis
2374 3634 2522 3705 fecit,
2552 3643 2616 3691 ut
2636 3633 2795 3691 nobis
2812 3639 3032 3704 pararet
3055 3631 3235 3686 locum
3267 3632 3323 3685 in
3345 3645 3517 3702 regno
3540 3629 3730 3685 Patris
3753 3627 3854 3685 sui.

2266 3730 2453 3805 (Vsus.
2486 3726 2563 3800 5.)
2604 3726 2673 3780 Et
2698 3725 2747 3780 si
2791 3724 2990 3791 abiero,
3020 3732 3069 3778 et
3094 3737 3461 3795 prceparaoen
3488 3722 3637 3777 vobis
3661 3722 3855 3787 locum,

2263 3821 2451 3876 iterum
2488 3819 2693 3872 veniam
2721 3816 2790 3871 ad
2818 3832 2924 3871 vos.
2973 3813 3033 3870 Si
3078 3815 3265 3870 abiero
3316 3814 3623 3886 percarnis
3664 3814 3857 3870 absono

2266 3914 2424 3980 iisan,
2448 3910 2661 3966 veniam
2687 3922 2785 3980 per
2819 3906 3115 3964 divinitatis
3138 3908 3509 3978 pensandum,
3537 3907 3600 3961 in
3625 3922 3736 3977 qua
3756 3920 3850 3961 vo-

2264 4006 2474 4062 biscum
2501 4019 2597 4061 ero
2640 4018 2813 4073 usque
2840 4002 2896 4057 in
2919 4002 3082 4057 tinem
3130 4000 3285 4073 μὴ..
3328 4003 3387 4056 in
3431 4001 3859 4057 consummatio-

2263 4112 2391 4153 nem
2432 4094 2663 4167 seaculi].
2724 4093 2820 4173 γει
2847 4093 3013 4148 etiam
3046 4111 3059 4147 ι
3093 4091 3153 4149 Si
3186 4094 3375 4148 abiero
3414 4092 3765 4149 ascendendo
3788 4090 3857 4148 ad

2262 4189 2452 4256 caelos,
2502 4188 2716 4244 veniam
2756 4186 2954 4241 iterum
3002 4185 3248 4257 judicare
3291 4186 3448 4241 vivos
3487 4196 3547 4242 et
3587 4194 3858 4251 mortuos,

2262 4281 2409 4351 quod
2436 4279 2613 4351 angeli
2641 4277 2879 4333 attestati
2911 4285 3040 4332 sunt
3079 4277 3319 4333 dicentes
3349 4294 3363 4332 :
3415 4277 3520 4332 Hie
3563 4276 3731 4333 Iesus
3768 4275 3857 4348 qui

2265 4379 2660 4442 assumptusest
2689 4386 2721 4423 a
2756 4368 2919 4434 vobis,
2960 4369 3037 4423 sic
3080 4370 3269 4436 veniet,
3296 4369 3745 4441 quemadmodum
3782 4370 3859 4424 ui.

2264 4465 2418 4520 distis
2446 4480 2564 4519 eum
2589 4472 2795 4518 euntem
2817 4464 2875 4517 in
2917 4462 3103 4517 emtum
3134 4464 3271 4535 (Act.
3300 4479 3340 4530 ι,
3387 4463 3500 4534 li).
3545 4464 3815 4535 Sequitur
3840 4480 3858 4519 :

2037 4560 2163 4616 Non
2193 4605 2242 4628 ,,
2267 4555 2337 4611 Et
2362 4556 2616 4628 accipiam
2638 4571 2727 4610 vos
2757 4554 2826 4609 ad
2856 4554 3108 4625 meipsum
3133 4570 3152 4608 :
3198 4566 3275 4621 ut,
3297 4555 3389 4610 sbi
3419 4571 3536 4610 sum
3557 4572 3675 4628 ego,
3696 4565 3752 4611 et
3773 4572 3864 4611 uss

2266 4650 2404 4704 sitis.
2437 4648 2552 4704 Hoc
2595 4655 2700 4712 est,
2722 4648 2866 4717 quod
2896 4646 2951 4701 in
2983 4647 3330 4717 sequentibus
3356 4648 3500 4704 dixit
3525 4666 3537 4703 :
3587 4647 3722 4705 Volo
3752 4647 3865 4704 Pa-

2262 4753 2361 4823 ter,
2389 4751 2469 4808 ut,
2495 4742 2585 4796 ubi
2635 4756 2729 4812 ego
2750 4756 2889 4807 sum,
2940 4749 2989 4796 et
3018 4740 3107 4796 isti
3137 4743 3241 4795 sint
3283 4757 3508 4797 meeum.
3551 4742 3748 4815 (Vsus.
3781 4741 3863 4817 ι.)

2267 4833 2338 4888 Et
2367 4849 2470 4905 quo
2495 4846 2588 4903 ego
2616 4830 2775 4896 vado,
2806 4830 2972 4896 scitis,
3003 4840 3052 4885 et
3073 4831 3214 4885 viam
3250 4831 3416 4887 scitis.
3459 4830 3577 4898 Quo
3605 4832 3769 4899 sudo,
3804 4831 3863 4889 id

2267 4935 2366 4989 est,
2398 4926 2465 4980 ad
2488 4924 2725 4990 Patrem,
2755 4924 2942 4990 scitis;
2971 4932 3020 4977 et
3063 4923 3225 4990 viam,
3285 4940 3395 4997 qua
3416 4926 3635 4981 venitur
3659 4926 3732 4982 ad
3759 4925 3868 4983 Pa-

2266 5027 2429 5084 trem,
2459 5017 2623 5072 scitis.
2650 5015 2837 5087 (Vnus.
2857 5014 2938 5089 b‘.)
2960 5015 3100 5071 Diei!
3131 5018 3181 5073 ei
3207 5017 3436 5075 Thomas
3456 5036 3477 5075 :
3495 5018 3744 5086 Domine,
3774 5033 3867 5076 no-

2268 5114 2462 5196 sﬁimss
2494 5124 2596 5183 quo
2638 5110 2811 5178 suadis,
2842 5122 2891 5166 et
2909 5112 3171 5181 quomodo
3191 5129 3471 5187 possumus
3490 5115 3635 5169 sicut
3675 5112 3870 5169 scire!

2269 5200 2570 5262 Videbatur
2592 5204 2645 5259 ei
2698 5205 2936 5271 nescire,
2968 5206 3114 5275 quod
3142 5204 3398 5263 Christus
3442 5206 3681 5265 convicit
3736 5222 3869 5268 est.

2268 5299 2428 5363 scire,
2454 5298 2582 5353 dum
2610 5298 2725 5353 ait:

2338 5395 2503 5451 Vsus.
2545 5394 2599 5449 6.
2631 5418 2703 5434 υ-
2742 5390 2856 5466 Ego
2876 5408 2993 5449 sunt
3018 5396 3128 5460 via,
3154 5404 3203 5450 et
3222 5397 3444 5463 ueritas,
3481 5404 3535 5452 et
3553 5398 3681 5455 vita.
3706 5396 3870 5467 Qut-

2260 5488 2314 5544 si
2339 5486 2567 5542 dixisset
2596 5498 2612 5540 :
2639 5485 2697 5541 Si
2721 5496 2806 5542 tne
2830 5486 2999 5551 scitis,
3030 5494 3088 5541 et
3115 5488 3260 5543 viam
3288 5489 3478 5556 scitis;
3508 5496 3565 5546 et
3587 5501 3691 5561 ego
3708 5500 3865 5557 sum,

2267 5578 2335 5633 ad
2358 5592 2520 5649 quem
2560 5576 2692 5643 itur,
2729 5575 2782 5632 id
2810 5583 2913 5642 est,
2939 5576 3184 5644 veritas;
3225 5587 3283 5634 et
3317 5594 3417 5651 ego
3461 5594 3581 5635 sum
3632 5578 3774 5643 vita,
3807 5579 3869 5636 in

2267 5684 2375 5741 qua
2398 5668 2554 5723 statis
2580 5665 2717 5739 [Al.,
2750 5666 2969 5742 statur].
3010 5666 3071 5724 Si
3100 5680 3188 5727 me
3237 5670 3386 5727 scitis
3420 5677 3475 5727 et
3500 5669 3644 5728 viam
3678 5668 3866 5738 scitis,

2267 5768 2454 5857 θεείῳ
2480 5759 2568 5815 ibo
2594 5758 2767 5825 scitis,
2828 5766 2882 5813 et
2916 5760 3008 5817 ubi
3056 5761 3296 5818 mansuri
3351 5761 3486 5834 [Al.,
3516 5758 3868 5837 manseritis]

2343 5874 2371 5916 ιι
2406 5870 2487 5931 Ex
2514 5870 2724 5941 eodem,
2755 5878 2916 5928 tract.
2948 5888 3116 5943 mn,
3147 5889 3296 5932 num.
3327 5875 3379 5944 i,
3408 5874 3464 5932 2.
