4088 6340
213 441 320 502 935

1026 435 1436 493 EXEGETICA.
1474 467 1545 478 -
1577 435 1933 493 COMMENT.
1973 436 2041 493 ΙΝ
2079 435 2270 494 ΙΟΑΝ.
2311 471 2380 479 -
2419 440 2545 495 LlB.
2588 441 2674 497 Vl.
2778 495 2782 498 .

3376 445 3479 502 954

213 554 392 618 eritis,
421 552 589 608 scitis.
618 551 718 618 Qui
742 552 808 606 ad
832 551 1048 606 Patrem
1062 552 1282 616 vadunt,
1310 565 1410 621 per
1437 565 1526 606 me
1552 550 1793 613 vadunt;
1825 552 1875 610 Α
1900 549 2106 619 majora
2130 567 2294 622 quam
2347 555 2464 624 ipse
2493 555 2645 623 facit,
2685 555 2822 613 dixit
2848 572 2940 615 eos
2974 573 3096 617 esse
3135 560 3377 621 facturos
3401 582 3418 634 ;
3454 585 3475 622 ι

213 656 270 704 et
297 647 390 716 qui
416 647 483 700 ad
514 643 730 700 Patrem
771 644 1014 708 veniunt,
1061 644 1128 699 ad
1157 659 1243 698 me
1269 643 1510 709 veniunt,
1542 643 1668 712 quia
1697 657 1799 713 ego

215 751 272 795 et
300 738 464 792 Pater
499 751 667 791 unum
723 750 950 801 sumus;
978 742 1031 789 et
1053 735 1107 790 in
1133 749 1220 788 mc
1266 741 1505 796 manent,
1537 731 1660 802 quia
1687 733 1801 786 haec

215 837 293 884 est
322 829 429 882 vita
447 835 663 892 (eterna,
693 834 751 878 ut
795 833 1108 896 cognoscant
1135 836 1182 878 te
1202 824 1373 878 solum
1401 837 1582 878 verum
1609 821 1798 886 Deum,

212 929 266 976 st
286 935 438 992 quem
462 917 652 972 misisti
675 915 858 972 Iesum
880 914 1147 971 Christum
1175 914 1357 988 (Joan.
1385 929 1520 979 xvn,
1543 913 1618 986 5).
1649 912 1802 968 Unde

214 1019 438 1069 secutus
473 1016 557 1064 est
585 1009 806 1064 dicens:
839 1006 1007 1063 Nemo
1057 1007 1194 1062 venit
1223 1007 1292 1061 ad
1340 1002 1553 1060 Patrem
1587 1005 1690 1060 nisi
1713 1021 1804 1076 per

214 1117 318 1157 me.
353 1100 642 1170 Exponens
669 1097 801 1168 quid
825 1098 917 1164 sit,
939 1099 1083 1168 quod
1105 1097 1182 1153 ait
1206 1115 1218 1152 :
1267 1097 1381 1168 Ego
1410 1113 1529 1152 sum
1564 1097 1671 1158 via,
1695 1103 1805 1151 sta-

216 1192 315 1246 tim
341 1189 669 1261 subjungens
712 1206 726 1242 :
761 1190 947 1261 (Vens.
979 1189 1030 1262 7)
1061 1189 1123 1244 Si
1171 1187 1544 1258 cognovissetis
1571 1203 1673 1252 me,
1701 1187 1806 1240 uti-

212 1299 317 1355 que
341 1291 388 1336 et
433 1279 651 1335 Patrem
702 1297 872 1335 meum
921 1281 1287 1352 cognovissetis
1318 1293 1336 1331 :
1379 1279 1507 1350 quia
1545 1293 1645 1349 ego
1685 1293 1805 1333 sum

213 1373 443 1437 veritas,
498 1371 554 1427 in
579 1384 710 1425 vero
752 1370 934 1425 Patre.
971 1371 1041 1424 Et
1084 1369 1272 1424 amodo
1315 1368 1634 1439 cognoscetis
1663 1384 1801 1435 eum,

211 1475 265 1520 et
284 1465 491 1519 vidistis
518 1479 657 1517 eum.
699 1462 758 1517 Si
781 1479 866 1517 me
905 1463 1220 1533 spiritaliter
1268 1461 1617 1532 cognoscitis,
1647 1469 1702 1516 et
1726 1462 1806 1516 vi-

215 1555 393 1620 distis,
431 1553 606 1626 [illum
625 1554 952 1624 cogmscitis
978 1563 1034 1608 et
1060 1552 1278 1627 videtis]
1304 1553 1430 1624 quia
1457 1569 1549 1623 ego
1572 1562 1622 1606 et
1642 1549 1807 1608 Pater

216 1665 382 1703 unum
395 1663 601 1711 sumus,
620 1662 788 1700 unum
810 1654 1024 1712 natura,
1038 1662 1148 1702 non
1166 1661 1331 1701 unum
1346 1660 1598 1716 persona.
1613 1645 1801 1717 (Vens.

214 1739 295 1810 8.)
328 1738 466 1792 Dicit
511 1739 559 1793 ei
589 1736 891 1808 Philippus,
922 1739 1022 1792 hoc
1051 1753 1158 1793 non
1185 1738 1526 1809 intelligens:
1559 1733 1800 1802 Domine,

215 1830 428 1887 ostende
455 1829 602 1884 nobis
629 1826 866 1894 Patrem,
894 1839 943 1882 et
963 1830 1147 1900 sufﬁcit
1180 1829 1347 1884 nobis.
1389 1827 1552 1896 Quasi
1600 1827 1804 1896 aliquid

1900 645 1995 700 sed
2023 645 2141 702 sine
2196 647 2308 715 illo,
2345 649 2479 704 utin
2531 653 2882 723 sequentibus
2911 655 3066 724 dixit,
3119 659 3247 728 quid
3289 668 3482 731 potue-

1901 745 2028 791 runt
2046 736 2270 793 facere?
2313 759 2331 791 ί
2371 741 2478 797 Sed
2507 757 2627 812 qua:
2657 755 2783 799 sunt
2829 745 3044 801 tandem
3081 748 3183 805 ista
3232 749 3485 821 majora?

1900 825 1982 882 An
2015 827 2155 885 forte
2179 833 2321 900 quod
2357 848 2532 905 aegros
2579 834 2711 905 ipsis
2735 839 3162 908 transeuntibus,
3193 842 3357 898 etiam
3390 861 3483 902 co-

1902 933 2022 976 rum
2045 923 2236 978 umbra
2289 926 2560 980 sanabat?
2594 925 2765 996 Maius
2793 940 2875 984 est
2929 931 3072 990 enim
3095 940 3154 988 ut
3182 945 3335 990 sanet
3364 952 3485 991 um—

1902 1009 2022 1080 bra,
2049 1028 2209 1082 quam
2239 1014 2451 1072 ﬁmbria
2478 1035 2489 1070 :
2524 1017 2654 1074 illud
2675 1035 2774 1090 per
2798 1035 2876 1088 se,
2913 1023 3018 1080 hoc
3069 1040 3170 1096 per
3196 1026 3360 1098 ipsos,
3391 1029 3484 1084 sed

1902 1108 2192 1172 utrumque
2217 1104 2351 1174 ipse.
2382 1126 2400 1158 ι
2439 1106 2530 1162 Vel
2556 1106 2760 1178 majora
2777 1119 2900 1166 sunt
2927 1115 3296 1184 apostolorum
3317 1131 3483 1187 opera

1905 1189 1961 1244 in
1986 1192 2227 1248 omnium
2272 1197 2514 1264 gentium
2567 1197 2765 1266 salute,
2821 1215 2984 1274 quam
3013 1201 3217 1260 Christi
3248 1214 3486 1262 tantum-

1906 1285 2066 1340 modo
2101 1286 2156 1341 in
2204 1287 2377 1344 salute
2421 1288 2750 1358 Judazorum,
2803 1304 2858 1350 et
2887 1295 2991 1351 hoc
3023 1295 3076 1351 in
3107 1298 3490 1368 paucissimis?

1906 1373 2111 1430 Tamen
2138 1383 2426 1450 utrumque
2453 1387 2507 1434 et
2535 1381 2624 1438 ille
2649 1381 2795 1449 fecit,
2830 1392 2887 1440 et
2912 1385 3142 1442 salutem
3181 1387 3487 1459 aliquorum

1907 1466 1962 1522 in
1977 1466 2160 1523 Judma
2189 1467 2309 1541 [per
2336 1471 2449 1544 se];
2477 1481 2531 1528 et
2562 1474 2788 1530 salutem
2801 1477 3038 1548 gentium
3070 1495 3168 1549 per
3194 1482 3486 1551 apostolos,

1907 1561 2003 1615 sed
2021 1569 2075 1615 et
2105 1560 2245 1634 [per]
2273 1562 2406 1618 alios
2420 1580 2634 1636 quoque
2661 1566 3065 1638 praedicatores.
3090 1570 3243 1627 Unde
3265 1571 3489 1644 subjun-

1907 1652 2008 1716 xit,
2032 1659 2086 1706 et
2101 1651 2174 1706 ait
2195 1671 2205 1706 :
2229 1651 2334 1718 Qui
2355 1655 2516 1709 credit
2533 1657 2587 1711 in
2609 1674 2707 1723 me,
2733 1675 2890 1724 opera
2909 1676 3028 1732 gate
3053 1677 3146 1732 ego
3163 1661 3300 1732 facio
3314 1671 3361 1717 et
3385 1663 3494 1735 ipse

1908 1743 2083 1814 faciet,
2123 1744 2193 1816 [et
2246 1746 2456 1817 majora
2502 1749 2688 1804 horum
2721 1749 2923 1824 faciet].
2963 1769 2982 1803 ι
3025 1763 3047 1792 ο
3077 1752 3194 1809 Non
3239 1769 3347 1826 quo
3376 1770 3493 1812 ma-

1901 1834 1990 1906 jor
2017 1837 2087 1891 sit
2115 1839 2374 1908 magistro
2417 1839 2731 1912 discipulus,
2779 1842 2863 1898 vel
2889 1843 3117 1901 Domino
3163 1861 3372 1914 servus,
3405 1847 3491 1904 vel

215 1921 410 1978 melius
428 1928 574 1978 esset
615 1921 778 1976 Pater
807 1935 968 1990 quam
995 1920 1186 1988 Filius,
1229 1920 1286 1976 in
1312 1919 1467 1990 cujus
1491 1928 1576 1976 est
1596 1919 1803 1974 visione
1837 1931 1882 1991 Β
1911 1930 2196 2000 adoptatus
2249 1932 2542 2002 unigenito,
2601 1931 2688 1988 vel
2727 1933 2889 1990 homo
2917 1935 3028 1991 Deo
3053 1954 3066 1990 ε
3109 1938 3202 1992 sed
3225 1938 3368 2008 quod
3396 1953 3496 2010 per

216 2013 494 2071 sufﬁciens
529 2013 826 2069 beatitudo.
883 2012 1058 2080 Quam
1096 2028 1284 2069 vocem
1335 2012 1586 2083 discipuli
1616 2012 1805 2068 redar-

214 2105 335 2176 guit
367 2104 631 2174 magister
657 2103 845 2159 dicens
869 2121 882 2157 :

292 2195 452 2250 Vsus.
481 2197 534 2250 9.
574 2224 646 2236 --
699 2193 866 2250 Tanto
895 2205 1123 2265 tempore
1165 2196 1432 2250 vobiscum
1464 2211 1603 2259 sum,
1632 2203 1808 2249 etnon

213 2288 530 2358 cognouistis
558 2301 660 2344 me.
696 2286 837 2358 [Non
861 2288 1191 2356 cognovistis
1233 2286 1344 2360 me]
1380 2301 1503 2342 esse
1527 2287 1584 2340 in
1621 2286 1805 2350 Patre,

211 2386 276 2436 et
301 2377 518 2434 Patrem
543 2378 599 2433 in
627 2392 734 2432 me.
773 2375 1037 2448 Philippe,
1061 2379 1152 2448 qui
1171 2377 1309 2431 videt
1329 2393 1430 2442 me,
1463 2377 1600 2430 uidet
1619 2386 1667 2430 et
1699 2373 1808 2429 Pa-

211 2474 373 2526 trem.
409 2466 512 2533 Qui
537 2482 623 2523 me
654 2466 929 2536 intelligit,
976 2467 1162 2536 utique
1183 2476 1239 2522 et
1277 2466 1494 2521 Patrem
1525 2482 1704 2522 meum
1725 2467 1808 2520 in-

212 2557 431 2628 telligit.
485 2577 504 2610 ι
546 2571 574 2599 α
612 2557 720 2616 Sed
744 2557 866 2613 ideo
894 2559 1156 2629 magister
1175 2557 1497 2628 discipulum
1524 2559 1804 2628 arguebat,

207 2649 474 2718 quoniam
495 2664 588 2704 cor
607 2648 932 2719 postulantis
951 2649 1190 2706 videbat.
1223 2648 1506 2718 Tanquam
1524 2648 1670 2702 enim
1695 2663 1808 2742 Ime-

211 2739 321 2794 lior
348 2740 508 2796 Pater
538 2750 684 2798 esset
722 2757 883 2811 quam
935 2741 1125 2806 Filius,
1179 2743 1254 2796 ita
1295 2742 1537 2812 Pilippus
1587 2739 1806 2797 Patrem

209 2846 380 2888 nosse
409 2834 663 2902 cupiebat
692 2852 706 2886 :
737 2842 794 2890 et
838 2833 964 2890 ideo
995 2849 1097 2891 nec
1133 2834 1334 2890 Filium
1384 2834 1551 2907 598
1579 2838 1803 2904 sciebat,

213 2937 327 2995 Quo
347 2919 539 2981 melius
572 2926 774 2996 aliquid
803 2939 924 2984 esse
949 2927 1226 2982 credebat.
1268 2927 1352 2982 Ad
1396 2928 1540 2983 hunc
1587 2944 1806 2984 sensum

212 3015 600 3086 corrigendum
630 3018 835 3072 dictum
855 3026 975 3072 est:
1021 3017 1124 3083 Qui
1154 3019 1292 3074 videt
1320 3037 1420 3085 me,
1447 3021 1586 3075 videt
1614 3031 1662 3076 et
1692 3019 1806 3076 Pa-

217 3115 370 3160 trem.
403 3106 675 3173 Quomodo
702 3118 760 3162 tu
789 3109 942 3177 dicis,
985 3113 1200 3168 ostende
1229 3114 1377 3169 nobis
1421 3111 1640 3170 Patrem
1661 3117 1688 3170 7
1714 3116 1807 3172 Vi-

215 3198 321 3256 deo
359 3203 626 3270 quomodo
650 3220 680 3256 a
717 3213 768 3260 te
797 3206 1039 3262 dictum:
1081 3223 1191 3262 non
1240 3210 1471 3265 alterum
1497 3212 1698 3282 quieris
1719 3213 1803 3269 vi-

215 3294 351 3350 dere
396 3296 647 3364 similem,
675 3299 770 3354 sed
791 3299 941 3354 illum
965 3309 1124 3370 putas
1152 3318 1274 3360 esse
1303 3305 1602 3360 meliorem.

294 3388 455 3443 VERS.
489 3390 574 3443 10.
613 3421 684 3429 -
723 3391 850 3446 Non
896 3394 1088 3462 credis,
1134 3398 1262 3469 quia
1307 3414 1400 3468 ego
1451 3399 1509 3452 in
1546 3396 1730 3465 Patre,
1760 3406 1810 3454 et

215 3480 385 3536 Pater
408 3484 465 3536 in
493 3500 572 3537 me
595 3493 669 3538 est
695 3485 720 3538 ?
768 3484 878 3543 Cur
923 3485 1313 3559 inseparabilcs
1351 3491 1643 3562 separatim
1666 3491 1810 3546 desi-

214 3575 382 3632 deras
409 3590 564 3631 nosse
590 3577 612 3630 ?
644 3577 849 3636 Deinde
890 3597 996 3636 non
1024 3582 1092 3636 ad
1121 3582 1293 3637 solum
1341 3582 1668 3654 Philippum,
1714 3584 1809 3639 sed

211 3669 289 3724 ad
308 3683 402 3724 eos
449 3669 734 3747 pluraliter
787 3675 1071 3745 loquitur:
1125 3673 1308 3741 Verba,
1335 3691 1454 3746 qua:
1505 3691 1598 3746 ego
1624 3675 1810 3748 loquor

219 3769 388 3832 vobis,
421 3789 452 3823 a
476 3771 670 3840 meipso
700 3786 805 3824 non
853 3767 1058 3839 loquor.
1091 3765 1258 3823 Pater
1304 3777 1478 3823 autem
1505 3769 1561 3823 in
1586 3786 1669 3824 me
1695 3787 1810 3824 ma-

223 3877 352 3916 nens
378 3863 486 3931 ipse
511 3859 634 3929 facit
660 3876 838 3930 opera.
863 3878 883 3912 ι
907 3877 926 3910 ε
960 3858 988 3898 δ
1018 3857 1156 3925 Quid
1185 3868 1286 3925 est,
1318 3877 1351 3913 a
1379 3860 1575 3930 meipso
1603 3877 1707 3915 non
1726 3860 1808 3915 lo-

220 3970 378 4026 quor,
410 3953 513 4007 nisi
539 3967 567 4006 a
602 3952 807 4020 mcipso
833 3965 940 4006 non
965 3966 1104 4014 sum,
1137 3952 1231 4020 qui
1265 3951 1456 4019 loquor
1476 3952 1499 4004 ?
1521 3951 1584 4006 Ei
1611 3953 1808 4022 quippe

217 4046 417 4113 tribuit
444 4046 586 4115 quod
613 4044 762 4110 facit,
805 4044 872 4098 de
901 4057 1008 4113 quo
1065 4051 1152 4098 est
1176 4043 1294 4112 ipse
1320 4044 1413 4112 qui
1442 4042 1592 4098 facit.
1643 4041 1809 4097 Pater

221 4139 371 4195 enim
396 4137 541 4192 Deus
589 4152 696 4191 non
752 4135 924 4190 estde
969 4133 1189 4203 aliquo:
1221 4133 1391 4188 Filius
1447 4142 1629 4187 autem
1664 4133 1808 4188 Deus

221 4237 312 4285 est
334 4229 555 4299 quidem
598 4227 747 4282 Patri
794 4223 1039 4294 aequalis,
1073 4224 1169 4280 sed
1223 4224 1292 4280 de
1315 4224 1478 4278 Patre
1502 4224 1653 4289 Deo;
1685 4223 1806 4278 ideo

223 4322 318 4378 ille
342 4322 505 4388 Deus,
535 4321 634 4376 sed
655 4335 763 4375 non
793 4319 860 4373 de
882 4319 1016 4384 Deo,
1041 4325 1098 4372 et
1145 4315 1349 4382 lumen,
1377 4317 1474 4373 sed
1501 4330 1609 4370 non
1635 4317 1702 4371 de
1725 4316 1808 4372 lu-

225 4413 412 4470 mine:
443 4413 547 4468 iste
572 4426 705 4468 vero
737 4410 880 4465 Deus
935 4408 1002 4464 de
1032 4407 1168 4472 Deo,
1196 4407 1376 4463 lumen
1403 4407 1471 4462 de
1513 4406 1734 4462 lumine.
1781 4427 1800 4460 ι

224 4502 471 4571 Denique
512 4500 773 4570 adiungit,
802 4507 858 4554 et
885 4498 1003 4553 ait:
1051 4496 1236 4569 (Vsus.
1273 4496 1359 4561 11,
1395 4494 1505 4567 12.)
1545 4495 1670 4551 Non
1695 4514 1807 4552 cre-

223 4590 355 4646 ditis
399 4591 522 4661 quia
547 4606 641 4660 ego
682 4589 739 4646 in
773 4587 932 4642 Patre
976 4595 1025 4642 et
1073 4585 1236 4641 Pater
1285 4587 1342 4641 in
1368 4603 1449 4642 me
1489 4594 1564 4641 est
1593 4587 1619 4640 ?
1653 4586 1802 4642 Alio-

223 4683 361 4753 quin
393 4689 600 4752 propter
627 4697 784 4751 opera
814 4681 930 4750 ipsa
958 4680 1170 4734 credite.
1209 4698 1227 4730 ί
1262 4679 1432 4734 Antea
1472 4679 1648 4736 solum
1677 4680 1806 4736 Phi-

224 4771 436 4842 lippum
467 4772 759 4842 arguebat,
789 4786 932 4826 nunc
965 4779 1144 4826 autem
1193 4785 1299 4826 non
1351 4770 1422 4826 ibi
1463 4785 1586 4826 eum
1632 4771 1805 4828 solum

223 4864 402 4922 fuisse
427 4864 518 4934 qui
545 4872 691 4922 esset
730 4864 1055 4933 arguendus,
1084 4863 1406 4920 ostenditur.
1438 4861 1664 4934 Propter
1689 4879 1807 4934 ope-

227 4973 298 5014 ra
320 4957 460 5027 ipsa,
489 4955 684 5026 inquit,
721 4950 934 5021 credite,
959 4956 1084 5025 quia
1106 4972 1199 5025 ego
1223 4955 1282 5008 in
1308 4952 1472 5008 Patre
1497 4963 1545 5009 et
1567 4952 1732 5009 Pater
1751 4955 1806 5009 in

230 5065 316 5110 me
338 5055 437 5104 est.
489 5045 676 5117 Neque
696 5046 840 5101 enim
869 5046 916 5100 si
946 5045 1180 5114 separati
1219 5060 1484 5110 essemus,
1532 5045 1808 5115 insepara-

228 5137 422 5198 biliter
436 5137 654 5209 operari
679 5137 790 5192 ulla
811 5136 1022 5192 ratione
1047 5151 1346 5205 possemus.
1379 5154 1398 5188 ι
1423 5135 1530 5191 Sed
1548 5136 1679 5206 quid
1703 5144 1808 5204 est,

227 5229 383 5302 quod
411 5227 693 5299 sequitur?

309 5319 494 5384 Amen,
548 5333 701 5374 amen
726 5316 844 5371 dico
870 5315 1012 5370 vobis
1039 5332 1057 5369 :
1081 5317 1170 5387 qui
1199 5315 1363 5371 credit
1413 5316 1467 5369 in
1498 5332 1600 5381 me,
1653 5332 1810 5386 opera

229 5428 356 5486 quae
381 5428 474 5482 ego
507 5411 646 5482 facio
674 5419 721 5464 et
748 5410 856 5479 ipse
884 5407 1062 5476 faciet,
1093 5417 1139 5462 et
1172 5407 1378 5478 majora
1421 5407 1610 5461 horum
1631 5405 1809 5475 faciet,

232 5501 365 5574 quia
385 5516 477 5570 ego
518 5498 586 5553 ad
615 5496 831 5553 Patrem
850 5497 1005 5552 vado.
1044 5516 1063 5549 ‹
1106 5497 1225 5553 Non
1273 5512 1331 5553 se
1369 5496 1592 5553 extollat
1621 5512 1810 5552 servus

235 5604 406 5660 super
429 5588 733 5653 Dominum,
793 5603 892 5643 nec
918 5586 1211 5659 discipulus
1238 5601 1400 5658 super
1443 5587 1762 5658 magistrum
1793 5602 1805 5639 :

313 5740 342 5770 ι
380 5728 459 5783 Ex
495 5727 553 5784 S.
582 5729 745 5798 Aug,
781 5737 938 5782 tract.
971 5744 1107 5795 Lxx,
1144 5744 1293 5782 num.
1324 5729 1377 5783 5.

312 5798 343 5840 δ
380 5799 460 5854 Ex
481 5800 690 5865 eodem,
717 5807 874 5853 tract.
905 5815 1056 5865 LXXI,
1081 5815 1232 5856 num.
1262 5799 1380 5853 1-5.

318 5880 340 5909 ο
379 5869 459 5928 Ex
482 5869 692 5940 eodem,
722 5879 878 5927 tract.
905 5886 1075 5938 Lxxn,
1099 5887 1248 5926 num.
1284 5871 1333 5939 1,
1363 5869 1417 5924 2.

1833 3287 1881 3350 C

1833 4649 1883 4708 D

1908 2022 2217 2098 illoslipse]
2248 2024 2565 2098 dignaretur
2587 2028 2776 2084 eadem
2801 2028 3006 2101 majora
3045 2030 3245 2088 facere.
3287 2052 3308 2086 ι

1979 2139 2131 2194 Unde
2181 2139 2384 2210 majora
2443 2140 2620 2197 facere
2664 2145 2982 2214 potuissent,
3043 2162 3171 2204 mox
3213 2149 3487 2216 ostendit;

1908 2228 2094 2284 dicens
2124 2248 2135 2282 :
2173 2229 2277 2295 Qui
2305 2231 2468 2285 credit
2497 2233 2553 2286 in
2603 2249 2708 2300 me,
2736 2250 2914 2305 opera,
2972 2253 3091 2307 quae
3118 2253 3211 2308 ego
3241 2239 3406 2308 facio,
3447 2250 3495 2294 et

1907 2322 2015 2392 ipse
2045 2321 2222 2390 faciet,
2263 2332 2310 2376 et
2339 2324 2548 2393 majora
2573 2325 2763 2379 Iterum
2816 2327 2996 2398 faciet,
3055 2330 3314 2384 continuo
3340 2347 3492 2388 secu-

1909 2418 1996 2466 tus
2028 2411 2306 2482 adjunxit:
2336 2411 2477 2478 Quia
2505 2429 2598 2484 ego
2625 2415 2696 2468 ad
2726 2413 2944 2470 Patrem
2975 2418 3132 2472 vado.
3163 2418 3353 2490 (Vens.
3381 2421 3494 2494 15..)

1908 2500 1978 2555 Et
2003 2503 2350 2576 quodcunque
2374 2505 2627 2576 petieritis
2653 2507 2710 2561 in
2751 2508 2960 2563 nomine
2986 2525 3122 2576 meo,
3151 2511 3250 2565 hoc
3277 2513 3494 2582 faciam.

1907 2593 2010 2662 Qui
2036 2594 2174 2649 dixit
2201 2595 2376 2665 faciet,
2414 2604 2535 2667 post
2557 2597 2632 2651 ait
2657 2597 2874 2669 faciam,
2929 2606 3187 2672 tanquam
3237 2599 3444 2659 diceret
3479 2618 3494 2657 :

1908 2685 2024 2741 Non
2051 2688 2207 2743 vobis
2258 2689 2362 2742 hoc
2393 2687 2724 2758 impossibile
2786 2689 3056 2760 videatur,
3090 2708 3199 2748 non
3228 2691 3373 2750 enim
3401 2710 3472 2765 po

1908 2781 2035 2836 terit
2074 2796 2195 2836 esse
2224 2781 2398 2852 major
2419 2797 2521 2848 me,
2553 2784 2644 2853 qui
2672 2785 2846 2841 credit
2880 2786 2932 2841 in
2963 2802 3067 2844 me.
3113 2789 3240 2847 Ideo
3287 2792 3496 2865 majora

1906 2887 2015 2926 non
2043 2887 2140 2944 per
2165 2889 2224 2928 se
2270 2871 2449 2937 faciet,
2483 2875 2576 2930 sed
2607 2889 2709 2946 per
2734 2891 2842 2946 me,
2893 2879 3019 2949 quia
3049 2879 3106 2935 in
3154 2897 3241 2937 me
3267 2885 3444 2940 credit
3471 2906 3486 2941 :

1909 2978 2011 3019 nec
2034 2971 2118 3020 est
2169 2963 2402 3021 defectio
2447 2966 2752 3036 potestatis,
2795 2970 2889 3026 sed
2935 2971 3218 3028 miseratio
3247 2975 3490 3045 pietatis.

1909 3055 2070 3110 Dives
2097 3070 2244 3127 ergo,
2286 3056 2378 3128 qui
2405 3057 2474 3113 ab
2497 3073 2564 3113 eo
2592 3061 2818 3116 recessit
2869 3061 3044 3119 tristis
3089 3080 3196 3121 non
3227 3067 3498 3137 recipiens

1906 3149 2074 3203 verba
2134 3148 2325 3203 salutis
2370 3147 2434 3202 ά.
2489 3150 2760 3218 Apostolis
2813 3151 2981 3226 igitur
3044 3156 3488 3226 prmdicantibus,

1907 3238 2062 3293 multi
2081 3239 2278 3294 divites
2299 3242 2608 3310 pauperiem
2634 3243 2909 3299 voluntate
2932 3244 3083 3318 [Ms.,
3107 3247 3491 3324 voluntariam]

1909 3331 2079 3386 secuti
2107 3339 2250 3386 sunt.
2306 3350 2325 3384 ‹
2367 3332 2444 3387 Ita
2467 3335 2610 3403 quod
2632 3335 2700 3391 ab
2720 3334 2811 3392 illo
2839 3337 3064 3394 audiens
3105 3356 3244 3396 unus
3275 3357 3382 3398 non
3414 3341 3494 3400 fc-

1909 3424 2006 3489 cit,
2045 3423 2288 3480 fecerunt
2331 3426 2508 3492 multi,
2549 3443 2672 3483 cum
2710 3429 3024 3500 loqueretur
3069 3448 3171 3507 per
3199 3435 3497 3507 discipulos

1881 3516 2169 3586 ‘magister
2234 3517 2427 3572 bonus.
2483 3517 2623 3575 Ecce
2677 3519 2882 3591 majora
2933 3522 3063 3579 fecit
3105 3525 3497 3596 praedicatusa

1833 3638 1841 3647 -
1908 3605 2276 3672 credentibus,
2304 3621 2468 3676 quam
2513 3608 2724 3666 locutus
2775 3612 3156 3670 audientibus:
3201 3637 3221 3670 ι
3257 3618 3352 3673 sed
3390 3620 3495 3676 hoc

1907 3707 2006 3763 per
2031 3695 2432 3763 prmdicatores.
2486 3697 2736 3770 Nunquid
2779 3718 2988 3773 omnes,
3043 3707 3136 3777 qui
3183 3710 3411 3765 credunt
3442 3711 3498 3767 in

1909 3799 2050 3852 eum,
2085 3787 2472 3854 praedicatores
2516 3791 2681 3844 sunt?
2710 3792 2933 3849 Tamen.
2962 3796 3113 3862 dicit,
3141 3799 3232 3867 qui
3261 3803 3494 3856 credunt

1907 3879 1964 3932 in
2003 3894 2148 3945 eum,
2180 3895 2346 3948 opera
2396 3882 2577 3937 facere
2617 3885 2842 3955 majora.
2900 3905 2920 3939 ι
2970 3889 3030 3943 lu
3057 3891 3160 3946 hoc
3181 3906 3346 3962 opere
3367 3895 3494 3952 fidei

1908 3971 2138 4026 faciams
2194 3987 2360 4040 opera
2422 3973 2645 4042 Christi,
2705 3978 2829 4046 quia
2878 3987 2933 4034 et
2968 3983 3145 4050 ipsum
3183 3985 3405 4040 credere
3435 3985 3492 4042 in

1907 4061 2180 4141 Christum
2209 4078 2344 4132 opus
2372 4073 2456 4119 est
2491 4063 2737 4133 Christi;
2790 4067 3036 4126 Christus
3085 4071 3190 4128 hoc
3235 4083 3494 4144 operatur

1908 4153 1963 4209 in
2010 4155 2188 4221 nobis,
2241 4171 2348 4210 non
2401 4155 2588 4226 utique
2630 4158 2746 4214 sine
2785 4159 3154 4220 nobis."Prius
3209 4179 3310 4236 ego
3352 4166 3492 4224 facio

1907 4247 2244 4317 praeveniens
2289 4248 2521 4318 gratiam
2570 4248 2723 4321 [Ms.,
2759 4250 2966 4318 melius,
3011 4254 3250 4329 gratia];
3300 4259 3494 4317 deinde

1907 4346 1963 4394 et
1992 4339 2104 4408 ipse
2133 4337 2294 4394 faciet
2324 4338 2473 4412 [Ms.,
2520 4339 2671 4414 facit]
2715 4341 3052 4414 subsequens
3080 4347 3327 4417 gratiam,
3367 4350 3491 4421 quia

1906 4443 2008 4501 ego
2035 4428 2199 4496 facio,
2240 4438 2303 4485 ut
2331 4431 2426 4486 tiat
2463 4430 2616 4504 [Ms.,
2646 4431 2858 4508 faciat].
2905 4434 3036 4503 Quae
3082 4452 3272 4509 opera,
3303 4442 3496 4500 nisiut

1907 4537 1974 4576 ex
2008 4522 2176 4592 impio
2216 4521 2398 4592 justus
2438 4523 2579 4580 tiat?
2615 4544 2641 4578 -ι
2675 4524 2949 4582 Fortassis
2985 4528 3161 4598 majus
3195 4541 3281 4587 est
3328 4548 3495 4605 opera

1907 4615 2096 4670 salutis
2161 4624 2362 4671 nostrae
2414 4633 2514 4673 nos
2541 4633 2640 4688 per
2675 4618 2853 4689 ipsum
2893 4619 3092 4689 facere,
3143 4640 3306 4695 quam
3329 4629 3494 4685 verba

1906 4706 2098 4762 salutis
2127 4707 2442 4777 praedicare,
2493 4709 2635 4778 quod
2660 4709 2778 4779 ipse
2802 4710 2934 4767 fecit
2982 4713 3104 4768 sine
3141 4717 3319 4774 nobis.
3353 4719 3493 4775 Dum

1908 4801 2025 4856 haec
2051 4800 2206 4866 dixit,
2249 4801 2532 4870 sequitur:
2565 4801 2706 4867 Quia
2745 4819 2843 4874 ego
2870 4805 2940 4858 ad
2983 4804 3203 4864 Patrem
3255 4814 3413 4879 trado,
3441 4823 3494 4869 et

1906 4893 2250 4964 quodcunque
2273 4894 2524 4964 petieritis
2551 4894 2608 4947 in
2633 4895 2840 4951 nomine
2866 4913 3003 4966 meo,
3033 4901 3134 4955 hoc
3183 4903 3401 4972 faciam.
3431 4905 3490 4961 In

1909 4994 1996 5049 his
2019 4993 2198 5049 verbis
2227 5007 2474 5065 magnam
2502 5008 2650 5064 spem
2674 4997 2927 5066 prom'mit
2949 5002 3254 5057 orantibus.
3289 5021 3309 5054 ι
3342 5015 3366 5044 ο
3393 5003 3487 5062 Sic

1911 5100 2043 5156 ergo
2082 5086 2325 5156 perrexit
2363 5087 2432 5141 ad
2455 5085 2694 5156 Patrem,
2743 5097 2806 5145 ut
2841 5080 2948 5149 non
2995 5092 3329 5163 relinqueret
3352 5095 3494 5151 indi—
3546 5153 3558 5161 ,

1910 5186 2118 5249 gentes,
2146 5177 2242 5234 sed
2268 5179 2548 5236 exaudiret
2581 5189 2828 5251 petentes
2855 5201 2868 5240 :
2909 5205 2928 5239 ι
2963 5193 3145 5241 tamen
3165 5202 3275 5242 non
3304 5188 3488 5246 omnia

1910 5286 2177 5349 petentes,
2206 5279 2300 5334 sed
2327 5294 2447 5349 quas
2475 5281 2542 5336 ad
2571 5282 2804 5341 salutem
2828 5285 3103 5356 pertinent
3147 5289 3448 5357 petentium
3473 5305 3488 5344 :

1913 5376 2032 5433 ideo
2060 5377 2195 5432 dixit
2244 5395 2256 5431 :
2293 5379 2479 5450 (Vens.
2529 5381 2618 5453 14)
2669 5381 2737 5439 Si
2786 5384 2916 5456 quid
2966 5387 3218 5457 petieritis
3274 5385 3491 5445 Patrem

1909 5468 1966 5523 in
1994 5470 2200 5525 nomine
2224 5486 2356 5535 meo,
2382 5473 2479 5526 hoc
2500 5473 2712 5542 faciam.
2744 5472 2882 5540 Quid
2903 5485 3008 5540 est,
3037 5475 3092 5530 in
3112 5479 3327 5535 nomine
3346 5492 3488 5548 meo,

1915 5560 2020 5616 nisi
2051 5561 2106 5616 in
2156 5563 2375 5618 nomine
2439 5563 2778 5621 Salvatoris?
2831 5565 2890 5623 Si
2939 5570 3202 5640 petieritis
3248 5587 3370 5644 quae
3419 5571 3494 5633 ad

1983 5737 2012 5779 ά
2049 5739 2225 5818 ξοευε
2243 5751 2556 5818 corruptus.
2581 5741 2706 5814 Leg.
2743 5743 2801 5800 S.
2828 5744 2992 5818 Aug,
3017 5746 3135 5806 loco
3154 5750 3340 5811 citato.

1991 5821 2015 5851 θ
2052 5811 2133 5870 Ex
2161 5814 2369 5882 eodem,
2399 5820 2556 5874 tract.
2585 5811 2782 5885 uiui,
2811 5811 2958 5876 num.
2979 5811 3111 5880 14.
