4088 6340
617 391 726 452 955
1479 387 1542 445 Β.
1576 384 1641 444 F.
1680 384 1908 443 ALBINI
1947 385 2080 445 SEU
2116 385 2394 445 ALCUINI
2423 385 2710 445 OPERUM
2745 386 2925 446 PARS
2959 389 3024 445 ll.
3803 396 3910 456 936

619 504 785 579 599
821 501 1049 560 salutem
1071 501 1346 575 pertinent
1371 501 1546 568 vobis,
1585 501 1639 556 in
1681 501 1899 556 nomine
1951 516 2072 556 meo
2094 516 2192 571 pe-
2222 506 2270 566 Α
2300 520 2405 557 ηοη
2428 511 2592 573 potest
2619 504 2872 573 accipere,
2897 505 3021 574 quia
3045 521 3149 561 non
3164 504 3305 562 videt
3329 521 3472 573 eum,
3503 521 3597 562 nec
3618 506 3720 563 scit
3754 525 3907 566 eum.

620 598 817 656 tieritis
875 594 1026 668 [Ms.,
1082 592 1310 664 petitis].
1353 610 1371 643 ‹
1425 592 1652 660 Quando
1700 593 1846 646 enim
1908 607 2008 647 nos
2049 592 2197 647 dele—
2303 593 2560 647 Mundum
2590 602 2768 649 autem
2799 596 3030 665 appellat
3059 598 3324 660 homines,
3353 599 3539 656 mundi
3562 599 3728 668 hujus
3760 617 3910 660 amo-

623 698 776 747 ctant
813 687 972 752 mala,
1021 692 1077 740 et
1102 699 1208 739 non
1255 683 1525 740 delectant
1571 684 1732 748 bona,
1789 699 1980 753 rogare
2020 683 2201 753 potius
2304 687 2351 741 ri
2372 686 2598 742 deditos.
2640 707 2658 741 ι
2696 687 2926 742 Mundus
2959 705 3086 760 ergo
3115 705 3240 746 eum
3268 694 3516 763 accipere
3562 710 3672 749 non
3699 704 3906 766 potest,

624 782 881 838 debemus
927 779 1118 842 Deum,
1167 783 1227 830 ut
1267 791 1366 830 nos
1424 775 1692 830 delectent
1747 774 1912 840 bona,
1953 789 2113 844 quam
2144 782 2205 828 ut
2307 778 2362 833 id
2389 788 2494 844 est,
2518 779 2818 834 mundiales
2848 780 3116 847 homines,
3159 783 3286 852 quia
3314 798 3423 839 non
3469 785 3674 840 habent
3712 787 3907 842 invisi-

623 872 984 930 concedantur
1011 867 1173 934 mala,
1204 877 1264 924 ut
1295 867 1562 922 delectent
1600 867 1759 922 mala.
1793 865 1894 933 Qui
1939 881 2068 938 ergo
2088 881 2205 921 cre-

626 965 707 1020 dit
733 965 786 1017 in
817 977 959 1028 eum,
991 960 1349 1030 quodcunque
1395 959 1615 1029 petierit
1658 960 1712 1013 in
1756 959 1973 1014 nomine
2019 958 2203 1031 [ejus],

622 1053 762 1126 quod
792 1054 1014 1124 prodest
1043 1052 1149 1108 illis
1203 1052 1294 1122 qui
1329 1052 1559 1106 credunt
1611 1053 1667 1106 in
1715 1067 1862 1116 eum,
1897 1053 1999 1105 hoc
2023 1051 2155 1106 facit
2188 1066 2203 1106 :

624 1145 878 1216 quoniam
913 1145 1016 1199 hoc
1053 1144 1192 1199 sicut
1237 1142 1487 1198 Salvator
1514 1143 1660 1198 facit.
1696 1141 1753 1197 Si
1799 1152 2000 1208 autem,
2032 1145 2120 1212 qui
2152 1144 2207 1198 in

627 1253 748 1293 eum
776 1238 968 1304 credit,
997 1237 1197 1307 aliquid
1228 1252 1328 1307 per
1353 1237 1714 1308 ignorantiam
1757 1245 1946 1292 contra
1975 1237 2205 1294 salutem

627 1350 780 1390 suam
819 1336 973 1405 petit,
1005 1351 1112 1390 non
1166 1336 1220 1390 in
1249 1335 1467 1390 nomine
1519 1334 1814 1390 Salvatoris
1868 1335 2042 1406 petit:
2084 1336 2209 1405 quia

627 1425 876 1482 Salvator
903 1427 954 1482 ei
981 1444 1088 1483 non
1125 1428 1249 1495 erit,
1298 1429 1343 1482 si
1371 1429 1513 1499 quod
1545 1427 1662 1497 ejus
1725 1428 1953 1483 salutem
1986 1429 2211 1498 impedit

622 1515 835 1573 fecerit.
876 1517 1037 1573 Novit
1068 1519 1214 1573 enim
1247 1517 1496 1574 Salvator
1519 1520 1712 1574 melius
1744 1520 1874 1589 quid
1901 1520 2059 1575 nobis
2083 1535 2210 1589 pro-

621 1606 743 1664 dest
772 1623 935 1678 quam
965 1610 1302 1680 nosmetipsi.
1334 1611 1456 1666 Ideo
1482 1611 1772 1681 petendum
1803 1619 1887 1666 est
1913 1620 1974 1666 ut
2001 1610 2095 1666 ﬁat
2113 1626 2209 1666 vo-

623 1700 805 1758 luntas
829 1699 945 1770 ejus
971 1701 1026 1756 in
1051 1702 1227 1758 nobis.
1269 1722 1288 1756 ι
1323 1701 1592 1758 Continuo
1622 1700 1854 1771 subjecit
1883 1719 1895 1755 :

696 1789 762 1846 Ut
787 1792 1104 1864 gloriﬁcetur
1132 1791 1295 1849 Pater
1320 1795 1375 1848 in
1402 1792 1568 1848 Filio.
1616 1812 1634 1844 ι
1677 1792 1834 1848 Nullo
1861 1793 2020 1848 modo
2046 1792 2211 1863 igitur

2308 869 2448 924 biles
2477 869 2761 925 charitatis
2805 871 3013 939 oculos,
3046 873 3241 942 quibus
3293 875 3633 932 solummodo
3666 877 3905 948 Spiritus

2311 972 2529 1019 sanctus
2557 963 2731 1018 videri
2775 973 2955 1035 potest
3006 974 3060 1022 et
3086 967 3233 1033 sciri,
3285 977 3341 1023 et
3369 969 3588 1026 sciendo
3643 971 3879 1045 intelligi

2319 1057 2421 1112 Vos
2456 1066 2628 1112 autem
2662 1060 2976 1129 cognoscetis
3020 1077 3160 1126 eum,
3184 1062 3310 1127 quia
3336 1062 3479 1126 apud
3525 1081 3615 1118 vos
3653 1067 3903 1133 manebit,

2311 1162 2357 1208 et
2381 1154 2435 1206 in
2467 1153 2604 1207 vobis
2631 1154 2748 1207 erit.
2781 1153 2922 1221 Erit,
2956 1162 3016 1208 ut
3063 1165 3279 1211 maneat
3332 1156 3388 1210 in
3413 1166 3706 1212 aeternum.
3751 1177 3773 1209 ι
3809 1160 3904 1216 Do-

2311 1244 2518 1297 minum
2576 1258 2810 1312 namque
2850 1243 3185 1300 Salvatorem
3241 1256 3297 1301 et
3324 1246 3570 1302 infideles
3625 1258 3761 1304 ante
3792 1267 3905 1320 pas-

2315 1335 2524 1388 sionem
2555 1335 2609 1388 in
2631 1349 2795 1390 carne
2819 1337 3070 1392 viderunt
3097 1354 3112 1405 ;
3144 1339 3238 1394 sed
3257 1339 3385 1408 quia
3412 1338 3584 1394 Filius
3612 1340 3716 1395 Dei
3749 1352 3901 1409 esset,

2312 1427 2439 1497 quia
2469 1426 2766 1484 Paraclitus
2803 1445 2833 1483 a
2863 1431 2972 1486 Deo
3021 1433 3219 1487 missus
3247 1433 3303 1487 in
3328 1433 3612 1500 mundum,
3665 1451 3779 1490 non
3809 1438 3901 1495 nisi

2314 1517 2500 1580 ﬁdeles
2551 1519 2691 1574 scire
2742 1528 3076 1590 potuerunt:
3109 1522 3370 1593 Spiritum
3417 1533 3605 1579 autem
3657 1535 3899 1582 sanctum

2313 1624 2488 1679 neque
2513 1610 2685 1664 oculis
2711 1611 2897 1667 videre
2947 1613 3212 1680 inﬁdeles,
3242 1631 3419 1685 neque
3445 1619 3632 1673 animo
3655 1618 3897 1675 valebant

2313 1715 2662 1771 cognoscere,
2693 1703 2817 1772 quia
2845 1719 2951 1758 non
2999 1704 3220 1762 indutus
3248 1707 3591 1764 humanitate
3622 1710 3893 1780 discipulis

2317 1795 2588 1864 apparuit,
2621 1795 2714 1850 sed
2742 1795 2816 1850 ita
2847 1796 2915 1851 ad
2943 1812 3037 1852 eos
3059 1800 3264 1866 venire,
3315 1802 3391 1856 ita
3421 1806 3567 1872 apud
3593 1820 3694 1860 eos
3721 1805 3896 1861 maluit

626 1883 744 1940 sine
777 1883 937 1938 Patre
965 1884 1133 1939 Filius
1167 1884 1318 1951 facit,
1349 1900 1450 1941 nec
1494 1885 1664 1940 Filius
1691 1885 1808 1940 sine
1839 1884 2019 1939 Patre.
2055 1883 2208 1939 Facit
2235 1880 2284 1942 B
2313 1899 2551 1950 manere,
2581 1894 2639 1940 ut
2665 1887 2719 1940 in
2747 1887 2878 1957 ipsis
2912 1904 3099 1944 eorum
3121 1892 3375 1948 cordibus
3402 1896 3775 1966 gratissimam
3797 1898 3891 1954 sibi

629 1988 758 2044 ergo
787 1972 948 2029 Pater
976 1974 1030 2029 in
1064 1974 1220 2040 Filio,
1249 1983 1308 2029 ut
1331 1975 1500 2030 Filius
1555 1976 1884 2047 glorilicetur
1915 1975 1968 2028 in
1999 1973 2161 2028 Patre
2192 1990 2205 2027 :

629 2075 684 2122 et
712 2065 841 2122 facit
866 2066 1034 2122 Filius
1060 2068 1114 2121 in
1126 2067 1306 2135 Patre,
1335 2076 1396 2122 ut
1420 2068 1582 2124 Pater
1610 2069 1941 2140 gloriﬁcetur
1966 2068 2020 2121 in
2050 2067 2208 2133 Filio,

630 2159 886 2231 quoniam
916 2177 1083 2218 unum
1136 2169 1262 2218 sunt
1315 2161 1479 2218 Pater
1525 2171 1582 2218 et
1625 2161 1811 2218 Filius.
1852 2181 1872 2214 ι
1906 2160 2209 2231 Sequitur:

1177 2297 1403 2354 CAPUT
1432 2297 1652 2384 xxxv.

629 2410 972 2482 Diligentibus
1026 2426 1082 2465 se
1127 2411 1420 2482 d_iscipulis,
1467 2411 1817 2482 mandataque
1845 2409 2210 2476 'servantibus,

702 2480 1031 2536 Paraclitum
1059 2500 1090 2535 a
1139 2480 1301 2553 Patre
1329 2483 1638 2536 mittendum
1687 2480 1964 2553 promittit,
1993 2498 2213 2553 mansu-

704 2569 918 2623 rumque
969 2569 1086 2606 cum
1131 2552 1290 2624 eisin
1337 2563 1631 2624 internum;
1669 2551 1822 2624 seque
1879 2569 2058 2624 pacem
2088 2551 2216 2606 dare

699 2625 793 2687 eis,
832 2622 1110 2694 pacemque
1139 2623 1427 2695 relinquere
1453 2622 1746 2695 pollicetur.

701 2741 863 2797 Vens.
900 2739 1092 2805 15,16.
1129 2771 1200 2779 -—
1222 2739 1282 2796 Si
1316 2739 1535 2811 diligitis
1559 2757 1656 2803 me,
1687 2738 1939 2793 mandata
1968 2753 2081 2791 mea
2103 2753 2217 2792 ser-

636 2841 768 2897 vate,
793 2841 839 2886 et
866 2847 956 2902 ego
971 2831 1162 2902 rogabo
1185 2829 1426 2897 Patrem,
1451 2841 1499 2886 et
1531 2832 1694 2885 alium
1720 2828 2046 2884 Paraclitum
2073 2828 2217 2882 dabit

633 2921 793 2979 vobis.
836 2920 976 2987 Quid
1025 2928 1108 2976 est
1130 2923 1273 2991 quod
1301 2923 1450 2988 dicit,
1505 2922 1649 2992 quod
1677 2921 2020 2992 diligentibus
2049 2920 2219 2974 Deum

632 3024 686 3073 et
714 3016 1054 3071 servantibus
1093 3016 1346 3070 mandata
1376 3014 1492 3083 ejus
1523 3015 1760 3085 Spiritus
1809 3014 2104 3085 paraclitus
2128 3013 2221 3068 da-

632 3119 804 3176 retur,
838 3110 963 3164 dum
994 3109 1138 3166 Deus
1162 3109 1310 3181 diligi
1349 3119 1403 3164 et
1428 3110 1680 3164 mandata
1733 3107 1851 3178 ejus
1877 3107 2082 3164 servari
2111 3121 2220 3162 non

633 3209 878 3272 possunt,
905 3202 1009 3257 nisi
1035 3217 1134 3272 per
1164 3200 1426 3272 Spiritum
1457 3209 1701 3257 sanctum
1725 3201 1748 3254 ?
1775 3201 1913 3269 Quid
1941 3208 2024 3256 est
2050 3199 2214 3264 aliud,

2315 1976 2496 2033 sedem
2555 1988 2936 2046 consecraret;
2973 1981 3077 2036 hoc
3134 1992 3218 2038 est
3247 1985 3414 2052 enim,
3469 1989 3614 2057 quod
3643 1989 3763 2043 ait:
3803 1989 3896 2046 Vos

2314 2079 2488 2124 autem
2515 2073 2832 2142 cognoscetis
2867 2091 3004 2141 eum,
3037 2077 3162 2147 quia
3193 2079 3335 2148 apud
3362 2097 3453 2134 vos
3499 2083 3749 2149 manebit,
3775 2092 3822 2137 et
3849 2085 3902 2139 in

2313 2164 2456 2219 vobis
2489 2166 2606 2219 erit.
2647 2165 2747 2232 Qui
2774 2177 2958 2222 autem
2988 2169 3330 2226 invisibiliter
3360 2173 3414 2227 in
3437 2174 3529 2228 hac
3575 2176 3682 2229 vita
3709 2187 3901 2233 manet

2315 2268 2437 2310 cum
2493 2255 2697 2322 electis,
2741 2257 3031 2313 visibiliter
3078 2261 3264 2331 utique
3325 2261 3510 2334 [Beda,
3549 2265 3899 2321 invisibiliter

2314 2346 2523 2419 utique]
2554 2349 2634 2404 eis
2657 2349 2889 2420 gratiam
2919 2365 3029 2406 sum
3079 2353 3402 2424 cognitionis
3445 2355 3684 2411 exhibet.
3748 2359 3901 2430 α»

2317 2441 2504 2514 (Vens.
2531 2442 2642 2512 18.)
2676 2442 2800 2497 Non
2838 2443 3128 2516 relinquam
3156 2463 3245 2501 vos
3289 2449 3577 2519 orphanos,
3607 2452 3812 2505 ueniant
3834 2453 3897 2508 ad

2321 2549 2432 2588 vos.
2471 2534 2769 2590 Videbatur
2824 2535 3132 2592 infidelibus
3182 2539 3309 2608 quia
3360 2540 3606 2596 moriens
3656 2541 3715 2596 in
3754 2557 3895 2600 cruce

2315 2625 2596 2701 Dominus,
2623 2627 2916 2699 discipulos
2953 2629 3286 2700 relinqueret
3314 2631 3597 2701 orphanos
3625 2650 3642 2699 ;
3685 2635 3784 2690 sed
3805 2651 3893 2690 non

2316 2689 2534 2790 reliquit
2560 2735 2654 2776 eos
2676 2721 2966 2790 orphanos,
2997 2722 3196 2793 quibus
3221 2732 3276 2778 et
3306 2725 3539 2795 praebuit
3568 2727 3804 2797 seipsum
3825 2729 3895 2782 vi—

2318 2828 2447 2867 vum
2484 2822 2607 2884 post
2657 2815 2966 2884 passionem
3024 2831 3177 2872 suam
3206 2816 3260 2872 in
3313 2817 3500 2872 multis
3557 2821 3895 2890 argumentis,

2317 2920 2418 2975 per
2443 2905 2556 2960 dies
2572 2905 2964 2976 quadraginta;
2997 2914 3053 2961 et
3077 2915 3202 2977 post
3226 2909 3340 2963 dies
3370 2911 3563 2964 decem
3593 2911 3898 2981 assumptio-

2322 2996 2408 3051 nis
2437 3012 2546 3051 sua:
2577 2996 2811 3068 Spiritus
2837 2998 3010 3052 sancti
3043 2997 3147 3053 illis
3201 2998 3266 3053 de
3295 2999 3433 3054 cmlo
3458 3000 3803 3055 charismata
3823 3002 3899 3055 do-

2323 3091 2510 3155 navit;
2552 3091 2644 3144 ubi
2679 3091 2852 3161 ipsum
2889 3090 3163 3146 Christum
3191 3091 3261 3146 ad
3314 3107 3408 3147 eos
3462 3094 3686 3150 venisse
3743 3095 3899 3148 nullus

2326 3183 2563 3240 ﬁdelium
2589 3185 2834 3256 ambigit,
2868 3185 2961 3255 qui
2985 3186 3398 3257 inseparabilem
3447 3197 3658 3244 sanctae
3686 3189 3901 3244 Trinita-

635 3263 738 3350 iiisi
764 3263 938 3364 utqui
965 3263 1062 3365 per
1100 3263 1360 3364 Spiritum
1387 3302 1631 3351 sanctum
1659 3263 1834 3366 diligit
1878 3296 2066 3358 Deum,
2104 3263 2217 3348 ωθέ
2245 3263 2292 3328 c
2322 3276 2394 3330 “5
2443 3285 2695 3331 naturam
2745 3277 2946 3331 νίηυῑθ
2969 3285 3025 3332 ει
3050 3279 3366 3348 operatione
3417 3278 3618 3352 [Βεάαι
3657 3281 3900 3337 Virtutem

636 3394 788 3442 retur
810 3386 1076 3456 diligendo
1107 3395 1164 3440 ut
1189 3386 1308 3456 plus
1352 3387 1567 3455 habeat,
1598 3397 1652 3443 et
1674 3389 1795 3457 plus
1829 3387 2076 3442 habendo
2097 3385 2220 3455 plus

637 3465 867 3547 diligat'?
911 3494 930 3528 ι
965 3489 990 3517 α
1017 3477 1318 3533 Paraclitus
1354 3480 1549 3550 quippe
1601 3479 1906 3533 consolator
1958 3479 2221 3546 interpre-

639 3577 804 3635 tatur,
829 3576 884 3624 et
913 3567 1149 3638 Spiritus
1187 3577 1406 3625 sanctus
1438 3578 1583 3625 recte
1631 3569 1928 3625 Paraclitus
1973 3577 2219 3635 vocatur,

641 3659 768 3728 quia
802 3659 965 3714 corda
1004 3657 1259 3724 ﬁdelium,
1291 3675 1359 3714 ne
1412 3660 1552 3715 inter
1575 3660 1736 3730 hujus
1785 3661 1967 3716 sreculi
1999 3661 2223 3716 adversa

641 3750 910 3816 deﬁciant,
967 3750 1206 3807 caelestis
1233 3751 1362 3806 vita:
1412 3752 1695 3808 desideriis
1726 3752 1969 3808 sublevat
1999 3769 2064 3809 ac
2093 3753 2221 3808 reﬁ-

641 3843 732 3898 cit.
771 3863 789 3896 ι
825 3843 1106 3899 Habebant
1135 3844 1316 3914 itaque
1359 3844 1608 3916 discipuli
1663 3845 1924 3915 Spiritum
1951 3854 2222 3913 sanctum,

641 3938 737 3993 sed
763 3938 974 3993 occulta
1025 3943 1262 4009 quadam
1310 3939 1680 4010 inspiratione,
1729 3957 1827 4010 per
1852 3957 2013 4012 quem
2045 3941 2227 3996 Domi-

642 4046 771 4087 num
793 4031 1107 4101 diligebant,
1146 4033 1240 4088 sed
1279 4032 1517 4088 nondum
1567 4034 1854 4100 habebant,
1884 4035 2022 4090 sicut
2046 4035 2229 4090 Domi-

644 4139 746 4180 nus
769 4124 1140 4194 promittebat.
1175 4125 1463 4180 Habebant
1487 4126 1757 4196 siquidem
1808 4129 2034 4193 occulte,
2066 4144 2226 4198 quem

643 4223 828 4286 postea
876 4216 1108 4285 quadam
1163 4215 1601 4273 manifestatione
1650 4218 1884 4274 habituri
1945 4230 2102 4276 erant
2131 4239 2144 4274 :
2175 4222 2230 4277 id

643 4319 749 4376 est,
781 4310 908 4366 dum
935 4311 990 4365 in
1020 4310 1195 4381 igneis
1243 4311 1439 4382 linguis
1491 4314 1658 4377 venit,
1683 4321 1736 4368 et
1763 4315 1900 4369 sedit
1929 4331 2088 4385 super
2114 4331 2228 4381 eos,

645 4413 700 4460 et
725 4405 922 4476 linguis
953 4405 1316 4475 loquebantur
1347 4407 1755 4477 magniﬁcantes
1792 4409 1980 4463 Deum.
2018 4409 2232 4479 Rogabo

647 4496 864 4552 Patrem
923 4513 1116 4561 meum,
1139 4506 1189 4551 et
1242 4496 1406 4550 alium
1465 4495 1794 4554 Paraclitum
1858 4501 2007 4554 dabit
2066 4500 2230 4566 vobis,

649 4591 940 4647 ostendens
963 4591 1196 4662 seipsum
1242 4605 1362 4647 esse
1387 4589 1735 4647 Paraclitum.
1775 4612 1792 4644 ι
1832 4593 2113 4650 Habebunt
2139 4611 2233 4649 au-

2321 3376 2377 3424 et
2399 3368 2791 3441 operationem]
2825 3385 2942 3425 esse
2967 3371 3239 3442 cognovit.

2394 3461 2558 3516 Vens.
2601 3462 2689 3515 19.
2724 3491 2796 3501 —
2833 3460 3018 3516 Adhuc
3045 3463 3329 3538 modicum,
3361 3473 3518 3519 etme
3539 3465 3661 3535 jam
3690 3464 3904 3520 mundus

2325 3571 2430 3608 non
2449 3554 2610 3620 videt,
2641 3571 2730 3608 vos
2759 3562 2933 3609 autem
2954 3555 3140 3610 videtis
3172 3573 3272 3611 me.
3305 3557 3576 3612 Modicum
3603 3567 3724 3614 erat
3745 3573 3900 3628 usque

2325 3650 2392 3704 ad
2423 3657 2632 3719 tempus
2660 3649 2937 3720 explendae
2987 3649 3157 3722 [Beda
3181 3660 3229 3704 et
3259 3651 3388 3712 Ms.,
3416 3652 3670 3724 expletas]
3711 3655 3905 3723 passio-

2326 3743 2432 3808 nis,
2461 3758 2526 3797 ex
2559 3758 2666 3813 quo
2697 3742 2848 3797 illum
2887 3743 3105 3814 reprobi
3135 3744 3319 3801 videre
3349 3761 3457 3801 non
3505 3745 3783 3800 valebant.
3811 3743 3908 3799 Soli

2327 3837 2527 3891 etenim
2583 3833 2742 3904 justi,
2803 3837 2895 3906 qui
2958 3844 3134 3892 morte
3165 3837 3307 3892 illius
3371 3844 3532 3892 erant
3586 3836 3905 3901 contristati,

2330 3927 2585 3998 gaudium
2639 3927 3053 3983 resurrectionis
3105 3930 3223 4000 ejus
3269 3929 3455 3985 videre
3505 3939 3840 3984 meruerunt.
3884 3947 3900 3981 ι

2332 4019 2471 4086 Quia
2499 4037 2592 4092 ego
2630 4021 2766 4086 vivo,
2796 4030 2843 4075 et
2870 4038 2960 4075 vos
2985 4021 3186 4076 vivetis.
3224 4040 3243 4074 ι
3281 4022 3310 4063 ιι
3339 4021 3479 4088 Quid
3508 4031 3615 4086 est,
3667 4023 3788 4093 quia
3823 4038 3912 4092 ego

2330 4111 2467 4177 vivo,
2497 4120 2544 4164 et
2575 4129 2662 4166 vos
2689 4112 2869 4166 vivetis
2896 4113 2920 4165 Ρ
2945 4112 3056 4167 Cur
3089 4114 3157 4168 de
3181 4114 3437 4183 praesenti
3469 4129 3529 4169 se
3554 4115 3691 4169 dixit
3717 4115 3912 4178 vivere,

2335 4208 2456 4263 illos
2477 4217 2657 4262 autem
2694 4210 2759 4263 de
2788 4207 2970 4263 futuro
2998 4224 3121 4265 esse
3145 4211 3404 4272 victuros,
3460 4208 3567 4263 nisi
3597 4210 3728 4278 quia
3757 4209 3913 4262 vitam

2334 4302 2496 4356 etiam
2524 4303 2723 4366 carnis,
2753 4302 2941 4371 utique
2966 4303 3316 4371 resurgentis,
3347 4300 3527 4370 qualis
3553 4301 3609 4354 in
3633 4301 3754 4370 ipso
3782 4315 3914 4369 prte-

2334 4393 2579 4458 cedebat,
2628 4401 2682 4447 et
2708 4393 2811 4448 illis
2853 4400 2936 4448 est
2987 4393 3258 4463 pollicitus
3309 4393 3673 4448 secuturam?
3710 4392 3776 4445 Et
3798 4390 3918 4461 quia

2337 4485 2502 4554 ipsius
2531 4501 2656 4539 mox
2687 4484 2864 4538 futura
2909 4484 3086 4539 fuerat
3135 4484 3484 4548 resurrectio,
3513 4483 3803 4553 praesentis
3831 4496 3921 4552 po-

2337 4575 2445 4630 suit
2475 4577 2736 4646 temporis
2761 4575 3006 4639 verbum,
3033 4584 3256 4646 propter
3280 4575 3702 4646 signiﬁcandam
3728 4574 3915 4629 celeri-

649 4693 759 4741 ιεω
788 4693 842 4741 ει
865 4685 1014 4757 prius
1039 4647 1388 4753 pamcmum’
1443 4687 1615 4758 ipsum
1651 4687 1897 4744 videlicet
1948 4689 2231 4743 Dominum
2262 4647 2315 4707 θ
2338 4677 2502 4724 tatem
2529 4686 2541 4720 :
2578 4669 2790 4722 illorum
2841 4676 3021 4723 autem
3075 4669 3332 4738 quoniam
3360 4668 3416 4722 in
3443 4667 3632 4722 saeculi
3681 4666 3921 4722 diﬁ'ertur

651 4791 838 4833 secum
880 4774 936 4830 in
972 4792 1134 4832 carne
1165 4786 1610 4843 commorantem,
1667 4794 1791 4834 cum
1835 4778 2024 4850 [Beda,
2057 4777 2231 4851 cujus]

651 4881 708 4930 et
736 4873 1118 4928 miraculorum
1153 4873 1434 4929 dulcedine
1483 4882 1538 4928 et
1573 4889 1674 4944 ope
1717 4873 2132 4944 praedicationis,
2166 4889 2234 4928 ne

648 4973 871 5037 propter
904 4963 1200 5019 inﬁdelium
1239 4965 1668 5034 persecutionem
1712 4965 2070 5020 scandalizari
2115 4980 2236 5035 pos-

653 5066 791 5121 sent,
823 5056 955 5127 erigi
983 5061 1038 5110 et
1067 5052 1359 5109 confortari
1413 5055 1674 5110 solebant.
1714 5074 1732 5108 ι
1787 5054 2023 5125 Rogabo,
2075 5055 2232 5120 dixit,

655 5155 873 5219 pr0pter
926 5147 1336 5212 humanitatem,
1365 5146 1457 5215 qui
1500 5147 1592 5200 dat
1619 5162 1743 5201 cum
1792 5145 1951 5202 Patre
1975 5162 2072 5216 per
2101 5148 2234 5203 divi-

655 5237 899 5292 nitatem.
938 5235 1006 5290 Ut
1040 5245 1247 5290 maneat
1270 5235 1530 5290 vobiscum
1556 5236 1611 5310 in
1639 5245 1912 5290 internum.
1950 5255 1968 5287 ‹
2002 5236 2060 5290 In
2081 5245 2236 5292 aeter-

657 5345 786 5385 num
832 5344 1063 5398 namque
1118 5335 1300 5382 manet
1358 5341 1483 5382 cum
1535 5328 1757 5392 sanctis,
1809 5343 1942 5396 quos
1969 5335 2023 5383 et
2052 5328 2104 5382 in
2133 5329 2236 5383 hac

659 5422 774 5476 vita
802 5434 1014 5490 semper
1062 5418 1404 5474 invisibiliter
1442 5417 1586 5472 intus
1626 5417 1948 5484 illustrabat,
1989 5428 2043 5474 et
2066 5420 2118 5473 in
2149 5418 2235 5475 fu-

662 5520 786 5567 turo
815 5510 882 5565 ad
908 5511 1376 5580 contemplandum
1423 5517 1684 5582 perpetuo
1732 5510 1963 5582 speciem
1990 5528 2098 5568 suae
2124 5527 2240 5569 ma-

661 5602 872 5675 jestatis
901 5601 1210 5658 introducit.

2338 4761 2520 4825 ﬁnem,
2544 4777 2650 4816 non
2681 4761 2777 4826 ait,
2801 4762 2993 4827 vivitis,
3037 4762 3130 4816 sed
3155 4762 3356 4816 vivatis.
3388 4762 3534 4816 Duas
3580 4777 3716 4832 ergo
3741 4776 3918 4816 resur—

2337 4855 2624 4917 rectiones,
2658 4870 2811 4908 suam
2835 4854 3042 4910 scilicet
3070 4869 3195 4909 mox
3223 4852 3481 4916 futuram,
3514 4862 3572 4908 et
3593 4864 3838 4909 nostram
3866 4854 3914 4907 in

2339 4948 2518 5002 ὃπουιὶ
2567 4947 2673 5001 ﬁne
2733 4957 3062 5013 secuturam,
3117 4947 3326 5002 duobus
3375 4947 3582 5012 verbis,
3645 4945 3918 5016 praesentis

2339 5041 2598 5110 temporis
2621 5049 2675 5094 et
2705 5039 2890 5108 futuri,
2921 5041 3196 5111 eleganter
3221 5039 3570 5108 breviterque
3595 5039 3868 5108 promisit.
3895 5056 3913 5089 ι

2339 5132 2523 5202 (Vens.
2551 5131 2665 5200 20.)
2707 5131 2772 5185 In
2797 5131 2889 5186 illo
2916 5131 3017 5198 die,
3071 5131 3269 5201 inquit,
3296 5148 3382 5185 vos
3414 5131 3764 5201 cognoscetis,
3811 5130 3924 5200 quis

2336 5241 2428 5295 ego
2451 5240 2565 5278 sum
2595 5225 2650 5277 in
2679 5221 2840 5277 Patre
2885 5241 3013 5286 meo,
3043 5233 3092 5278 et
3120 5241 3206 5278 vos
3236 5224 3293 5276 in
3315 5239 3416 5288 me,
3465 5233 3514 5276 et
3540 5239 3638 5293 ego
3683 5225 3745 5278 in
3773 5224 3924 5278 vobis.

2333 5316 2394 5372 In
2428 5333 2534 5388 quo
2559 5316 2666 5381 die,
2699 5317 2802 5370 nisi
2831 5315 2897 5370 de
2920 5332 3026 5387 quo
3057 5317 3134 5370 ait
3160 5334 3173 5369 :
3215 5315 3282 5368 Et
3317 5332 3404 5369 vos
3432 5313 3613 5371 vivetis
3644 5317 3672 5372 2
3704 5336 3726 5369 ι
3768 5329 3792 5357 ο
3821 5315 3926 5370 No-

2336 5419 2529 5466 verunt
2559 5419 2685 5463 tunc
2706 5409 2932 5478 apostoli
2963 5425 3081 5464 esse
3105 5408 3381 5464 Christum
3408 5408 3463 5462 in
3496 5407 3666 5466 Patre
3691 5426 3794 5481 per
3816 5408 3928 5464 uni-

2341 5509 2505 5555 tatem
2531 5500 2817 5554 individuae
2839 5500 3166 5567 divinitatis;
3189 5508 3452 5556 noverant
3476 5517 3535 5556 se
3555 5517 3680 5557 esse
3706 5504 3763 5556 in
3789 5501 3928 5558 Chri-

2343 5601 2444 5659 sto,
2473 5607 2571 5662 per
2599 5592 2997 5661 susceptionem
3025 5592 3149 5647 ﬁdei
3177 5600 3232 5647 et
3269 5603 3745 5649 sacramentorum
3778 5592 3928 5661 ejus;

735 5693 900 5751 Vens.
943 5693 1028 5748 l7.
1085 5725 1157 5734 ——
1216 5693 1471 5766 Spiritum
1522 5695 1773 5759 veritatis,
1823 5711 1976 5766 quem
2025 5697 2248 5754 mundus
2344 5693 2610 5744 noverant
2653 5687 2922 5742 veraciter
2974 5701 3101 5742 vere
3133 5695 3260 5744 tunc
3286 5703 3406 5749 esse
3433 5687 3722 5750 Christum
3751 5688 3925 5748 inPa-

743 5817 773 5848 ι
806 5807 887 5862 Ex
906 5807 1065 5864 Beda:
1083 5809 1304 5863 homilia
1338 5809 1392 5863 in
1419 5809 1505 5864 die
1526 5809 1895 5864 Pentecostes.

745 5877 777 5934 δ
814 5877 894 5948 Ex
921 5876 980 5936 S.
1009 5878 1170 5951 Aug.,
1198 5886 1553 5954 tract._Lxxv,
1590 5895 1738 5937 num.
1769 5878 1822 5934 5.
1917 5915 1921 5922 -

2421 5784 2460 5841 ὁ·
2487 5801 2567 5857 Ex
2589 5800 2747 5858 Bedae
2770 5781 3141 5858 somnium?
