4088 6340
279 405 385 463 957

1073 379 1580 452 ΕΧΕΕΕΤΙΟΑΪΖ-
1608 380 2069 448 (ΞΟΜΜΕΝΤ.ἸΝ
2107 387 2298 445 JOAN.
2333 418 2408 432 --
2441 388 2568 446 LIB.
2613 387 2692 446 Ἦ.

3390 392 3491 448 958

261 519 369 577 tre,
393 491 528 567 etin
555 523 616 569 se
641 523 760 568 esse
784 511 1056 569 Christum
1081 528 1177 583 per
1197 512 1539 567 dilectionem
1567 515 1619 564 et
1642 509 1828 564 obser—
1852 513 1906 574 Α
1929 503 2200 575 facimus.
2234 503 2336 572 Qui
2361 503 2505 558 enim
2547 516 2674 558 vere
2698 499 2870 571 diligit
2897 499 3088 568 Deum,
3119 515 3220 557 nec
3243 507 3486 560 tentatio-

258 601 500 655 vantiam
536 604 903 657 mandatorum
935 601 1087 670 ejus;
1140 603 1290 657 novit
1314 610 1366 656 et
1391 604 1494 657 hoc
1521 607 1706 655 sancta
1737 599 1830 653 Dei

260 689 521 754 Ecclesia,
557 691 648 746 sed
703 692 856 763 longe
883 693 1074 747 melius
1119 699 1172 745 et
1197 692 1406 763 plenius
1449 692 1501 745 in
1531 692 1620 746 illa
1647 691 1734 745 die
1763 691 1830 746 de

259 798 366 851 qua
416 782 592 837 dixit:
626 783 694 838 Et
725 802 810 839 vos
846 787 1056 840 vivetis:
1094 785 1148 840 in
1177 801 1280 855 qua
1329 786 1597 840 veraciter
1647 786 1830 841 vivere

260 871 547 942 incipiunt,
577 874 677 929 hoc
705 885 807 942 est,
840 876 893 930 in
923 877 1008 931 die
1057 877 1487 941 resurrectionis,
1520 877 1736 947 quando
1763 890 1828 930 eo

257 963 551 1034 perfectius
577 975 769 1021 cuncta
791 983 909 1036 quae
951 968 1163 1024 scienda
1190 978 1332 1034 sunt,
1378 969 1574 1033 sciunt,
1604 983 1711 1038 quo
1740 967 1826 1038 ip-

258 1071 380 1110 sum
405 1057 643 1113 scientia:
666 1057 866 1114 fontem
890 1060 1117 1114 vicinius
1141 1061 1257 1114 sine
1285 1060 1390 1114 fine
1415 1059 1768 1128 conspiciunt.
1802 1078 1821 1111 ι

260 1146 332 1202 Ut
358 1157 536 1202 autem
560 1150 807 1204 omnibus
851 1148 1006 1218 hujus
1035 1149 1444 1218 promissionem
1479 1149 1827 1204 beatitudinis

256 1241 613 1312 promitteret,
643 1257 748 1296 non
778 1242 1110 1296 solummodo
1136 1235 1414 1312 apostolis,
1447 1256 1571 1296 mox
1599 1240 1824 1310 subjun-

253 1333 375 1386 ‘xit:
411 1332 596 1403 (Vnus.
627 1333 739 1406 21.)
781 1332 886 1398 Qui
913 1333 1066 1388 habet
1104 1333 1354 1387 mandata
1402 1350 1547 1397 mea,
1581 1341 1627 1387 et
1658 1341 1824 1387 servat

257 1440 319 1478 ea
340 1465 354 1488 ,
378 1422 466 1476 ille
494 1433 566 1478 est
595 1424 684 1494 qui
713 1441 794 1478 me
829 1424 1016 1495 diligit.
1057 1423 1160 1489 Qui
1184 1432 1355 1476 autent
1385 1421 1552 1493 diligit
1577 1439 1679 1487 me,
1706 1421 1826 1475 dili-

255 1522 407 1583 getur
428 1531 459 1568 a
483 1513 643 1568 Patre
671 1531 804 1579 meo,
829 1523 878 1569 et
893 1532 984 1586 ego
999 1514 1214 1585 diligam
1239 1531 1377 1580 eum,
1407 1522 1456 1567 et
1483 1512 1824 1583 manifestabo

255 1605 304 1658 ei
349 1605 619 1675 meipsum.
659 1624 677 1656 ‹
720 1606 820 1661 Ubi
850 1607 997 1660 omni
1028 1606 1325 1661 intentione
1372 1605 1823 1661 considerandum

257 1701 370 1757 est,
398 1695 523 1762 quia
552 1693 828 1748 Christum
864 1711 992 1750 vere
1033 1695 1254 1767 diligere
1283 1704 1366 1750 est
1412 1695 1530 1764 ejus
1575 1697 1821 1750 mandata

257 1800 475 1840 scrvare
502 1803 514 1838 :
539 1801 645 1841 non
675 1786 844 1854 ipsam
863 1785 1209 1842 dilectionem
1240 1785 1457 1858 [solum]
1483 1787 1640 1846 labiis
1657 1785 1823 1855 profi-

1932 599 2018 654 nis
2043 607 2286 668 tempore
2307 597 2513 652 recedit
2534 596 2602 651 ab
2629 610 2815 651 amore
2843 594 2962 659 Dei,
2999 595 3064 648 ad
3092 596 3236 650 hunc
3266 597 3493 652 veniunt

1929 693 2090 748 Pater
2117 701 2170 747 et
2200 691 2369 746 Filius
2397 690 2625 760 spiritali
2667 688 2974 744 accessione
2997 729 3012 752 ,
3062 696 3116 742 et
3157 688 3492 744 mansionem

1930 785 2067 854 apud
2090 799 2209 839 eum
2238 783 2454 837 habent.
2479 781 2572 836 llle
2598 781 2742 835 enim
2772 794 2898 834 vere
2923 785 3093 843 amat,
3127 779 3280 849 cujus
3304 779 3484 833 videli-

1929 884 2016 932 cet
2040 884 2273 931 mentem
2317 874 2599 929 delectatio
2625 888 2792 944 prava
2837 887 2904 926 ex
2939 884 3204 926 consensu
3245 886 3342 926 suo
3385 887 3492 926 non

1929 979 2162 1041 superat.
2195 969 2326 1024 Nam
2361 976 2509 1022 tanto
2535 967 2763 1036 quisque
2811 981 2842 1019 a
2887 979 3121 1035 superno
3149 978 3334 1019 amore
3383 965 3492 1020 dis-

1920 1061 2191 1133 jungitur,
2243 1067 2444 1129 quanto
2489 1058 2710 1113 inferius
2755 1055 3070 1111 delectatur.
3128 1073 3146 1104 ‹
3196 1053 3223 1093 «1
3267 1054 3492 1116 Dilectio

1929 1162 2144 1210 sanctos
2171 1152 2427 1208 discernit
2459 1166 2488 1204 a
2524 1151 2745 1215 mundo,
2773 1163 2891 1217 qua:
2919 1147 3048 1201 facit
3078 1146 3363 1200 unanimes
3391 1146 3491 1199 ha-

1925 1246 2099 1300 bitare
2131 1245 2186 1299 in
2227 1245 2404 1299 domo.
2443 1241 2500 1295 In
2529 1256 2636 1310 qua
2671 1241 2828 1295 domo
2875 1238 3004 1294 facit
3037 1238 3198 1292 Pater
3225 1245 3279 1292 et
3321 1236 3495 1291 Filius

1926 1335 2259 1390 mansionem
2297 1353 2310 1387 :
2343 1334 2434 1403 qui
2457 1333 2660 1388 donant
2682 1338 2736 1386 et
2758 1331 2928 1401 ipsam
2954 1330 3325 1394 dilectionem,
3373 1328 3492 1398 qui-

1923 1426 2026 1482 bus
2055 1427 2253 1481 donent
2279 1425 2332 1480 in
2362 1425 2467 1479 ﬁne
2515 1425 2680 1480 etiam
2722 1438 2878 1477 suam
2925 1420 3434 1476 manifestationem.
3466 1440 3486 1474 ι

1925 1519 2001 1573 De
2026 1534 2130 1588 qua
2151 1517 2582 1572 manifestatioue
2605 1515 2899 1584 discipulus
2921 1513 3291 1583 interrogavit,
3314 1519 3370 1566 et
3396 1525 3491 1566 au-

1926 1610 2057 1665 divit
2107 1609 2175 1663 ad
2212 1609 2352 1663 hanc
2399 1607 2884 1663 manifestationem
2912 1621 3007 1675 per
3035 1605 3374 1660 dilectionem
3398 1616 3493 1657 ve-

1923 1700 2177 1754 niendum
2215 1715 2355 1756 esse.
2395 1698 2578 1771 (Vens.
2615 1698 2730 1770 ‘24.)
2772 1697 2874 1764 Qui
2908 1715 3012 1752 non
3058 1697 3226 1767 diligit
3252 1713 3354 1762 me,
3382 1712 3493 1750 ser-

1921 1808 2098 1846 mones
2133 1807 2274 1844 meos
2303 1806 2408 1844 non
2452 1798 2640 1844 servat.
2692 1807 2711 1840 ι
2760 1789 2826 1843 Hi
2873 1795 2997 1843 sunt
3039 1788 3130 1859 qui
3177 1787 3393 1841 Patrem
3439 1794 3494 1841 et

253 1877 378 1943 teri,
408 1877 501 1932 sed
547 1878 798 1932 mandata
824 1877 1057 1942 Christi,
1089 1893 1208 1949 quae
1260 1877 1513 1932 discendo
1540 1877 1820 1942 habemus,
1852 1866 1901 1928 Β
1929 1882 2188 1952 Spiritum
2216 1887 2463 1936 sanctum
2486 1895 2762 1948 nunquam
2785 1880 2968 1934 vident
3000 1897 3014 1931 :
3049 1878 3246 1932 Filium
3288 1884 3490 1940 autem,

253 1969 526 2037 operando
564 1981 781 2023 servare
830 1987 843 2022 :
900 1988 918 2021 ι
967 1968 1069 2034 Qui
1103 1967 1274 2034 habet,
1327 1968 1527 2038 inquit,
1569 1968 1819 2022 mandata

252 2074 367 2112 mea
387 2098 403 2123 ,
442 2067 491 2112 et
526 2066 694 2113 servat
716 2075 798 2124 ea,
828 2057 920 2112 ille
943 2059 1126 2130 estqui
1159 2076 1240 2113 me
1281 2058 1468 2129 diligit,
1505 2077 1523 2110 ι
1553 2072 1577 2099 ιι
1605 2060 1695 2129 qui
1718 2060 1819 2114 ha-

249 2147 341 2202 bet
366 2149 418 2202 in
441 2150 723 2214 memoria,
744 2157 802 2204 et
819 2159 999 2205 servat
1027 2150 1082 2204 in
1103 2149 1214 2204 vita
1237 2166 1251 2216 ;
1293 2151 1385 2219 qui
1413 2151 1576 2204 habet
1614 2149 1668 2202 in
1711 2164 1822 2204 ser-

248 2241 519 2307 monibus,
551 2248 606 2295 et
629 2248 808 2295 servat
832 2241 888 2294 in
913 2241 1188 2304 moribus;
1222 2240 1314 2310 qui
1351 2241 1512 2294 habet
1533 2240 1816 2302 audiendo,

246 2336 304 2383 et
324 2337 504 2383 servat
529 2328 804 2395 faciendo;
833 2337 925 2384 aut
945 2329 1036 2399 qui
1063 2329 1226 2384 habet
1254 2329 1498 2383 faciendo
1519 2369 1533 2392 ,
1563 2338 1616 2383 et
1641 2337 1822 2383 servat

246 2419 667 2488 perseverando,
682 2421 790 2492 ipse
811 2429 906 2485 est,
933 2420 1127 2490 inquit,
1149 2420 1237 2490 qui
1259 2420 1428 2490 diligit
1454 2436 1552 2475 me.
1575 2439 1594 2472 ι
1622 2439 1640 2472 ί
1662 2421 1690 2460 b
1713 2420 1820 2476 No-

247 2513 472 2566 tandum
497 2514 620 2582 quia
649 2528 771 2569 cum
793 2513 1078 2585 praesentis
1097 2513 1356 2582 temporis
1388 2513 1552 2569 verbo
1572 2514 1776 2568 diceret
1801 2531 1814 2568 :

248 2600 356 2666 Qui
393 2613 564 2657 autem
593 2604 761 2676 diligit
791 2623 902 2673 me,
930 2607 1129 2678 adjecit
1150 2608 1215 2664 de
1241 2607 1421 2662 futuro
1453 2625 1466 2661 :
1500 2606 1758 2678 Diligetur
1785 2625 1820 2662 a

245 2691 412 2747 Patre
445 2711 574 2760 meo,
628 2703 677 2749 et
708 2713 800 2766 ego
825 2697 1066 2768 'diligam
1094 2716 1240 2765 eum,
1291 2708 1340 2753 et
1387 2691 1732 2768 manifestabo
1771 2699 1819 2751 ei

246 2783 518 2853 meipsum.
553 2785 735 2855 Diligit
753 2803 986 2858 namque
1013 2790 1176 2844 etiam
1199 2807 1340 2846 nunc
1379 2790 1669 2846 dilectores
1693 2805 1820 2845 suos

246 2888 369 2928 cum
397 2873 558 2929 Patre
597 2876 787 2943 Filius,
820 2879 914 2934 sed
941 2896 1085 2935 nunc
1113 2881 1288 2952 diligit
1316 2881 1386 2936 ad
1412 2883 1536 2946 hoc,
1585 2887 1652 2952 ut.
1671 2888 1819 2935 recte

248 2964 433 3019 vivant
456 2980 523 3020 ex
546 2965 651 3021 fide
675 3007 692 3034 ,
722 2983 841 3038 quae
875 2985 974 3039 per
1004 2971 1345 3026 dilectionem
1369 2982 1626 3042 operatur
1651 2988 1664 3024 :
1691 2978 1819 3025 tunc

243 3056 315 3110 ad
342 3058 446 3113 hoc
467 3058 675 3130 diliget,
727 3068 788 3114 ut
827 3064 1146 3132 perveniant
1167 3065 1234 3118 ad
1259 3065 1523 3119 visionem
1553 3063 1818 3129 veritatis,

245 3164 406 3220 quam
455 3167 553 3222 per
599 3153 758 3209 fidem
792 3163 1162 3226 gustaverant.
1219 3156 1337 3212 Non
1387 3166 1568 3212 autem
1617 3156 1819 3212 frustra

1921 1990 2028 2030 non
2049 1982 2108 2028 ut
2130 1972 2529 2037 beatificentur,
2560 1971 2653 2026 sed
2678 1978 2738 2024 ut
2756 1970 3068 2041 judicentur
3085 2009 3099 2033 ,
3129 1969 3196 2022 ad
3219 1968 3493 2022 modicum

1919 2063 2103 2117 vident
2131 2080 2143 2115 :
2173 2077 2274 2117 nec
2294 2062 2470 2131 ipsum
2496 2061 2551 2114 in
2578 2059 2752 2114 forma
2777 2059 2892 2123 Dei,
2940 2060 3032 2114 ubi
3060 2066 3146 2113 est
3166 2073 3288 2112 cum
3332 2057 3494 2113 Patre

1921 2161 1974 2208 et
1997 2151 2203 2222 Spiritu
2230 2160 2416 2207 sancto
2441 2151 2648 2221 pariter
2689 2150 2975 2206 invisibilis
3027 2169 3039 2203 :
3091 2151 3184 2205 sed
3219 2150 3271 2203 in
3317 2149 3492 2205 forma

1918 2245 2173 2311 hominis,
2190 2246 2283 2300 ubi
2308 2243 2433 2317 [Ms.
2445 2285 2460 2310 ,
2481 2245 2533 2298 in
2547 2242 2674 2315 qua]
2697 2259 2816 2298 esse
2834 2243 3032 2297 mundo
3053 2242 3223 2298 voluit
3240 2244 3492 2312 patiendo

1920 2335 2362 2406 contemptibilis,
2380 2333 2674 2403 judicando
2696 2334 2972 2406 terribilis.
3000 2353 3018 2382 ι
3051 2332 3122 2388 Et
3150 2351 3318 2388 sermo
3339 2351 3492 2405 quem

1919 2429 2163 2496 audistis,
2191 2447 2294 2484 non
2317 2436 2392 2482 est
2420 2445 2595 2494 meus;
2617 2428 2707 2482 sed
2735 2428 2850 2497 ejus
2873 2428 2962 2498 qui
2985 2428 3125 2481 misit
3148 2445 3227 2482 me
3247 2468 3262 2493 ,
3290 2425 3490 2482 Patris.

1920 2519 2061 2586 Quid
2081 2527 2168 2574 est
2182 2519 2323 2588 quod
2360 2519 2512 2588 prius
2547 2517 2741 2588 plurali
2769 2533 2994 2572 numero
3029 2534 3288 2572 sermones
3316 2517 3488 2581 dixit,

1919 2624 2062 2664 nunc
2092 2617 2274 2664 autem
2296 2607 2555 2679 singulari
2581 2608 2910 2662 sermonem?
2933 2607 3277 2663 Fortassisut
3303 2608 3494 2676 praedi-

1921 2701 2149 2757 cationis
2176 2701 2330 2773 [Ms.,
2358 2699 2790 2773 praedicationes]
2823 2701 2896 2755 ibi
2923 2715 3201 2756 sermones
3230 2710 3496 2756 monstra-

1919 2801 2030 2858 ret;
2061 2794 2152 2847 hic
2179 2808 2308 2848 vero
2351 2794 2609 2862 seipsum,
2639 2793 2729 2861 qui
2777 2801 2860 2849 est
2909 2793 3147 2846 Verbum
3180 2792 3377 2846 Patris.
3429 2793 3498 2846 Et

1919 2886 2043 2941 ideo
2071 2885 2208 2941 dixit
2253 2901 2361 2940 non
2408 2901 2564 2940 suum
2587 2926 2600 2949 ,
2647 2885 2772 2954 quia
2797 2900 2827 2938 a
2855 2885 3033 2953 seipso
3077 2899 3186 2938 non
3211 2891 3313 2948 est,
3346 2883 3440 2937 sed
3463 2899 3495 2936 a

1918 2974 2082 3031 Patre
2129 2996 2140 3030 :
2198 2978 2338 3032 sicut
2365 2990 2465 3030 nec
2493 2991 2589 3030 sua
2617 2983 2701 3030 est
2743 2975 2940 3046 imago,
2993 2973 3087 3029 sed
3133 2973 3350 3038 Patris;
3396 2987 3498 3026 nec

1921 3083 2052 3123 suus
2074 3052 2266 3132 Filius,
2293 3068 2386 3123 sed
2415 3067 2610 3121 Patris.
2648 3085 2666 3117 α
2693 3065 2858 3120 Recte
2885 3065 3048 3135 igitur
3073 3064 3280 3119 auctori
3303 3063 3499 3117 tribuit

1922 3161 2181 3230 quidquid
2206 3159 2336 3216 facit
2358 3159 2602 3230 mqualis,
2633 3175 2662 3212 a
2687 3175 2792 3228 quo
2820 3159 2984 3213 habet
3013 3159 3115 3214 hoc
3146 3157 3324 3228 ipsum
3350 3157 3496 3227 quod

245 3244 452 3300 addidit
497 3263 509 3299 :
542 3245 611 3299 Et
638 3247 982 3317 manifestabo
1012 3251 1058 3302 ei
1096 3250 1367 3320 meipsum.
1404 3269 1422 3302 ›
1478 3248 1548 3304 Se
1569 3265 1697 3303 vero
1722 3264 1810 3305 se-
1839 3226 1887 3290 ο
1919 3226 1998 3303 illi
2024 3226 2106 3304 est
2132 3226 2500 3305 indifferenter
2525 3226 2766 3319 aequalis.

245 3337 483 3393 cundum
501 3340 887 3396 humanitatem
903 3342 1112 3397 cunctis
1127 3343 1180 3396 in
1195 3342 1400 3412 judicio
1415 3341 1807 3398 manifestabit:

244 3430 377 3486 solis
422 3446 553 3488 vero
601 3432 764 3502 justis
807 3441 862 3488 et
886 3435 1088 3490 sanctis
1138 3435 1436 3490 divinitatis
1469 3434 1728 3506 gloriam,
1756 3434 1814 3489 in

244 3535 353 3590 qua
387 3522 610 3592 aequalis
670 3530 753 3578 est
794 3523 945 3579 Patri
979 3533 1033 3580 et
1065 3524 1287 3595 Spiritui
1328 3533 1514 3581 sancto
1538 3566 1553 3591 ,
1584 3525 1652 3580 ad
1686 3527 1814 3581 bea-

245 3614 533 3670 titudinem
590 3623 845 3672 aeternam
902 3617 1302 3688 percipiendam
1366 3618 1814 3675 manifestaturus

243 3706 372 3761 erit.

314 3799 479 3854 Vens.
520 3799 609 3854 22.
649 3830 718 3840 —
753 3799 894 3856 Dicit
921 3803 970 3856 ei
994 3802 1194 3869 Judas,
1224 3819 1327 3857 non
1365 3802 1454 3858 ille
1481 3803 1811 3860 Scariothis:

241 3889 466 3947 Domine
491 3933 505 3957 ,
540 3893 666 3963 quid
694 3892 890 3963 factum
914 3904 1018 3960 est,
1059 3897 1185 3966 quia
1216 3897 1360 3950 nobis
1387 3897 1814 3967 manifestaturus

242 3999 298 4037 es
329 3984 570 4054 teipsum,
592 3993 637 4038 et
662 4001 765 4039 non
785 3986 905 4039 huic
925 3986 1158 4041 mundo?
1183 3987 1539 4059 Interrogavit
1561 3989 1814 4044 discendo

241 4091 465 4132 causam
489 4078 755 4132 veritatis.
785 4079 890 4133 Iste
934 4087 1016 4132 est
1049 4079 1216 4135 Judas
1243 4079 1397 4148 cujus
1422 4081 1659 4150 Epistola
1687 4082 1816 4153 legi-

243 4176 334 4223 tur
362 4169 416 4224 in
443 4169 688 4226 ecclesiis
712 4170 934 4237 Christi,
965 4189 1073 4228 non
1095 4173 1185 4228 ille
1215 4175 1464 4229 traditor.
1495 4174 1620 4230 Ideo
1655 4175 1816 4231 aliter

242 4260 598 4332 interrogavit
621 4263 740 4330 iste,
765 4264 921 4319 aliter
947 4265 1035 4320 ille
1067 4268 1325 4336 proditor,
1354 4269 1480 4323 dum
1506 4269 1583 4324 ait
1613 4285 1626 4323 :
1662 4268 1815 4323 Nun-

241 4350 371 4420 quid
398 4368 490 4421 ego
525 4369 639 4406 sum
663 4355 688 4407 .9
729 4355 822 4410 llle
861 4357 1143 4412 simulator
1184 4361 1412 4414 accessit
1459 4362 1525 4416 ad
1574 4377 1817 4416 mensam

242 4440 526 4510 magistri,
555 4442 657 4496 iste
681 4445 923 4500 veritatis
947 4447 1235 4516 inquisitor
1261 4448 1609 4520 interrogavit
1636 4451 1817 4506 Domi-

242 4548 395 4587 num.
441 4532 536 4589 Cui
566 4538 843 4606 respondit
869 4537 1023 4594 Jesus
1065 4557 1077 4594 :
1111 4540 1296 4610 (Vens.
1322 4541 1436 4613 25.)
1468 4541 1526 4597 Si
1555 4545 1668 4615 quis
1692 4545 1814 4598 dili-

241 4626 320 4696 git
345 4643 457 4692 me,
489 4629 748 4685 sermones
795 4648 934 4686 meos
975 4632 1215 4687 servabit.
1278 4652 1296 4684 ‹
1329 4644 1350 4671 ο
1385 4635 1635 4690 Probatio
1687 4652 1815 4707 ergo

243 4717 572 4786 dilectionis,
626 4722 886 4778 exhibitio
934 4731 1016 4779 est
1058 4725 1260 4795 operis.
1294 4725 1431 4781 Hinc
1478 4727 1531 4782 in
1577 4729 1816 4798 Epistola

244 4823 346 4863 sua
375 4808 516 4865 idem
549 4809 782 4868 Joannes
809 4813 938 4870 dicit
967 4833 980 4868 :
1008 4813 1111 4880 Qui
1141 4815 1270 4870 dicit
1294 4818 1417 4887 quia
1442 4817 1601 4888 diligo
1622 4819 1812 4885 Deum,

242 4906 298 4954 et
321 4901 573 4955 mandata
602 4903 715 4972 ejus
743 4922 845 4960 non
887 4906 1150 4970 custodit,
1195 4907 1421 4962 mendax
1462 4918 1538 4962 est
1570 4909 1621 4981 (Ι
1648 4908 1810 4964 Joan.

243 5009 326 5059 1v,
352 4993 465 5064 20).
492 4995 628 5049 Vere
653 4995 799 5050 enim
825 4997 1096 5067 diligimus
1122 4999 1311 5064 Deum,
1345 5000 1389 5054 si
1419 5001 1669 5054 mandata
1701 5000 1816 5069 ejus

245 5085 621 5152 observamus,
643 5095 697 5142 et
720 5103 749 5141 a
778 5089 975 5143 nostris
1000 5091 1156 5160 θοι
1184 5106 1282 5146 nos
1311 5091 1377 5145 ad
1395 5092 1648 5146 mandata
1677 5093 1817 5147 illius

245 5177 616 5234 voluntatibus
643 5177 794 5251 [Ms.,
852 5181 1237 5253 voluptatibus]
1291 5189 1647 5237 coarctamus.
1681 5202 1700 5234 ι
1749 5184 1820 5237 Et

249 5268 418 5324 Pater
445 5287 590 5325 meus
617 5270 795 5342 diliget
821 5288 959 5325 eum.
985 5271 1119 5339 Quia
1149 5287 1311 5341 opera
1335 5288 1455 5342 qua:
1479 5273 1640 5328 Pater
1669 5273 1816 5338 facit,

249 5365 372 5419 haec
417 5369 471 5420 et
521 5363 772 5418 similiter
803 5363 973 5419 Filius
1001 5363 1157 5429 facit;
1188 5371 1242 5418 et
1270 5363 1361 5432 qui
1405 5363 1578 5434 diligit
1599 5364 1815 5432 Filium,

251 5457 430 5528 diligit
451 5467 506 5514 et
525 5458 773 5523 Patrem;
803 5466 859 5512 et
877 5457 970 5527 qui
997 5456 1237 5527 diligitur
1266 5471 1296 5509 a
1334 5455 1496 5521 Filio,
1520 5457 1758 5526 diligitur
1787 5473 1818 5512 a

247 5551 434 5609 Patre.
468 5551 538 5606 Et
556 5551 625 5606 ad
649 5567 767 5606 eum
797 5550 1079 5615 veniemus,
1109 5556 1158 5602 et
1181 5548 1503 5603 mansionem
1537 5548 1676 5619 apud
1701 5565 1818 5603 eum

325 5701 353 5732 ι
390 5688 470 5745 Ex
501 5689 559 5744 S.
588 5690 746 5760 Aug.,
771 5690 876 5744 loc.
904 5689 1024 5756 cit.,
1047 5701 1196 5744 num.
1227 5687 1279 5742 5.

327 5760 356 5802 δ
396 5760 475 5816 Ex
506 5762 670 5826 Beda,
701 5762 818 5817 loco
841 5760 1028 5814 citato.

325 5841 353 5876 ο
391 5831 469 5889 Ex
499 5831 556 5886 S.
585 5831 772 5901 Greg.,
803 5831 949 5885 hom.
976 5833 1064 5897 50,
1095 5847 1241 5886 num.
1269 5829 1292 5883 1

653 5924 926 5987 ΡΔτιιοι..
975 5925 1044 5986 C.

1985 3343 2147 3398 Vsus.
2181 3341 2271 3396 25.
2294 3373 2366 3381 —-
2393 3340 2523 3397 ch
2547 3341 2750 3396 locutus
2770 3357 2890 3395 sum
2913 3340 3052 3395 vobis
3082 3339 3221 3410 apud
3259 3355 3347 3393 vos
3383 3355 3498 3392 ma-

1916 3451 2060 3489 nens.
2103 3434 2197 3489 llla
2234 3434 2466 3499 mansio,
2514 3434 2581 3490 de
2622 3449 2729 3502 qua
2757 3433 3006 3504 superius
3029 3429 3196 3498 dixit,
3239 3432 3499 3504 spiritalis

1916 3539 2018 3596 est,
2048 3544 2167 3598 qua:
2195 3528 2323 3583 solis
2348 3527 2550 3584 sanctis
2583 3528 2777 3582 datur:
2823 3529 2938 3584 haec
2965 3542 3096 3582 vero
3125 3527 3190 3582 de
3216 3542 3320 3596 qua
3353 3543 3498 3582 nunc

1916 3621 2083 3687 dicit,
2116 3620 2412 3690 corporalis
2454 3628 2556 3676 est.
2623 3620 2702 3675 De
2746 3636 2843 3675 sua
2889 3620 3176 3691 praesentia
3226 3620 3495 3691 corporali

1916 3715 2287 3770 tantummodo
2333 3713 2509 3780 dixit,
2557 3728 2719 3782 quam
2760 3713 3006 3784 utrique,
3033 3712 3235 3783 etjusti
3259 3721 3313 3767 et
3347 3713 3498 3782 impii

1914 3806 2099 3861 videre
2123 3813 2434 3875 potuerunt.
2467 3825 2486 3857 ›
2526 3824 2544 3856 ‹
2584 3817 2606 3844 ε
2638 3806 2728 3860 Illa
2759 3807 2814 3860 in
2843 3815 3104 3862 aeternum
3134 3805 3406 3860 beatificat
3431 3807 3497 3860 li-

1914 3899 2132 3953 beratos
2156 3939 2170 3962 ,
2215 3899 2329 3952 hzcc
2377 3898 2431 3950 in
2460 3904 2702 3967 tempore
2731 3897 2916 3950 visitat
2956 3896 3281 3952 liberandos.
3342 3895 3492 3962 Ηωε,
3539 3949 3544 3954 ,

1916 3988 2107 4056 inquit,
2137 3971 2336 4041 locutus
2359 4004 2475 4041 sum
2510 3987 2680 4052 vobis,
2717 3987 2858 4056 apud
2889 4004 2974 4041 vos
3009 4003 3240 4041 manens.
3298 3986 3496 4056 Utique

1915 4079 2198 4150 praesentia
2225 4079 2511 4148 corporali,
2557 4094 2662 4148 qua
2702 4093 2824 4132 cum
2861 4078 2967 4132 illis
2994 4077 3278 4132 visibiliter
3305 4078 3492 4148 loque-

1915 4169 2092 4224 batur.
2119 4187 2138 4220 ι
2175 4167 2361 4238 (Vens.
2390 4165 2504 4237 26.)
2534 4165 2836 4220 Paraclitus
2881 4175 3053 4219 autem
3106 4166 3334 4236 Spiritus
3370 4183 3496 4222 san-

1917 4270 2027 4315 ctus
2053 4301 2067 4327 ,
2118 4276 2270 4331 quem
2290 4260 2455 4312 mittet
2481 4258 2645 4312 Pater
2670 4259 2726 4312 in
2755 4259 2962 4313 nomine
2986 4275 3098 4312 meo
3117 4299 3131 4324 ,
3163 4259 3250 4312 ille
3281 4277 3366 4314 vos
3401 4260 3494 4313 do-

1916 4351 2045 4406 cebit
2067 4352 2262 4415 omnia,
2291 4358 2339 4404 et
2367 4358 2603 4421 suggeret
2624 4349 2764 4404 vobis
2788 4351 2985 4414 omnia,
3007 4367 3324 4421 qurecunque
3345 4351 3494 4405 dixe-

1917 4459 1975 4497 ro
2010 4441 2172 4496 vobis.
2211 4441 2376 4496 Multa
2402 4442 2538 4496 dixit
2572 4441 2914 4496 audientibus
2937 4441 3260 4507 infidelibus,
3296 4459 3414 4512 quae
3436 4444 3494 4499 in

1918 4551 2105 4590 eorum
2130 4534 2383 4590 cordibus
2404 4534 2583 4590 locum
2609 4550 2717 4590 non
2739 4536 3080 4601 invenerunt,
3109 4536 3233 4604 quia
3262 4535 3496 4606 Spiritus

1919 4636 2139 4684 sanctus
2165 4629 2307 4684 intus
2331 4644 2425 4684 eos
2455 4644 2562 4682 non
2601 4627 2846 4682 docebat.
2888 4626 3049 4681 Multa
3093 4627 3223 4683 dicit
3254 4629 3498 4698 quotidie

1918 4737 2017 4791 per
2058 4729 2272 4776 sanctos
2319 4722 2736 4790 praedicatores,
2783 4735 2902 4789 quae
2946 4720 3224 4775 audientes
3267 4721 3497 4776 interius

1920 4830 2028 4870 non
2058 4815 2338 4886 recipiunt,
2367 4815 2490 4884 quia
2521 4813 2755 4882 Spiritus
2777 4821 2996 4868 sanctus
3016 4829 3126 4868 non
3152 4814 3390 4884 suggerit
3413 4813 3495 4869 eis

1920 4907 2163 4972 interius,
2193 4923 2312 4978 quae
2335 4906 2621 4962 audierunt
2655 4906 2914 4961 exterius.
2953 4905 3029 4964 De
3059 4923 3164 4977 quo
3188 4913 3333 4961 recte
3363 4920 3493 4975 pro-

1920 4999 2188 5054 mittitur:
2220 4997 2341 5068 Ipse
2374 5015 2459 5052 vos
2485 4996 2681 5050 docebit
2709 4997 2905 5062 omnia,
2943 5015 2962 5048 ‹
2999 4996 3018 5035 τ
3046 4997 3172 5066 quia
3208 4995 3310 5049 nisi
3349 4981 3496 5049 idem

1925 5091 2157 5161 Spiritus
2209 5093 2359 5147 cordi
2411 5091 2550 5146 adsit
2597 5089 2903 5156 audientis,
2955 5089 3162 5144 otiosus
3203 5094 3285 5142 est
3314 5101 3493 5142 sermo

1923 5180 2175 5236 doctoris.
2226 5181 2393 5235 Nemo
2439 5179 2582 5234 enim
2629 5180 2840 5234 docenti
2878 5177 3082 5232 homini
3121 5175 3323 5230 tribuat
3352 5175 3496 5245 quod

1922 5289 1986 5328 ex
2012 5288 2106 5328 ore
2132 5273 2374 5328 docentis
2403 5272 2682 5343 intelligit,
2727 5273 2853 5342 quia
2879 5271 2980 5324 nisi
3010 5271 3156 5324 intus
3177 5270 3247 5325 sit
3274 5270 3365 5339 qui
3395 5270 3491 5325 do-

1923 5376 2042 5423 ceat
2063 5409 2076 5431 ,
2123 5365 2359 5422 doctoris
2383 5365 2561 5437 lingua
2591 5366 2829 5419 exterius
2872 5364 2926 5417 in
2947 5377 3177 5418 vacuum
3206 5363 3432 5419 laborat.
3467 5381 3488 5414 ι

1918 5459 2091 5514 Aliter
2121 5460 2303 5528 itaque
2341 5458 2718 5528 praedicantem
2765 5455 3038 5510 Christum
3087 5455 3370 5509 audierunt
3395 5451 3494 5507 Ju-

1923 5551 2043 5616 daei,
2075 5550 2232 5604 aliter
2251 5549 2496 5619 apostoli.
2521 5547 2599 5601 llli
2624 5546 2691 5600 ad
2710 5545 2996 5616 judicium,
3023 5546 3115 5602 isti
3137 5546 3206 5602 ad
3226 5545 3452 5601 salutem
3473 5563 3490 5604 :

1991 5683 2017 5724 ά
2058 5683 2137 5737 Ex
2167 5680 2225 5736 S.
2245 5680 2415 5752 VAug.,
2448 5685 2606 5734 tract.
2627 5693 2810 5738 Lxxvr,
2840 5677 3072 5752 num._2,
3098 5676 3155 5741 4,
3180 5675 3232 5731 5.

1996 5767 2019 5794 θ
2055 5753 2137 5807 Ex
2160 5748 2367 5816 eodem,
2392 5757 2548 5805 tract.
2576 5764 2779 5814 Lxxvn,
2809 5763 2958 5802 num.
2988 5748 3040 5802 1.

1995 5824 2019 5864 ⁴
2061 5824 2140 5879 Ex
2171 5822 2229 5878 S.
2259 5822 2446 5894 Greg.,
2475 5819 2696 5876 homilia
2721 5821 2909 5888 citata,
2938 5833 3088 5874 num.
3120 5819 3173 5874 5.

2977 5909 3054 5972 30
