4088 6340
616 297 722 356 939
1483 292 1544 347 Β.
1585 290 1648 347 F.
1677 288 1904 347 ALBINI
1943 290 2076 347 SEU
2108 289 2385 350 ALCUINI
2417 292 2702 354 OPERUM
2735 294 2917 354 PARS
2946 295 3011 354 II.
3775 296 3888 357 940

612 411 740 487 quia
763 411 866 468 hos
890 408 1112 482 spiritus
1138 407 1195 464 in
1222 406 1401 463 animo
1433 405 1646 473 docuit,
1684 406 1831 477 quod
1853 403 1988 462 toris
2011 405 2197 463 audie-
2221 410 2275 473 Α
2298 407 2556 466 inferno?
2590 402 2840 469 Christus
2883 404 3059 480 Iesus,
3108 414 3204 470 sed
3248 414 3304 470 in
3344 411 3525 469 anima
3566 411 3704 470 sola.
3749 410 3891 481 Quis

574 578 577 581 η
615 506 995 562 mutinaure.
2297 511 2700 567 resurrecturus
2742 505 2923 565 triduo
2975 507 3149 578 iacuit
3198 507 3255 565 in
3292 505 3582 577 sepulcra?
3630 503 3891 573 Sitiﬁm

685 595 849 659 Vna.
870 595 961 651 Ἠ.
987 622 1060 645 -ε-
1080 591 1277 649 Pacem
1313 589 1550 662 relinquo
1576 591 1721 649 vobis
1742 630 1758 657 ,
1798 606 1980 662 pm
2024 605 2197 649 mm

614 686 687 744 de
710 687 874 744 vobis.
907 686 968 743 In
995 700 1129 757 pace
1164 683 1412 755 relinquo
1452 698 1551 740 vos
1572 724 1588 750 ,
1637 684 1693 741 in
1720 698 1855 754 pace
1888 683 2106 741 veniam
2127 683 2196 747 ad

613 796 732 840 vos.
774 779 876 836 Hic
901 777 1149 848 relinquo
1172 816 1189 843 ,
1232 776 1342 832 illic
1384 776 1472 832 do.
1526 774 1887 845 Sequentibus
1928 763 2194 845 relinquo,

610 868 1053 946 pervenientibus
1085 867 1173 924 do.
1213 884 1233 921 ι
1267 877 1295 911 ι
1322 865 1517 923 Pacem
1544 865 1802 935 relinquit
1833 865 1991 925 nobis
2013 865 2068 921 in
2093 864 2197 921 hoc

611 964 828 1030 seculo,
874 975 1065 1033 pacem
1110 974 1268 1021 suam
1293 959 1446 1021 dabit
1471 958 1629 1027 nobis
1656 959 1711 1019 in
1751 955 1935 1019 futuro
1975 958 2194 1021 saeculo.

609 1053 808 1111 Pacem
849 1050 1108 1122 relinquit
1146 1051 1304 1108 nobis
1324 1089 1340 1117 ,
1370 1058 1433 1107 ut
1473 1064 1573 1107 nos
1608 1049 1841 1109 invicem
1864 1048 2146 1119 diligamus
2177 1067 2192 1104 :

609 1161 802 1219 pacem
828 1160 982 1203 suam
1004 1144 1154 1201 dabit
1194 1142 1352 1200 nobis
1373 1184 1389 1210 ,
1416 1142 1509 1202 ubi
1529 1157 1806 1212 nunquam
1826 1141 2061 1209 invicem
2088 1142 2197 1203 dis-

609 1238 815 1296 sentire
855 1236 1143 1309 possimus.
1189 1253 1209 1290 ι
1257 1234 1397 1302 Quid
1435 1243 1521 1291 est
1571 1234 1716 1305 quod
1764 1234 1895 1291 dicit
1938 1252 1951 1288 :
2001 1233 2197 1297 Pacem

609 1347 781 1391 Item
800 1330 869 1387 do
904 1330 1069 1395 vobis,
1099 1335 1157 1385 et
1175 1344 1284 1384 non
1312 1328 1448 1385 dixit
1481 1345 1496 1382 :
1532 1328 1729 1385 Pacem
1752 1344 1922 1397 nteant
1949 1327 2197 1397 relinquo

608 1423 797 1480 vobis?
814 1422 1084 1480 Fortassis
1103 1421 1231 1492 quia
1251 1420 1411 1476 aliter
1424 1435 1587 1487 nunc,
1607 1419 1767 1476 aliter
1780 1428 1908 1476 tunc
1925 1435 2033 1490 pax
2054 1418 2193 1487 erit;

606 1517 703 1576 hie
723 1532 857 1574 vero
876 1517 1018 1577 bella
1057 1531 1180 1573 cum
1206 1514 1353 1571 vitiis
1376 1514 1642 1571 habemus
1659 1554 1678 1581 ,
1711 1512 1836 1570 ideo
1858 1529 1968 1570 non
1992 1513 2198 1573 addidit

606 1624 781 1665 metu
804 1622 825 1661 :
853 1606 967 1664 illic
988 1623 1119 1664 vero
1164 1608 1220 1663 in
1262 1614 1468 1662 aeterna
1498 1621 1653 1678 pace,
1684 1612 1892 1661 eterna
1921 1605 2030 1661 erit
2047 1612 2197 1660 tran-

606 1699 849 1773 quillitas
870 1706 928 1756 et
947 1699 1260 1766 concordia,
1281 1705 1339 1759 et
1357 1697 1482 1755 talis
1503 1713 1630 1770 pax,
1654 1697 1869 1769 qualem
1894 1696 1986 1753 ille
2006 1695 2196 1754 habuit

2294 596 2482 667 issue,
2525 598 2624 656 sed
2656 600 2715 657 in
2739 614 2904 656 carne
2929 598 3063 657 sola.
3104 598 3311 657 Dicitur
3339 612 3469 670 ergo
3495 596 3886 660 etinhisaii-

2295 691 2436 762 gulis
2458 689 2736 759 Christus;
2767 706 2956 747 verum
2984 692 3102 747 haec
3128 690 3438 747 omnisnon
3467 690 3603 755 duo,
3633 688 3728 744 vel
3752 698 3885 757 tres,

2297 783 2393 840 sed
2413 799 2553 839 unus
2572 791 2657 840 est
2678 782 2945 840 Christus.
2985 782 3109 839 Ideo
3149 797 3281 854 ergo
3306 781 3444 841 dixit
3465 798 3478 839 :
3512 779 3571 840 Si
3589 781 3883 851 diliget-etis

2296 891 2398 941 nte,
2441 875 2736 946 gaudentis
2763 877 2958 948 utique,
3005 876 3128 947 quia
3168 875 3304 932 vado
3344 873 3417 933 ad
3454 871 3677 933 Patren!
3703 890 3723 929 :
3756 890 3885 944 qun-

2296 966 2443 1023 niam
2466 976 2671 1033 naturm
2696 968 2944 1031 humana:
2981 966 3356 1039 gratulandum
3381 973 3498 1031 est,
3535 980 3602 1023 eo
3633 965 3785 1035 quod
3811 965 3883 1021 sic

2297 1066 2571 1127 assumpta
2601 1066 2684 1113 est
2724 1073 2757 1113 a
2783 1056 2961 1114 Verbo
2984 1056 3286 1129 unigenito,
3315 1065 3377 1111 ut
3402 1055 3738 1115 immortalis
3761 1071 3882 1113 con-

2297 1150 2613 1205 stitueretur
2636 1151 2692 1205 in
2718 1149 2856 1206 creto
2880 1190 2895 1215 ,
2942 1157 3104 1218 atque
3130 1148 3204 1213 ita
3243 1148 3397 1205 ﬂeret
3432 1156 3579 1203 terra
3608 1146 3877 1212 sublimis,

2295 1249 2357 1296 ut
2401 1240 2825 1311 incorruptibilis
2863 1239 3040 1311 pulvis
3078 1239 3296 1298 sederet
3340 1239 3393 1297 in
3423 1238 3654 1295 dextera
3684 1237 3876 1294 Patris.

2297 1333 2410 1390 Hoc
2429 1334 2575 1390 enim
2600 1335 2761 1389 modo
2785 1349 2846 1390 se
2868 1334 3073 1390 iturum
3093 1333 3230 1389 dixit
3252 1333 3322 1389 ad
3345 1332 3596 1391 Patrem:
3624 1348 3741 1389 non
3767 1348 3879 1404 pro-

2296 1424 2438 1482 iecto
2466 1426 2646 1499 [Aug.,
2694 1442 2819 1482 nam
2859 1426 3126 1499 profecto]
3173 1428 3240 1483 ad
3286 1426 3434 1483 illum
3481 1426 3597 1483 ibat
3625 1427 3729 1497 qui
3764 1443 3875 1483 cum

2296 1518 2388 1574 illo
2414 1528 2561 1585 erat;
2584 1519 2681 1574 sed
2705 1519 2811 1577 hoc
2831 1527 2953 1575 erat
2990 1518 3071 1575 ire
3104 1518 3175 1575 ad
3205 1533 3353 1584 eum,
3380 1519 3645 1574 recedere
3698 1534 3732 1571 a
3788 1534 3874 1573 no-

2294 1610 2411 1678 bis;
2450 1620 2662 1667 mutare
2704 1621 2866 1683 atque
2904 1611 3210 1668 immortale
3241 1611 3421 1667 facere
3458 1614 3605 1683 quod
3658 1612 3874 1669 mortale

2296 1701 2533 1772 suscepit
2551 1717 2617 1757 ex
2638 1702 2813 1767 nobis,
2844 1711 2901 1758 et
2927 1703 2995 1763 ad
3024 1702 3305 1758 dexteram
3319 1703 3657 1758 constituere
3683 1702 3868 1766 Patris,

605 1807 734 1850 cum
761 1793 939 1864 seipse
963 1793 1058 1863 qui
1098 1792 1305 1847 nullum
1347 1791 1543 1848 habuit
1575 1791 1632 1846 in
1675 1791 1854 1861 seipse
1880 1797 2188 1862 peccatum.
2220 1801 2271 1864 Β
2293 1801 2349 1849 et
2370 1794 2551 1850 levare
2594 1794 2648 1848 in
2689 1794 2920 1860 coelum,
2961 1809 3060 1865 per
3087 1795 3228 1864 quod
3253 1793 3357 1848 fuit
3385 1794 3441 1849 in
3477 1801 3625 1848 terra
3656 1810 3756 1865 pro
3782 1810 3870 1850 no-

608 1884 736 1940 Non
765 1880 1024 1957 quomodo
1044 1882 1272 1937 mundus
1296 1881 1411 1948 dat,
1438 1897 1531 1952 ego
1555 1880 1628 1936 do
1649 1880 1815 1936 nobis.
1852 1879 1911 1936 Id
1943 1886 2056 1944 est,
2084 1892 2192 1935 non
2232 1872 2259 1895 ’τ

609 1977 882 2047 quomodo
910 1976 965 2031 in
1014 1975 1215 2031 mundo
1252 1972 1382 2047 [Δις.
1407 2015 1421 2041 ,
1452 1970 1739 2043 immundi]
1772 1971 2022 2029 homines
2050 1985 2195 2042 saepe

606 2053 715 2124 sibi
742 2066 800 2122 in
826 2080 924 2123 sua
950 2065 1154 2120 malitia
1184 2063 1537 2130 concordant,
1567 2064 1662 2119 sed
1681 2063 1953 2134 quomodo
1973 2062 2064 2133 qui
2089 2060 2193 2118 sibi

605 2158 664 2215 in
692 2158 981 2215 sanctitate
1007 2155 1340 2214 concordant
1360 2196 1378 2223 ,
1423 2163 1482 2211 et
1519 2155 1576 2210 in
1603 2154 1808 2211 Christi
1839 2168 1899 2210 se
1925 2153 2197 2209 eharitate

607 2250 957 2321 coniungunt.

672 2342 835 2414 αξ
863 2342 1026 2399 Vsus.
1050 2340 1144 2398 28.
1173 2370 1247 2384 --
1268 2338 1395 2397 Non
1415 2340 1652 2396 turbetur
1675 2356 1767 2401 cor
1784 2348 2010 2406 oestrum
2032 2354 2197 2411 neque

603 2424 871 2506 formidet.
906 2432 1142 2489 Audistis
1167 2473 1184 2500 ,
1235 2434 1363 2506 quia
1403 2434 1518 2490 disi
1544 2434 1685 2490 vobis
1712 2447 1731 2486 :
1780 2431 1930 2489 Vade
1954 2442 2004 2489 et
2044 2423 2196 2487 aea'tie

603 2528 674 2584 ad
698 2544 809 2583 vos.
857 2544 876 2580 ι
903 2527 935 2569 ὶ
963 2526 1104 2583 Iliae
1148 2527 1359 2587 turbari
1410 2536 1470 2583 et
1518 2526 1814 2587 formidare
1841 2532 2055 2597 poterat
2099 2539 2198 2585 ων

601 2619 820 2676 illorum
838 2657 853 2685 ,
906 2618 1050 2689 quod
1092 2619 1207 2675 ibat
1236 2620 1306 2674 ab
1334 2619 1416 2674 eis
1433 2659 1448 2684 ,
1493 2619 1744 2690 quamvis
1764 2626 2027 2674 venmrus
2050 2623 2198 2673 esset

602 2713 673 2768 ad
700 2726 794 2768 eos
816 2725 943 2771 :.ne
966 2710 1154 2767 forsan
1193 2725 1417 2782 gregem
1463 2711 1624 2782 lupus
1652 2713 1758 2769 hoc
1802 2710 2085 2767 intervallo
2112 2711 2196 2765 in-

601 2806 847 2871 vaderet,
870 2808 1093 2875 pastore
1117 2804 1360 2860 absente.
1402 2803 1510 2861 Sed
1537 2821 1568 2859 a
1597 2805 1795 2877 quibus
1820 2806 1983 2861 homo
2007 2805 2196 2861 absce-

601 2890 785 2964 debat,
813 2896 957 2953 Deus
979 2913 1087 2952 non
1114 2897 1490 2968 relinquebat:
1517 2906 1573 2954 et
1598 2898 1741 2953 idem
1772 2899 1886 2969 ipse
1910 2897 2191 2964 Christus,

601 2985 660 3045 et
686 2990 849 3045 homo
875 2995 934 3045 et
958 2987 1122 3044 Deus.
1161 2988 1304 3059 Ergo
1338 2988 1450 3043 ibat
1485 3001 1585 3059 per
1614 2989 1670 3044 id
1694 2991 1838 3059 quod
1865 2990 2027 3056 homo
2052 2996 2194 3055 erat,

601 3089 659 3139 et
684 3080 944 3137 manebat
968 3095 1069 3152 per
1105 3079 1161 3135 id
1186 3080 1331 3149 quod
1361 3079 1503 3135 Deus
1527 3087 1680 3146 erat;
1709 3080 1825 3135 ibat
1844 3096 1944 3151 per
1971 3080 2027 3135 id
2054 3080 2199 3151 quod

2291 1884 2395 1941 bis.
2428 1905 2446 1937 ι
2481 1885 2683 1941 Deinde
2706 1887 2821 1957 ipse
2842 1886 3104 1949 Dominus
3131 1884 3290 1941 Iesus
3308 1884 3590 1956 subiunxit
3615 1906 3628 1940 :

2362 1987 2526 2042 Vsus.
2548 1987 2639 2043 29.
2662 2017 2733 2027 —-
2756 1987 2826 2041 Et
2853 2003 2989 2041 nunc
3030 1988 3145 2041 dixi
3193 1986 3334 2041 vobis
3359 2025 3376 2052 ,
3415 1988 3724 2057 priusquam
3760 1988 3868 2056 ﬁet,

2292 2089 2349 2135 ut
2378 2097 2497 2135 cum
2519 2080 2716 2151 factum
2741 2080 2918 2152 fuerit,
2944 2080 3189 2134 credatis.
3243 2098 3263 2131 ι
3293 2090 3317 2118 ο
3343 2078 3478 2134 Illud
3504 2079 3686 2150 utique
3719 2080 3867 2146 dicit,

2292 2188 2412 2228 cum
2450 2173 2647 2243 factum
2686 2172 2881 2244 fuerit,
2930 2173 3072 2244 quod
3115 2187 3239 2227 eum
3266 2179 3392 2244 post
3432 2181 3647 2227 mortem
3691 2171 3862 2226 visuri

2294 2273 2449 2320 erant
2488 2265 2787 2331 viventem,
2828 2272 2883 2320 et
2925 2263 2991 2319 ad
3030 2263 3247 2319 Patrem
3280 2248 3666 2320 ascendentem
3698 2283 3713 2316 -.
3755 2278 3862 2334 quo

2294 2349 2430 2424 viso,
2460 2359 2591 2414 illud
2618 2356 2833 2413 fuerant
2859 2357 3118 2413 credituri
3142 2356 3288 2437 quod
3316 2356 3432 2428 ipse
3453 2364 3600 2411 esset
3629 2354 3870 2412 Christus

2294 2452 2463 2508 Filius
2482 2451 2598 2519 Dei,
2627 2451 2717 2522 qui
2744 2451 2917 2523 potuit
2942 2450 3046 2506 hoc
3068 2448 3248 2506 facere
3269 2446 3389 2506 cum
3418 2447 3792 2519 praedixisset,
3819 2457 3868 2505 et

2293 2544 2611 2618 praedicaret
2635 2540 2818 2615 [Auy.,
2849 2551 2904 2599 et
2924 2538 3265 2615 przcdicere],
3290 2548 3584 2618 antequam
3608 2540 3817 2597 iacent.
3842 2560 3859 2594 ι

2293 2616 2551 2713 Poterant
2576 2635 2721 2690 enim
2751 2634 2998 2691 dubitare
3023 2634 3069 2690 si
3094 2633 3263 2689 Filius
3288 2633 3383 2689 Dei
3415 2616 3589 2700 esset,
3615 2650 3734 2690 cum
3756 2650 3864 2691 eum

2293 2729 2545 2785 viderunt
2573 2727 2933 2783 moriturum:
2962 2728 3057 2783 sed
3100 2741 3223 2783 cum
3262 2727 3513 2782 viderunt
3548 2744 3681 2783 eum
3707 2742 3865 2783 surre-

2293 2821 2461 2886 xisse,
2490 2819 2857 2876 credcbantin
2888 2835 2995 2890 quo
3023 2825 3181 2874 antea
3219 2818 3564 2884 dubitabant,
3608 2826 3669 2874 et
3693 2818 3863 2874 conﬁr-

2296 2925 2441 2970 mata
2466 2923 2556 2969 est
2589 2912 2722 2968 ﬁdes
2749 2913 2805 2967 in
2831 2913 3085 2968 cordibus
3122 2927 3309 2967 eorum
3347 2927 3511 2983 quam
3556 2912 3668 2968 illis
3690 2911 3867 2982 prredi-

2296 3013 2481 3067 xerat,
2538 3003 2630 3074 qui
2673 3010 2726 3058 et
2765 3018 2860 3058 ore
2899 3002 3148 3073 promisit
3191 3002 3332 3071 quod
3374 3000 3622 3057 facturus
3667 3010 3800 3064 erat,
3824 3010 3869 3056 et

2296 3112 2460 3168 opere
2509 3096 2795 3167 complevit
2838 3096 2981 3173 quod
3025 3103 3150 3149 ante
3195 3095 3463 3165 praedixit.
3518 3093 3736 3151 Deinde
3762 3093 3871 3165 quid

599 3174 660 3230 in
700 3189 810 3230 “no
838 3173 958 3231 ίοθθ
1004 3180 1161 3238 δι’δι’
1212 3180 1269 3228 ει
1312 3174 1692 3244 “1311313393B
1732 3172 1788 3228 id
1813 3173 1956 3261 quod
1994 3172 2194 3243 ubique
2221 3183 2269 3249 C
2298 3191 2464 3245 dicit:
2495 3190 2682 3261 (Vsus.
2728 3187 2820 3261 50)
2861 3188 2985 3243 lam
3012 3204 3117 3242 non
3155 3186 3323 3241 multa
3361 3185 3552 3258 loquar
3597 3189 3866 3251 robiscnm,

601 3265 749 3322 Deus
787 3272 927 3321 erat.
986 3264 1157 3337 Igitur
1199 3264 1361 3331 Deus,
1407 3266 1499 3335 qui
1540 3265 1687 3321 nullo
1709 3252 2019 3321 continetur
2051 3266 2189 3332 loco,

606 3357 839 3414 discedit
862 3357 1148 3435 abeorum
1175 3358 1431 3415 cordibus
1462 3358 1557 3429 qui
1580 3373 1704 3413 eum
1731 3358 2046 3427 relinquunt
2077 3372 2195 3411 mo-

602 3448 759 3505 ribus
780 3489 795 3516 ,
826 3462 935 3504 non
980 3449 1207 3520 pedibus
1236 3468 1249 3503 :
1300 3455 1356 3504 et
1379 3450 1563 3504 veniet
1598 3449 1667 3504 ad
1694 3447 1815 3504 illos
1838 3450 1931 3519 qui
1958 3463 2190 3503 conver-

602 3551 794 3598 tuntur
839 3541 907 3597 ad
942 3555 1066 3596 eum
1105 3557 1214 3598 non
1251 3538 1417 3605 iacio,
1466 3540 1562 3596 sed
1590 3537 1727 3606 ﬁde,
1759 3548 1817 3594 et
1841 3540 2106 3597 accedunt
2125 3539 2194 3593 ad

602 3648 729 3691 eum
754 3647 864 3687 non
916 3647 1082 3688 carne
1104 3672 1119 3698 ,
1168 3630 1265 3687 sed
1309 3631 1595 3686 charitato.
1631 3649 1652 3683 ι
1696 3627 2062 3700 Sidiligeretis
2088 3645 2192 3693 me,

602 3712 900 3796 gaudentis
924 3725 1121 3796 utique,
1145 3724 1270 3795 quia
1294 3738 1387 3794 ego
1407 3722 1483 3776 ad
1507 3721 1721 3779 Patrem
1746 3721 1903 3788 uado,
1928 3722 2055 3793 quia
2084 3719 2196 3775 Ra-

602 3828 685 3875 ter
708 3816 882 3888 major
920 3832 1001 3872 me
1021 3825 1118 3871 est.
1158 3816 1438 3886 Tanquam
1466 3815 1511 3871 si
1539 3814 1780 3871 diceret:
1824 3812 2074 3875 Gaudere
2101 3813 2195 3869 de-

600 3912 765 3975 betis,
796 3910 923 3980 quia
954 3918 1111 3981 porto
1141 3923 1352 3965 mecum
1381 3907 1807 3967 consecrandam
1842 3906 2195 3979 fragilitatem

599 4011 863 4059 vestram.
924 4019 944 4053 ‹
966 4002 1073 4057 Per
1116 4001 1262 4072 quod
1306 4000 1468 4071 igitur
1509 3998 1680 4055 Filius
1713 4014 1820 4053 non
1848 4005 1933 4055 est
1972 3999 2197 4069 malis

599 4096 772 4164 Patri,
805 4110 904 4166 per
926 4092 1032 4151 hoc
1049 4101 1167 4152 erat
1190 4094 1366 4149 iturus
1388 4093 1457 4148 ad
1474 4091 1714 4157 Patrem,
1750 4106 1783 4147 a
1808 4106 1915 4161 quo
1934 4099 2198 4156 venturus

601 4196 686 4245 est
736 4187 890 4243 vivos
924 4187 1279 4258 iudicaturus
1326 4191 1384 4240 et
1427 4190 1713 4240 mortuos:
1744 4197 1842 4253 per
1890 4181 2021 4238 illud
2065 4195 2198 4238 vero

602 4283 749 4356 quod
787 4289 873 4337 est
913 4280 1137 4350 aequalis
1168 4278 1320 4333 Patri
1341 4318 1357 4343 ,
1400 4291 1675 4346 nunquam
1703 4275 1928 4331 recessit
1951 4289 1983 4335 a
2012 4274 2194 4340 Patre,

603 4375 700 4431 sed
724 4388 847 4429 cum
878 4371 971 4427 illo
1003 4378 1109 4436 est,
1138 4370 1339 4438 ubique
1361 4376 1527 4429 totus,
1558 4367 1678 4437 pari
1703 4367 2007 4432 divinitate,
2033 4381 2197 4437 quam

606 4468 792 4523 nullus
816 4464 1059 4520 continet
1083 4462 1253 4517 locus.
1279 4480 1298 4513 ι
1332 4478 1351 4511 ‹
1378 4459 1748 4531 Aguoscamus
1771 4460 2037 4530 geminam
2066 4461 2195 4515 sub-

2294 3284 2434 3337 venit
2459 3283 2599 3337 enim
2635 3280 2872 3357 princeps
2896 3279 3079 3333 mundi
3100 3278 3256 3349 hujus
3282 3292 3301 3329 :
3333 3296 3353 3329 ι
3383 3277 3538 3343 Quis,
3566 3279 3677 3333 nisi
3706 3279 3872 3334 diabo-

2294 3372 2420 3427 lus?
2446 3371 2516 3426 Et
2544 3373 2600 3427 in
2620 3388 2700 3425 me
2735 3387 2837 3425 non
2863 3369 3016 3424 habet
3048 3368 3333 3441 quidquam
3358 3387 3380 3435 ;
3423 3367 3634 3424 nullum
3684 3369 3875 3424 scilicet

2293 3463 2515 3519 omnino
2546 3469 2844 3533 peccatum.
2884 3459 2984 3516 Hic
3008 3461 3151 3516 enim
3176 3459 3359 3541 [Aug.,
3383 3459 3477 3515 Sic
3495 3460 3669 3533 enim]
3700 3468 3872 3516 osten-

2294 3554 2395 3620 dit,
2425 3552 2693 3609 diabolum
2721 3552 3020 3624 principem
3044 3565 3164 3607 esse
3197 3559 3547 3622 peccatorum
3579 3553 3868 3615 hominum,

2294 3661 2400 3701 non
2428 3653 2803 3701 creaturarum
2826 3630 2941 3698 Dei.
2965 3642 3033 3697 Et
3056 3642 3481 3713 quotiescunque
3503 3644 3696 3697 mundi
3720 3644 3873 3713 figura

2294 3738 2351 3795 in
2376 3739 2516 3793 mala
2559 3738 2739 3810 [Aug.,
2787 3738 2840 3791 in
2881 3734 3031 3808 mali]
3081 3735 3473 3808 signiﬁcatione
3498 3737 3746 3806 ponitur,
3778 3751 3873 3791 non

2294 3832 2531 3888 ostendit
2560 3831 2665 3886 nisi
2709 3829 2894 3884 mundi
2948 3828 3105 3884 istius
3146 3837 3458 3895 amatores,
3502 3838 3558 3884 et
3602 3846 3721 3885 non
3767 3824 3871 3885 Dei.

2294 3925 2453 3981 Absit
2479 3924 2624 3980 enim
2651 3932 2713 3977 ut
2743 3923 3027 3978 credamus
3051 3921 3349 3994 principem
3384 3938 3506 3979 esse
3539 3924 3665 3979 oculi
3696 3936 3753 3980 ει
3778 3932 3874 3979 εει·-

2295 4035 2403 4084 rte,
2430 4026 2485 4073 et
2507 4023 2877 4073 creaturarum
2906 4014 3147 4069 omnium
3186 4030 3307 4084 qua:
3335 4015 3666 4086 generaliter
3696 4014 3876 4072 mundi

2298 4107 2504 4184 [SuppL
2532 4149 2547 4173 ,
2587 4107 2772 4163 mundi
2810 4105 3050 4179 nomine]
3079 4106 3435 4178 appellantur.
3497 4107 3671 4165 Totus
3708 4112 3878 4178 itaque

2297 4202 2530 4257 mundus
2567 4200 2734 4257 servit
2756 4214 2854 4255 suo
2881 4199 3113 4256 creatori
3132 4240 3147 4265 ,
3189 4213 3300 4254 non
3330 4198 3640 4269 deceptori;
3674 4202 3879 4256 redem-

2296 4288 2461 4362 ptori,
2491 4304 2599 4345 non
2625 4288 3039 4360 interemptori:
3071 4307 3092 4342 ι
3145 4293 3201 4342 et
3236 4280 3443 4357 regitur
3482 4288 3879 4357 dispensatione

2298 4381 2499 4446 divina,
2526 4394 2633 4434 non
2662 4379 2863 4434 inimici
2892 4379 3132 4434 versutia
3158 4377 3518 4445 subvertitur,
3554 4389 3767 4448 praeter
3787 4380 3877 4434 lu»

2298 4474 2474 4530 mines
2500 4472 2672 4542 partis
2701 4470 2844 4526 illius
2871 4473 2961 4540 qui
2984 4471 3204 4542 propria
3225 4469 3524 4534 voluntate,
3556 4486 3669 4525 non
3696 4486 3879 4527 neces-

604 4556 861 4631 stantiam
890 4552 1119 4618 Christi,
1166 4552 1405 4607 divinam
1449 4550 1689 4616 scilicet,
1738 4565 1846 4619 qua
1871 4551 2092 4620 aequalis
2113 4559 2198 4607 est
2227 4543 2274 4629 Ι)
2298 4566 2458 4621 suam
2484 4564 2664 4632 anqua
2696 4577 2754 4618 se
2783 4562 3078 4632 subjiciam
3104 4562 3336 4618 diabolo,
3387 4560 3537 4617 unde
3566 4570 3625 4617 ει
3648 4561 3880 4635 Apes».

605 4644 785 4711 Patri;
830 4644 1121 4699 humanam
1169 4659 1275 4714 qua
1319 4643 1495 4714 major
1540 4651 1623 4698 est
1676 4641 1871 4699 Pater:
1903 4650 2193 4715 utrumque

605 4744 789 4794 autem
817 4734 1016 4802 simul,
1062 4750 1169 4790 non
1197 4734 1326 4800 duo,
1372 4734 1467 4791 sed
1507 4749 1649 4790 unus
1694 4733 1976 4803 Christus,
2018 4752 2084 4793 ne
2124 4737 2195 4794 sit

605 4828 964 4902 quaternitas,
995 4827 1091 4882 sed
1118 4826 1358 4884 Trinitas
1388 4827 1553 4884 Deus.
1593 4825 1748 4885 Sicut
1770 4829 1915 4883 enim
1935 4845 2076 4886 unus
2107 4838 2194 4886 est

605 4924 789 4997 homo,
818 4920 997 5001 anima
1024 4920 1300 5001 rationalis
1341 4927 1397 4975 et
1439 4935 1603 4987 caro,
1633 4920 1715 4976 sic
1739 4935 1882 4976 unus
1907 4928 1991 4978 est
2031 4921 2191 4978 Chri-

605 5021 725 5070 stus
750 5011 895 5069 Deus
913 5017 971 5067 et
997 5011 1196 5066 homo:
1225 5026 1291 5065 ac
1327 5026 1425 5082 per
1471 5012 1575 5068 hoc
1619 5011 1871 5069 Christus
1908 5020 1992 5067 est
2025 5012 2187 5079 Deus,

607 5105 785 5185 anima
812 5103 1095 5185 rationalis
1119 5110 1175 5161 et
1199 5119 1330 5162 earo
1355 5122 1368 5159 :
1395 5102 1675 5161 Christum
1704 5105 1761 5159 in
1796 5105 1884 5160 bis
1913 5105 2187 5174 omnibus,

606 5171 882 5273 Christum
906 5178 981 5254 (in
1020 5196 1245 5270 singulis
1290 5195 1629 5253 conﬁtemur.
1677 5192 1810 5262 Quis
1831 5206 1915 5251 est
1937 5210 2067 5267 ergo
2093 5171 2183 5267 pet

605 5284 771 5366 quem
813 5288 992 5349 factus
1034 5276 1137 5347 est.
1163 5288 1435 5345 mundus?
1471 5278 1721 5344 Christus
1762 5286 1960 5354 Iesus,
2011 5289 2106 5344 sed
2135 5290 2191 5349 in

606 5376 784 5440 hrma
822 5379 939 5461 Dei.
994 5379 1125 5448 Quis
1170 5388 1255 5435 est
1298 5380 1397 5435 sub
1442 5377 1634 5435 Pontio
1662 5379 1836 5434 Pilato
1855 5368 2192 5435 cruciﬁxus?

606 5471 858 5535 aristas
882 5470 1060 5541 Iesus,
1088 5473 1183 5530 sed
1207 5472 1263 5528 in
1290 5471 1464 5529 forma
1488 5473 1652 5528 servi.
1691 5471 1824 5528 Item
1867 5471 1935 5528 de
1968 5473 2195 5545 singulis

609 5562 810 5640 quibus
858 5565 1021 5622 homo
1074 5571 1305 5621 constat.
1367 5563 1499 5631 Quis
1542 5579 1649 5619 non
1694 5571 1778 5619 est
1819 5563 2110 5620 derelictus
2138 5565 2190 5619 in

684 5691 714 5750 9
747 5679 829 5750 Ex
857 5677 917 5750 ξ.
936 5679 1099 5750 Aug.,
1119 5679 1225 5735 loc.
1250 5679 1369 5745 cit.,
1393 5694 1543 5735 num.
1566 5680 1622 5736 5.

683 5748 715 5789 δ
752 5749 834 5805 Ex
860 5747 920 5805 ὃ.
948 5747 1111 5833 Aug"
1136 5757 1294 5808 tract.
1322 5766 1528 5818 Lxxvu,
1554 5764 1706 5807 num.
1733 5748 1844 5806 1-3.

2294 4656 2378 4712 lus
2407 4657 2515 4712 ait:
2549 4655 2674 4711 Non
2693 4665 2771 4710 est
2796 4655 2944 4709 nobis
2978 4654 3282 4710 colluctatio
3320 4655 3570 4710 adversus
3604 4662 3882 4713 ementes

2294 4748 2617 4819 sanguinem,
2664 4744 2719 4800 id
2745 4752 2831 4801 est
2852 4785 2868 4811 ,
2919 4745 3176 4803 adversus
3215 4744 3481 4809 homines,
3508 4745 3605 4799 sed
3633 4747 3882 4802 adversus

2291 4846 2568 4911 potestates
2593 4877 2608 4901 ,
2662 4844 2713 4890 et
2760 4844 2983 4892 rectores
3031 4835 3364 4889 tenebrarum
3419 4835 3615 4890 Iterum
3654 4835 3677 4907 (
3690 4836 3879 4907 ἔρια.

2294 4944 2366 4992 vr,
2397 4926 2507 4999 li),
2549 4927 2605 4983 id
2627 4934 2714 4983 est
2734 4966 2748 4991 ,
2785 4934 3151 4997 peccatorum,
3179 4926 3277 4997 qui
3311 4926 3368 4981 in
3393 4928 3638 4984 tenebris
3661 4937 3883 4985 manent

2289 5020 2608 5091 iniquitatis.
2646 5020 2792 5087 Quos
2813 5027 3084 5087 rectores,
3114 5019 3333 5091 angelos
3359 5021 3523 5094 ωδ
3547 5037 3673 5078 esse
3702 5025 3883 5081 deses»

2290 5118 2436 5183 tores
2474 5111 2737 5181 designat.
2798 5109 2905 5166 Sed
2953 5119 3081 5168 sunt
3124 5112 3217 5182 qui
3257 5129 3356 5184 per
3389 5114 3624 5184 gratiam
3649 5117 3755 5173 Dei
3783 5130 3883 5172 non

2290 5203 2524 5274 propriis
2544 5203 2756 5259 meritis
2784 5203 2908 5257 inde
2930 5212 3213 5269 eruuntur,
3242 5205 3309 5261 de
3327 5205 3523 5276 quibus
3547 5207 3627 5262 ait
3646 5208 3884 5281 Aposto-

2291 5295 2410 5351 lus:
2442 5294 2640 5350 Fuistis
2667 5295 2951 5364 aliquando
2981 5298 3205 5353 tenebrce
3224 5339 3240 5364 ,
3295 5316 3432 5353 nunc
3472 5307 3653 5354 autem
3693 5301 3795 5355 lux
3835 5302 3883 5354 in

2298 5386 2539 5455 Domino,
2563 5398 2623 5443 ut
2645 5388 2745 5458 ﬁlii
2773 5388 2905 5443 lucis
2925 5388 3190 5445 ambulate
3209 5389 3426 5463 (Ephcs.
3448 5406 3500 5454 ν,
3525 5388 3606 5463 8).
3646 5388 3891 5463 Satyro-

2291 5480 2392 5534 tias
2417 5479 2528 5534 Deo
2550 5480 2638 5551 qui
2661 5479 2796 5534 eruit
2816 5496 2942 5547 nos,
2983 5481 3123 5536 sicut
3149 5481 3293 5536 idem
3320 5481 3452 5537 dicit
3478 5472 3800 5551 Apostolus,
3828 5480 3889 5533 δε

2291 5579 2542 5636 potestate
2568 5570 2899 5625 tenebrarum
2919 5612 2934 5637 ,
2969 5581 3019 5626 et
3051 5570 3319 5627 transtulit
3342 5574 3399 5627 in
3420 5588 3640 5644 rem
3663 5573 3892 5629 clariu-

2366 5694 2389 5722 ο
2430 5684 2509 5738 Ex
2534 5683 2747 5751 eodem,
2776 5690 2931 5745 tract.
2954 5701 3140 5755 usus,
3163 5667 3318 5751 num.
3345 5686 3398 5753 I,
3424 5684 3478 5751 3.
