4088 6340
251 411 352 470 9M

1105 405 1518 464 EXEGETICA.
1555 405 1910 464 COMMENT.
1949 403 2020 464 IN
2051 403 2244 462 JOKN.
2281 435 2354 448 -
2387 405 2516 464 LIB.
2557 406 2646 462 Vl.

3399 405 3506 464 9H

247 525 318 582 tis
357 522 488 578 filii
513 521 594 580 sui
619 519 763 594 [Ms.,
805 517 934 576 Filii
957 518 1210 574 claritatis
1231 519 1364 592 sure]
1387 518 1610 590 (Coloss.
1639 537 1682 586 ι,
1715 519 1825 592 15).
1857 524 1910 582 Δ
1933 527 1988 574 et
2019 527 2078 578 ut
2107 519 2226 589 plus
2249 517 2414 584 ferat,
2445 519 2760 590 purgabitur
2789 535 2802 572 :
2841 525 2898 572 et
2925 520 3030 574 hoc
3047 533 3154 574 non
3185 534 3218 576 ιι
3243 534 3322 584 se,
3351 522 3450 578 sed
3471 537 3506 578 ι

255 634 276 670 s
301 614 362 672 In
384 629 492 684 quo
510 613 758 682 princeps
785 609 944 680 hujus
969 611 1180 676 mundi,
1217 613 1320 668 hoc
1346 619 1448 676 est,
1477 613 1824 668 tenebrarum

247 707 442 768 harum
465 745 478 768 ,
531 719 638 766 non
677 702 909 762 habebat
941 701 1234 772 quidquam
1267 722 1278 756 :
1325 704 1454 776 quia
1495 718 1670 772 neque
1701 719 1824 760 cum

247 807 468 870 peccato
505 796 648 860 Deus
693 803 946 862 venerat,
987 809 1088 856 nec
1127 797 1244 866 ejus
1277 811 1498 854 carnem
1529 797 1596 852 de
1617 796 1828 866 peccati

245 885 540 960 propagine
561 887 714 954 virgo
741 893 1044 956 pepererat.
1069 885 1138 940 Et
1163 893 1420 956 tanquam
1441 887 1492 944 ei
1513 886 1786 944 diceretur
1809 903 1824 938 :

246 978 358 1036 Cur
376 993 506 1050 ergo
527 978 799 1044 morieris,
835 977 884 1034 si
909 992 1018 1036 non
1053 977 1220 1042 habes
1245 985 1528 1048 peccatum
1547 1017 1564 1043 ,
1611 977 1700 1034 cui
1727 977 1828 1034 (in-

245 1071 476 1128 bebatur
551 1071 746 1132 mortis
809 1070 1165 1142 supplicium?
1227 1073 1482 1130 continuo
1531 1071 1764 1141 subjecit
1809 1089 1824 1126 :

247 1165 436 1238 (Vens.
487 1161 580 1234 3|)
633 1161 740 1220 Sed
779 1173 838 1220 ut
875 1171 1148 1234 cognoscat
1197 1163 1440 1228 mundus,
1493 1163 1616 1234 quia
1663 1162 1826 1234 diligo

251 1254 482 1318 Patrem,
511 1263 560 1310 et
579 1254 714 1310 sicut
734 1254 1044 1310 mandatum
1081 1253 1222 1320 dedit
1251 1255 1380 1310 mihi
1418 1250 1604 1320 Pater,
1641 1254 1717 1308 sic
1745 1253 1829 1324 fau-

245 1349 348 1404 cio.
381 1347 610 1418 Surgite,
633 1365 812 1412 eamus
847 1348 994 1412 hinc.
1035 1347 1388 1410 Discumhcns
1417 1347 1561 1406 enim
1583 1347 1824 1406 discum-

244 1439 496 1506 hentibus
513 1439 854 1508 loquebatur.
871 1438 1070 1502 Eamus
1093 1447 1272 1494 autem
1283 1438 1450 1504 dixit;
1477 1438 1618 1508 quo?
1640 1439 1742 1496 nisi
1757 1439 1830 1494 ad-

247 1533 396 1592 illum
418 1531 616 1596 locum,
649 1531 789 1586 unde
813 1529 1319 1594 fuerattradendus.
1361 1529 1456 1586 Est
1479 1531 1644 1601 igitur
1665 1531 1828 1588 morti

245 1625 502 1690 traditus,
532 1623 624 1693 qui
647 1623 850 1680 nullum
883 1621 1116 1684 habebat
1144 1621 1398 1682 meritum
1425 1623 1620 1678 mortis
1642 1620 1828 1696 :-[sed]

247 1719 484 1776 habebat
505 1725 568 1778 ut
585 1723 906 1778 moreretur.
935 1716 1250 1776 mandatum
1275 1714 1470 1772 Patris.
1503 1735 1522 1768 ι
1561 1715 1820 1786 Sequitur

249 1810 442 1874 enim:

783 1917 1012 1976 CAPUT
1047 1917 1290 1974 XXXVI.

250 2035 318 2095 Se
338 2039 506 2111 ipsum
525 2039 700 2111 uitem,
724 2033 938 2091 Patrem
973 2053 1090 2111 vero
1112 2034 1396 2111 agricolam
1437 2033 1633 2111 dicens,
1673 2034 1825 2088 disci-

316 2105 568 2184 pulosque
594 2109 848 2184 palmites,
879 2125 939 2184 ac
977 2108 1088 2184 sine
1131 2123 1183 2160 se
1224 2105 1352 2184 nihil
1375 2121 1460 2184 eos
1484 2105 1655 2174 facere
1677 2121 1828 2184 posse

315 2175 554 2238 testatur.
581 2175 648 2236 Et
671 2179 846 2236 multis
871 2178 1190 2234 locutionum
1213 2177 1378 2234 modis
1403 2175 1626 2232 alterum
1649 2176 1722 2230 eis
1741 2175 1828 2230 di-

317 2251 586 2308 lectionem
613 2249 835 2304 inculcat
861 2290 877 2314 ,
915 2248 1063 2316 cujus
1105 2246 1286 2300 merito
1309 2257 1536 2316 possent,
1559 2244 1826 2318 quodcun-

317 2340 415 2394 que
437 2321 695 2394 petierint,
721 2319 1015 2388 impetrare.

319 2453 500 2512 Cum
532 2466 620 2514 xv,
651 2451 812 2506 Vsus.
838 2451 889 2506 1.
917 2481 988 2492 -
1011 2451 1122 2520 Ego
1161 2469 1278 2506 sum
1311 2452 1428 2508 uitis
1471 2469 1614 2518 uera,
1661 2461 1712 2506 et
1737 2469 1830 2508 eos

247 2545 506 2618 palmites.
547 2543 698 2602 lianc
741 2542 1144 2600 similitudinem
1191 2545 1322 2600 dicit
1356 2559 1455 2614 per
1491 2545 1594 2600 hoc
1619 2585 1634 2610 ,
1682 2544 1830 2615 quod

247 2649 336 2696 est
360 2645 520 2710 caput
542 2637 818 2702 Ecdesiai,
845 2651 1052 2708 nosque
1079 2639 1322 2694 membra
1343 2635 1478 2705 ejus.
1521 2637 1658 2692 Cum
1683 2643 1830 2692 esset

247 2733 308 2790 in
331 2731 504 2788 forma
537 2731 634 2788 Dei
657 2729 874 2800 aequalis
901 2729 1068 2794 Patri,
1099 2727 1272 2784 factus
1291 2737 1378 2784 est
1405 2730 1458 2783 in
1485 2727 1658 2784 l‘orma
1685 2727 1826 2784 servi

251 2824 518 2882 mediator
567 2821 664 2880 Dei
705 2829 762 2880 et
813 2821 1090 2880 hominum
1137 2822 1300 2878 homo
1331 2821 1582 2877 Christus
1609 2819 1770 2876 Jesus
1797 2831 1824 2862 ⁸

251 2913 306 2988 (1
337 2913 468 2970 Tim.
503 2929 562 2978 ιι,
593 2913 672 2986 5).
721 2931 744 2968 s
767 2913 796 2954 δ
823 2913 994 2972 Unius
1011 2913 1210 2984 quippe
1229 2920 1436 2968 natm-re
1459 2921 1584 2968 sunt
1609 2913 1736 2968 vitis
1771 2917 1828 2968 et

249 3008 534 3078 palmites:
563 3015 782 3078 propter
803 3008 946 3078 quod
973 3022 1098 3064 cum
1125 3015 1268 3062 esset
1291 3006 1450 3070 Deus,
1491 3008 1642 3077 cujus
1669 3015 1826 3060 natu-

249 3116 328 3160 ra
353 3115 460 3158 non
487 3115 702 3166 sumus,
739 3099 916 3156 factus
937 3107 1022 3154 est
1049 3100 1212 3154 homo
1235 3107 1296 3154 ut
1329 3100 1386 3154 in
1413 3099 1506 3154 illo
1537 3107 1682 3154 esset
1703 3099 1827 3154 vitis

251 3192 490 3250 humana
519 3198 732 3256 natura,
781 3191 922 3248 unde
965 3205 1066 3246 nos
1108 3190 1356 3246 homines
1395 3190 1646 3260 palmites
1685 3189 1826 3246 illius

249 3299 372 3340 esse
393 3299 690 3353 possemus.
721 3303 742 3336 ι
775 3283 928 3340 Sicut
957 3285 1100 3338 enim
1129 3285 1264 3350 ovis,
1294 3299 1482 3353 agnus,
1513 3285 1616 3348 leo,
1645 3293 1824 3356 petra,

251 3375 389 3445 lapis
426 3375 698 3444 angularis
737 3389 836 3446 per
880 3375 1284 3432 similitudinem
1317 3377 1515 3432 dicitur
1557 3377 1822 3442 Christus,

251 3466 332 3526 ita
358 3474 412 3522 et
453 3467 582 3522 vitis
629 3482 726 3536 per
763 3467 1166 3524 similitudinem
1197 3469 1374 3524 dictus
1410 3475 1511 3524 est.
1569 3467 1677 3522 Sed
1699 3469 1828 3538 quid

249 3567 338 3616 est
363 3560 482 3624 hoc,
511 3559 656 3629 quod
681 3559 834 3624 dixit,
869 3558 1012 3626 sera,
1043 3561 1145 3616 nisi
1174 3563 1300 3631 quia
1329 3571 1411 3618 est
1439 3571 1496 3618 et
1523 3563 1646 3618 vitis
1667 3561 1824 3628 falsa,

249 3651 322 3710 de
347 3667 454 3721 qua
487 3652 540 3706 in
566 3651 832 3722 Propheta
857 3653 1088 3724 legitur:
1121 3653 1391 3720 Quomodo
1422 3673 1668 3711 conversa
1697 3673 1748 3711 es
1773 3657 1828 3712 in

251 3741 662 3798 amaritudinem
699 3743 818 3796 vitis
863 3743 1050 3800 aliena:
1089 3743 1222 3816 (Jer.
1253 3762 1316 3808 ιι,
1348 3747 1450 3814 21;
1500 3745 1612 3802 Isa.
1649 3764 1705 3812 v,
1729 3747 1828 3819 ti)?

251 3847 376 3903 quae
395 3834 522 3890 dum
549 3833 730 3892 facere
755 3849 888 3892 uvas
913 3845 1224 3906 exspectata
1249 3846 1352 3903 est,
1381 3839 1510 3894 fecit
1531 3839 1825 3894 labruscas.

253 3920 390 3996 [Vel
417 3923 490 3978 ita
514 3941 526 3976 :
560 3923 674 3993 Ego
697 3939 814 3978 sum
835 3925 952 3978 vitis
983 3943 1128 3992 vero,
1157 3927 1210 3982 id
1233 3937 1316 3982 est
1344 3929 1607 3998 sapientia
1624 3970 1638 3995 ,
1671 3931 1827 3984 inno-

253 4013 434 4070 centia
455 4053 472 4079 ,
511 4011 722 4082 justitia
755 4013 904 4085 vera]
935 4025 980 4068 ο.
1009 4015 1124 4086 Ego
1167 4033 1280 4072 sum
1323 4018 1442 4071 uitis
1483 4035 1638 4082 rem;
1669 4017 1832 4072 Pater

253 4122 404 4168 meus
430 4104 661 4176 agricola
688 4115 784 4160 est.
827 4122 848 4156 ι
875 4103 1182 4162 Secundum
1211 4107 1316 4164 hoc
1355 4123 1490 4178 ergo.
1521 4108 1648 4164 vitis
1675 4109 1832 4164 Chri-

253 4207 404 4260 stus,
455 4197 747 4252 secundum
785 4197 930 4266 quod
961 4197 1056 4262 ait,
1099 4195 1262 4256 Pater
1295 4199 1467 4268 major
1489 4215 1572 4254 me
1597 4208 1672 4254 est
1697 4216 1718 4254 :
1747 4213 1830 4254 se-

251 4289 492 4348 cundum
521 4287 574 4342 id
605 4301 730 4342 vero
753 4327 768 4353 ,
805 4287 949 4357 quod
997 4287 1074 4342 sit
1093 4325 1110 4352 ,
1153 4303 1246 4358 ego
1275 4297 1324 4342 et
1357 4285 1519 4342 Pater
1543 4305 1704 4344 unum
1743 4307 1832 4344 su-

251 4394 396 4444 ntus,
421 4387 478 4434 et
501 4379 616 4450 ipse
655 4378 888 4449 agricola
927 4386 1038 4444 est;
1081 4393 1182 4436 nec
1209 4378 1334 4436 talis
1373 4379 1560 4448 quales
1587 4387 1714 4436 sunt
1739 4380 1830 4450 qui

253 4469 598 4532 extrinsecus
649 4471 918 4538 operando
975 4469 1232 4526 exhibent
1287 4470 1676 4536 ministerium;
1735 4470 1830 4528 sed

1923 607 2054 674 Deo,
2083 609 2174 678 qui
2209 609 2432 670 mundat
2453 609 2614 668 corda
2641 615 2824 662 nostra
2857 614 2918 662 ut
2949 606 3182 666 fructum
3211 608 3356 666 ferre
3380 625 3506 681 pos»

1923 703 2052 766 sint,
2083 711 2140 758 et
2167 711 2362 774 purgat
2389 703 2580 772 spiritu
2613 701 2896 758 charitatis
2921 709 2984 758 ut
3007 701 3130 772 plus
3173 701 3508 772 fructiﬁcare

1923 795 2158 852 valeant.

1993 889 2156 944 Vnus.
2187 889 2242 944 3.
2267 917 2340 928 ——
2365 887 2492 942 Iam
2523 904 2610 942 vos
2637 886 2822 946 mundi
2853 887 2996 952 estis,
3034 897 3244 958 propter
3265 887 3502 956 uerbum,

1923 983 2064 1054 «μοό
2089 982 2294 1038 locutu
2327 997 2444 1036 sum
2483 981 2646 1036 vobis.
2701 979 2802 1036 Hic
2843 995 2902 1036 se
2945 980 3184 1038 ostendit
3211 979 3504 1050 agricolam

1927 1089 2067 1140 esse,
2092 1074 2220 1128 dum
2247 1074 2402 1138 dixit,
2428 1072 2610 1128 mundi
2636 1073 2760 1128 estis
2779 1080 2990 1144 propter
3013 1087 3323 1137 sermonem,
3349 1088 3504 1142 quasi

1926 1170 2130 1226 locutus
2169 1185 2286 1224 sum
2313 1168 2482 1222 nobis.
2551 1185 2572 1218 ι
2599 1165 2776 1233 Quare
2825 1180 2932 1222 non
2977 1166 3056 1220 ait
3077 1205 3094 1231 ,
3137 1163 3322 1222 Mundi
3370 1164 3508 1220 estis

1924 1269 2148 1332 propter
2165 1259 2494 1330 baptismum
2533 1273 2642 1328 quo
2667 1256 2836 1312 abluti
2871 1255 3034 1324 estis;
3071 1255 3166 1312 sed
3199 1257 3278 1312 ait
3305 1273 3318 1310 :
3364 1254 3506 1312 Pro-

1925 1361 2040 1424 ptsr
2069 1351 2278 1406 verbum
2301 1391 2318 1416 ,
2359 1349 2505 1420 quod
2535 1347 2738 1404 locutus
2781 1363 2900 1402 sum
2927 1346 3106 1411 vobis;
3151 1346 3258 1400 nisi
3295 1345 3424 1416 quia
3449 1353 3508 1402 et

1925 1457 2124 1512 aquam
2151 1441 2376 1496 verbum
2419 1439 2677 1494 mundat?
2719 1437 2956 1494 Detrahe
2991 1435 3216 1492 verbum
3235 1475 3252 1500 ,
3293 1443 3350 1492 et
3375 1435 3507 1505 quid

1925 1541 2012 1588 est
2035 1545 2194 1601 aqua,
2219 1530 2324 1586 nisi
2351 1530 2523 1599 aqua?
2559 1527 2784 1584 Accedit
2815 1528 3038 1584 verbum
3063 1525 3132 1580 ad
3157 1525 3506 1590 elementum,

1925 1633 1984 1680 et
2001 1624 2064 1678 ﬁt
2083 1631 2506 1679 sacramentum.
2545 1619 2698 1675 Unde
2719 1618 2826 1674 ista
2857 1623 3006 1674 tanta
3025 1617 3199 1674 virtus
3227 1631 3378 1686 aquai
3393 1655 3410 1682 ,
3448 1621 3512 1670 ut

1927 1731 2124 1787 corpus
2165 1717 2338 1785 tingat
2376 1713 2558 1786 [Aug.,
2587 1711 2792 1784 tangat]
2839 1717 2896 1767 ει
2915 1725 3010 1766 cor
3045 1709 3255 1775 abluat,
3285 1710 3390 1765 nisi
3418 1707 3502 1764 fa-

1885 1807 1898 1820 '
1929 1807 2108 1864 ciente
2137 1808 2318 1868 verbo,
2349 1821 2458 1860 non
2485 1804 2612 1872 quia
2649 1803 2824 1858 solum
2861 1801 3082 1866 dicitur,
3117 1802 3210 1856 sed
3233 1801 3364 1870 quia
3387 1811 3510 1854 cre-

1849 1886 1900 1948 Β
1926 1897 2110 1954 ditur?
2137 1917 2156 1948 ι
2187 1895 2354 1968 σοι
2377 1893 2512 1948 Nam
2557 1894 2660 1948 tria
2705 1893 2764 1946 in
2803 1892 3074 1962 baptismo
3099 1891 3334 1946 visibilis
3361 1898 3510 1954 sunt,

1927 1990 1984 2058 id
2009 1999 2114 2056 est,
2161 2003 2375 2058 corpus,
2423 2003 2562 2057 aqua
2607 1995 2664 2040 et
2713 1985 3008 2042 sacerdos:
3051 1985 3156 2040 tria
3193 1983 3508 2052 invisibilia,

1930 2081 2130 2144 anima,
2159 2077 2290 2134 ﬁdes
2315 2085 2374 2142 et
2409 2075 2646 2146 Spiritus
2663 2075 2760 2130 Dei
2789 2073 2916 2146 [Με.
2938 2113 2954 2140 ,
2987 2071 3224 2146 Spiritus
3245 2071 3512 2144 sanctus],

1929 2173 2022 2243 qui
2053 2173 2168 2228 haec
2201 2171 2382 2226 omnia
2411 2177 2700 2238 operatur;
2727 2173 2788 2222 ut
2813 2165 2910 2222 ﬂat
2949 2166 3304 2236 spiritualiter
3339 2165 3512 2222 Filius

1928 2263 2026 2322 Dei
2053 2269 2272 2316 renatus
2317 2275 2388 2314 ex
2425 2273 2566 2328 aqua
2593 2266 2650 2314 et
2671 2255 2914 2326 Spiritu,
2955 2255 3048 2326 qui
3085 2255 3188 2312 fuit
3227 2255 3517 2312 carnaliter

1929 2353 2074 2410 ﬁlius
2093 2351 2302 2422 peccati
2341 2358 2502 2404 natus
2537 2363 2604 2404 ex
2639 2348 2861 2406 traduce
2887 2346 3188 2418 primorum
3223 2355 3510 2418 parentum

1929 2459 2112 2504 carne.
2153 2443 2264 2515 Ego
2295 2459 2410 2498 sunt
2435 2442 2554 2496 uitis
2583 2457 2728 2506 vera,
2761 2449 2810 2494 et
2835 2456 2924 2496 vos
2947 2439 3208 2510 palmites.

2001 2538 2166 2594 Vsus.
2191 2536 2244 2592 4.
2271 2565 2342 2576 -
2367 2533 2576 2600 Hanste
2605 2535 2662 2588 in
2681 2549 2780 2601 ms,
2815 2541 2866 2586 et
2891 2547 2988 2602 ego
3015 2533 3074 2596 in
3097 2531 3260 2588 vobis.
3295 2529 3414 2588 Non
3443 2545 3514 2590 eo

1928 2629 2088 2692 modo
2115 2628 2219 2684 illis
2245 2628 2300 2682 in
2343 2628 2460 2698 ipso
2494 2627 2820 2690 manendum
2839 2633 2958 2692 est,
2999 2625 3140 2680 sicut
3164 2623 3280 2695 ipse
3303 2623 3360 2680 in
3383 2623 3514 2682 illis.

1933 2741 1956 2782 ι
1982 2723 2010 2764 ιι
2039 2723 2342 2792 Utrumque
2373 2721 2520 2782 enim
2555 2721 2780 2790 prodest
2819 2733 2926 2776 non
2955 2717 3086 2788 ipsi,
3135 2717 3234 2776 sed
3265 2716 3396 2772 illis.
3433 2715 3515 2774 lta

1927 2823 2056 2870 sunt
2079 2815 2278 2884 quippe
2305 2815 2360 2868 in
2388 2813 2498 2870 vite
2515 2811 2765 2882 palmites
2785 2847 2800 2876 ,
2843 2817 2906 2866 ut
2937 2810 3036 2864 viti
3065 2822 3174 2864 non
3211 2805 3518 2874 conferant,

1929 2909 2022 2968 sed
2047 2907 2171 2964 inde
2208 2907 2478 2976 accipiant
2525 2906 2668 2966 unde
2710 2906 2898 2960 vivant
2935 2911 2991 2962 et
3033 2901 3364 2960 fructiﬁcare
3387 2917 3516 2972 pos-

1929 2998 2070 3053 sint:
2099 2997 2174 3052 ita
2217 3012 2350 3052 vero
2393 2997 2520 3054 vitis
2563 3003 2652 3056 est
2687 2995 2742 3050 in
2781 2995 3112 3065 palmitibus,
3143 3004 3204 3052 ut
3225 2997 3386 3052 vitale
3425 2996 3520 3052 ali-

1929 3095 2170 3150 mentum
2193 3086 2566 3150 subministret
2579 3087 2693 3150 eis,
2735 3101 2842 3142 non
2871 3095 3052 3144 sumat
3084 3088 3154 3142 ab
3179 3089 3278 3144 eis.
3315 3087 3394 3144 Ac
3415 3103 3516 3159 per

1929 3181 2034 3238 hoc
2058 3187 2350 3250 utrumque
2375 3179 2596 3250 prodest
2621 3178 2966 3238 credentibus
2993 3179 3052 3236 in
3073 3178 3371 3246 Christum,
3394 3197 3516 3236 ma.

1930 3288 2080 3330 mere
2105 3273 2160 3328 in
2187 3270 2432 3336 Christo,
2465 3277 2520 3326 et
2547 3269 2822 3326 Christum
2856 3271 2912 3330 in
2947 3269 3074 3327 illis.
3117 3273 3270 3330 Unde
3297 3281 3519 3330 secutus

1927 3373 2034 3432 εει,
2065 3373 2122 3422 ει
2149 3365 2262 3420 ait:
2293 3365 2444 3420 Sicut
2487 3363 2684 3435 palntes
2707 3381 2810 3420 non
2835 3373 3002 3436 potest
3043 3366 3180 3436 ferre
3227 3367 3458 3437 fructum
3485 3385 3518 3422 α

1927 3460 2220 3528 semetipso,
2247 3459 2346 3512 nisi
2367 3459 2618 3514 manserit
2643 3459 2702 3512 in
2725 3459 2844 3524 vite,
2875 3460 2950 3514 sic
2973 3477 3064 3514 nec
3087 3479 3196 3528 vos,
3227 3463 3330 3518 nisi
3353 3464 3410 3518 in
3435 3479 3518 3519 me

1929 3549 2246 3606 manseritis.
2295 3548 2398 3614 Qui
2425 3549 2574 3604 enim
2611 3565 2644 3604 a
2689 3550 2980 3622 semetipso
3025 3567 3083 3608 se
3127 3551 3364 3610 fructum
3401 3555 3516 3610 exi-

1929 3641 2114 3696 stimat
2135 3639 2308 3704 ferre,
2339 3641 2396 3694 in
2420 3640 2530 3694 vite
2554 3657 2662 3696 non
2691 3649 2808 3705 est;
2835 3642 2926 3711 qui
2955 3643 3012 3698 in
3038 3643 3152 3700 vite
3181 3661 3292 3702 non
3319 3654 3424 3710 est,
3453 3645 3512 3702 in

1927 3729 2150 3790 Christo
2169 3747 2274 3788 non
2299 3738 2414 3797 est;
2443 3733 2536 3802 qui
2565 3732 2618 3786 in
2649 3730 2868 3787 Christo
2895 3749 3000 3790 non
3025 3743 3112 3790 est
3127 3777 3142 3800 ,
3173 3735 3516 3793 Christianus

1928 3839 2038 3880 non
2061 3831 2162 3882 est.
2196 3844 2216 3876 δ
2261 3822 2450 3880 Omnis
2495 3823 2642 3880 enim
2687 3822 2896 3880 fructus
2919 3827 3050 3882 boni
3093 3828 3274 3895 operis
3313 3829 3384 3883 ab
3421 3827 3514 3884 illa

1929 3915 2114 3970 radice
2133 3915 2418 3983 procedit,
2447 3915 2540 3982 qui
2565 3931 2664 3970 nos
2697 3930 2794 3970 sua
2818 3918 2992 3985 gratia
3013 3917 3294 3986 liberavit,
3333 3927 3391 3974 et
3417 3933 3518 3980 suo

1929 4008 2128 4064 auxilio
2149 4008 2431 4076 provehit,
2477 4015 2538 4062 ut
2581 4007 2816 4064 fructum
2853 4003 2974 4078 plus
2995 4008 3190 4067 sll‘erre
3213 4011 3513 4068 valeamus.

1933 4099 2120 4170 (Vens.
2153 4099 2234 4168 ὅ.)
2278 4098 2390 4169 Ego
2413 4115 2532 4154 sum
2573 4099 2692 4154 vitis
2731 4113 2872 4165 uera,
2923 4109 2972 4154 et
2993 4117 3080 4156 uos
3107 4102 3364 4172 palmites.
3411 4103 3516 4170 Qui

1929 4195 2180 4252 manserit
2203 4194 2260 4246 in
2281 4209 2378 4256 me,
2409 4201 2458 4246 et
2481 4209 2572 4262 ego
2601 4194 2658 4248 in
2678 4209 2758 4258 eo,
2781 4195 2866 4248 hic
2887 4194 2988 4263 fert
3011 4194 3242 4262 fructum
3266 4193 3508 4259 multum,

1927 4285 2054 4354 quia
2091 4285 2204 4340 sine
2227 4301 2310 4338 me
2347 4283 2476 4338 nihil
2517 4285 2728 4354 potestis
2755 4285 2944 4353 facere.
2993 4303 3012 4336 ι
3041 4285 3158 4341 Non
3181 4287 3318 4346 dixit
3343 4303 3356 4341 :
3383 4287 3514 4342 Pal--

1929 4393 2056 4434 vum
2079 4377 2282 4447 aliquid
2301 4378 2426 4434 boni
2457 4380 2681 4448 potestis
2709 4378 2825 4433 sine
2851 4393 2942 4434 me
2967 4376 3146 4434 facere
3163 4417 3178 4444 ,
3217 4379 3312 4436 sed
3335 4379 3512 4434 omni-

1929 4486 2002 4526 no
2027 4469 2178 4525 nihil.
2227 4469 2355 4526 Sive
2394 4471 2540 4526 enim
2581 4487 2809 4542 parvum
2843 4473 3073 4538 bonum,
3121 4471 3238 4528 sive
3263 4472 3511 4540 multum,

257 4567 386 4622 talis
405 4575 468 4622 ut
511 4566 600 4622 det
647 4565 808 4626 etiam
855 4564 1178 4620 intrinsecus
1219 4565 1628 4620 incrementum.
1691 4561 1826 4624 Nam
1857 4583 1908 4646 ο
1929 4563 2050 4618 sine
2076 4561 2168 4618 illo
2209 4561 2324 4618 ﬁeri
2369 4579 2476 4618 non
2519 4571 2694 4633 potest
2733 4563 2874 4636 [sine
2914 4577 3022 4633 quo
3068 4563 3202 4619 nihil
3243 4563 3370 4620 boni
3397 4563 3510 4623 ﬁeri

254 4671 438 4725 neque
461 4655 550 4723 qui
575 4653 782 4724 plantat
805 4693 820 4720 ,
859 4663 942 4710 est
979 4653 1196 4724 aliquid,
1221 4669 1396 4723 neque
1419 4653 1512 4723 qui
1538 4653 1704 4724 rigat;
1733 4656 1828 4710 sed

257 4751 362 4821 qui
387 4750 776 4806 incrementum
805 4747 896 4804 dat
915 4747 1060 4804 Deus
1083 4747 1136 4819 (I
1164 4745 1288 4802 Cor.
1311 4763 1393 4812 ιιι,
1422 4747 1496 4816 7).
1551 4747 1618 4802 Ει
1643 4749 1831 4816 utique

257 4839 406 4898 Deus
453 4846 538 4902 est
581 4835 860 4904 Christus;
914 4839 1042 4908 quia
1085 4838 1230 4894 Deu
1279 4847 1398 4894 erat
1424 4839 1658 4894 Verbum
1677 4879 1692 4903 ,
1723 4859 1744 4890 ι
1778 4848 1832 4896 ει

257 4928 502 4986 Verbum
529 4941 658 4988 caro
683 4927 884 4984 factum
908 4936 1010 4984 est.
1043 4928 1264 4986 Factum
1283 4937 1370 4986 εει
1385 4931 1528 4999 quod
1551 4945 1658 4986 non
1692 4939 1829 4996 erat,

257 5019 466 5082 mansit
503 5020 650 5090 quod
689 5027 828 5075 erat.
866 5019 1052 5087 (Vsus.
1084 5019 1166 5092 9.)
1209 5019 1426 5078 Omnem
1469 5020 1736 5091 palmitem
1777 5023 1834 5076 in

259 5127 345 5168 me
373 5127 480 5168 non
503 5111 752 5181 ferentem
779 5108 1041 5179 fructum,
1071 5110 1216 5166 tollet
1237 5127 1356 5166 eum
1379 5111 1560 5167 Pater.
1611 5112 1726 5169 Hoc
1753 5119 1838 5169 est

259 5201 410 5273 quod
436 5202 540 5264 alio
565 5202 684 5260 loco
703 5201 778 5256 ait
809 5219 824 5256 :
865 5199 992 5256 Iam
1015 5203 1210 5256 securis
1237 5203 1307 5258 od
1336 5189 1564 5258 radicem
1591 5205 1838 5258 arborum

261 5294 440 5365 posita
458 5302 554 5360 est,
595 5294 762 5354 omnis
791 5292 928 5346 enim
953 5293 1112 5350 arbor
1135 5309 1240 5348 non
1265 5293 1434 5362 ferens
1455 5294 1706 5363 fructum,
1741 5311 1836 5350 est-

263 5386 472 5442 cidetssr
499 5395 548 5442 et
585 5387 642 5440 in
663 5386 836 5456 ignem
863 5385 1114 5442 mittetur.
1153 5385 1290 5440 Eum
1313 5402 1432 5440 vero
1460 5385 1726 5456 palmitem
1749 5389 1838 5458 qui

265 5477 372 5546 fert
407 5477 654 5548 (metum,
691 5476 936 5548 purgabtt
961 5491 1110 5541 eum,
1147 5485 1204 5532 ut
1239 5477 1466 5546 fructum
1501 5475 1618 5546 plus
1651 5479 1840 5548 επεν-αι

266 5569 488 5644 (ﬂaua.
514 5585 596 5636 tu,
629 5569 738 5642 10).
775 5569 906 5628 Fert
947 5569 1212 5636 fructum,
1247 5571 1373 5639 quia
1407 5570 1698 5626 mundatus
1715 5579 1837 5639 est;

345 5719 374 5750 ι
413 5707 511 5764 bis.
539 5725 551 5760 :
589 5725 607 5758 ‹
635 5706 832 5762 Factus
859 5715 944 5763 est
972 5708 1030 5762 in
1047 5708 1220 5762 iorma
1249 5709 1542 5774 servitutis,
1575 5711 1716 5766 unde
1740 5725 1840 5766 nos

313 5777 689 5850 almitesiillius
707 5793 824 5832 esse
849 5779 1130 5848 possimus.
1171 5779 1322 5836 Sicut
1349 5781 1490 5835 enim
1517 5781 1656 5850 ovis,
1679 5789 1782 5837 etc.
1815 5802 1834 5834 ι

313 5793 524 5832 aimues
543 5793 684 5832 unus
707 5793 824 5832 esse
849 5794 1088 5848 possumu:

269 5793 598 5918 Yntermedia
621 5849 708 5906 lbi.
723 5850 924 5906 omissa.
943 5857 1088 5908 sunt.

1933 4652 2150 4724 potest].
2179 4652 2434 4719 Quamvis
2460 4655 2602 4709 enim
2625 4653 2876 4710 Christus
2895 4655 3022 4709 vitis
3047 4669 3156 4710 non
3183 4663 3360 4724 esset,
3405 4655 3511 4714 niu'

1933 4745 2094 4800 homo
2121 4751 2300 4808 esset,
2355 4751 2534 4798 tamen
2583 4745 2741 4799 istam
2787 4745 3020 4814 gratiam
3062 4745 3376 4816 palmitibus
3407 4761 3515 4804 non

1935 4835 2218 4904 praeberet,
2245 4834 2348 4886 nisi
2367 4833 2534 4888 etiam
2557 4833 2702 4889 Deus
2723 4841 2884 4889 esset.
2907 4853 2926 4887 ι

2005 4935 2164 4988 Vnus.
2203 4933 2255 4988 6.
2285 4963 2356 4974 -
2385 4929 2446 4988 Si
2469 4934 2586 5004 quis
2627 4933 2684 4988 in
2725 4949 2828 5000 me,
2873 4934 3070 5006 inquit,
3111 4949 3215 4990 non
3239 4935 3512 5002 manserit,

1935 5029 2170 5082 mittetur
2215 5025 2360 5094 {oras
2399 5026 2534 5080 sicut
2575 5023 2776 5096 palmes
2795 5067 2810 5092 ,
2843 5034 2894 5081 et
2932 5035 3126 5081 arescet
3171 5033 3222 5080 et
3271 5025 3514 5098 eolligent

1937 5137 2075 5184 eum,
2103 5127 2152 5173 et
2171 5121 2226 5174 in
2247 5121 2418 5190 ignem
2441 5121 2664 5186 mittent,
2691 5125 2740 5174 et
2763 5118 2930 5174 ardet.
2983 5135 3004 5170 ι
3033 5117 3200 5189 Ligna
3225 5117 3410 5187 itaque
3432 5117 3512 5172 vi-
3611 5177 3614 5180 ,

1939 5213 2008 5266 tis
2031 5221 2180 5267 tanto
2205 5219 2330 5266 sunt
2375 5213 2860 5282 contemptibiliora
2895 5212 2942 5266 si
2987 5211 3042 5266 in
3081 5211 3198 5265 vite
3229 5223 3338 5266 non
3365 5223 3512 5264 man-

1939 5303 2110 5358 serint
2133 5344 2147 5370 ,
2195 5311 2400 5374 quanto
2439 5305 2754 5375 gloriosior-ti
2799 5305 2844 5360 si
2889 5303 3204 5358 manserint.
3261 5301 3438 5358 Unum
3479 5315 3512 5357 ε

1941 5394 2148 5448 duobus
2173 5393 2384 5463 palmiti
2418 5399 2686 5466 congruit,
2729 5401 2822 5451 aut
2851 5393 2978 5450 vitis
2995 5436 3009 5460 ,
3035 5405 3128 5448 aut
3157 5393 3293 5466 ignis
3317 5405 3336 5448 ε
3381 5393 3426 5449 si
3453 5393 3510 5450 In

1939 5485 2176 5540 vitanon
2203 5493 2319 5550 est,
2365 5486 2420 5540 in
2449 5489 2570 5557 igne
2589 5489 2730 5542 erit:
2771 5495 2832 5541 ut
2871 5501 3000 5558 ergo
3047 5487 3100 5540 in
3139 5486 3394 5558 ignenou
3413 5485 3508 5553 sit,

1941 5585 2158 5633 maneat
2176 5577 2230 5632 in
2259 5579 2385 5634 vite.
2411 5579 2593 5650 (Vsus.
2619 5579 2694 5650 7.)
2726 5577 3096 5635 Simanseriti's
3117 5581 3287 5648 inme,
3309 5577 3508 5651 inquit,
3575 5635 3580 5642 ,

2013 5709 2041 5750 b
2079 5709 2158 5782 Ex
2183 5709 2430 5782 SLAugs,
2465 5717 2618 5782 tract.
2653 5725 2815 5778 Lxxx,
2839 5729 2984 5768 num.
3017 5715 3068 5780 l,
3097 5713 3154 5782 2,
3181 5713 3234 5770 ‘5.

2013 5789 2040 5820 ο
2078 5780 2294 5846 Διιιειιιὶε
2321 5780 2526 5844 inclusa
2541 5781 2744 5837 'desunt
2761 5783 2816 5838 in
2845 5799 2947 5838 ms.

2013 5851 2048 5916 ‘1
2077 5849 2157 5906 F11
2177 5850 2236 5905 S.
2265 5851 2401 5922 Aug.
2429 5851 2610 5907 Tract.
2636 5869 2817 5920 sxxxr,
2845 5867 2992 5912 num.
3020 5853 3132 5910 Μ.
