4088 6340
565 426 672 485 9ιό

1431 415 1489 469 Β.
1526 413 1586 468 F.
1629 408 1854 466 ALBINI
1891 406 2027 466 SEU
2061 403 2340 463 ALCUINI
2377 402 2658 463 OPERUM
2694 401 2874 459 PARS
2906 403 2970 458 ll.

3714 403 3843 462 θρίξ

561 551 610 598 et
635 538 788 595 verba
807 549 920 592 mea
942 535 996 591 in
1022 534 1159 590 vobis
1184 529 1500 594 manserint,
1546 527 1887 599 quodcunque
1917 524 2144 579 volueri—
2167 525 2220 584 Δ
2244 523 2346 577 hoc
2374 522 2556 577 scietis
2578 522 2716 591 quod
2744 521 2799 576 in
2820 519 3104 576 dilectione
3125 533 3241 576 mea
3272 534 3379 591 qua
3402 534 3497 576 vos
3526 520 3688 591 diligo
3707 538 3829 577 ma-

563 635 653 699 tis,
681 630 884 703 petetis,
933 636 980 681 et
1022 627 1108 695 ﬁet
1142 624 1301 678 vobis.
1355 620 1615 676 Manendo
1649 620 1845 689 quippe
1888 619 1942 672 in
1987 615 2143 672 Chri-

565 735 673 790 sto,
719 722 846 792 quid
871 719 1005 773 velle
1033 723 1255 787 possunt
1295 714 1399 768 nisi
1429 713 1570 782 quod
1605 711 1856 766 convenit
1879 709 2141 764 Christo?

569 814 709 882 Quid
739 811 873 866 velle
897 814 1122 878 possunt
1157 806 1423 860 manendo
1454 805 1508 858 in
1534 803 1834 867 Salvatore,
1863 801 1964 855 nisi
1999 799 2143 870 quod

569 907 806 962 alienum
833 915 939 956 non
966 907 1051 954 est
1078 914 1108 952 a
1137 897 1340 952 salute?
1361 917 1378 948 ι
1421 895 1532 950 Nec
1553 895 1696 948 enim
1723 901 1909 963 petere
1929 891 2144 956 volunt,

568 997 673 1052 nisi
695 993 836 1064 quod
877 990 1091 1060 expedit
1124 988 1192 1043 ad
1221 987 1468 1042 salutem.
1516 1003 1534 1036 ι
1559 984 1832 1038 Manentes
1873 989 2050 1036 autem
2091 980 2148 1034 in

569 1103 654 1152 eo,
676 1100 800 1141 cum
827 1085 992 1138 verba
1035 1083 1150 1152 ejus
1196 1081 1253 1135 in
1298 1079 1452 1134 nobis
1491 1084 1748 1136 manent,
1794 1075 2150 1145 quodcunque

567 1175 918 1238 voluerimus,
948 1179 1215 1242 petamus,
1244 1178 1300 1225 et
1330 1169 1424 1223 ﬁet
1443 1169 1618 1223 nobis.
1660 1166 1794 1233 Quia
1825 1166 1870 1220 si
1895 1165 2148 1235 petimus,

570 1275 754 1323 etnon
781 1266 863 1331 ﬁt,
889 1279 995 1318 non
1024 1265 1127 1318 hoc
1153 1263 1384 1333 petimus
1405 1260 1546 1330 quod
1567 1260 1730 1314 habet
1753 1257 1960 1312 mansio
1987 1256 2041 1310 in
2062 1270 2149 1320 eo,

572 1372 672 1412 nec
701 1355 844 1425 quod
883 1353 1086 1409 habent
1130 1351 1285 1424 [Ms.,
1318 1366 1426 1405 non
1466 1351 1567 1405 hoc
1588 1349 1818 1420 petimus
1841 1387 1856 1413 ,
1901 1347 2045 1415 quod
2086 1345 2155 1400 ad

574 1447 702 1502 illud
732 1444 987 1516 pertinet,
1011 1450 1070 1497 ut
1089 1456 1403 1498 maneamus
1425 1441 1480 1494 in
1507 1456 1598 1505 eo;
1635 1454 1735 1494 nec
1762 1438 1903 1507 quod
1931 1435 2159 1491 suadent

576 1535 762 1609 verba]
811 1535 975 1589 verba
1011 1533 1129 1603 ejus
1170 1549 1288 1603 qua:
1320 1539 1538 1586 manent
1573 1533 1626 1586 in
1656 1530 1809 1584 nobis
1847 1547 1860 1582 :
1893 1529 1986 1583 sed
2016 1527 2159 1598 quod

577 1628 741 1682 habet
771 1627 1036 1697 cupiditas
1065 1634 1120 1680 et
1143 1623 1431 1679 inﬁrmitas
1468 1622 1681 1687 carnis,
1711 1636 1830 1690 qua:
1857 1634 1962 1674 non
1991 1627 2074 1674 est
2103 1619 2160 1673 in

577 1733 663 1783 eo,
707 1726 762 1772 et
799 1718 855 1771 in
896 1731 999 1786 qua
1029 1731 1135 1770 non
1178 1723 1399 1769 manent
1443 1714 1608 1768 verba
1652 1712 1786 1782 ejus.
1839 1710 1988 1764 Tunc
2016 1708 2162 1764 enim

581 1809 808 1864 dicenda
855 1815 978 1863 sunt
1022 1807 1187 1862 verba
1232 1804 1347 1874 ejus
1392 1806 1448 1859 in
1494 1804 1650 1859 nobis
1691 1818 1912 1858 manere
1947 1800 2162 1870 quando

581 1897 809 1954 facimus
836 1913 954 1967 qum
982 1896 1258 1967 praecepit,
1287 1903 1344 1949 et
1365 1895 1634 1966 diligimus
1654 1897 1772 1964 qna:
1801 1892 2069 1963 promisit.

657 2021 683 2049 α
713 2007 880 2078 Magis
899 1995 1179 2077 magisque
1210 2004 1458 2061 Salvator
1482 2005 1710 2076 gratiam
1736 2020 1842 2074 qua
1866 2003 2158 2068 salvamur,

586 2101 863 2171 discipulis
892 2099 1156 2169 loquendo
1196 2099 1597 2163 commendans,
1627 2097 1812 2168 (Vsus.
1862 2096 1916 2167 8)
1948 2095 2014 2149 In
2041 2097 2160 2160 hoc,

584 2191 778 2261 inquit,
809 2189 1128 2258 clariﬁcatus
1156 2196 1231 2243 est
1268 2186 1430 2242 Pater
1456 2205 1599 2242 meus
1619 2229 1634 2253 ,
1663 2196 1717 2241 ut
1744 2187 1974 2257 fructum
2000 2184 2164 2256 pluri—

584 2298 727 2337 mum
764 2280 1018 2350 a/feratis,
1063 2287 1110 2334 et
1151 2278 1440 2350 eﬁiciamini
1483 2279 1584 2333 mei
1623 2277 1886 2348 discipuli.
1937 2275 1993 2330 Si
2019 2276 2165 2330 enim

585 2376 701 2429 hmc
723 2374 891 2444 gloria
919 2381 1001 2428 est
1021 2373 1230 2438 Patris,
1279 2380 1339 2426 ut
1375 2371 1612 2427 fructum
1649 2372 1938 2442 plurimum
1978 2369 2168 2424 aﬁ'era-

587 2483 731 2531 mus,
762 2475 815 2520 et
843 2467 1010 2521 simus
1041 2464 1282 2534 discipuli
1304 2465 1504 2520 Christi
1528 2506 1542 2530 ,
1574 2480 1682 2518 non
1705 2465 1810 2518 hoc
1833 2469 2032 2518 nostrm
2057 2462 2170 2532 glo-

591 2560 687 2614 rite
713 2559 1010 2613 tribuamus
1037 2599 1051 2623 ,
1105 2567 1360 2625 tanquam
1400 2557 1504 2611 hoc
1537 2571 1603 2610 ex
1633 2557 1788 2610 nobis
1816 2543 1946 2625 ipsis
1970 2555 2171 2609 habea-

591 2663 731 2702 mus.
770 2646 898 2715 Ejus
920 2655 1004 2701 est
1028 2645 1172 2699 enim
1200 2645 1537 2715 hmc‘gratia,
1561 2653 1617 2698 et
1641 2645 1758 2700 ideo
1781 2644 1900 2717 [in]
1937 2646 2038 2700 hoc
2065 2659 2171 2698 non

591 2749 796 2804 nostra,
827 2739 920 2793 sed
947 2737 1062 2806 ejus
1088 2747 1171 2792 est
1197 2737 1384 2808 gloria.
1426 2737 1470 2791 A
1498 2753 1603 2806 quo
1637 2737 1899 2793 eﬁicimur
1921 2749 1978 2793 ut
2004 2739 2173 2793 simus

593 2829 841 2898 discipuli
870 2828 1095 2892 Christi,
1123 2829 1226 2882 nisi
1252 2829 1319 2883 ab
1347 2828 1435 2882 illo
1463 2829 1615 2899 cujus
1637 2829 2006 2890 misericordia
2037 2843 2173 2899 prae-

593 2920 745 2973 venit
775 2935 892 2984 nos,
918 2939 936 2970 ι
979 2928 1037 2973 ιιι
1061 2919 1196 2974 velle
1231 2922 1589 2989 subsequatur
1618 2930 1672 2975 et
1697 2936 1856 2990 posse
1880 2963 1894 2987 ,
1940 2936 2060 2991 qua:
2108 2921 2176 2975 ad

599 3009 652 3062 id
674 3010 966 3077 pertinent,
1005 3017 1064 3062 ut
1090 3009 1474 3079 perpetualiter
1501 3025 1814 3067 maneamus
1844 3012 1896 3066 in
1927 3011 2071 3066 vite?

672 3101 832 3155 Vens.
862 3101 916 3156 9.
942 3131 1013 3140 —
1043 3098 1188 3155 Sicut
1226 3101 1405 3156 dilexit
1451 3120 1530 3157 me
1569 3102 1753 3170 Pater,
1800 3113 1847 3159 et
1885 3121 1976 3174 ego
2019 3103 2179 3158 dilexi

2191 635 2196 642 ί
2241 612 2439 668 nebitis
2465 653 2480 678 ,
2524 613 2570 666 si
2610 627 2730 666 mea
2775 620 3041 682 praecepta
3091 613 3410 667 servabitis?
3451 611 3558 667 Sed
3585 614 3713 682 quid
3743 624 3832 669 est

2243 703 2372 759 illud
2398 705 2540 774 quod
2566 703 2806 775 adjungit
2849 723 2862 757 :
2904 723 2923 755 ι
2953 702 3101 758 Sicut
3128 713 3177 756 et
3219 720 3312 774 ego
3349 712 3606 774 praecepta
3644 702 3832 761 Patris

2243 795 2342 850 mei
2384 796 2605 861 servavi,
2650 804 2700 849 et
2738 812 2924 850 maneo
2963 797 3019 849 in
3057 795 3170 865 ejus
3213 795 3504 850 dilectione.
3545 796 3676 862 Quae
3699 807 3836 852 sunt

2243 896 2511 958 praecepta
2537 887 2736 954 Patris,
2766 889 2870 943 nisi
2899 903 3019 958 qua:
3046 896 3170 944 ante
3199 888 3336 943 dixit
3361 911 3373 943 :
3415 888 3484 942 Et
3517 889 3654 944 sicut
3681 907 3837 945 mau-

2245 977 2427 1032 datum
2467 978 2612 1034 dedit
2636 980 2765 1033 mihi
2806 976 2991 1045 Pater,
3035 981 3110 1035 sic
3142 980 3320 1049 facio?
3362 981 3516 1047 Quod
3538 981 3836 1052 Apostolus

2247 1081 2520 1140 exponens
2541 1071 2616 1124 ait
2640 1085 2656 1124 :
2684 1069 2921 1124 Christus
2941 1070 3112 1141 factus
3135 1080 3210 1126 est
3227 1071 3468 1125 obediens
3491 1070 3647 1126 Patri
3671 1090 3837 1143 usque

2251 1169 2320 1222 ad
2348 1178 2566 1223 mortem
2589 1209 2604 1234 ,
2638 1178 2856 1224 mortem
2905 1179 3078 1223 autem
3105 1171 3295 1223 crucis.
3359 1166 3583 1240 Propter
3609 1171 3760 1240 quod
3792 1179 3840 1223 et

2252 1261 2393 1316 Deus
2418 1261 2663 1316 exultavit
2689 1261 2862 1327 illum,
2901 1270 2948 1316 et
2973 1262 3118 1316 dedit
3142 1261 3221 1315 illi
3250 1277 3453 1323 nomen,
3480 1263 3618 1333 quod
3643 1271 3720 1315 est
3750 1279 3840 1316 su-

2253 1368 2347 1423 per
2370 1368 2521 1405 amne
2552 1368 2738 1405 nomen
2763 1349 2985 1421 (Philip.
3011 1367 3074 1416 ιι,
3098 1350 3174 1421 8).
3217 1350 3508 1420 Sequitur:
3554 1350 3624 1404 Et
3649 1368 3840 1405 maneo

2255 1442 2311 1496 in
2357 1441 2471 1512 ejus
2513 1441 2808 1496 dilectione.
2871 1460 2890 1493 ι
2920 1442 2996 1496 De
3038 1443 3139 1497 hac
3177 1442 3462 1498 dilectione
3501 1444 3681 1509 dixit,
3731 1460 3840 1514 qua

2257 1531 2430 1602 diligit
2455 1546 2576 1586 eum
2612 1530 2793 1598 Pater.
2831 1531 2938 1587 Sed
2971 1533 3212 1602 nunquid
3235 1541 3292 1588 et
3328 1534 3416 1589 hic
3443 1536 3614 1604 gratia
3649 1535 3844 1588 intelli-

2260 1624 2431 1696 genda
2473 1632 2557 1680 est
2599 1640 2706 1694 qua
2736 1624 2896 1679 Pater
2922 1615 3096 1696 diligit
3130 1625 3322 1680 Filium
3342 1666 3356 1690 ,
3393 1626 3535 1681 sicut
3553 1627 3735 1696 gratia
3759 1637 3838 1684 est

2261 1731 2366 1787 qua
2415 1732 2514 1772 nos
2555 1717 2729 1786 diligit
2755 1717 2924 1772 Filius
2951 1757 2965 1781 ,
3009 1732 3134 1772 cum
3162 1718 3330 1772 simus
3358 1717 3454 1772 ﬁlii
3494 1719 3705 1789 gratia,
3736 1736 3836 1774 non

2263 1815 2456 1860 natura
2489 1805 2643 1878 [Ms.,
2671 1806 2859 1877 gratia:
2882 1822 2990 1861 non
3018 1805 3246 1877 natum]
3275 1825 3287 1859 :
3329 1807 3642 1877 unigenitus
3664 1819 3838 1865 autem

2188 1879 2238 1940 Β
2263 1906 2478 1963 natura,
2509 1913 2615 1954 non
2645 1899 2856 1970 gratia?
2882 1919 2901 1951 ι
2938 1899 3116 1954 Manet
3133 1914 3262 1970 ergo
3281 1899 3452 1955 Filius
3471 1901 3525 1954 in
3557 1901 3841 1958 dilectione

2265 2009 2369 2064 qua
2415 2009 2537 2048 eum
2591 1993 2778 2047 dilexit
2830 1993 3008 2058 Pater,
3064 2001 3119 2048 et
3156 1993 3274 2049 ideo
3303 1993 3542 2048 servavit
3577 2002 3840 2065 pne-cepta

2264 2084 2400 2155 ejus.
2447 2083 2623 2137 «Nam
2645 2082 2892 2148 dicendo,
2937 2084 3070 2137 sicut
3111 2082 3294 2138 dilexit
3343 2100 3425 2137 me
3467 2082 3649 2149 Pater,
3677 2095 3729 2137 et
3750 2102 3840 2156 ego

2266 2178 2428 2233 dilexi
2464 2194 2554 2232 vos
2581 2218 2596 2242 ,
2647 2175 2873 2246 gratiam
2915 2176 3228 2232 mediatoris
3276 2176 3517 2231 ostendit.
3574 2176 3840 2231 Mediator

2269 2278 2449 2326 autem
2496 2269 2591 2325 Dei
2633 2278 2688 2324 et
2726 2269 3026 2335 hominum,
3066 2285 3174 2323 non
3204 2269 3258 2323 in
3291 2277 3544 2338 quantum
3570 2269 3707 2324 Deus
3730 2278 3836 2333 est,

2270 2363 2364 2419 sed
2390 2363 2443 2416 in
2472 2369 2730 2432 quantum
2761 2362 2921 2416 homo
2945 2368 3027 2416 est
3051 2361 3298 2416 Christus
3332 2358 3506 2416 Iesus.
3538 2360 3682 2415 Deus
3704 2362 3842 2416 enim

2269 2464 2388 2511 erat
2417 2455 2678 2518 Verbum,
2711 2454 3016 2524 unigenitus
3057 2453 3294 2524 gignenti
3323 2460 3628 2509 comternus
3655 2454 3687 2493 ὶι
3713 2473 3728 2507 :
3763 2454 3844 2508 sed

2271 2554 2332 2600 ut
2352 2545 2618 2600 mediator
2650 2545 2868 2598 daretur
2907 2545 3061 2599 nobis
3086 2585 3100 2610 ,
3147 2559 3244 2615 per
3271 2543 3598 2599 ineﬁ‘abilem
3623 2547 3845 2616 gratiam

2273 2638 2510 2694 Verbum
2545 2653 2669 2693 caro
2696 2637 2896 2692 factum
2921 2646 3027 2702 est,
3056 2645 3111 2692 et
3137 2638 3400 2693 habitavit
3425 2637 3477 2691 in
3514 2638 3700 2693 nobis.
3733 2658 3751 2689 ι

2346 2732 2506 2786 Vens.
2541 2731 2626 2785 ll.
2667 2761 2738 2770 —
2783 2729 2913 2784 Hmc
2954 2731 3157 2784 locutus
3183 2747 3297 2783 sum
3330 2729 3489 2795 vobis,
3523 2739 3584 2783 ut
3613 2731 3846 2800 gaudium

2275 2843 2446 2881 meum
2473 2827 2529 2880 in
2557 2826 2697 2880 vobis
2742 2825 2849 2889 sit,
2897 2834 2945 2878 et
2991 2824 3241 2895 gaudium
3278 2832 3502 2878 vestrum
3559 2823 3844 2894 impleatur.

2278 2917 2360 2990 [In
2389 2917 2541 2971 vobis
2567 2917 2637 2970 sit
2671 2914 2896 2970 verbum
2924 2930 3124 2981 meum,
3158 2914 3441 2985 impleatur
3467 2914 3733 2986 gaudium
3781 2930 3854 2969 ve-

2278 3007 2520 3088 strum].‘
2543 3007 2680 3074 Quid
2703 3015 2819 3072 est,
2848 3007 3098 3078 gaudium
3125 3024 3296 3061 meum
3341 3008 3398 3061 in
3426 3008 3566 3062 vobis
3608 3009 3680 3061 sit
3707 3048 3722 3071 ,
3769 3008 3854 3062 nisi

2279 3104 2506 3158 verbum
2531 3117 2710 3157 meum
2733 3102 2787 3155 iu
2804 3102 2956 3156 vobis
2986 3101 3308 3172 impleatur?
3333 3100 3472 3168 Quid
3495 3109 3583 3156 est
3611 3101 3855 3172 gaudium

597 3209 711 3257 eos,
733 3200 934 3246 manete
951 3193 1005 3245 in
1028 3191 1299 3247 dilectione
1326 3210 1459 3248 mea.
1523 3212 1542 3246 ι
1571 3194 1709 3250 Ecce
1734 3197 1876 3250 unde
1924 3204 2050 3252 sunt
2076 3212 2176 3250 no-
2205 3231 2254 3296 α
2282 3194 2482 3279 Christi
2513 3194 2566 3247 in
2596 3193 2774 3257 nobis,
2809 3192 2917 3247 nisi
2965 3192 3110 3247 salus
3160 3199 3346 3247 nostra
3365 3233 3381 3256 ,
3432 3199 3662 3262 propter
3709 3206 3854 3262 quam

602 3289 688 3342 bis
715 3302 878 3356 opera
906 3289 1064 3342 bona.
1106 3286 1242 3342 Nam
1269 3288 1408 3342 unde
1450 3287 1650 3361 [nobis]
1673 3299 1875 3357 essent,
1904 3291 2008 3346 nisi
2051 3291 2178 3360 quia
2206 3274 2254 3296 ’⁸
2283 3274 2458 3340 factus
2485 3291 2571 3338 est
2597 3281 2796 3337 homo?
2841 3300 2860 3332 ‹
2890 3291 2911 3319 ε
2945 3281 3014 3335 Ει
3045 3281 3173 3352 quid
3202 3288 3284 3336 est
3308 3281 3565 3353 gaudium
3589 3290 3852 3342 nostrum.

603 3379 736 3434 ﬁdes
761 3394 857 3447 per
895 3379 1230 3434 dilectionem
1279 3382 1565 3451 operatur?
1614 3381 1766 3437 Unde
1797 3391 1977 3436 autem
2007 3383 2182 3453 diligi-

605 3485 750 3534 mus,
776 3469 878 3523 nisi
905 3471 1056 3538 prius
1101 3471 1479 3542 diligeremur?
1503 3494 1520 3524 ›
1568 3473 1634 3526 Et
1669 3473 1811 3526 unde
1847 3473 1932 3526 illa
1967 3473 2182 3528 dilectio

608 3560 705 3614 Dei
753 3561 806 3614 in
854 3562 1008 3616 nobis
1057 3572 1220 3626 esset,
1273 3563 1377 3618 nisi
1422 3564 1572 3633 prius
1612 3579 1711 3617 nos
1742 3579 1838 3618 sua
1863 3566 2184 3634 praeveniret

607 3654 778 3725 gratia
810 3655 864 3710 in
913 3671 1017 3726 qua
1055 3673 1154 3712 nos
1183 3656 1390 3721 dilexit,
1420 3671 1538 3711 etmt
1566 3671 1807 3712 essemus
1844 3657 1897 3710 in
1925 3658 2182 3726 peccatis,

605 3756 663 3804 et
700 3748 1089 3804 conviviﬁcavit
1136 3763 1234 3802 nos
1287 3748 1537 3802 Christo?
1589 3765 1607 3797 ι
1637 3747 1788 3813 Quod
1836 3756 2015 3801 autem
2069 3747 2180 3802 ait:

611 3839 761 3897 Sicut
797 3839 977 3895 dilexit
1000 3857 1078 3894 me
1101 3837 1284 3903 Pater,
1305 3846 1352 3892 et
1378 3856 1469 3908 ego
1491 3838 1651 3892 dilexi
1674 3856 1761 3893 vos
1787 3880 1800 3904 ,
1829 3855 1935 3894 non
1963 3840 2186 3909 inquali-

609 3940 778 3986 tatem
803 3939 1013 3986 natura:
1038 3930 1273 3985 ostendit
1299 3937 1496 3984 nostra:
1526 3939 1580 3984 et
1609 3946 1717 3984 suae
1737 3973 1750 3996 ,
1807 3931 1946 3986 sicut
1969 3940 2051 3986 est
2078 3931 2184 3986 Pa-

610 4023 708 4077 tris
749 4030 803 4076 et
832 4021 1023 4092 ipsius;
1073 4020 1166 4075 sed
1216 4021 1442 4091 gratiam
1471 4063 1484 4086 ,
1533 4037 1638 4091 qua
1681 4030 1765 4076 est
1799 4023 2065 4078 mediator
2092 4022 2188 4076 Dei

609 4123 664 4170 et
709 4115 986 4170 hominum
1011 4154 1025 4178 ,
1070 4113 1231 4167 homo
1273 4111 1520 4167 Christus
1559 4111 1712 4168 Jesus
1752 4114 1806 4184 (Ι
1849 4114 1983 4167 Tim.
2016 4129 2077 4179 ιι,
2108 4114 2184 4184 5).

607 4207 958 4264 Mediatorem
985 4220 1043 4259 se
1067 4204 1324 4269 ostendit,
1349 4219 1471 4259 cum
1500 4205 1634 4259 dixit
1662 4223 1673 4257 :
1705 4204 1790 4258 Me
1813 4203 1976 4259 Pater
1995 4205 2185 4276 diligit,

611 4311 658 4354 et
701 4317 791 4369 ego
839 4315 946 4352 vos.
1006 4295 1139 4350 Nam
1170 4295 1332 4348 Pater
1359 4294 1544 4365 utique
1566 4296 1740 4364 diligit
1765 4303 1819 4350 et
1841 4311 1942 4351 nos
1963 4336 1977 4360 ,
2017 4296 2109 4349 sed
2135 4295 2190 4348 in

616 4390 768 4458 ipso:
820 4403 945 4456 quia
992 4388 1046 4438 in
1093 4386 1196 4438 hoc
1237 4385 1563 4440 clariﬁcatur
1609 4387 1794 4450 Pater,
1850 4394 1910 4438 ut
1954 4385 2189 4439 fructum

622 4477 909 4530 aderamus
947 4475 1000 4527 in
1031 4475 1168 4537 vite,
1218 4475 1321 4529 hoc
1363 4483 1476 4540 est,
1523 4476 1576 4529 in
1598 4475 1756 4540 Filio,
1809 4482 1864 4528 et
1894 4474 2191 4529 eiliciamur

2283 3377 2427 3449 quod
2484 3376 2615 3431 dicit
2667 3373 2994 3445 implendum
3023 3415 3038 3441 ,
3084 3374 3188 3428 nisi
3240 3375 3356 3444 ejus
3399 3374 3606 3428 habere
3645 3389 3856 3428 consor-

2283 3472 2450 3536 tium,
2481 3492 2499 3522 ι
2546 3472 2684 3526 sicut
2711 3471 2766 3524 in
2795 3470 3249 3540 consequentibus
3279 3470 3454 3526 dicit:
3509 3468 3639 3524 Volo
3681 3470 3852 3533 Pater,

2286 3572 2341 3616 ut
2371 3563 2458 3616 ubi
2478 3579 2570 3633 ego
2597 3579 2735 3627 sum,
2761 3571 2808 3616 et
2837 3561 2924 3614 isti
2948 3562 3052 3614 sint
3077 3562 3322 3615 mecum?
3362 3580 3380 3612 ι
3411 3560 3686 3616 Gaudium
3713 3562 3860 3633 igitur

2287 3657 2405 3725 ejus
2439 3656 2505 3709 de
2539 3655 2710 3710 salute
2740 3663 2947 3718 nostra,
2980 3655 3124 3726 quod
3147 3656 3201 3710 in
3240 3655 3330 3711 illo
3359 3671 3576 3726 semper
3599 3655 3725 3720 fuit,
3751 3671 3859 3710 cum

2287 3747 2560 3818 praescivit
2582 3756 2637 3800 et
2661 3746 3068 3816 praedestinavit
3111 3761 3230 3811 nos,
3274 3747 3582 3817 cmpitesse
3607 3747 3661 3800 in
3694 3748 3857 3809 nobis,
3955 3801 3958 3804 .

2289 3837 2505 3908 quando
2551 3836 2768 3891 vocavit
2794 3851 2893 3890 nos
2925 3854 2938 3889 :
2971 3844 3026 3891 et
3053 3837 3156 3892 hoc
3211 3838 3465 3908 gaudium
3485 3879 3499 3903 ,
3531 3838 3730 3892 merito
3771 3851 3860 3890 no-

2291 3935 2460 3981 strum
2517 3923 2765 3991 dicimus,
2820 3940 2927 3995 quo
2979 3934 3034 3980 et
3084 3942 3182 3982 nos
3210 3927 3355 3983 beati
3408 3926 3578 3982 futuri
3608 3943 3805 3983 sumus.
3833 3945 3854 3980 ι

2289 4020 2434 4074 lllius
2471 4034 2600 4073 vero
2633 4019 2883 4089 gaudium
2913 4035 3126 4091 semper
3155 4020 3457 4090 perfectum
3486 4031 3603 4086 est,
3630 4037 3726 4076 nec
3762 4019 3864 4075 mi-

2292 4115 2382 4169 nui
2417 4121 2630 4184 potest,
2673 4130 2774 4169 nec
2796 4114 2962 4168 habet
2992 4129 3099 4185 quo
3125 4124 3353 4171 crescat.
3391 4133 3410 4166 ι
3450 4114 3564 4170 Hoc
3582 4130 3714 4169 vero
3741 4129 3862 4186 gau-

2291 4206 2439 4260 dium
2473 4214 2719 4260 nostrum
2755 4205 3040 4260 inchoatur
3068 4206 3124 4260 in
3152 4205 3258 4260 ﬁde
3299 4207 3724 4271 renascentium,
3773 4208 3865 4260 im-

2293 4295 2525 4367 plebitur
2553 4296 2608 4350 in
2633 4295 2855 4366 praemio
2899 4295 3313 4366 resurgentium.
3346 4315 3364 4348 i
3401 4296 3589 4368 (Vens.
3617 4296 3730 4364 12.)
3759 4295 3864 4349 Hoc

2292 4397 2367 4442 est
2395 4395 2710 4458 prteceptum
2734 4403 2926 4451 meum,
2953 4397 3008 4440 ut
3036 4386 3268 4457 diligatis
3294 4389 3530 4450 invicem,
3557 4389 3696 4442 sicut
3716 4388 3866 4441 dilexi

2295 4494 2404 4531 vos.
2441 4495 2460 4527 ι
2491 4475 2625 4530 Nam
2650 4477 2706 4530 in
2746 4477 3114 4546 superioribus
3154 4478 3308 4543 dixit,
3340 4479 3468 4533 dum
3495 4479 3563 4533 de
3590 4479 3866 4533 dilectione

620 4565 736 4632 ejus
757 4564 1021 4635 discipuli.
1092 4563 1297 4620 Manete
1318 4608 1332 4632 ,
1375 4567 1548 4635 inquit
1575 4606 1588 4629 ,
1633 4566 1686 4618 in
1729 4563 2000 4618 dilectione
2052 4582 2188 4619 mea.
2221 4580 2268 4640 υ
2293 4568 2551 4640 prmcepit
2584 4587 2596 4621 :
2631 4567 2940 4622 Mandatum
2963 4585 3148 4623 novum
3169 4570 3237 4623 do
3265 4570 3407 4624 vobis
3431 4611 3447 4635 ,
3498 4572 3660 4625 modo
3695 4571 3864 4624 dixit:

618 4656 896 4723 Quomodo
928 4654 1088 4726 605
1129 4657 1499 4711 manebimus?
1525 4654 1643 4708 audi
1674 4694 1687 4716 ,
1739 4653 1867 4721 quid
1913 4661 2190 4724 sequatur.

621 4748 806 4818 (Vsus.
841 4744 950 4814 10.)
990 4744 1050 4798 Si
1088 4755 1342 4816 prwcepta
1384 4761 1498 4798 mea
1524 4784 1537 4807 ,
1591 4742 1803 4811 inquit,
1851 4745 2190 4808 servaveritis,

625 4835 892 4891 manebitis
915 4838 969 4890 in
995 4835 1268 4890 dilectione
1313 4851 1445 4888 mea.
1507 4833 1560 4887 ιιι
1593 4834 1694 4888 hoc
1720 4834 1864 4888 enim
1893 4836 2194 4904 apparebit,

620 4929 763 5000 quod
791 4930 846 4984 in
877 4929 1162 4985 dilectione
1183 4939 1304 4982 mea
1329 4926 1636 4988 manebitis.
1670 4927 1714 4983 si
1737 4940 2003 4998 praecepta
2029 4927 2195 5001 [mea]

625 5021 929 5077 servabitis.
969 5019 1140 5074 Nemo
1170 5032 1228 5071 se
1254 5015 1404 5070 fallat
1423 5016 1648 5072 dicendo
1676 5018 1818 5088 quod
1841 5034 1964 5073 eum
1989 5018 2195 5090 diligat,

622 5115 666 5170 si
696 5113 811 5184 ejus
857 5117 1126 5182 praecepta
1173 5121 1282 5162 non
1331 5115 1528 5163 servat.
1587 5107 1719 5164 Nam
1758 5109 1812 5164 in
1839 5118 2047 5165 tantum
2075 5125 2198 5166 eum

624 5205 924 5276 diligimus,
972 5204 1028 5257 in
1077 5208 1337 5272 quantum
1365 5201 1481 5271 ejus
1504 5210 1769 5273 praecepta
1795 5217 2072 5260 servamus
2097 5223 2110 5258 :
2143 5205 2201 5259 in

623 5305 884 5368 quantum
905 5303 1085 5350 autem
1114 5293 1291 5349 minus
1311 5309 1590 5348 servamus
1608 5335 1622 5360 ,
1651 5302 1856 5350 tantum
1883 5297 2060 5352 minus
2083 5296 2202 5352 dili—

628 5387 823 5458 gimus.
857 5382 997 5450 Quid
1013 5385 1262 5453 estquod
1281 5383 1416 5438 dixit
1439 5401 1451 5435 :
1484 5381 1692 5437 Manete
1710 5385 1763 5438 in
1783 5383 2201 5453 dilectionemea,

629 5479 734 5536 nisi
762 5485 976 5535 manete
999 5477 1054 5532 in
1077 5476 1249 5548 gratia
1277 5476 1430 5531 mea?
1457 5475 1524 5529 Et
1550 5475 1677 5544 quid
1705 5483 1787 5531 est
1819 5492 1832 5529 :
1866 5474 1927 5531 Si
1946 5487 2203 5549 praecepta

631 5588 747 5626 mea
783 5567 1074 5634 scruaoitis,
1117 5567 1390 5621 manebitis
1431 5567 1488 5621 in
1533 5564 1804 5620 dilectione
1829 5583 1966 5633 mea,
2009 5567 2112 5622 nisi
2137 5581 2206 5623 ex

705 5712 730 5740 ι
768 5701 848 5755 Ex
875 5700 1085 5764 eodem,
1121 5706 1278 5754 tract.
1305 5715 1512 5764 Lxxxu,
1543 5714 1690 5753 num.
1717 5697 1828 5751 1-4.

705 5770 734 5809 ιι
767 5769 873 5834 AL,
911 5787 930 5820 ‹
959 5769 1100 5836 Quid
1130 5777 1214 5825 est
1233 5784 1360 5839 ergo
1385 5770 1472 5823 ille
1496 5771 1658 5839 homo
1684 5783 1752 5822 ex
1777 5768 1985 5838 virgine
2024 5776 2203 5836 natus,

636 5839 740 5897 nisi
784 5839 928 5906 quod
949 5840 1092 5897 Deus
1140 5838 1419 5910 susceptor
1446 5847 1530 5896 est
1552 5838 1703 5912 ejus?
1753 5839 1892 5897 Deus
1917 5839 2062 5897 enim
2090 5847 2208 5896 erat

2297 4657 2625 4728 Prteceptum
2670 4674 2863 4712 meum.
2899 4657 3108 4713 Novum
3152 4659 3326 4725 dixit,
3378 4675 3446 4714 ne
3501 4661 3556 4714 in
3606 4669 3866 4716 vetustate

2294 4756 2479 4803 nostra
2533 4763 2938 4818 perseveremus
2989 4767 3001 4802 :
3044 4749 3134 4804 hic
3162 4749 3365 4805 dictum
3395 4759 3508 4814 est,
3555 4767 3729 4804 meum
3753 4791 3767 4814 ,
3807 4765 3869 4803 ne

2295 4839 2745 4893 contemnendum
2766 4847 3035 4910 putemus.
3061 4859 3080 4892 ι
3107 4839 3376 4910 Repetitio
3393 4855 3523 4896 vero
3545 4841 3709 4912 hujus
3729 4856 3870 4895 man-

2297 4931 2406 4988 dati
2440 4930 2878 5004 [commendatio]
2909 4939 3013 4999 est,
3045 4933 3168 5004 quia
3215 4933 3330 4988 sine
3365 4934 3636 4990 cbaritate
3666 4935 3866 4989 nullum

2297 5033 2627 5098 praeceptum
2659 5025 2772 5081 Deo
2801 5033 2885 5081 est
2911 5025 3240 5097 acceptabile
3264 5067 3279 5091 ,
3321 5027 3386 5081 de
3420 5043 3530 5096 qua
3561 5035 3620 5081 et
3643 5027 3872 5096 Aposto-

2297 5116 2382 5170 lus
2410 5115 2485 5170 ait
2519 5133 2531 5168 :
2577 5133 2596 5165 ι
2630 5113 2918 5168 Plenitudo
2971 5115 3099 5186 legis
3141 5125 3216 5170 est
3265 5116 3496 5169 charitas
3526 5113 3722 5185 (Rom.
3750 5131 3870 5180 xm,

2301 5208 2412 5278 10).
2473 5207 2574 5262 Ubi
2637 5221 2768 5277 ergo
2819 5207 3059 5261 Charitas
3087 5214 3204 5271 est,
3244 5207 3372 5277 quid
3402 5215 3486 5260 est
3541 5207 3689 5276 quod
3717 5207 3875 5277 possit

2302 5300 2526 5356 deesse?
2554 5298 2656 5353 Ubi
2679 5307 2858 5354 autem
2879 5314 2987 5354 non
3016 5306 3120 5364 est,
3143 5299 3271 5369 quid
3291 5305 3376 5353 est
3397 5299 3542 5368 quod
3570 5300 3744 5369 possit
3761 5313 3877 5370 pro-

2302 5389 2456 5445 desse
2481 5387 2532 5460 (I
2555 5385 2678 5441 Cor.
2703 5404 2826 5455 xm,
2867 5388 2994 5461 i5)?
3020 5387 3188 5445 Nemo
3217 5388 3389 5458 diligit
3414 5390 3508 5458 qui
3536 5405 3645 5444 non
3677 5390 3876 5453 credit,

2303 5496 2462 5536 nemo
2489 5481 2739 5550 desperat
2773 5481 2864 5552 qui
2902 5482 3092 5552 diligit.
3124 5501 3142 5533 ι
3176 5481 3245 5536 Et
3276 5481 3394 5536 haec
3417 5482 3524 5537 tria
3566 5491 3716 5545 sunt,
3741 5495 3876 5552 spes,

2305 5571 2437 5626 ﬁdes
2463 5579 2516 5626 et
2543 5572 2783 5626 Charitas
2802 5611 2817 5636 ,
2871 5573 2924 5626 in
2953 5572 3151 5644 quibus
3177 5571 3484 5627 Christiana
3534 5573 3728 5644 religio
3757 5587 3881 5628 con-

2305 5703 2613 5780 unigenitus
2638 5703 2937 5780 Dei_Patris
2962 5702 3147 5760 Filius.
3174 5703 3282 5760 Sed
3301 5711 3380 5770 ut,
3407 5713 3513 5760 etc.
3543 5725 3563 5758 ι
3583 5693 3723 5762 Υἱό.
3745 5707 3878 5780 Aug.

2306 5775 2346 5828 ι.
2376 5775 2468 5829 cit.
2503 5789 2558 5826 ιι.
2587 5773 2619 5826 4
2649 5774 2702 5828 in
2723 5774 2848 5829 ﬁne.

2382 5825 2420 5884 ἶ
2435 5825 2604 5901 Είεέ
2628 5825 2793 5916 litigi;
2805 5825 2967 5901 tract.
3001 5861 3206 5903 Lxxxm
3226 5887 3242 5913 ,
3273 5859 3423 5902 num.
3452 5845 3566 5904 i-5.
3587 5825 3596 5832 ’
