4088 6340
285 414 397 475 945

1100 407 1618 465 ΕΧΕΟΕΤΙΟΑ.“--
1655 406 2011 464 COMMENT.
2051 407 2119 462 IN
2158 405 2348 464 JOAN.
2388 436 2458 446 -ο
2495 405 2620 462 LIB.
2661 406 2750 462 Vl.

3438 410 3544 468 946

288 525 435 582 sistit
465 542 478 578 :
507 522 603 580 sed
640 524 816 593 majus
865 521 950 577 his
997 522 1236 578 charitas
1258 565 1273 590 ,
1303 523 1429 592 quia
1469 538 1575 577 non
1606 523 1866 592 prmterit,
1895 523 1944 580 Δ
1974 521 2101 576 tatis
2149 522 2514 587 dulcedinem,
2569 521 2722 592 quasi
2772 522 2912 590 patri
2959 521 3177 576 serviat.
3226 521 3322 576 Vos
3371 533 3545 578 autent

288 617 387 673 sed
410 623 712 686 permanet.
760 613 859 670 Hic
883 614 1090 684 incipit,
1123 615 1218 670 sed
1252 614 1364 669 illic
1391 613 1704 684 perficietur
1727 655 1741 678 ,
1771 613 1863 667 ubi

286 716 589 780 permanet.
627 727 646 759 ‹
674 706 788 763 Hoc
811 723 941 779 ergo
967 715 1295 778 praeceptum
1322 707 1534 761 Domini
1562 713 1862 772 teneamus,

289 810 350 856 ut
377 816 476 856 nos
497 801 726 856 invicem
755 800 1059 871 diligamus,
1090 808 1145 855 et
1171 800 1250 855 sic
1272 799 1532 869 quidquid
1559 797 1704 853 aliud
1730 812 1867 867 pra:-

291 891 455 961 cepit,
483 891 773 957 faciemus;
813 892 1068 962 quoniam
1089 891 1348 961 quidquid
1387 899 1471 945 est
1495 888 1669 956 aliud,
1698 887 1865 944 habe-

291 1001 432 1040 mus.
470 1004 488 1037 s
523 983 692 1053 Hujus
715 985 1017 1041 dilectionis
1043 986 1098 1040 in
1129 986 1306 1056 seipso
1351 984 1656 1055 exemplum
1680 991 1865 1038 osten-

289 1075 390 1140 dit,
415 1083 470 1130 et
491 1075 611 1130 ideo
639 1075 916 1146 subiunxit
947 1095 958 1129 :
990 1075 1058 1130 Ut
1079 1075 1312 1147 diligatis
1341 1077 1581 1142 invicem,
1613 1077 1746 1130 sicut
1774 1091 1867 1146 ego

289 1163 453 1219 dilexi
481 1181 589 1219 vos.
625 1165 697 1221 Ut
724 1166 852 1235 quid
901 1167 1045 1222 enim
1075 1181 1174 1222 nos
1221 1167 1411 1223 dilexit
1440 1166 1686 1223 Christus
1709 1207 1725 1233 ,
1763 1166 1868 1221 nisi

289 1264 352 1310 ut
371 1256 641 1326 possimus
669 1270 899 1327 regnare
931 1272 1055 1311 cum
1079 1256 1338 1311 Christo?
1385 1256 1468 1311 Ad
1493 1257 1597 1312 hoc
1624 1271 1722 1310 nos
1753 1255 1870 1310 dili-

289 1365 420 1421 gere
447 1351 722 1416 debemus,
750 1359 811 1405 ut
833 1350 1129 1406 habeamus
1159 1352 1348 1416 Deum,
1396 1359 1453 1406 et
1477 1366 1792 1406 maneamus
1814 1350 1870 1404 in

290 1442 436 1508 Deo;
495 1451 551 1496 et
575 1443 680 1508 sic,
740 1443 831 1511 qui
893 1458 950 1497 se
988 1442 1250 1514 diligunt,
1305 1442 1473 1498 Deum
1525 1442 1768 1512 diligunt.
1805 1440 1872 1494 Et

292 1533 410 1588 haac
434 1541 518 1587 est
546 1533 780 1598 dilectio,
833 1548 940 1604 qua
984 1532 1044 1586 fit
1069 1532 1212 1588 Deus
1253 1532 1433 1586 omnia
1487 1531 1543 1585 in
1598 1531 1868 1586 omnibus.

295 1627 554 1697 Sequitur
583 1641 597 1680 :

363 1719 530 1790 606
561 1719 714 1774 Vsus.
743 1719 830 1774 15.
858 1749 930 1759 -
960 1717 1222 1788 Majorem
1247 1718 1344 1771 hac
1373 1717 1702 1770 dilectionem
1723 1731 1872 1769 nemo

293 1808 464 1872 habet,
494 1826 651 1880 quam
679 1818 735 1864 ut
766 1811 996 1864 animant
1033 1827 1184 1865 suam
1226 1819 1384 1881 ponat
1412 1811 1526 1881 quis
1563 1825 1657 1879 pro
1689 1808 1872 1861 amicis

1965 615 2075 668 dia-.3
2107 618 2322 680 amicos,
2356 617 2478 686 quia
2509 616 2683 668 omnia
2729 631 3047 685 qua’cunque
3100 614 3276 668 audivi
3303 631 3336 667 a
3384 611 3546 670 Patre

1963 723 2078 761 meo
2098 747 2112 772 ,
2153 717 2276 761 nota
2307 707 2406 776 feci
2432 706 2592 761 vobis.
2622 706 2751 772 Quae
2775 715 2899 760 sunt
2928 707 3109 778 omnia
3140 722 3260 776 quae
3284 706 3491 761 audivit
3512 723 3549 764 a

1965 796 2127 852 Patre
2175 813 2292 862 suo,
2321 812 2440 866 qua:
2483 805 2608 852 nota
2638 797 2757 851 fieri
2801 797 2970 852 voluit
2994 797 3165 852 servis
3195 797 3336 861 suis,
3367 805 3428 852 ut
3454 811 3550 854 eos

1964 886 2251 954 perficeret
2273 887 2476 942 amicos
2511 903 2657 952 suos,
2691 887 2792 942 nisi
2821 888 3017 959 gaudia
3062 889 3290 944 internae
3315 889 3551 944 charita-

1969 983 2060 1045 tis,
2089 981 2193 1034 nisi
2218 980 2306 1034 illa
2341 979 2480 1034 festa
2505 995 2751 1048 superum
2789 979 2977 1050 patria:
2999 1019 3014 1045 ,
3046 994 3166 1049 qua:
3188 979 3390 1035 nostris
3410 995 3548 1050 quo-

1970 1073 2100 1127 tidie
2118 1073 2386 1126 mentibus
2400 1087 2496 1142 per
2519 1072 2904 1140 aspirationem
2929 1071 3010 1127 sui
3035 1072 3236 1126 amoris
3254 1070 3552 1142 imprimit?

1972 1163 2078 1218 Sed
2117 1164 2232 1217 haec
2268 1163 2535 1233 cOgnitio,
2587 1179 2706 1232 quas
2751 1178 2894 1217 nunc
2930 1177 2996 1216 ex
3023 1171 3178 1232 parte
3208 1161 3455 1233 proﬁcit,
3494 1161 3552 1217 in

1972 1256 2062 1311 illa
2093 1257 2425 1326 plenitudine
2455 1257 2693 1312 scientiae
2724 1256 3053 1326 perficietur,
3084 1256 3151 1310 de
3189 1271 3298 1326 qua
3321 1255 3554 1326 Aposto-

1971 1348 2055 1404 lus
2080 1349 2155 1402 ait
2181 1367 2193 1401 :
2224 1347 2353 1402 Cum
2377 1357 2551 1403 autem
2574 1349 2770 1402 venerit
2805 1349 2944 1420 quod
2971 1349 3270 1419 perfectum
3298 1357 3370 1403 est
3388 1389 3404 1415 ,
3435 1364 3557 1402 eva-

1973 1439 2216 1492 cuabitur
2271 1440 2409 1511 quod
2451 1456 2515 1494 ea:
2542 1451 2688 1511 parte
2736 1449 2810 1494 est
2857 1439 2908 1512 (1
2939 1439 3058 1495 Cor.
3100 1457 3224 1508 xm,
3275 1439 3385 1515 10).
3418 1438 3558 1497 Ἠοα

1973 1531 2118 1584 enim
2145 1531 2400 1586 Dominus
2427 1531 2706 1601 discipulis
2733 1547 2792 1587 se
2819 1531 3013 1588 fecisse
3036 1533 3202 1602 dixit,
3255 1533 3398 1604 quod
3431 1547 3558 1589 eum

1972 1621 2245 1676 facturum
2269 1638 2390 1678 esse
2415 1625 2638 1679 sciebat.

2045 1713 2207 1767 Vsus.
2235 1714 2320 1767 16.
2344 1745 2415 1754 —-
2433 1714 2557 1769 Non
2579 1733 2667 1770 vos
2692 1733 2773 1771 me
2793 1716 3038 1788 elegistis,
3062 1718 3152 1772 sed
3176 1734 3268 1789 ego
3292 1718 3421 1790 elegi
3443 1735 3557 1775 vos.

1977 1801 2103 1857 llaec
2132 1811 2215 1858 est
2244 1804 2531 1861 ineffabilis
2569 1805 2704 1877 [Al.,
2729 1806 2978 1881 affabilis]
3007 1810 3181 1879 gratia
3207 1825 3326 1880 qua:
3354 1825 3563 1882 praeve-

293 1901 424 1954 suis.
455 1900 594 1968 Quid
633 1909 718 1956 est
743 1902 884 1972 quod
913 1902 1173 1957 Dominus
1208 1911 1394 1956 noster
1433 1901 1590 1956 Jesus
1629 1900 1875 1955 Christus
1906 1887 1952 1947 Β
1979 1893 2059 1948 nit
2092 1909 2209 1959 nos,
2241 1904 2301 1948 ut
2329 1896 2498 1950 simus
2523 1897 2686 1951 amici
2707 1913 2773 1951 ex
2798 1901 2990 1954 servis.
3013 1901 3244 1970 Ideoque
3273 1901 3428 1956 nobis
3451 1916 3561 1956 non

297 1991 458 2046 toties
494 1992 778 2048 charitatis
813 2001 1081 2064 praecepta
1121 1993 1375 2058 iteravit,
1419 1994 1520 2048 nisi
1553 1994 1680 2062 quia
1714 2007 1874 2046 omne

294 2093 624 2156 prmceptum
665 2094 722 2140 et
769 2101 928 2140 omne
966 2102 1101 2156 opus
1137 2087 1336 2142 bonum
1366 2087 1419 2141 in
1450 2086 1562 2141 sola
1611 2087 1875 2141 charitate

295 2174 590 2230 solidatur?
645 2193 663 2226 ‹
699 2187 726 2217 α
750 2176 1027 2248 Pmcepta
1053 2194 1184 2250 ergo
1229 2179 1510 2233 Dominica
1537 2219 1552 2244 ,
1611 2187 1666 2232 et
1708 2179 1876 2233 multa

295 2279 422 2326 sunt
450 2279 506 2326 et
529 2288 695 2326 unum
726 2287 742 2327 :
782 2267 958 2328 multa
998 2282 1123 2328 sunt
1150 2289 1249 2343 per
1277 2275 1647 2329 diversitatem
1674 2275 1874 2344 operis,

297 2377 466 2416 unum
496 2363 551 2416 in
585 2362 768 2418 radice
809 2364 1130 2419 dilectionis.
1161 2364 1312 2419 Hanc
1348 2366 1531 2434 itaque
1557 2365 1877 2420 charitatem

297 2453 566 2508 veraciter
592 2454 771 2517 habet,
799 2455 890 2524 qui
916 2461 970 2509 et
999 2455 1231 2510 amicum
1256 2455 1431 2526 diligit
1458 2457 1513 2510 in
1543 2455 1670 2520 Deo,
1705 2464 1758 2510 et
1785 2456 1880 2510 ini-

299 2546 497 2600 micum
526 2547 699 2618 diligit
721 2556 940 2618 propter
969 2547 1158 2602 Deum.
1188 2547 1311 2603 Ideo
1337 2547 1616 2618 subiunxit
1665 2566 1678 2602 :
1732 2546 1880 2602 Sicut

297 2651 390 2708 ego
419 2637 582 2692 dilexi
606 2656 717 2704 vos,
740 2640 795 2695 id
819 2649 922 2705 est,
955 2640 1021 2694 ad
1050 2640 1153 2696 hoc
1175 2650 1354 2694 amate
1374 2681 1389 2705 ,
1419 2641 1486 2694 ad
1518 2640 1661 2710 quod
1703 2641 1880 2696 amavi

298 2743 413 2784 vos.
440 2749 460 2781 ι
497 2728 650 2784 Unde
672 2738 729 2784 ct
781 2731 833 2784 in
865 2746 1025 2786 cruce
1048 2731 1256 2802 positus
1301 2732 1477 2785 oravit
1505 2745 1604 2801 pro
1648 2730 1883 2786 inimicis

299 2820 413 2875 suis
441 2821 626 2876 dicens
677 2840 689 2876 :
748 2819 931 2888 Pater,
977 2824 1185 2894 ignosce
1233 2821 1338 2876 illis
1382 2821 1533 2894 (Luc.
1578 2837 1738 2886 χχιιι,
1766 2819 1879 2891 51).

300 2908 558 2980 Majorem
583 2911 682 2965 hac
721 2911 1048 2967 dilectionem
1077 2928 1223 2967 nemo
1253 2912 1424 2976 habet,
1468 2929 1628 2983 quam
1657 2921 1712 2965 ut
1769 2912 1885 2964 ani-

299 3016 441 3054 mam
476 3017 627 3054 suam
655 3011 816 3072 ponat
842 3005 957 3074 quis
985 3020 1079 3074 pro
1109 3004 1292 3057 amicis
1313 3003 1444 3057 suis.
1461 3002 1530 3073 Iln
1557 3004 1660 3058 hoc
1681 3002 1884 3058 Christi

300 3091 518 3147 dilectio
560 3095 928 3163 supereminet
957 3095 1011 3149 in
1041 3110 1140 3150 nos
1165 3136 1180 3161 ,
1212 3095 1339 3164 quia
1377 3095 1526 3150 venit
1566 3102 1626 3148 ut
1649 3095 1884 3148 animam

301 3196 454 3236 suam
479 3192 708 3251 poneret
732 3199 831 3254 pro
859 3184 1093 3239 inimicis
1129 3185 1276 3250 suis;
1305 3184 1374 3238 ad
1401 3184 1503 3239 hoc
1534 3192 1712 3238 tamen
1735 3192 1794 3237 ut
1817 3198 1884 3237 ex

1977 1986 2234 2054 subrepat
2261 1987 2512 2056 superbia
2531 2027 2545 2053 ,
2575 1989 2728 2058 quasi
2751 2004 2851 2059 pro
2882 1990 3079 2043 nostris
3120 1990 3330 2044 meritis
3361 1990 3562 2060 aliquid

1979 2081 2348 2149 acceperimus
2371 2121 2386 2146 ,
2433 2081 2562 2136 dum
2590 2080 2686 2135 lilii
2717 2081 2812 2136 iraa
2837 2080 3058 2137 fuimus.
3087 2081 3240 2137 Nunc
3266 2091 3450 2138 autem
3473 2082 3565 2138 Fi-

1978 2175 2034 2230 lii
2068 2175 2161 2229 Dei
2203 2191 2299 2244 per
2319 2177 2546 2246 gratiam
2569 2177 2746 2232 effecti
2773 2194 2978 2244 sumus,
3006 2179 3123 2234 sine
3157 2196 3262 2251 qua
3285 2180 3418 2234 nihil
3442 2195 3564 2251 pos-

1981 2283 2167 2322 sumus
2197 2269 2396 2336 facere,
2426 2278 2487 2324 ut
2514 2272 2671 2341 paulo
2701 2279 2826 2326 ante
2859 2275 2974 2342 ipsa
3013 2275 3228 2331 Veritas
3269 2277 3347 2331 ait
3392 2296 3404 2330 :
3438 2275 3566 2334 Sine

1981 2373 2060 2410 me
2086 2358 2214 2411 nihil
2236 2362 2448 2429 potestis
2470 2361 2660 2430 facere.
2685 2363 2755 2416 Et
2773 2366 2924 2434 posui
2955 2382 3073 2433 vos,
3094 2376 3156 2420 ut
3189 2369 3341 2435 eatis,
3375 2377 3423 2422 et
3449 2369 3566 2438 fru-

1981 2457 2119 2501 ctum
2147 2451 2400 2520 a/feratis.
2441 2472 2458 2503 ι
2488 2454 2514 2493 b
2544 2453 2701 2509 l’osui
2729 2455 2795 2509 ad
2836 2458 3086 2528 gratiam,
3118 2459 3358 2529 plantavi
3388 2468 3448 2516 ut
3473 2477 3566 2518 ea-

1985 2539 2055 2594 tis
2084 2539 2312 2596 volendo
2337 2583 2352 2607 ,
2399 2542 2606 2600 fructus
2650 2545 2888 2602 afferatis
2917 2550 3209 2618 operando.
3247 2552 3395 2608 Eatis
3419 2554 3566 2609 enim

1982 2631 2206 2687 volendo
2232 2634 2363 2699 dixi,
2387 2635 2513 2704 quia
2541 2635 2678 2691 velle
2701 2637 2901 2708 aliquid
2919 2637 3119 2707 facere,
3138 2641 3252 2712 jam
3278 2652 3459 2698 mente
3485 2645 3567 2702 ire

1983 2735 2084 2780 est.
2115 2727 2333 2794 Qualem
2366 2745 2494 2785 vero
2516 2731 2751 2787 fructum
2781 2732 2976 2790 afferre
3000 2735 3246 2802 debeant,
3289 2737 3566 2794 subdendo

1983 2820 2291 2876 manifestat
2321 2841 2332 2875 ε
2366 2823 2435 2877 Et
2463 2825 2664 2893 fructus
2689 2835 2856 2882 vester
2883 2838 3111 2894 maneat,
3142 2841 3200 2884 ut
3223 2831 3567 2902 quodcunque

1983 2913 2233 2981 petieritis
2270 2913 2484 2970 Patrem
2514 2919 2568 2970 in
2597 2921 2805 2973 nomine
2848 2937 2983 2986 meo,
3015 2922 3098 2976 det
3119 2923 3281 2977 vobis.
3307 2944 3326 2976 ι
3361 2923 3569 2980 Nomen

1985 3005 2100 3071 filii,
2132 3006 2290 3062 lesus
2310 3016 2392 3062 est
2416 3025 2430 3073 ;
2472 3008 2630 3065 Jesus
2650 3021 2831 3066 autem
2860 3012 3108 3069 Salvator
3126 3016 3212 3116 El
3235 3016 3401 3072 etiam
3424 3017 3568 3072 salu-

1986 3096 2118 3150 taris
2147 3097 2361 3150 dicitur.
2393 3097 2484 3153 llle
2511 3114 2641 3171 ergo
2663 3101 2718 3155 in
2735 3103 2952 3157 nomine
2971 3096 3273 3160 Salvatbris
3289 3107 3444 3176 petit,
3474 3109 3569 3177 qui

1988 3185 2115 3240 illud
2128 3188 2416 3257 petitquod
2440 3189 2507 3243 ad
2532 3207 2716 3246 veram
2745 3193 2972 3248 salutem
3002 3195 3261 3264 pertinet;
3289 3213 3412 3252 nam
3441 3198 3488 3253 si
3511 3197 3569 3253 id

301 3273 539 3330 inimicis
566 3274 770 3330 faceret
797 3277 1021 3333 amicos.
1052 3276 1161 3332 Sed
1186 3293 1294 3332 non
1318 3277 1558 3332 omnium
1578 3283 1662 3330 est
1680 3283 1886 3348 marty-
1912 3247 1956 3310 θ
1990 3278 2131 3348 quod
2178 3295 2285 3334 non
2333 3282 2582 3350 expediat
2626 3285 2892 3352 petimus,
2945 3301 3054 3341 non
3102 3287 3158 3341 in
3197 3287 3416 3344 nomine
3441 3286 3572 3346 Jesu

301 3363 465 3430 rium,
494 3373 676 3420 tamen
704 3367 946 3422 omnium
973 3367 1296 3424 beneficium
1343 3376 1426 3423 est
1460 3367 1514 3422 in
1542 3366 1755 3421 fratres.
1785 3367 1888 3434 Qui

302 3471 436 3512 vero
463 3459 819 3515 substantiam
851 3476 1003 3516 suam
1050 3460 1206 3515 fratri
1251 3461 1306 3515 in
1346 3461 1669 3516 necessitate
1713 3461 1886 3531 posito

303 3564 413 3605 non
441 3551 649 3619 tribuit,
679 3554 948 3623 quomodo
977 3553 1213 3607 animam
1247 3568 1399 3608 suam
1425 3553 1479 3607 in
1508 3554 1887 3623 persecutione

304 3641 532 3700 daturus
552 3654 635 3701 est
660 3660 758 3716 pro
784 3645 954 3703 fratre
979 3648 1112 3703 suo?
1146 3649 1332 3704 Virtus
1353 3664 1482 3704 vero
1517 3649 1677 3720 hujus
1708 3649 1888 3704 chari-

306 3737 438 3792 tatis
457 3747 558 3803 est,
594 3739 648 3793 in
675 3754 809 3809 pace
834 3755 930 3796 sua
968 3740 1292 3798 distribuere
1321 3757 1419 3812 pro
1445 3741 1646 3796 Christi
1679 3759 1884 3810 amore,

304 3836 368 3885 ut
383 3830 618 3899 possitin
632 3833 1035 3902 perturbatione
1051 3833 1286 3904 seipsum
1313 3835 1529 3889 tradere
1546 3851 1646 3904 pro
1671 3835 1889 3892 nomine

305 3920 447 3993 eius.
482 3921 666 3993 (Vens.
693 3922 803 3995 14.)
844 3922 947 3977 Vos
977 3925 1132 3978 amici
1173 3926 1273 3979 mei
1322 3927 1464 3992 estis,
1493 3927 1537 3980 si
1571 3925 1796 3995 feceritis
1826 3943 1889 3980 ea

307 4031 426 4088 qua:
450 4032 542 4086 ego
569 4017 815 4088 praecipio
841 4016 1002 4071 vobis.
1034 4017 1223 4087 Magna
1252 4026 1336 4072 est
1381 4019 1616 4090 dignitas
1654 4020 1888 4074 amicum

309 4119 432 4160 esse
457 4105 572 4160 Dei.
604 4104 711 4160 Sed
737 4106 1027 4160 videndum
1051 4115 1136 4161 est
1159 4108 1356 4176 quibus
1378 4109 1634 4179 gradibus
1653 4109 1720 4164 ad
1749 4111 1889 4164 hanc

308 4197 686 4254 celsitudinem
711 4200 1075 4270 perveniatur.
1109 4199 1396 4270 Subiungit
1425 4219 1438 4254 :
1473 4199 1531 4255 Si
1561 4202 1787 4272 feceritis
1827 4219 1890 4257 ea

309 4307 429 4362 qua:
454 4307 546 4360 ego
574 4291 818 4362 prtecipio
845 4290 1006 4346 vobis.
1029 4291 1107 4347 Ac
1137 4293 1182 4348 si
1210 4301 1396 4362 aperte
1418 4293 1562 4348 dicat
1592 4311 1604 4347 :
1636 4292 1892 4349 Gaudetis

311 4381 381 4438 de
407 4381 663 4448 culmine,
685 4393 910 4453 pensate
938 4384 1132 4454 quibus
1153 4384 1429 4440 laboribus
1453 4386 1666 4441 venitur
1689 4388 1756 4443 ad
1779 4389 1892 4443 cul-

312 4489 459 4530 men.
484 4473 673 4546 Magna
699 4483 786 4530 est
814 4475 1184 4531 misericordia
1213 4476 1483 4547 largitoris
1510 4477 1679 4532 nostri
1709 4497 1720 4531 :
1748 4479 1889 4534 servi

313 4582 423 4622 non
449 4566 646 4623 fuimus
671 4567 838 4638 digni,
857 4575 912 4623 et
931 4568 1089 4624 amici
1114 4585 1390 4624 vocamur.
1413 4569 1538 4625 Ideo
1560 4569 1692 4642 [Αι.,
1711 4570 1886 4644 Unde]

315 4657 592 4728 subiungit
623 4675 634 4711 :
668 4657 854 4730 (Vsus.
884 4658 971 4729 15)
1005 4657 1131 4712 Jam
1158 4676 1260 4713 non
1292 4660 1408 4714 dico
1430 4677 1518 4714 vos
1541 4677 1736 4726 servos,
1766 4662 1892 4733 quia

316 4766 494 4804 servus
524 4749 683 4803 nescit
705 4750 829 4820 quia
862 4749 1023 4820 faciat
1053 4750 1294 4805 dominus
1322 4751 1456 4820 ejus.
1481 4751 1640 4807 Aliud
1667 4761 1751 4808 est
1773 4769 1890 4808 ser-

317 4840 512 4895 vitium
538 4841 766 4906 timoris,
798 4840 940 4896 aliud
966 4842 1197 4908 amoris;
1229 4858 1348 4912 qua:
1375 4841 1524 4915 [duo]
1557 4859 1755 4914 genera
1776 4846 1892 4915 ipsa

319 4931 536 4989 Veritas
561 4931 616 4985 in
642 4932 744 4988 hoc
791 4931 979 4988 eodem
1011 4933 1301 5004 Evangelio
1329 4934 1616 5003 exprimit,
1663 4935 1847 4990 dicens
1877 4954 1890 4989 :

322 5024 518 5081 Servus
548 5042 649 5079 non
673 5034 843 5079 manet
871 5026 926 5078 in
970 5025 1126 5080 domo
1154 5027 1209 5080 in
1245 5035 1518 5091 azternum,
1550 5025 1691 5094 ﬁlius
1720 5037 1894 5081 autent

321 5123 496 5170 manet
527 5113 707 5185 (Joan.
737 5131 858 5180 vni,
889 5114 998 5186 55).
1050 5114 1217 5170 Filius
1241 5131 1369 5170 vero
1399 5116 1568 5171 servit
1602 5117 1743 5187 patri
1771 5131 1896 5186 pro-

321 5213 444 5277 pter
473 5221 732 5271 amorem,
781 5221 969 5260 servus
1017 5213 1195 5260 autem
1245 5217 1465 5276 propter
1512 5208 1781 5263 timorem.
1821 5209 1896 5263 De

325 5315 435 5370 quo
459 5300 680 5354 servitio
705 5299 862 5354 modo
888 5298 1146 5353 Dominus
1165 5298 1302 5352 dixit
1331 5317 1343 5351 :
1384 5297 1508 5352 Jam
1536 5315 1637 5352 non
1668 5299 1784 5352 dico
1811 5314 1896 5352 vos

324 5409 523 5458 servos,
582 5391 671 5446 sed
724 5391 951 5456 amicos,
1000 5389 1123 5459 quia
1183 5388 1315 5454 ﬁlii,
1357 5405 1463 5444 non
1491 5391 1664 5456 servi,
1697 5390 1817 5446 ideo
1847 5397 1903 5445 et

327 5483 509 5540 amici.
544 5482 682 5548 Quia
703 5499 879 5537 servus
907 5483 1067 5536 nescit
1099 5481 1225 5553 quid
1251 5481 1410 5551 faciat
1435 5482 1675 5536 dominus
1701 5481 1893 5555 [ejus]:

325 5571 510 5627 Nescit
547 5573 688 5628 enim
717 5571 1045 5627 voluntatem
1072 5571 1273 5625 domini
1303 5571 1408 5636 sui,
1449 5571 1538 5640 qui
1569 5586 1666 5641 per
1691 5572 1898 5626 timoris

328 5665 742 5723 amaritudinem
768 5665 934 5721 servit
973 5663 1189 5719 domino
1211 5679 1307 5719 suo
1331 5705 1346 5731 ,
1388 5672 1443 5719 et
1469 5680 1573 5720 non
1605 5679 1700 5733 per
1724 5664 1900 5720 chari-

399 5796 426 5854 ᾳ
456 5783 535 5837 Ex
561 5781 740 5854 Greg.,
770 5783 919 5838 hom.
946 5781 1038 5848 27,
1061 5797 1209 5836 num.
1240 5780 1290 5854 i,
1312 5779 1364 5834 2.

402 5853 430 5898 δ
457 5854 540 5916 Ex
557 5851 766 5927 eodem,
789 5854 893 5914 loc.
925 5854 1042 5926 cit.,
1069 5868 1217 5911 num.
1242 5851 1294 5908 5.

1985 3369 2240 3439 petimus.

2404 3491 2566 3562 607
2606 3492 2833 3550 CAPUT
2871 3452 3135 3551 xxxvu.

1989 3596 2240 3678 Eamdem
2271 3600 2599 3678 dilectionem
2620 3605 3316 3678 instantius_commendans,
3343 3620 3573 3668 contem-

2061 3673 2287 3755 nendum
2308 3672 2442 3754 .dicit
2466 3674 2644 3755 odium
2669 3677 2870 3755 mundi.
2892 3676 3194 3755 Prtedicens
3217 3672 3418 3755 quoque
3443 3701 3573 3755 qua-

1979 3792 1982 3794 .
2059 3740 2130 3822 lia
2152 3759 2244 3812 pro
2268 3743 2383 3822 ejus
2408 3746 2614 3822 nomine
2637 3747 2741 3802 sint
2767 3750 2993 3822 passuri,
3011 3760 3059 3822 et
3075 3740 3399 3822 arguendunt
3421 3740 3574 3809 inun—

2059 3811 2183 3894 dum
2205 3831 2237 3866 a
2259 3811 2529 3895 quaclito
2549 3815 2614 3872 de
2633 3811 2865 3888 peccato,
2883 3831 2929 3874 et
2945 3819 3009 3874 de
3015 3811 3250 3890 justitia,
3271 3832 3319 3878 et
3340 3824 3406 3879 de
3419 3825 3574 3895 judi-

2061 3884 2140 3936 cio
2164 3883 2486 3952 manifestat.

2062 4019 2225 4074 Vens.
2244 4019 2413 4073 17.-
2434 4018 2566 4076 Haec
2587 4023 2778 4078 mando
2805 4026 2968 4093 vobis,
2997 4035 3053 4082 ut
3074 4027 3305 4100 diligatis
3330 4030 3569 4088 invicem.

1997 4129 2015 4160 r
2050 4122 2071 4150 ο
2100 4111 2289 4166 Merito
2327 4113 2511 4182 itaque
2534 4115 2793 4185 magister
2823 4119 2998 4174 bonus
3035 4121 3376 4178 dilectionem
3403 4123 3569 4179 disci-

1989 4202 2132 4272 pulis
2151 4202 2229 4257 sic
2241 4217 2382 4272 saepe
2403 4206 2763 4273 commendat,
2791 4216 3045 4278 tanquam
3074 4211 3187 4266 sola
3211 4213 3571 4284 praecipienda

1991 4293 2081 4358 sit,
2110 4292 2226 4349 sine
2254 4310 2360 4364 qua
2385 4311 2493 4351 non
2519 4306 2747 4366 possunt
2791 4302 3046 4370 prodesse
3067 4311 3264 4360 caetera
3291 4306 3462 4373 bona,
3515 4315 3568 4365 et

1993 4398 2112 4453 quae
2162 4399 2269 4438 non
2300 4395 2478 4454 potest
2509 4387 2696 4445 haberi
2748 4391 2864 4446 sine
2913 4395 3123 4452 caeteris
3168 4397 3324 4455 bonis
3377 4401 3574 4470 quibus

1993 4474 2154 4530 homo
2189 4475 2418 4532 edicitur
2443 4479 2636 4536 bonus.
2673 4481 2733 4536 ln
2777 4481 2908 4555 [Al.,
2935 4485 3063 4559 Pro]
3095 4487 3197 4542 hac
3223 4501 3403 4546 autem
3440 4493 3572 4551 dile-

1993 4568 2170 4623 ctione
2194 4610 2208 4633 ,
2249 4571 2518 4640 patienter
2545 4573 2798 4631 debemus
2842 4592 2941 4646 pro
2969 4578 3197 4636 Domino
3222 4582 3409 4638 mundi
3448 4587 3572 4642 odia

1995 4663 2281 4718 sustinere.
2315 4663 2546 4721 Necesse
2571 4675 2654 4721 est
2671 4667 2815 4722 enim
2848 4676 2910 4724 ut
2938 4685 3038 4726 nos
3066 4672 3260 4740 oderit,
3291 4691 3428 4745 quos
3453 4691 3574 4733 cer-

1995 4754 2074 4807 nit
2103 4755 2241 4810 nolle
2266 4771 2448 4811 amare
2473 4758 2614 4826 quod
2642 4759 2834 4828 diligit.
2867 4760 2972 4816 Sed
3009 4779 3115 4819 non
3154 4782 3342 4837 parum
3385 4785 3486 4826 nos
3507 4771 3574 4826 de

1995 4848 2172 4918 seipso
2197 4849 2454 4905 Dominus
2469 4851 2797 4918 consolatur,
2827 4855 2918 4924 qui
2943 4871 3065 4911 cum
3087 4858 3346 4916 dixisset:
3380 4862 3571 4935 (Vsus.

1997 4937 2086 5009 18)
2115 4937 2245 4994 Hwe
2290 4940 2483 4995 mando
2511 4941 2654 4996 vobis
2705 4953 2763 4998 ut
2809 4944 3038 5017 diligatis
3089 4951 3329 5017 invicem,
3379 4951 3575 5020 adjecit

1998 5038 2160 5099 atque
2196 5032 2272 5086 ait
2299 5050 2310 5084 :
2344 5030 2405 5087 Si
2444 5033 2670 5088 mundus
2696 5052 2786 5090 vos
2817 5037 2944 5104 odit,
2976 5042 3156 5095 scitote
3178 5043 3300 5112 quia
3328 5059 3407 5096 me
3431 5045 3575 5113 prio-

1998 5139 2104 5176 rem
2151 5124 2291 5178 vobis
2321 5124 2440 5178 odio
2468 5126 2668 5181 habuit.
2710 5150 2728 5182 ι
2786 5129 2903 5187 Non
2956 5141 3038 5188 est
3089 5133 3382 5204 discipulus
3411 5153 3577 5209 super

1998 5213 2334 5282 magistrum,
2359 5216 2667 5272 adhaereant
2686 5221 2849 5290 capiti
2873 5223 3140 5288 membra;
3167 5232 3227 5277 ut
3243 5227 3387 5294 quod
3413 5237 3576 5297 caput

1999 5303 2306 5371 patiebatur
2333 5307 2502 5376 prius,
2535 5311 2774 5364 membra
2806 5313 2915 5379 pati
2943 5329 3051 5367 non
3081 5326 3350 5371 recusent.
3383 5317 3570 5390 (Vsus.

2001 5397 2113 5469 19.)
2144 5397 2201 5454 Si
2225 5399 2288 5453 de
2307 5402 2498 5456 mundo
2524 5406 2720 5469 essetis,
2753 5405 2977 5460 mundus
3003 5410 3141 5478 quod
3167 5426 3323 5464 suum
3353 5420 3465 5466 erat
3491 5412 3576 5467 di-

2004 5489 2201 5560 ligeret.
2233 5491 2402 5547 Aliter
2443 5496 2588 5550 enim
2637 5497 2867 5552 mundus
2916 5499 3232 5571 intelligitur
3259 5503 3310 5557 in
3340 5505 3571 5577 sanctis,

2004 5581 2163 5636 aliter
2177 5582 2229 5636 in
2253 5587 2653 5653 peccatoribus;
2680 5587 2837 5642 aliter
2849 5590 2941 5658 qui
2959 5591 3385 5662 diliguntDeum,
3409 5605 3575 5668 atque

2003 5675 2160 5731 aliter
2181 5678 2270 5748 qui
2313 5677 2538 5747 diligunt
2559 5679 2661 5732 hoc
2687 5679 2960 5735 smculum.
3001 5700 3018 5733 ‹
3045 5683 3180 5738 Nam
3205 5688 3390 5745 mundi
3413 5687 3576 5761 hujus

2085 5799 2101 5830 =
2140 5790 2241 5846 Ex.
2267 5789 2324 5848 S.
2353 5789 2516 5864 Aug,
2542 5797 2700 5848 tract.
2726 5809 2962 5862 Lxxxvu,
2994 5811 3139 5855 num.
3165 5798 3217 5854 5.
