4088 6340
564 422 669 483 947

1448 419 1509 476 Β.
1540 412 1602 475 F.
1632 412 1859 474 ALBINI
1894 412 2025 472 SEO
2062 412 2334 471 ALCUINI
2371 358 2654 472 OPERllM
2688 412 2869 471 PARS
2898 410 2961 470 ll.

564 536 805 604 nomine,
836 544 976 609 saepe
1005 536 1242 592 Ecclesia
1268 532 1606 604 designatur,
1642 533 1800 588 sicuti
1845 540 1927 587 est
1954 528 2085 587 illud
2112 545 2130 584 :
2158 531 2210 590 Α
2236 529 2369 584 sime
2395 530 2597 585 indicat
2627 525 3027 602 Evangeliumf
3056 512 3255 583 iudmis
3282 524 3465 601 [ergo]
3488 524 3707 583 loeutus
3731 520 3823 582 ei

565 628 707 686 Deus
735 631 928 686 eratin
958 628 1187 692 Christo,
1232 625 1485 681 mundum
1536 623 1875 679 reconcilians
1921 622 2019 677 sibi
2048 616 2135 690 (II

567 708 690 777 Cor.
715 734 773 787 ν,
805 720 917 791 19).
967 718 1207 787 itemque
1245 716 1414 771 illud:
1452 714 1575 770 Non
1603 716 1742 769 enim
1782 711 2138 779 vent-trium

565 808 789 865 hominis
816 816 875 863 ut
893 807 1095 879 judice:
1126 806 1396 871 mundum,
1432 800 1522 859 sed
1550 814 1609 859 ut
1644 804 1874 858 salvetur
1912 801 2142 857 mundus

564 902 660 966 per
681 898 850 971 ipsum
872 898 1055 971 (Joan.
1087 914 1172 964 ιιι,
1198 898 1308 969 i7).
1335 897 1501 953 Totus
1517 897 1748 952 mundus
1780 895 2017 951 Ecclesia
2033 898 2136 961 est,

566 990 621 1048 et
643 1000 787 1047 totus
817 990 1052 1047 mundus
1077 990 1191 1046 odit
1224 990 1542 1045 Ecclesium.
1589 988 1814 1045 Mundus
1838 989 2005 1059 igitur
2025 986 2142 1043 odit

566 1082 846 1150 mundum,
874 1082 1124 1138 inimicus
1166 1080 1602 1147 reconciliatum,
1650 1082 1933 1136 damnatus
1968 1080 2142 1136 salva-

562 1164 703 1240 tum,
731 1166 1045 1244 inquinatus
1084 1170 1423 1230 mandatum.
1461 1170 1568 1229 Sed
1594 1174 1698 1228 iste
1730 1174 1959 1227 mundus
1980 1188 2141 1243 quem

481 1262 491 1266 ’
562 1263 706 1322 Deus
730 1264 789 1323 in
814 1254 1033 1323 Christo
1056 1268 1373 1323 reconciliat
1401 1267 1502 1322 sibi
1521 1308 1534 1330 ,
1559 1275 1614 1320 et
1633 1265 1725 1337 qui
1749 1281 1844 1335 per
1863 1264 2142 1321 Christum

562 1348 841 1425 salvam,
879 1364 933 1414 et
965 1358 1055 1415 cui
1095 1374 1193 1430 per
1220 1358 1492 1414 Christum
1531 1366 1812 1427 peccatum
1858 1371 2017 1412 omne
2047 1364 2144 1425 per

560 1454 765 1519 corpus
780 1444 967 1523 [Aug.,
996 1456 1278 1523 peccatum
1307 1462 1467 1508 omne
1494 1448 1748 1522 donatur]
1797 1449 2048 1512 donatur,
2076 1446 2144 1503 de

562 1530 768 1596 mundo
793 1539 997 1598 electus
1018 1551 1121 1599 est.
1148 1543 1387 1613 Denique
1400 1558 1523 1599 cum
1543 1541 1791 1604 dixisset,
1824 1536 1882 1595 Si
1902 1536 1967 1592 de
1987 1554 2142 1591 mun-

559 1632 629 1688 do
646 1635 841 1702 essetis,
865 1637 1092 1691 mundus
1112 1638 1251 1709 quod
1273 1653 1426 1692 suum
1441 1644 1575 1701 erat,
1596 1633 1853 1705 diligeret,
1886 1631 2143 1687 continuo

557 1722 790 1796 subjecit
839 1747 852 1783 :
910 1722 1049 1795 Quia
1092 1744 1210 1786 vero
1259 1730 1324 1786 de
1360 1730 1556 1786 mundo
1586 1740 1689 1784 non
1718 1729 1840 1783 estis
1865 1768 1880 1793 ,
1920 1725 2012 1781 sed
2048 1743 2140 1797 ego

2238 619 2553 695 [Christus],
2589 636 2697 678 non
2750 623 2868 677 aliis
2908 620 3157 693 gentibus
3201 638 3215 675 :
3271 620 3327 675 in
3371 621 3455 676 eis
3487 634 3621 692 ergo
3644 620 3825 674 voluit

2237 712 2461 784 intelligi
2487 715 2763 778 mundum,
2819 714 2909 783 qui
2956 713 3070 768 odit
3116 711 3391 768 Christum
3417 720 3475 767 et
3526 710 3826 783 discipulos

2236 802 2371 872 ejus.
2412 802 2553 870 Qurd
2575 813 2658 860 est
2684 820 2815 875 ergo
2837 845 2851 868 ,
2898 801 2956 857 Si
2982 820 3087 857 nos
3112 803 3385 867 venissem,
3413 810 3687 873 peccatum
3715 819 3827 858 non
3864 860 3869 869 ,

2237 892 2526 948 haberem?
2551 884 2936 965 Nunquidsine
2978 902 3200 963 peccato
3235 902 3389 948 erant
3435 892 3630 960 Judaei,
3665 903 3823 949 anteu-
3862 890 3869 963 ζ

2238 996 2399 1054 quam
2449 985 2692 1040 Christus
2720 988 2786 1041 ad
2814 998 2908 1041 eos
2935 986 2988 1039 in
3017 996 3182 1040 carne
3225 985 3503 1040 venisset?
3540 983 3675 1052 Quis
3717 984 3825 1042 bos

2238 1079 2323 1135 vel
2348 1078 2695 1135 stultissimus
2718 1079 2952 1134 dixerit?
2971 1078 3077 1134 Sed
3105 1084 3358 1149 magnum
3387 1080 3661 1151 quoddam
3700 1094 3825 1151 pee-

2240 1180 2440 1235 catum,
2480 1182 2587 1225 non
2628 1182 2787 1224 omne
2810 1179 3113 1240 peccatum,
3139 1170 3295 1242 quasi
3325 1171 3424 1226 sub
3451 1170 3692 1241 generali
3719 1184 3822 1228 uo-

2240 1263 2384 1318 mine
2409 1260 2526 1317 vult
2562 1260 2806 1333 intelligi.
2840 1258 2951 1318 Hoc
2978 1270 3062 1318 est
3081 1261 3228 1318 enim
3247 1271 3552 1332 peccatum,
3593 1277 3707 1334 quo
3732 1270 3819 1320 te-

2240 1364 2439 1410 nentur
2465 1364 2659 1410 cuncta
2686 1365 2929 1426 peccata,
2950 1355 3095 1426 quod
3115 1355 3485 1426 unusquisque
3506 1356 3555 1411 si
3579 1372 3693 1413 non
3719 1357 3823 1412 ha-

2240 1447 2384 1513 beat,
2416 1446 2761 1502 dimittuntur
2796 1447 2849 1502 ei
2874 1455 3069 1502 cuncta
3095 1459 3316 1517 peccata
3348 1464 3365 1501 :
3392 1447 3496 1502 hoc
3523 1450 3610 1501 est
3640 1454 3821 1503 autem

2242 1540 2367 1609 quia
2395 1555 2503 1595 non
2555 1539 2899 1595 crediderunt
2952 1538 3004 1593 in
3056 1536 3369 1603 Gbristu‘m,
3410 1538 3503 1608 qui
3530 1544 3819 1608 propterea

2242 1633 2388 1686 venit
2411 1641 2471 1686 ut
2496 1632 2749 1687 credatur
2773 1632 2827 1686 in
2853 1646 2996 1687 eum.
3031 1630 3143 1686 Hoc
3168 1639 3447 1700 peccatum
3477 1670 3491 1695 ,
3520 1632 3702 1687 sinon
3728 1644 3818 1685 ve-

2242 1725 2439 1791 nisset,
2472 1740 2577 1781 non
2610 1724 2795 1796 utique
2827 1725 3109 1780 haberent.
3157 1724 3434 1779 Adventus
3463 1722 3666 1795 quippe
3706 1722 3817 1794 eius

556 1812 693 1890 eing
719 1835 807 1875 eos
841 1821 905 1875 de
946 1821 1172 1889 mundo,
1226 1832 1495 1895 propterea
1542 1818 1653 1877 odit
1695 1834 1784 1876 vos
1830 1819 2075 1874 mundus.
2112 1836 2131 1873 ι
2166 1880 2212 1895 “
2244 1826 2504 1888 quantum
2532 1818 2875 1874 credentibus
2897 1817 3172 1883 salutaris,
3210 1824 3421 1872 tantum
3452 1828 3560 1871 non
3591 1818 3815 1872 creden-

557 1880 731 1966 Erant
759 1912 943 1983 itaque
978 1912 1044 1968 de
1069 1880 1288 1979 mundo,
1322 1880 1415 1970 sed
1436 1926 1535 1984 per
1560 1913 1788 1984 gratiam
1830 1908 1988 1965 electi
2011 1919 2136 1965 sunt
2165 1880 2214 1941 Β
2242 1880 2385 1967 tibus
2409 1911 2698 1968 exitiabilis
2723 1910 2896 1968 iactus
2922 1918 3024 1967 est.
3061 1880 3217 1967 Nam:
3238 1919 3413 1965 autem
3431 1911 3814 1965 excusationem

558 1998 626 2059 de
652 2002 876 2071 mundo,
906 2012 968 2060 ut
1007 2018 1116 2061 non
1140 2014 1323 2061 essent
1344 2004 1399 2061 in
1427 2007 1648 2070 mundo,
1674 2004 1726 2058 in
1745 2016 1850 2072 quo
1871 2003 1984 2057 nali
2012 2009 2139 2057 sunt

557 2095 624 2151 de
651 2084 862 2166 peccati
891 2096 1073 2152 radice
1102 2116 1114 2151 :
1149 2096 1242 2152 sed
1270 2098 1324 2152 in
1354 2110 1463 2168 quo
1506 2095 1679 2151 renati
1726 2100 1851 2149 sunt
1872 2106 1970 2163 per
2021 2106 2140 2160 gra-

556 2186 727 2254 tiam,
761 2194 825 2243 ut
879 2203 991 2245 non
1047 2198 1229 2245 essent
1292 2188 1348 2244 in
1407 2190 1645 2253 mundo,
1709 2184 1803 2241 sed
1861 2185 2021 2240 electi
2071 2185 2137 2239 de

554 2276 777 2335 mundo.
810 2276 965 2351 Elegi
1002 2294 1090 2335 vos
1131 2279 1197 2334 de
1239 2280 1465 2345 mundo,
1495 2279 1652 2343 dixit,
1685 2294 1753 2333 ne
1787 2276 1908 2347 quis
1930 2278 1983 2330 in
2023 2275 2137 2331 suis

554 2368 816 2441 glorietur
847 2371 1095 2437 meritis;
1129 2372 1224 2427 sed
1252 2372 1345 2441 qui
1377 2370 1660 2442 gloriatur,
1691 2369 1744 2424 in
1769 2368 1998 2423 Domino
2022 2366 2137 2437 glo-

552 2458 730 2514 ﬂetur
752 2456 839 2533 (Π
856 2459 981 2516 Cor.
1010 2478 1065 2526 ι,
1102 2460 1214 2532 l7).
1480 2515 1483 2518 .

627 2549 792 2606 Vsus.
823 2546 918 2606 90.
945 2578 1017 2592 --
1046 2549 1356 2605 Hmentote
1402 2551 1657 2605 semonis
1699 2550 1803 2603 mei
1846 2562 1996 2620 quem
2043 2561 2135 2616 ego

556 2641 670 2697 dixi
689 2641 834 2697 vobis
860 2656 880 2696 :
910 2639 1033 2697 Non
1062 2649 1137 2698 est
1156 2657 1344 2697 servus
1370 2640 1547 2712 major
1565 2640 1785 2695 Domino
1816 2622 1911 2693 suo
1942 2656 1960 2695 :
1985 2637 2030 2691 si
2054 2652 2137 2691 me

552 2731 810 2802 persecuti
823 2740 964 2797 sunt,
991 2740 1041 2785 et
1060 2746 1149 2787 vos
1163 2739 1567 2802 persequentur;
1596 2731 1644 2785 si
1663 2744 1950 2785 sermonem
1963 2740 2135 2781 meum

553 2831 912 2889 "nouerunt,
936 2834 985 2878 et
1004 2833 1229 2878 oestrum
1249 2824 1547 2879 servabunt.
1570 2820 1850 2879 Perfectus
1876 2820 2137 2891 magister

552 2920 781 2970 revocat
816 2913 1112 2982 discipulos
1152 2916 1220 2967 ad
1253 2914 1558 2983 exemplum
1595 2914 1739 2984 quod
1768 2914 1825 2967 in
1855 2925 1915 2967 se
1946 2918 2135 2967 osten-

552 3007 719 3062 debat
737 3045 754 3072 ,
790 3011 854 3060 ut
880 3006 947 3089 ἰιξΙΙ
972 3006 1250 3076 prioribus
1278 3007 1525 3077 legimus.
1555 3004 1710 3061 Nunc
1727 3014 1909 3061 autem
1937 3004 2137 3059 exhor-

548 3104 818 3154 satureos
857 3106 1129 3167 quatenus
1152 3097 1388 3153 habeant
1413 3099 1469 3153 in
1513 3098 1775 3153 memoria
1826 3110 2135 3152 sermonem

2241 2020 2344 2059 non
2369 2004 2559 2059 habent
2587 2006 2651 2059 de
2670 2013 2875 2076 peccato
2896 2022 3013 2059 suo.
3045 2022 3065 2057 ι
3122 2005 3199 2060 De
3247 2017 3357 2074 quo
3398 2010 3625 2074 peccato
3648 2046 3663 2068 ,
3712 2000 3813 2058 nisi

2241 2094 2384 2165 quod
2418 2110 2523 2151 non
2551 2096 2902 2151 crediderunt
2948 2096 3000 2150 in
3046 2093 3323 2151 Christum
3356 2092 3548 2149 Filium
3574 2090 3685 2157 Dei,
3717 2091 3812 2164 qui

2240 2186 2320 2242 eis
2348 2197 2474 2242 ante
2500 2188 2801 2257 promissus
2837 2197 2939 2249 est,
2976 2193 3035 2241 et
3075 2185 3259 2241 multis
3282 2185 3337 2240 in
3384 2184 3490 2255 lege
3533 2183 3803 2255 ﬁguratio-

2239 2279 2401 2334 nibus
2421 2279 2858 2345 demonstratus;
2905 2282 2961 2333 et
2988 2278 3140 2348 quasi
3169 2278 3285 2333 haec
3316 2277 3497 2333 omnia
3520 2277 3693 2331 inania
3712 2290 3803 2330 es-

2239 2380 2381 2438 sent,
2407 2372 2484 2427 ita
2512 2379 2970 2442 contempserunt,
3002 2380 3057 2427 et
3082 2386 3189 2425 non
3207 2370 3553 2427 crediderunt
3578 2369 3634 2423 in
3651 2368 3808 2423 Chri-

2240 2474 2402 2531 stum,
2435 2466 2561 2535 quia
2586 2466 2734 2520 venit
2767 2464 2820 2520 in
2865 2462 3200 2535 plenitudine
3225 2463 3488 2535 temporis
3513 2461 3690 2517 factus
3714 2459 3809 2515 sub

2238 2556 2376 2631 lege,
2403 2558 2461 2613 ut
2487 2573 2581 2614 eos
2610 2559 2703 2630 qui
2732 2558 2831 2614 sub
2853 2558 2968 2629 lege
2999 2567 3157 2613 erant
3185 2556 3482 2613 redimeret
3507 2550 3710 2627 (Colat.
3740 2562 3810 2618 ιν,

2238 2646 2292 2717 ι,
2316 2650 2392 2723 5).
2425 2652 2608 2724 (Vens.
2633 2650 2748 2723 2'5.)
2776 2648 2881 2717 Qui
2900 2668 2983 2705 me
3005 2651 3138 2716 odit,
3167 2660 3217 2705 et
3241 2649 3456 2705 Patrem
3484 2654 3661 2702 meum
3689 2646 3809 2699 odit.

2238 2744 2394 2801 Sicut
2420 2745 2513 2815 qui
2538 2744 2713 2813 diligit
2736 2741 2954 2809 Filium,
2984 2742 3157 2814 diligit
3193 2746 3246 2798 et
3272 2740 3491 2796 Patrem
3510 2779 3525 2804 ,
3554 2738 3686 2808 quia
3713 2750 3809 2791 una

2239 2828 2456 2890 dilectio
2484 2843 2567 2890 est
2585 2831 2761 2887 Patris
2782 2838 2839 2886 et
2860 2830 3003 2898 Filii,
3032 2832 3173 2887 sicut
3190 2842 3298 2887 una
3310 2839 3540 2895 natura;
3566 2828 3712 2882 itaet
3728 2822 3811 2894 qII'

2238 2922 2434 2978 Filium
2460 2920 2592 2987 odit,
2614 2923 2729 2977 odit
2755 2927 2809 2976 et
2836 2920 3074 2976 Patrem.

2309 3013 2472 3069 Vens.
2494 3011 2585 3067 24.
2612 3040 2683 3053 -ι
2709 3010 2767 3067 Si
2789 3026 2946 3082 opera
2973 3028 3077 3066 non
3100 3010 3333 3081 fecissent
3356 3010 3414 3065 in
3433 3010 3654 3081 eisque
3674 3016 3816 3062 ueste

2236 3104 2378 3162 alius
2404 3104 2543 3176 fecit,
2569 3115 2835 3176 peceatum
2856 3121 2960 3159 non
2973 3102 3240 3158 haberent.
3276 3121 3297 3153 ‹
3320 3113 3347 3142 ο
3371 3100 3549 3172 Supra
3577 3101 3813 3155 dixerat:

548 3189 835 3261 magistri:
866 3186 988 3243 Non
1016 3196 1094 3243 est
1138 3204 1318 3243 servus
1371 3191 1545 3261 major
1591 3186 1817 3245 Domino
1867 3203 1984 3244 suo.
2032 3188 2134 3244 Hic
2174 3258 2203 3263 _
2238 3194 2343 3262 Qui
2368 3211 2451 3251 me
2478 3196 2607 3262 odit,
2637 3205 2685 3250 et
2719 3191 2937 3249 Patrem
2957 3208 3128 3263 meum
3161 3192 3289 3248 odit.
3312 3191 3515 3263 Utique
3530 3191 3703 3255 enirn,
3730 3190 3812 3258 qui

550 3258 772 3335 servum
796 3280 1069 3351 signth
1089 3321 1103 3345 ,
1148 3281 1243 3351 qui
1272 3258 1517 3337 sanctum
1562 3282 1727 3338 habet
1773 3282 2049 3348 timorem,
2076 3288 2134 3337 et
2160 3258 2208 3325 θ
2239 3258 2355 3343 odit
2378 3258 2664 3346 veritatem
2683 3329 2699 3353 ,
2749 3296 2971 3341 necesse
3006 3258 3099 3341 est
3139 3285 3314 3339 oderit
3336 3297 3369 3338 a
3526 3290 3587 3336 et
3620 3282 3815 3335 veritas

548 3378 836 3443 permanet
868 3371 923 3425 in
949 3372 1201 3427 saeculum
1233 3373 1415 3430 saeculi
1433 3415 1448 3439 ,
1474 3382 1530 3428 et
1570 3374 1623 3429 in
1650 3390 1759 3445 quo
1783 3382 1869 3430 est
1913 3373 2132 3429 initium

551 3463 865 3533 sapientiae,
911 3470 968 3518 et
996 3464 1300 3521 intellectus
1321 3467 1498 3522 bonus
1528 3465 1781 3522 omnibus
1808 3465 2133 3523 facientibus

551 3569 678 3610 eum
725 3552 898 3626 (Psal.
954 3570 1042 3620 cx,
1096 3555 1186 3626 10)
1226 3574 1239 3609 :
1272 3556 1346 3610 ibi
1385 3556 1439 3611 in
1467 3556 1836 3626 superioribus
1861 3558 2011 3615 illum
2041 3560 2135 3616 de-

542 3651 823 3701 monstrat
848 3659 1089 3711 servum,
1112 3646 1180 3702 de
1204 3661 1311 3715 quo
1335 3655 1395 3702 et
1423 3647 1633 3704 dudum:
1651 3650 1729 3703 ait
1761 3666 1775 3703 :
1808 3649 2006 3706 Seruus
2028 3668 2133 3707 non

546 3744 727 3790 manet
758 3737 817 3791 ist
843 3733 1075 3791 dmin
1103 3744 1374 3792 aeterm.
1408 3736 1502 3793 Ille
1531 3746 1616 3794 est
1637 3750 1826 3796 servus
1844 3742 1937 3812 qui
1965 3743 2134 3813 perti-

546 3828 647 3883 net
665 3827 737 3883 ad
758 3824 1031 3895 timorem,
1063 3840 1222 3898 quem
1270 3824 1417 3886 foras
1442 3828 1610 3885 mittit
1634 3831 1895 3898 Charitas,
1926 3841 1981 3889 et
2022 3851 2132 3892 non

548 3928 833 3991 permanet
858 3920 911 3974 in
933 3921 1093 3975 domo
1119 3921 1174 3975 in
1197 3928 1479 3977 attentum.
1525 3912 1713 3996 (Vadas.
1738 3924 1852 3998 2L)
1886 3924 1990 3982 Sed
2017 3928 2130 3984 haec

540 4012 731 4066 omnis
758 4010 959 4081 '{att'eut
984 4010 1124 4067 nobis
1168 4024 1383 4086 propter
1420 4026 1613 4071 mea
1639 4031 1837 4085 etcum,
1865 4021 1990 4091 quia
2034 4039 2128 4076 ne-

536 4103 722 4159 distnt
762 4121 911 4170 ora,
944 4104 1037 4177 qui
1070 4106 1212 4160 misit
1252 4120 1356 4161 me.
1386 4120 1411 4158 ο
1445 4119 1475 4150 ι
1502 4106 1637 4175 Quae
1679 4111 1862 4166 omnia
1903 4111 2124 4179 facient,

538 4194 1104 4267 nisiquapnndiait,
1131 4197 1253 4253 odio
1273 4198 1535 4254 habebunt
1562 4212 1662 4294 res.
1676 4202 1899 4269 scilicet,
1930 4212 1987 4259 et
2004 4218 2128 4275 per-

540 4294 867 4357 qunentdr,
888 4303 1304 4358 sermonemque
1337 4300 1689 4347 contemnant
1710 4296 1993 4349 vestrum?
2019 4295 2130 4351 Ad-

532 4378 757 4453 ﬁnit,
792 4388 1007 4452 propter
1047 4396 1235 4436 nomen
1259 4376 1454 4437 meum.
1480 4377 1637 4451 Quid
1667 4390 1751 4442 est
1776 4388 1919 4446 aliud
1947 4391 2128 4448 dicere

544 4482 714 4543 quam
734 4485 822 4526 me
848 4473 904 4525 in
924 4472 1078 4526 vobis
1098 4470 1227 4526 odio
1247 4470 1539 4540 habebunt,
1575 4486 1663 4532 me
1686 4478 1739 4532 in
1760 4479 1914 4535 vobis
1940 4496 2127 4551 perse-

544 4568 805 4634 quentur,
836 4569 895 4616 et
916 4572 1223 4617 sermonem
1243 4572 1507 4632 vestam,
1533 4569 1661 4637 quia
1682 4580 1942 4631 menses!
1959 4616 1974 4640 ,
2004 4575 2125 4633 ideo

544 4668 658 4711 non
678 4654 1002 4708 servabunt?
1030 4650 1137 4708 Sed
1156 4655 1463 4711 autemid
1482 4658 1677 4729 facient
1699 4671 1910 4734 propter
1935 4678 2125 4724 nomen

544 4758 742 4810 nam,
778 4756 889 4797 non
905 4752 1179 4810 vestrum,
1206 4748 1303 4800 sed
1322 4760 1516 4803 mni.
1546 4750 1720 4807 Tanto
1753 4754 1921 4826 igitur
1961 4759 2125 4816 mise-

546 4834 885 4891 rioressant
926 4834 1017 4905 qui
1066 4844 1285 4906 propter
1331 4838 1685 4898 hoc'nemen
1727 4846 1829 4901 ista
1878 4840 2123 4919 faciunt,

545 4941 751 5005 quanto
775 4932 1046 4989 beatiores
1072 4934 1165 5003 qui
1187 4944 1409 5005 propter
1434 4936 1538 4992 hoc
1560 4928 1757 4992 norneu
1779 4938 1883 4993 ista
1908 4941 2124 5010 patiun-

528 5033 639 5080 tur
667 5043 681 5080 :
712 5025 855 5081 sicut
876 5026 993 5097 ipse
1012 5023 1120 5080 alio
1141 5024 1260 5080 loco
1283 5027 1414 5082 dicit
1441 5042 1457 5081 :
1489 5022 1659 5095 Beati,
1690 5030 1780 5101 qui
1802 5028 2120 5102 persecutio-

541 5132 664 5171 nem
676 5116 951 5187 patiuntur
964 5123 1178 5189 propter
1180 5115 1446 5186 justitiam
1466 5116 1678 5190 (Matth.
1695 5134 1750 5186 ν,
1766 5119 1878 5192 ιθ),
1898 5122 2001 5178 hoc
2014 5131 2118 5191 est,

538 5214 768 5278 propter
790 5220 989 5263 nomen
1016 5221 1219 5263 meum.
1255 5227 1276 5261 ι
1295 5204 1582 5277 Sequitur:
1608 5210 1795 5283 (Vens.
1824 5214 1918 5288 22)
1937 5213 1996 5270 Si
2016 5232 2122 5271 non

544 5298 816 5364 statim
831 5298 1096 5356 “locutus
1108 5301 1323 5372 fuissem
1334 5302 1431 5367 eis,
1443 5313 1708 5373 peceatum
1724 5310 1826 5361 non
1842 5307 2087 5363 haberent
2099 5323 2119 5361 :

520 5400 686 5445 Vuae
714 5399 895 5446 autem
919 5395 1310 5449 excusationem
1332 5410 1439 5449 non
1463 5394 1653 5450 habent
1677 5396 1744 5450 de
1765 5408 1971 5467 peccato
1999 5416 2116 5455 suo.

544 5478 758 5539 linteos
794 5485 1033 5541 ostendit
1069 5485 1380 5556 expressius
1424 5485 1643 5559 [quibus
1680 5488 1877 5545 missus
1904 5490 2034 5564 est],
2064 5502 2121 5548 et

542 5574 742 5643 (uillas
758 5577 1058 5647 promissus
1083 5584 1168 5633 est
1192 5586 1352 5634 antea
1386 5592 1486 5648 per
1509 5580 1819 5650 prophetas.
1853 5600 1872 5632 ι
1902 5583 1929 5622 h
1950 5582 2119 5640 Judaei

544 5679 677 5738 ego
695 5669 964 5738 καθαιιὶ
992 5677 1119 5725 sunt
1140 5669 1445 5733 Christum,
1476 5672 1617 5742 quod
1641 5672 1807 5744 ωε
1832 5676 2121 5732 evidentis-

619 5792 643 5854 ξι
680 5779 761 5854 ξι
786 5779 846 5835 S.
866 5780 1031 5854 ᾼιιεη
1062 5789 1224 5839 tract.
1256 5796 1515 5849 manu,
1552 5796 1702 5843 num.
1727 5783 1781 5838 εἰ.

620 5850 648 5891 ιθ
685 5847 768 5906 Ex
788 5847 1001 5923 eodem,
1016 5847 1182 5913 tract.
1211 5869 1409 5912 uan
1426 5895 1442 5923 ,
1466 5847 1594 5911 num
1649 5854 1701 5910 i.

2230 3387 2359 3435 nata
2387 3387 2491 3435 est.
2537 3378 2690 3433 Nunc
2719 3376 2877 3432 dicit:
2929 3373 2989 3430 Si
3031 3386 3189 3444 opera
3240 3380 3345 3429 nos
3381 3373 3622 3444 fecissem
3650 3372 3709 3425 in
3746 3370 3814 3424 eis

2232 3487 2350 3544 qua
2376 3484 2526 3524 nemo
2553 3468 2691 3523 alius
2714 3467 2858 3538 fecit,
2877 3472 3151 3537 peccatum
3174 3478 3279 3518 non
3305 3462 3591 3526 baberent;
3629 3474 3813 3530 peccs-

2230 3574 2348 3623 tum
2373 3566 2503 3624 illud
2531 3564 2739 3622 scilicet
2778 3564 3054 3633 magnum,
3085 3560 3152 3617 de
3178 3572 3293 3631 quo
3327 3566 3385 3616 et
3428 3556 3687 3628 superius
3706 3557 3809 3611 ait:

2234 3656 2294 3716 Si
2317 3677 2419 3715 non
2438 3658 2713 3727 venissem,
2744 3668 2792 3715 et
2814 3659 3019 3716 loeutus
3049 3658 3264 3729 fuissem
3292 3658 3389 3719 eis,
3411 3658 3689 3726 peccem
3714 3660 3813 3704 aea

2232 3753 2502 3819 haberent,
2540 3752 2643 3808 hoc
2679 3761 2779 3820 est,
2810 3761 3111 3823 peccatum,
3164 3749 3391 3821 quodin
3430 3758 3560 3802 eum
3582 3743 3810 3814 isqua-

2231 3852 2341 3902 tem
2390 3853 2446 3901 et
2471 3855 2781 3917 operantem
2824 3862 2935 3903 non
2960 3844 3323 3903 crediderunt.
3359 3860 3380 3896 s
3434 3839 3595 3909 Quod
3634 3838 3809 3894 ﬁxit:

2234 3936 2404 3994 Nemo
2427 3939 2564 3994 alius
2594 3938 2713 4009 fecit
2749 3939 2806 3995 in
2830 3940 2926 4006 eis,
2954 3948 3211 4010 tanquam
3258 3938 3306 3994 si
3350 3934 3519 4006 aliqui
3551 3929 3806 3988 minui

2231 4038 2542 4087 sanctorum
2580 4046 2687 4086 non
2736 4030 2995 4087 fecissent
3023 4040 3148 4086 ante
3183 4030 3240 4085 in
3288 4026 3488 4100 populo
3531 4026 3633 4082 Dei
3671 4044 3687 4078 :
3719 4031 3809 4078 aut

2229 4120 2312 4176 sic
2356 4130 2416 4176 ut
2463 4118 2608 4177 Eiias
2635 4120 2721 4177 vel
2750 4120 2975 4179 Elismus
3010 4129 3256 4178 mortuos
3300 4130 3410 4176 non
3463 4117 3810 4174 suscitarent.

2229 4210 2399 4269 Nemo
2425 4220 2607 4270 tamen
2658 4216 2808 4270 tanta
2854 4212 2985 4271 fecit
3011 4214 3297 4281 miracula,
3327 4213 3412 4269 vel
3441 4219 3595 4268 tanta
3624 4208 3815 4266 salutis

2229 4304 2459 4376 insignia
2482 4307 2731 4362 humanae
2773 4304 2923 4373 fecit,
2952 4307 3095 4363 sicut
3136 4302 3387 4363 Christus
3416 4302 3547 4361 fecit
3594 4303 3653 4358 in
3671 4316 3813 4389 gon-

2229 4406 2413 4468 spectu
2434 4396 2646 4454 illorum
2671 4416 2683 4453 :
2709 4413 2831 4469 qua:
2843 4405 3038 4456 cuncta
3059 4397 3220 4455 facile
3239 4396 3492 4469 intelligit
3517 4395 3613 4467 qui
3638 4395 3816 4451 Evan-

2228 4489 2424 4561 geiium
2452 4489 2601 4560 legit.
2647 4490 2770 4548 Ideo
2798 4506 2933 4564 opus
2960 4507 3067 4548 non
3100 4496 3185 4547 est
3207 4491 3297 4547 illa
3323 4502 3666 4555 enumerare,
3696 4503 3818 4560 qua

2229 4580 2581 4653 Evangeiium
2615 4590 2803 4637 narrat
2826 4624 2841 4650 ,
2870 4568 2925 4638 et
2952 4589 3099 4638 totus
3126 4582 3361 4637 mundus
3397 4580 3599 4635 clamat
3628 4597 3642 4633 :
3674 4598 3701 4630 ρ
3728 4578 3821 4633 Ni-

2229 4672 2429 4729 mirum
2450 4670 2538 4727 illa
2557 4682 2681 4728 sunt
2695 4687 2878 4744 opera,
2898 4688 3018 4743 quae
3042 4673 3098 4726 in
3122 4684 3310 4728 eorum
3333 4670 3645 4727 valetudine
3665 4678 3819 4724 tanta

2233 4763 2421 4819 salutis
2443 4771 2631 4820 auctor
2656 4763 2911 4831 ostendit,
2932 4768 3135 4835 quanta
3148 4760 3257 4817 illis
3281 4769 3439 4817 antea
3459 4768 3626 4816 neuio
3647 4760 3817 4815 dona—

2229 4855 2327 4909 vit.
2356 4851 2636 4911 Haecenim
2651 4854 2732 4910 illi
2759 4854 3028 4920 viderunt,
3054 4854 3237 4911 ethoc
3255 4853 3336 4909 eis
3361 4851 3704 4924 exprobrans
3727 4851 3821 4906 ad-

2223 4942 2420 5016 jungit,
2445 4953 2500 5000 et
2527 4945 2665 5000 dixit
2699 4963 2717 5000 :
2744 4945 2903 4999 Nune
2926 4954 3101 5000 autem
3128 4953 3177 5000 et
3192 4942 3438 4999 viderunt
3460 4982 3478 5009 ,
3507 4951 3559 4997 et
3587 4941 3819 4998 oderunt

2229 5045 2283 5092 et
2303 5052 2414 5100 me,
2448 5045 2497 5090 et
2523 5032 2735 5090 Patrem
2765 5052 2956 5091 meum.
2990 5055 3008 5089 ι
3042 5034 3160 5102 Quo
3189 5048 3351 5091 sensu
3376 5035 3480 5089 hoc
3507 5032 3825 5105 intelligen-

2231 5127 2357 5183 dum
2388 5127 2490 5192 sit,
2521 5125 2678 5196 paulo
2702 5134 2828 5181 ante
2853 5127 3220 5198 exposuimus.
3250 5126 3435 5198 (Vens.
3462 5124 3580 5196 25.)
3623 5122 3739 5180 Sed
3765 5134 3825 5180 st

2226 5217 2511 5291 impleatur
2554 5236 2751 5287 sermo,
2795 5221 2885 5293 qui
2935 5221 2992 5276 in
3040 5220 3152 5291 lege
3194 5236 3377 5275 eorum
3419 5221 3647 5291 scriptus
3691 5230 3778 5276 est
3802 5236 3821 5272 :

2232 5307 2372 5377 Quia
2420 5307 2543 5364 odio
2581 5308 2875 5365 habuerunt
2904 5320 2988 5365 me
3029 5312 3195 5383 gratis
3234 5307 3405 5383 (Psal.
3452 5325 3641 5376 nm,
3702 5311 3819 5379 19).

2235 5418 2256 5453 ε
2278 5400 2480 5457 Eorum
2504 5398 2675 5473 legem
2698 5401 2830 5458 dicit
2852 5415 2961 5455 non
2985 5401 3054 5457 ab
3075 5401 3205 5474 ipsis
3222 5403 3494 5457 inventam
3512 5442 3527 5467 ,
3555 5403 3655 5457 sed
3679 5402 3823 5473 ipsis

2230 5492 2430 5548 datam.
2459 5491 2642 5549 Gratis
2669 5492 2921 5549 videlicet
2947 5494 3076 5557 odit,
3098 5494 3191 5565 qui
3216 5492 3418 5548 nullum
3441 5508 3506 5548 ex
3533 5493 3660 5548 odio
3676 5508 3820 5548 con-

2230 5599 2440 5640 cessum
2470 5586 2685 5655 quaerit,
2715 5584 2799 5643 vei
2819 5588 2885 5643 ad
2912 5587 3255 5644 commodum
3281 5586 3453 5641 tendit
3485 5584 3671 5659 [Aug.,
3719 5587 3822 5657 qui

2227 5676 2431 5732 nullum
2455 5692 2523 5734 ex
2549 5678 2673 5734 odio
2695 5678 3035 5736 commodum
3054 5678 3266 5752 qumrit,
3288 5676 3373 5735 rei
3402 5677 3821 5736 iam

2300 5800 2322 5829 ε
2364 5790 2460 5845 Es.
2488 5789 2546 5846 S.
2576 5790 2738 5864 Aug.,
2764 5798 2925 5850 tract.
2956 5805 3066 5861 xci,
3093 5807 3247 5849 num.
3265 5791 3323 5861 ὓ,
3347 5787 3410 5847 ὁ.
