4074 6444
577 409 678 478 951

1422 403 1511 473 ,Β.
1551 400 1613 455 F.
1638 394 1862 454 ALBlNl
1901 389 2032 449 SEU
2070 385 2345 444 ALCUlNl
2379 380 2659 441 OPERUM
2694 376 2872 435 PARS
2905 376 2970 430 ll.

3722 364 3841 420 95!

584 555 603 588 ι
639 549 667 578 ι
698 530 979 602 Signiﬁcat
1013 529 1092 584 sic
1118 540 1176 582 se
1200 524 1403 578 iturum
1430 518 1497 574 ad
1520 531 1645 572 eum
1674 514 1764 583 qui
1800 510 1948 567 misit
1976 507 2143 571 illum,
2171 506 2227 564 Α
2247 501 2341 556 sed
2364 498 2641 553 mundum.
2686 492 2747 547 In
2789 503 2896 560 quo
2920 480 3137 602 arguit?
3158 478 3220 536 In
3362 473 3621 602 quiahper
3649 472 3838 544 Spiri—

580 635 642 681 ut
667 597 846 680 nullus
870 624 1224 689 interrogaret
1252 613 1393 684 quod
1414 610 1593 681 palam
1617 605 1734 661 ﬁeri
1760 604 1879 659 visu
1907 597 2149 669 corporis

579 723 863 773 cernerent
886 730 921 777 ἶ,
951 728 1075 768 nam
1114 709 1361 779 superius
1400 706 1858 773 interrogaverant
1888 711 2013 751 eum
2042 708 2149 763 quo

578 809 743 881 610
768 813 909 863 esset
934 804 1124 866 iturus,
1152 801 1278 855 dum
1311 798 1379 853 ad
1405 795 1708 867 passionem
1731 785 2071 861 properavit;
2094 790 2150 839 et

580 897 930 969 responditeo
954 909 1015 949 se
1041 894 1240 948 iturum
1268 904 1375 960 quo
1389 888 1487 957 ipsi
1510 895 1636 940 tunc
1658 882 1840 938 venire
1865 894 1973 934 non
1999 883 2151 947 pote-

581 998 722 1047 rant.
748 989 902 1044 Nunc
922 1001 1052 1043 vero
1076 987 1149 1041 ita
1171 1000 1229 1040 se
1246 981 1495 1054 promisit
1514 979 1730 1039 iturum,
1753 982 1815 1029 ut
1831 971 2025 1035 nullus,
2047 983 2149 1039 quo

579 1081 725 1137 vadis
742 1122 758 1147 ,
782 1081 1116 1150 interroget;
1162 1075 1334 1131 nubes
1352 1073 1496 1128 enim
1523 1070 1758 1139 suscepit
1781 1081 1906 1122 eum
1935 1061 2149 1134 quando

578 1170 903 1228 ascenditab
931 1171 1041 1237 eis;
1064 1176 1118 1224 et
1139 1173 1354 1222 euntem
1386 1165 1439 1219 in
1459 1162 1652 1220 cmlum
1679 1174 1784 1215 non
1806 1155 1986 1211 verbis
2006 1166 2153 1223 qua:—

578 1265 806 1331 sierunt,
823 1265 918 1320 sed
930 1262 1100 1319 oculis
1109 1261 1359 1316 viderunt
1373 1257 1528 1330 [Aug.
1541 1295 1556 1321 ,
1570 1246 1946 1320 deduxerunt].
1964 1245 2148 1317 (Vens.

579 1355 657 1430 ϐ.)
694 1356 803 1413 Sed
829 1357 955 1429 quia
981 1356 1091 1410 hinc
1120 1353 1322 1408 locutus
1356 1366 1467 1404 sum
1500 1347 1661 1411 vobis,
1707 1343 1898 1413 inquit,
1938 1339 2154 1393 tristitia

576 1448 807 1519 implevit
852 1465 944 1503 cor
978 1455 1221 1503 vestrum.
1270 1442 1499 1499 Videbat
1550 1439 1738 1509 utique
1764 1435 1892 1507 quid
1924 1433 2013 1489 illa
2058 1446 2154 1487 sua

576 1544 742 1599 verba
768 1542 824 1597 in
847 1555 1035 1596 eorum
1061 1536 1313 1593 cordibus
1334 1538 1593 1604 agerent.
1634 1525 1931 1599 spiritalem
1958 1521 2155 1594 quippe

578 1633 815 1690 nondum
840 1631 1101 1687 habentes
1138 1625 1362 1683 interius
1398 1620 1840 1682 consolationem,
1868 1628 2030 1686 quam
2058 1624 2156 1680 per

580 1723 842 1796 Spiritum
866 1729 1111 1777 sanctum
1138 1718 1350 1775 fuerant
1374 1713 1633 1778 habituri,
1668 1711 1722 1765 id
1748 1706 1891 1779 quod
1918 1701 2158 1759 exterius

580 1792 640 1872 in
670 1815 889 1871 Christo
926 1812 1198 1875 videbant,
1252 1807 1501 1862 amittere
1530 1802 1859 1857 metuebant.
1898 1815 1917 1847 ›
1964 1792 2152 1865 (Vens.

579 1907 658 1978 7.)
690 1905 795 1961 Sed
816 1921 907 1974 ego
928 1903 1193 1956 veritatem
1219 1898 1334 1952 dico
1365 1896 1521 1958 vobis,
1574 1890 1777 1963 expedit
1807 1887 1945 1942 vobis
1976 1893 2032 1937 ut
2062 1898 2153 1952 ego

582 1976 788 2049 vadum.
855 2011 873 2042 ι
906 1992 936 2031 b
960 1989 1189 2059 Expedit
1224 1995 1283 2041 ut
1326 1985 1500 2040 forma
1530 1981 1670 2037 servi
1716 1978 1909 2035 vestris
1944 1976 2155 2031 subtra-

583 2087 742 2142 hatur
782 2083 1106 2153 aspectibus,
1147 2086 1413 2150 quatenus
1458 2089 1610 2130 amor
1647 2069 1942 2127 divinitatis
1981 2065 2159 2136 aptius

584 2177 779 2231 vestris
820 2175 1072 2245 inligatur
1104 2172 1392 2227 mentibus.
1443 2166 1671 2236 Expedit
1706 2172 1767 2219 ut
1793 2169 1975 2218 notam
2004 2158 2160 2215 vobis

586 2270 814 2325 formam
845 2268 979 2324 coelo
1014 2265 1260 2330 inferam,
1297 2271 1563 2333 quatenus
1586 2275 1682 2330 per
1711 2259 1813 2313 hoc
1841 2253 2042 2323 majore
2065 2252 2161 2308 de-

586 2361 785 2416 siderio
817 2359 943 2413 illuc
965 2356 1264 2427 suspiretis.
1298 2352 1358 2410 Si
1402 2362 1573 2407 autem
1617 2367 1721 2404 non
1749 2348 1945 2412 abiero,
1989 2345 2163 2400 Para-

586 2453 740 2508 clitus
766 2470 870 2508 non
897 2452 1061 2506 veniet
1083 2450 1152 2503 ad
1176 2461 1296 2503 vos:
1324 2449 1370 2502 si
1396 2455 1568 2500 autent
1589 2444 1784 2510 abiero,
1812 2441 2015 2496 mittam
2044 2456 2161 2494 eum

588 2545 658 2599 ad
678 2561 784 2599 vos.
829 2541 947 2598 Non
973 2541 1099 2611 quia
1121 2555 1228 2595 non
1256 2546 1470 2610 poterat
1514 2536 1628 2605 ipse
1665 2535 1720 2589 in
1762 2543 1906 2589 terra
1954 2532 2162 2602 positus

588 2640 718 2692 dare
748 2634 1010 2706 Spiritum
1035 2632 1330 2704 discipulis,
1363 2631 1479 2685 hinc
1505 2627 1781 2699 loquitur;
1822 2640 1948 2681 cum
1977 2630 2163 2694 aperte

589 2731 815 2801 legatur,
855 2728 984 2799 quia
1008 2733 1131 2798 post
1172 2723 1622 2782 resurrectionem
1650 2734 1915 2791 apparens
1944 2717 2044 2783 eis,
2076 2717 2161 2771 in-

590 2822 822 2878 sulllavit
866 2829 923 2877 et
971 2821 1106 2876 dixit
1151 2818 1230 2874 eis
1270 2832 1285 2872 :
1333 2816 1563 2887 Accipite
1619 2812 1874 2884 Spiritum
1927 2818 2165 2865 sanctum

595 2912 776 2983 (Joan.
821 2926 913 2976 xx,
960 2910 1088 2982 22):
1130 2909 1223 2965 sed
1276 2908 1399 2979 quia
1432 2907 1548 2976 ipso
1592 2905 1647 2959 in
1689 2912 1833 2959 terra
1874 2903 2072 2973 posito,
2105 2908 2168 2976 et

596 3000 949 3072 corporaliter
993 3006 1343 3055 conversante
1386 3012 1511 3053 cum
1534 2996 1637 3064 eis,
1675 3011 1783 3051 non
1822 2970 2072 3049 valebant
2100 2970 2168 3046 ad

596 3095 749 3151 illum
776 3093 986 3163 erigere
1030 3099 1287 3158 mentem,
1340 3089 1410 3145 ad
1437 3089 1667 3145 sitienda
1710 3100 1934 3142 munera
1981 3083 2169 3155 gratiae

2252 603 2365 650 tum
2390 598 2633 648 sanetum
2665 583 2904 642 charitas
2928 576 3121 634 diffusa
3145 582 3233 631 est
3256 573 3311 628 in
3343 568 3600 627 cordibus
3632 581 3833 623 eorum

2251 684 2426 758 (Rom.
2454 698 2508 749 v,
2540 680 2595 752 5)
2617 720 2631 746 ,
2663 692 2781 747 quae
2808 673 2955 729 foras
2988 667 3155 725 mittit
3181 665 3450 727 timorem,
3481 668 3543 715 ut
3567 673 3677 714 non
3713 672 3839 713 me—

2248 782 2463 833 tuerent
2497 771 2771 834 mundum,
2822 766 2878 821 id
2901 770 2984 819 est
3005 803 3019 828 ,
3061 766 3329 816 amatores
3356 753 3544 810 mundi
3579 765 3831 822 arguere.

2248 870 2327 926 De
2353 876 2579 941 peccato,
2625 872 2672 917 et
2699 862 2763 915 de
2788 858 3017 931 justitia,
3068 863 3117 908 et
3152 853 3215 906 de
3233 849 3461 923 judicio.
3506 844 3683 913 Quam
3708 856 3837 897 sen-

2251 931 2472 1017 tentiam
2501 958 2612 1027 ipse
2636 951 2884 1009 Christus
2910 944 3158 1018 exposuit
3184 943 3398 998 dicens:
3429 938 3619 1010 (Vens.
3646 932 3728 1004 9.)
3753 931 3837 985 De

2250 1059 2456 1125 peccato
2477 1046 2702 1120 quidem,
2734 1043 2855 1116 quia
2879 1056 2981 1094 non
3011 1034 3227 1091 credunt
3252 1033 3429 1087 inme.
3462 1048 3483 1080 ι
3523 1044 3543 1079 ι
3570 1025 3599 1064 δ
3632 1023 3839 1078 Pecca-

2254 1115 2366 1201 tum
2394 1115 2785 1198 incredulitatis
2827 1132 2979 1204 quasi
3021 1125 3253 1201 speciale
3284 1122 3484 1195 posuit,
3532 1117 3663 1189 quia
3692 1115 3839 1170 sicut

2253 1235 2386 1291 ﬁdes
2409 1233 2558 1301 origo
2590 1230 2872 1290 virtutum,
2918 1223 2995 1277 ita
3022 1218 3435 1275 solidamentum
3462 1218 3549 1266 est
3573 1208 3837 1262 vitiorum

2254 1328 2311 1384 in
2334 1300 2707 1395 incredulitate
2748 1316 3054 1389 persistere,
3090 1309 3320 1365 Domino
3349 1300 3672 1360 terribiliter
3701 1304 3840 1351 atte-

2255 1426 2451 1483 stante,
2479 1414 2570 1486 qui
2596 1390 2672 1467 ait
2698 1429 2711 1465 :
2745 1409 2846 1475 Qui
2889 1415 3060 1461 autem
3090 1418 3195 1457 non
3216 1396 3399 1462 credit,
3418 1395 3535 1465 jam
3558 1390 3839 1463 judicatus

2255 1520 2331 1568 est
2361 1479 2541 1583 (Ionii.
2568 1521 2651 1571 ui,
2684 1501 2794 1572 l8),
2827 1497 2952 1569 quia
2978 1511 3085 1550 non
3129 1490 3301 1548 credit
3321 1488 3377 1543 in
3402 1484 3627 1542 nomine
3648 1479 3838 1548 unige-

2255 1577 2513 1659 niti-Filii
2546 1596 2679 1651 Dei:
2712 1614 2729 1647 ι
2776 1591 3046 1664 judicatus
3079 1585 3232 1649 dixit,
3282 1582 3338 1637 id
3377 1586 3483 1644 est,
3524 1577 3839 1632 damnatus.

2258 1694 2443 1768 (Vens.
2479 1690 2590 1761 10.)
2620 1687 2697 1741 De
2710 1683 2923 1756 justitia
2950 1696 3089 1744 vero,
3123 1677 3244 1749 quia
3272 1673 3341 1727 ad
3370 1670 3588 1725 Patrem
3614 1666 3770 1730 vado,
3793 1672 3841 1718 et

2251 1755 2369 1859 jam
2398 1801 2500 1840 non
2524 1755 2758 1836 videbitis
2783 1792 2885 1831 me.
2926 1793 2945 1827 ‹
2979 1770 3191 1828 Iustitia
3226 1762 3615 1836 discipulorum
3641 1755 3841 1814 Christi

2181 1857 2229 1917 Β
2251 1848 2374 1936 erat
2418 1875 2605 1950 [Beda,
2645 1868 2847 1927 Christi
2882 1862 3147 1921 confessio
3188 1855 3327 1928 erat]
3371 1852 3515 1925 quod
3549 1848 3840 1905 Dominum

2258 1986 2419 2044 quem
2444 1982 2632 2023 verum
2660 1965 2931 2020 hominem
2961 1955 3270 2018 cernebant,
3294 1962 3483 2004 verum
3504 1957 3728 2016 quoque
3748 1939 3842 1994 Dei

2257 2032 2454 2118 li‘ilium
2483 2072 2603 2114 esse
2635 2054 3020 2115 crediderunt;
3068 2054 3122 2103 et
3146 2058 3306 2115 quem
3350 2039 3452 2095 sibi
3478 2032 3839 2105 corporaliter

2258 2155 2498 2212 ablatum
2548 2154 2810 2207 noverant
2831 2186 2847 2212 ,
2888 2149 3038 2199 certo
3082 2150 3293 2206 semper
3341 2144 3523 2187 amore
3566 2125 3835 2181 colebant.

2259 2244 2476 2302 Iustitia
2498 2250 2816 2298 caeterorum
2844 2232 3103 2297 ﬁdelium,
3152 2227 3206 2283 id
3249 2233 3353 2290 est,
3401 2234 3577 2277 eorum
3601 2216 3700 2285 qui
3727 2215 3837 2268 Do»

2260 2338 2467 2394 minum
2495 2335 2551 2389 in
2576 2346 2738 2389 carne
2764 2345 2873 2385 non
2899 2326 3166 2387 viderunt,
3215 2320 3333 2374 haec
3360 2322 3446 2370 est
3470 2327 3484 2367 :
3516 2311 3659 2382 quod
3688 2322 3838 2374 eum,

2262 2445 2422 2503 quem
2459 2422 2725 2497 corporali
2754 2419 2950 2476 intuitu
2994 2425 3267 2483 nunquam
3290 2406 3563 2470 viderunt,
3590 2403 3767 2456 Deum
3790 2407 3844 2453 et

2262 2492 2538 2580 hominem
2555 2492 2762 2572 vverum
2789 2510 2951 2568 corde
2973 2506 3202 2563 credunt
3244 2515 3309 2556 ac
3335 2497 3584 2567 diligunt.
3635 2492 3718 2547 De
3743 2504 3845 2559 qua

2263 2614 2509 2689 profecto
2530 2608 2742 2680 justitia
2772 2604 2896 2660 ﬁdei
2944 2603 3240 2671 arguuntur
3285 2589 3530 2648 inﬁdeles
3554 2628 3571 2653 ,
3619 2600 3724 2640 cur
3749 2581 3843 2652 ipsi

2265 2678 2544 2768 videlicet,
2579 2714 2701 2757 cum
2749 2693 2997 2751 similiter
3018 2688 3243 2744 verbum
3284 2684 3409 2738 vita:
3445 2678 3722 2738 audirent,
3757 2688 3845 2728 no-

2265 2800 2483 2855 luerunt
2511 2766 2561 2851 ei
2599 2792 2817 2849 credere
2849 2786 2915 2841 ad
2939 2781 3224 2856 justitiam.
3255 2772 3458 2846 'Neque
3482 2770 3637 2827 enim
3666 2766 3846 2837 nequi-

2268 2892 2344 2949 tia
2370 2890 2634 2945 malorum
2661 2900 2729 2940 ex
2772 2896 2869 2937 sua
2896 2877 3069 2934 solum
3092 2871 3357 2946 pravitate
3402 2866 3596 2940 [Beda,
3644 2863 3848 2918 tortitu-

2271 2981 2439 3056 dine],
2461 2977 2817 3037 verumetiam
2844 2988 2911 3028 ex
2938 2965 3339 3038 comparatione
3362 2966 3661 3021 rectorum,
3695 2967 3847 3023 quam

2271 3074 2345 3131 sit
2382 3043 2705 3130 damnanda,
2750 3061 3047 3121 denuntiat.
3087 3055 3279 3128 Arguit
3320 3066 3449 3123 ergo
3475 3047 3766 3109 mundum,
3798 3043 3850 3099 id

599 3145 1226 3243 emlestiszscendente
1252 3145 1431 3237 autem
1458 3180 1550 3237 illo
1572 3178 1638 3236 ad
1662 3178 1846 3244 caelos,
1882 3183 1938 3231 et
1972 3145 2050 3230 illi
2074 3188 2171 3244 pa-
2202 3228 2242 3244 η
2273 3170 2384 3229 est,
2410 3158 2674 3223 inﬁdeles,
2707 3153 2942 3225 Spiritus
2977 3156 3195 3205 sanctus
3220 3145 3285 3201 de
3309 3149 3554 3215 peccato,
3590 3145 3723 3206 quia
3750 3147 3851 3188 non

600 3279 733 3333 riter
753 3291 913 3333 omne
939 3274 1264 3331 desiderium
1297 3289 1454 3331 suum
1483 3272 1573 3329 illo
1600 3268 2016 3327 transferebant.
2046 3266 2170 3321 ldeo

599 3381 826 3436 capaces
851 3365 1084 3437 Spiritus
1103 3366 1275 3421 sancti
1303 3365 1421 3436 jam
1445 3363 1575 3419 facti
1600 3368 1771 3425 erant,
1804 3375 1910 3415 non
1939 3358 2079 3413 ultra
2106 3356 2172 3412 de

598 3464 776 3511 morte
825 3453 941 3524 ejus
988 3456 1332 3521 contristati,
1379 3454 1475 3511 sed
1523 3454 1589 3510 de
1631 3450 2005 3523 promissionis
2056 3449 2173 3521 ejus

598 3548 755 3637 [Μεη
791 3546 1023 3618 Spiritus
1046 3546 1283 3620 sanctus]
1311 3562 1536 3603 munere
1571 3544 1770 3619 [erant]
1799 3543 1984 3600 laetati.
2021 3542 2175 3599 Patet

600 3647 802 3706 autem,
842 3654 942 3695 nec
985 3639 1251 3696 laboriosa
1276 3640 1610 3710 expositione
1635 3638 1855 3710 indiget,
1901 3654 1999 3693 cur
2026 3652 2176 3693 eum-

604 3733 728 3788 dem
783 3730 1040 3802 Spiritum
1087 3730 1442 3798 Paraclitum,
1498 3730 1552 3786 id
1601 3738 1685 3786 est
1708 3771 1722 3797 ,
1785 3729 2175 3785 consolatorem

604 3822 1096 3897 cognominaverit:
1135 3824 1264 3896 quia
1286 3823 1543 3878 nimirum
1572 3822 1735 3880 corda
1773 3821 2172 3893 discipulorum,

604 3932 726 3990 qua:
771 3931 1017 3973 recessus
1044 3915 1214 3988 ipsius
1248 3922 1441 3972 moesta
1468 3914 1817 3981 reddidisset,
1868 3913 2027 3984 hujus
2050 3927 2178 3968 eon-

607 4010 875 4069 solaretur
913 4017 968 4065 et
994 4017 1265 4065 recrearet
1303 4008 1581 4064 adventus.
1624 4028 1642 4061 ›
1692 4005 1809 4062 Non
1850 4005 1992 4076 quod
2019 4011 2178 4060 antea

482 4154 507 4163 -
606 4099 841 4173 Spiritus
868 4108 1086 4159 sanctus
1111 4116 1219 4157 non
1243 4108 1386 4157 esset
1413 4099 1466 4155 in
1494 4098 1746 4155 cordibus
1774 4096 2178 4169 discipulorum,

590 4193 692 4265 [vel
718 4194 883 4250 etiam
921 4193 975 4249 in
1000 4193 1346 4264 antiquorum
1392 4198 1724 4256 sanctorum,
1774 4189 1868 4245 sed
1897 4185 2181 4243 manifesta

604 4283 937 4357 plenitudine
963 4292 1089 4339 ante
1130 4284 1210 4341 sic
1253 4298 1360 4338 non
1387 4280 1489 4337 fuit
1529 4283 1709 4345 datus;
1760 4279 2028 4349 quomodo
2061 4283 2185 4348 post

607 4378 977 4435 ascensionem
1017 4375 1103 4432 die
1150 4374 1358 4430 decima
1398 4374 1455 4428 in
1494 4379 1709 4428 centum
1731 4370 1919 4442 viginti
1964 4369 2181 4424 nomina

608 4471 955 4527 transmissus
996 4466 1209 4539 legitur.
1270 4464 1378 4521 Sed
1420 4466 1477 4520 in
1510 4465 1653 4521 nullo
1696 4478 1860 4536 opere
1901 4462 2186 4532 cujuslibet

609 4579 873 4635 personat,
912 4561 1110 4625 Patris,
1142 4559 1228 4613 vel
1252 4557 1395 4618 Filii.
1442 4557 1528 4612 vel
1555 4557 1726 4614 sancti
1759 4556 1994 4628 Spiritus
2018 4556 2184 4611 totius

610 4662 812 4712 sancta:
845 4650 1124 4709 Trinitatis
1143 4648 1386 4721 operatio
1411 4647 1615 4717 defuit;
1663 4649 1756 4704 sed
1796 4647 2079 4718 oportebat
2107 4647 2184 4702 ita

609 4744 877 4800 insinuari
903 4741 1243 4807 Trinitatem,
1272 4748 1351 4805 ut,
1378 4738 1624 4810 quamvis
1650 4738 1796 4793 nulla
1832 4745 1975 4793 esset
2001 4737 2181 4792 diver-

614 4837 749 4894 sitas
775 4833 1106 4900 substantiaa,
1140 4831 1452 4906 singillatim
1492 4838 1675 4887 tamen
1717 4829 2187 4887 commendaretur

612 4929 887 4987 distinctio
909 4942 1283 5001 personarum.
1346 4968 1349 4973 .

599 5056 607 5062 -
687 5020 851 5077 Vens.
884 5020 937 5076 8.
967 5047 1041 5060 —
1067 5017 1199 5074 Cum
1236 5024 1411 5072 autem
1438 5014 1631 5072 venerit
1658 5012 1768 5080 ille,
1811 5018 1993 5082 arguet
2034 5027 2189 5066 mun-

615 5115 760 5170 dum.
791 5113 931 5182 Quid
956 5119 1059 5180 est,
1106 5110 1251 5181 quod
1273 5109 1428 5176 dixit,
1476 5124 1596 5164 eum
1623 5105 1816 5163 venerit
1852 5102 1961 5168 ille,
2008 5108 2192 5173 arguet

590 5206 918 5262 mundum?
965 5223 986 5257 ‹
1023 5216 1047 5245 ο
1075 5202 1453 5275 Nunquidnam
1480 5200 1745 5264 Christus,
1798 5197 1924 5253 dum
1966 5201 2109 5250 esset
2134 5193 2191 5247 in

619 5302 840 5367 mundo,
869 5314 979 5356 non
1003 5298 1180 5370 arguit
1200 5296 1460 5352 mundum
1487 5294 1554 5348 de
1582 5293 1667 5348 his
1691 5290 1940 5347 omnibus
1962 5302 2083 5360 qua:
2108 5301 2194 5342 se-

618 5393 897 5468 quuntur?
952 5390 1060 5447 Sed
1105 5389 1356 5446 Christus
1405 5386 1572 5442 solam
1623 5382 1929 5438 Judmorum
1976 5387 2191 5447 gentem

620 5484 795 5555 arguit
822 5500 837 5551 ;
869 5481 1103 5553 Spiritus
1124 5495 1255 5537 vero
1283 5485 1521 5541 sanctus,
1553 5476 1609 5530 in
1639 5473 1913 5543 discipulis
1940 5470 2055 5540 ejus
2080 5478 2193 5524 toto

616 5577 751 5636 orbe
776 5575 1005 5643 diﬁ‘usis,
1032 5589 1142 5631 non
1161 5587 1326 5629 unam
1352 5571 1567 5640 gentem
1588 5566 1904 5637 intelligitur
1929 5562 2191 5635 arguisse,

692 5722 722 5752 ι
744 5709 824 5764 Ex
847 5708 905 5765 S.
929 5707 1094 5779 Aug.,
1117 5712 1276 5779 tract.
1304 5719 1446 5779 xeiv,
1481 5717 1631 5757 num.
1657 5702 1711 5756 5.

692 5780 722 5820 δ
749 5780 831 5835 Ex
851 5774 1182 5836 Bedaa'hom.
1209 5776 1362 5833 Dom.
1395 5774 1635 5829 Cantate.

695 5859 718 5896 °
746 5849 827 5914 Ex
854 5849 912 5915 5ο
939 5849 1099 5927 Δυει,
1123 5854 1282 5909 tract.
1311 5861 1431 5920 xcv,
1461 5859 1608 5927 nunt.
1630 5842 1671 5909 l,

980 6024 1009 6034 ᾳ

2197 3228 2245 3291 c
2277 3227 2621 3310 crediderunt
2653 3249 2708 3303 in
2737 3245 3010 3302 Christum
3037 3258 3052 3307 ;
3091 3237 3267 3310 arguit
3291 3235 3359 3290 de
3391 3229 3608 3303 iustitia
3630 3227 3850 3283 creden-

2276 3351 2433 3416 tium,
2483 3346 2607 3417 quia
2647 3340 2952 3411 exemplum
2981 3351 3169 3394 eorum
3214 3332 3367 3402 sequi
3400 3328 3717 3389 noluerunt,
3762 3320 3849 3394 qui

2274 3444 2421 3499 hunc
2447 3437 2515 3494 ad
2539 3438 2757 3493 Patrem
2780 3432 3107 3495 ascendisse,
3136 3439 3309 3497 neque
3326 3424 3469 3479 ultra
3497 3417 3854 3490 corporaliter

2277 3537 2333 3592 in
2361 3533 2522 3591 terris
2562 3534 3004 3586 eonversaturum
3046 3538 3186 3588 esse,
3233 3518 3515 3580 sciebant;
3565 3514 3730 3587 611
3756 3524 3854 3566 nec

2278 3642 2457 3686 tamen
2489 3626 2555 3681 ab
2598 3622 2714 3693 ejus
2743 3619 3025 3676 dilectione
3050 3622 3299 3687 poterant
3329 3610 3436 3666 ulla
3458 3609 3675 3664 ratione
3704 3618 3853 3674 sepa-

2278 3718 2425 3783 rari;
2455 3718 2560 3772 hoc
2586 3721 2669 3769 est
2695 3711 2839 3768 enim
2866 3710 3009 3780 quod
3038 3707 3153 3764 ait:
3200 3704 3337 3771 Quia
3367 3702 3434 3757 ad
3458 3700 3677 3754 Patrem
3702 3696 3850 3761 vado,

2279 3821 2327 3867 et
2344 3811 2463 3882 jam
2488 3824 2591 3863 non
2609 3803 2846 3860 videbitis
2874 3818 2973 3856 me.
3014 3799 3137 3855 Non
3165 3795 3399 3851 videbitis
3435 3809 3531 3856 me,
3570 3796 3854 3862 postquam
3878 3814 3882 3818 Α

2281 3899 2593 3963 ascendere,
2644 3895 2856 3966 qualem
2883 3906 3026 3947 nunc
3051 3889 3235 3944 videre
3276 3884 3479 3950 soletis,
3528 3896 3698 3937 carne
3720 3895 3859 3935 mor-

2281 3992 2375 4047 tali
2417 3999 2471 4046 et
2498 3983 2965 4057 comprehensibili
2996 3980 3183 4055 [Beda,
3231 3973 3594 4047 corruptibili]
3629 3974 3859 4029 circum-

2284 4086 2469 4142 datum
2492 4099 2511 4138 :
2562 4080 2655 4136 sed
2686 4080 2741 4133 in
2770 4075 3047 4145 majestate
3075 4073 3142 4126 ad
3164 4070 3425 4140 judicium
3447 4065 3774 4123 venientem,
3806 4070 3860 4118 et

2282 4184 2505 4250 peracto
2527 4172 2750 4247 judicio,
2795 4170 2850 4225 in
2881 4165 3085 4237 majore
3121 4164 3290 4237 gloria
3314 4177 3436 4218 cum
3471 4159 3677 4216 sanctis
3701 4172 3862 4228 appac

2285 4277 2516 4325 rentem.
2574 4262 2829 4333 Sequitur
2855 4278 2872 4308 ι
2922 4258 3106 4329 (Vens.
3154 4253 3267 4326 ll.)
3304 4253 3383 4308 De
3415 4251 3626 4323 judicio
3667 4258 3859 4312 autem,

2285 4362 2411 4433 quia
2439 4359 2674 4429 princeps
2704 4352 2862 4423 hujus
2889 4347 3072 4405 mundi
3109 4346 3380 4417 judicatus
3416 4352 3511 4397 est.
3557 4339 3864 4409 Principem

2288 4450 2475 4507 mundi
2506 4445 2776 4504 diabolum
2805 4442 2955 4507 dicit,
3003 4438 3130 4511 quia
3174 4437 3465 4508 primatum
3513 4435 3568 4489 in
3615 4433 3867 4489 cordibus

2293 4539 2588 4598 inﬁdelium
2624 4535 2818 4600 tenuit,
2862 4546 2997 4602 quos
3017 4529 3107 4585 hic
3122 4526 3311 4584 mundi
3342 4525 3561 4582 nomine
3588 4523 3765 4579 voluit
3789 4524 3870 4578 ἰιιρ

2290 4634 2493 4704 telligi;
2526 4631 2618 4702 qui
2651 4627 2837 4684 ordine
2868 4638 3143 4695 perverso,
3196 4620 3454 4676 mundum
3478 4618 3665 4688 potius
3706 4630 3868 4688 quam

2291 4725 2477 4785 mundi
2520 4728 2820 4779 creatorem
2844 4717 3109 4786 diligunt;
3159 4713 3250 4783 qui
3274 4711 3548 4783 judicatus
3593 4716 3679 4763 est
3704 4724 3737 4762 a
3766 4707 3874 4762 Do-

2293 4821 2459 4883 mino,
2492 4814 2582 4885 qui
2606 4814 2682 4868 ait
2706 4830 2718 4866 :
2755 4809 3004 4865 Videbam
3028 4804 3281 4862 Satanam
3310 4805 3444 4858 sicut
3472 4801 3660 4873 fulgur
3684 4801 3877 4855 caden-

2294 4921 2395 4967 tem
2421 4908 2484 4963 de
2509 4905 2633 4961 caelo
2671 4902 2822 4977 (Luc.
2861 4917 2917 4965 x,
2948 4897 3057 4971 18).
3097 4896 3373 4953 Judicatus
3401 4900 3486 4949 est
3519 4893 3589 4948 ab
3616 4908 3707 4959 eo,
3754 4906 3876 4947 cum

2296 5009 2350 5058 et
2373 5002 2490 5071 ipse
2513 4995 2774 5053 daemonia
2801 4993 3039 5064 ejiceret,
3077 4998 3132 5046 et
3155 4986 3433 5058 discipulis
3457 4988 3615 5042 daret
3641 4992 3881 5055 potesta-

2292 5104 2406 5151 tem
2434 5089 2673 5148 calcandi
2699 5102 2861 5159 supra
2886 5098 3101 5140 omnem
3130 5083 3385 5136 virtutem
3412 5078 3642 5134 inimici.
3684 5076 3881 5149 Αιιειιὶο

2296 5195 2383 5243 tur
2408 5186 2588 5254 itaque
2612 5179 2845 5237 mundus
2881 5176 2947 5231 de
2964 5173 3188 5244 judicio,
3220 5186 3328 5242 quo
3354 5170 3601 5226 diabolus
3626 5178 3708 5225 est
3742 5169 3883 5241 judi-

2296 5286 2469 5343 catus,
2517 5275 2733 5346 quando
2769 5269 3035 5331 homines,
3079 5280 3148 5321 ne
3189 5263 3285 5319 Dei
3322 5261 3591 5318 voluntati
3630 5262 3885 5316 resistere

2295 5375 2654 5442 praesumant,
2712 5361 2955 5432 exemplo
3006 5356 3247 5413 damnati
3298 5360 3519 5425 propter
3570 5353 3886 5424 superbiam

2299 5468 2575 5518 terrentur
2603 5454 2930 5529 archangeli.
2969 5471 2989 5506 ι
3046 5470 3065 5503 ι
3104 5462 3127 5491 ο
3150 5449 3384 5506 Credant
3424 5448 3609 5517 itaque
3639 5447 3888 5502 homines

2301 5563 2358 5619 in
2386 5562 2680 5626 Christum,
2728 5572 2796 5613 ne
2840 5563 3133 5626 arguantur
3171 5551 3239 5608 de
3276 5555 3498 5619 peccato
3546 5542 3891 5604 inﬁdelitatis

2374 5697 2402 5738 ά
2430 5697 2506 5750 Ex
2534 5693 2692 5750 Bede
2712 5692 2862 5747 hom.
2891 5687 3077 5744 citata.

2383 5780 2405 5810 ο
2436 5749 2517 5824 lix
2543 5749 2600 5824 δέ
2622 5749 2789 5838 Aug,
2816 5766 2973 5819 tract.
3003 5771 3125 5837 xcv,
3151 5768 3303 5814 num.
3329 5749 3387 5817 4.
