4088 6340
213 352 312 414 953

1005 350 1417 414 EXEGE'I‘ICA.
1457 385 1527 398 —
1559 354 1914 415 COMMENT.
1954 359 2024 417 IN
2059 355 2249 419 JOAN.
2284 390 2358 401 -
2392 356 2519 417 LIB.
2559 359 2647 418 VI.

3338 359 3445 418 954

208 482 330 534 suae,
355 481 463 539 quo
487 472 707 539 peccata
734 466 914 522 omnia
937 475 1190 524 tenentur
1227 468 1379 543 [Δίκη
1410 487 1516 541 quo
1544 482 1764 542 peccato
1791 474 1841 533 Α
1867 474 2042 531 ctione
2069 474 2199 548 [Ms.
2228 485 2275 530 et
2288 474 2454 542 Beda,
2488 473 2860 547 delectatione]
2875 475 3220 546 praesentium
3241 475 3451 533 abstra-

210 560 380 617 omnia
401 558 728 632 detinentur]
755 577 770 624 ;
804 567 1083 617 transeant
1110 562 1166 617 in
1200 578 1483 618 numerum
1512 550 1768 632 fidelium,

210 666 272 706 ne
300 658 595 721 arguantur
617 649 683 704 de
704 647 910 718 justitia
933 664 1143 713 eorum.
1169 668 1305 723 quos
1323 652 1646 723 justiticatos
1668 669 1774 708 non

210 740 518 806 imitantur;
549 748 775 795 caveant
795 740 1029 795 futurum
1047 738 1328 811 judicium,
1356 758 1425 798 ne
1449 758 1568 797 cum
1593 743 1777 798 mundi

208 832 441 904 principe
470 830 797 900 judicentur,
830 847 990 902 quem
1015 831 1312 901 judicatum
1344 834 1626 888 imitantur
1654 851 1669 899 ;
1697 841 1777 889 et.

210 924 346 979 enim
374 938 442 977 ne
473 923 575 978 sibi
613 922 884 977 existimet
930 923 1077 992 parci
1119 923 1371 993 superbia
1401 923 1534 978 dura
1578 932 1779 979 morta-

209 1016 353 1083 lium,
385 1016 452 1072 de
485 1016 840 1086 superborum
869 1016 1131 1084 supplicio
1159 1016 1413 1072 terrenda
1453 1025 1536 1072 est
1563 1016 1779 1089 angelo-

212 1122 344 1162 rum.
381 1127 400 1159 ι
437 1105 741 1176 Sequitur:

276 1198 438 1254 Vens.
469 1198 558 1265 12,
590 1200 676 1254 15.
703 1230 774 1240 -
814 1200 998 1255 Adhuc
1034 1200 1199 1256 multa
1229 1202 1392 1256 habeo
1421 1201 1560 1257 vobis
1589 1200 1781 1267 dicere,

210 1292 295 1348 sed
342 1309 445 1347 non
474 1294 684 1363 potestis
727 1303 937 1364 portare
983 1294 1157 1349 modo.
1208 1293 1340 1350 Cum
1378 1303 1552 1349 autem
1593 1295 1784 1348 venerit

212 1384 433 1457 Spiritus
485 1387 753 1452 veritatis,
823 1387 1022 1441 docebit
1080 1404 1169 1441 vos
1231 1403 1432 1442 omnem
1495 1386 1782 1440 veritatem.

217 1497 235 1530 ι
271 1478 537 1534 «Certum
562 1487 646 1534 est
691 1490 872 1534 autem
917 1480 1060 1551 quod
1102 1480 1353 1535 veniente
1386 1478 1616 1548 desuper
1663 1476 1786 1547 Spi-

210 1571 313 1626 ritu
341 1612 356 1637 ,
408 1572 636 1641 apostoli
687 1571 946 1641 majorem
998 1572 1169 1627 multo
1220 1571 1501 1627 scientiam
1546 1558 1789 1624 veritatis

211 1679 370 1734 quam
399 1663 644 1719 carnales
674 1673 897 1719 eatenus
929 1672 1171 1743 potuere,
1201 1662 1473 1718 consecuti
1499 1668 1643 1726 sunt,
1676 1675 1791 1714 ma-

207 1756 320 1826 jore
349 1756 614 1811 desiderio
659 1757 902 1811 certandi
940 1772 1041 1826 pro
1076 1755 1303 1811 veritate
1351 1752 1594 1809 succensi
1641 1758 1785 1806 sunt.

1876 569 2012 624 hens
2054 571 2381 639 promissum
2411 570 2466 624 in
2496 569 2649 625 ctelis
2686 585 2913 640 regnum
2957 570 3157 626 nostris
3200 571 3453 628 cordibus

1876 661 2157 718 desideriis
2185 662 2371 734 [Beda,
2424 662 2678 732 promissi
2707 662 2764 717 in
2796 661 2949 719 caelis
2973 663 3120 730 regni
3150 660 3451 737 desideriis]

1877 752 2191 808 inﬂammat.
2214 796 2221 801 .

1953 846 2110 904 Vsus.
2137 845 2222 900 M.
2247 876 2319 887 ——
2338 845 2438 901 Ille
2465 863 2547 901 me
2567 845 2892 912 clariﬁcabit,
2933 847 3057 919 quia
3097 847 3161 903 de
3183 865 3297 904 meo
3319 848 3458 903 acci—

1878 937 2002 1008 piet,
2040 946 2091 992 et
2120 937 2450 991 annuntiabit
2477 937 2636 993 vobis.
2683 935 2916 1007 Spiritus
2963 938 3277 993 clarificavit
3308 936 3458 993 Chri—

1881 1038 2042 1096 stum,
2080 1030 2205 1100 quia
2232 1045 2329 1100 per
2350 1044 2475 1086 eum
2502 1037 2649 1085 tanta
2675 1030 2911 1086 charitas
2938 1031 2991 1085 in
3021 1031 3271 1086 cordibus
3300 1029 3460 1085 disci-

1882 1114 2130 1193 pulorum
2161 1116 2386 1176 accensa
2409 1127 2512 1186 est,
2556 1130 2617 1175 ut
2640 1119 2848 1191 abjecto
2879 1122 3072 1176 timore
3100 1119 3304 1176 carnali
3333 1117 3462 1175 eﬂ‘c—

1884 1220 2029 1267 ctum
2081 1211 2493 1266 resurrectionis
2537 1209 2654 1279 ejus
2717 1218 3029 1268 constanter
3081 1212 3458 1282 praedicarent,

1884 1303 2045 1373 612
2074 1301 2164 1372 qui
2195 1302 2357 1371 paulo
2394 1309 2517 1357 ante
2556 1309 2797 1373 tempore
2823 1303 3089 1373 passionis
3111 1304 3290 1374 pavidi
3315 1296 3466 1373 fuge-4

1887 1402 2027 1449 rant.
2067 1392 2215 1450 Unde
2255 1394 2513 1463 scriptum
2541 1402 2623 1449 est
2651 1412 2664 1447 :
2698 1393 2766 1448 Et
2799 1394 2974 1465 repleti
3002 1404 3121 1449 sunt
3148 1410 3321 1449 omnes
3345 1392 3467 1464 Spi-

1888 1489 1992 1541 ritu
2026 1496 2226 1551 sancto,
2272 1495 2319 1540 et
2360 1485 2702 1558 loquebantur
2747 1486 2955 1542 verbum
2998 1487 3095 1541 Dei
3126 1504 3242 1542 cum
3270 1486 3467 1556 fiducia

1891 1578 2088 1652 (Actor.
2120 1595 2196 1644 1v,
2234 1579 2344 1651 51).
2394 1577 2628 1650 Spiritus
2656 1579 2970 1635 clarificavit
2995 1577 3291 1643 Christum,
3343 1594 3467 1634 cum

1890 1670 2094 1741 impleti
2121 1671 2291 1742 gratia
2319 1672 2545 1741 spiritali
2575 1674 2823 1729 doctores
2871 1673 3061 1739 sancti,
3109 1680 3189 1728 tot
3243 1681 3469 1727 ettanta

1892 1761 2149 1817 miracula
2178 1763 2231 1816 in
2280 1762 2494 1816 nomine
2516 1762 2717 1819 Christi
2758 1762 3024 1829 fecerunt,
3059 1763 3253 1833 quibus
3281 1763 3470 1817 orbem

211 1845 323 1906 Non
354 1854 532 1901 tamen
558 1846 855 1917 putandum
896 1854 978 1902 est
1004 1847 1058 1901 in
1080 1847 1183 1902 hac
1207 1847 1316 1901 vita
1344 1845 1648 1916 quempiam
1675 1858 1790 1897 om-
1821 1831 1866 1891 Β
1894 1860 2060 1907 totum
2106 1853 2172 1907 ad
2219 1851 2377 1907 fidem
2417 1851 2619 1907 Christi
2655 1860 3032 1908 converterent
3054 1831 3091 1917 ,_
3123 1860 3202 1907 tot
3228 1868 3292 1907 ac
3324 1858 3472 1906 tanta

216 1953 333 1993 nem
359 1940 642 1993 veritatem
686 1954 845 2010 posse
874 1938 1344 2010 comprehendere.
1401 1936 1552 1992 Unde
1580 1942 1636 1990 et
1677 1936 1791 2005 ipse

213 2028 400 2084 beatus
445 2029 643 2085 Paulus
674 2030 969 2101 apostolus,
1001 2029 1093 2099 qui
1127 2028 1194 2085 ad
1224 2028 1444 2084 tertium
1473 2026 1670 2083 coelum
1704 2040 1793 2080 ra-

215 2129 335 2190 ptus
358 2129 459 2187 est,
507 2130 563 2176 et
588 2123 658 2177 ibi
685 2123 890 2178 audivit
916 2137 1113 2178 arcana
1143 2123 1340 2187 verba,
1392 2136 1511 2190 qua:
1538 2135 1644 2175 non
1667 2118 1795 2174 licet

213 2212 413 2269 homini
454 2215 598 2287 loqui
634 2216 721 2289 (II
746 2216 867 2272 Cor.
894 2234 994 2284 xu,
1024 2216 1101 2289 4),
1135 2218 1249 2271 ait:
1290 2216 1375 2269 Ea:
1399 2225 1562 2287 parte,
1598 2214 1792 2284 inquit,

212 2308 587 2375 cognoscimus,
634 2317 683 2361 et
727 2324 792 2362 ea:
828 2318 974 2378 parte
1001 2303 1408 2377 prophetamus;
1460 2323 1579 2361 cum
1621 2315 1796 2359 autem

212 2398 426 2460 venerit,
451 2396 589 2466 quod
609 2396 895 2465 perfectum
912 2406 1009 2462 est,
1035 2397 1395 2463 evacuabitur,
1418 2395 1632 2467 quodex
1651 2404 1799 2465 parte

212 2492 289 2537 est
317 2483 367 2554 (1
395 2483 516 2538 Cor.
544 2501 645 2541 xm
677 2526 691 2550 ,
716 2485 793 2557 9).
825 2485 1233 2557 Intelligendum
1262 2494 1345 2542 est
1375 2500 1520 2557 ergo,
1553 2486 1696 2556 quod
1722 2486 1800 2540 ait

215 2571 285 2628 de
313 2573 539 2645 Spiritu,
584 2576 784 2632 docebit
807 2595 893 2632 vos
920 2593 1123 2633 omnem
1160 2580 1448 2645 veritatem,
1475 2579 1630 2648 quasi
1655 2578 1801 2633 dice-

217 2677 338 2724 ret:
388 2671 658 2728 Dili‘undet
703 2674 755 2728 in
784 2675 980 2729 vestris
1026 2674 1277 2730 cordibus
1309 2674 1646 2737 charitatem,
1678 2688 1799 2743 quae

216 2775 314 2815 vos
341 2752 556 2816 omnem
585 2762 869 2818 veritatem
899 2762 1060 2819 faciet
1088 2779 1306 2819 amare:
1353 2762 1504 2832 cujus
1541 2763 1798 2833 magiste-

215 2850 301 2905 rio
340 2852 485 2907 intus
517 2853 716 2919 edOCti,
763 2854 1058 2924 proﬁciatis
1101 2855 1168 2910 de
1206 2855 1406 2909 virtute
1441 2856 1495 2909 in
1520 2855 1797 2920 virtutem,

217 2942 473 3014 dignique
515 2943 820 3000 efﬁciamini
855 2947 1135 3017 pervenire
1164 2946 1234 3001 ad
1261 2946 1452 3011 vitam,
1491 2946 1545 3000 in
1576 2961 1680 3015 qua
1709 2960 1801 3001 vo-

214 3033 304 3089 bis
327 3043 525 3091 :eterna
550 3037 768 3093 claritas
795 3054 1018 3094 summae
1043 3039 1290 3093 veritatis
1310 3046 1365 3094 et
1391 3053 1533 3094 verae
1556 3037 1800 3093 sublimi-

215 3129 386 3193 tatis,
431 3126 485 3182 id
513 3136 631 3193 est,
679 3129 1056 3199 contemplatio
1095 3129 1263 3184 vestri
1311 3129 1607 3185 conditoris
1637 3143 1799 3199 appa-

216 3224 359 3271 reat.
390 3237 410 3270 ι
442 3216 733 3288 Sequitur:
771 3218 894 3273 Non
914 3221 1051 3273 enim
1073 3218 1311 3291 loquetur
1331 3237 1363 3274 a
1396 3205 1689 3291 semetipso,
1717 3219 1807 3274 sed

216 3325 541 3382 quaecunque
570 3310 771 3377 audiet,
803 3310 1062 3383 loquetur.
1106 3310 1225 3367 Non
1251 3312 1393 3365 enim
1425 3311 1664 3381 loquitur
1690 3309 1812 3381 Spi-

217 3400 361 3457 ritus
382 3418 413 3457 a
443 3403 749 3472 semetipso,
779 3402 1026 3459 fortassis
1053 3404 1177 3473 quia
1204 3420 1311 3459 non
1340 3406 1421 3459 est
1440 3420 1471 3458 a
1493 3405 1808 3476 semetipso,

218 3491 318 3549 sed
342 3491 563 3550 aPatre.
595 3493 729 3550 Nam
758 3493 925 3551 Filius
947 3502 1107 3551 natus
1131 3504 1215 3551 est
1237 3511 1270 3552 a
1286 3495 1467 3564 Patre,
1493 3506 1548 3553 et
1576 3496 1814 3569 Spiritus

218 3592 445 3640 sanctus
472 3586 715 3656 procedit
744 3602 775 3641 a
815 3586 1014 3641 Patre:
1065 3601 1173 3642 non
1212 3587 1357 3643 enim
1388 3588 1628 3658 loquitur
1667 3603 1699 3642 a
1729 3602 1814 3644 se-

219 3676 473 3746 metipso,
504 3676 558 3731 id
580 3687 685 3743 est,
712 3678 830 3733 sine
849 3676 1024 3732 Patris
1053 3686 1108 3732 et
1130 3677 1253 3733 Filii
1279 3679 1657 3734 communione
1679 3676 1810 3751 [Al.,

219 3768 630 3842 commotione].
682 3768 800 3826 Non
826 3770 969 3825 enim
996 3770 1200 3825 divisus
1222 3779 1305 3825 est
1335 3770 1570 3841 Spiritus
1593 3762 1817 3828 sanctus

223 3873 261 3912 a
288 3858 451 3913 Patre
475 3867 531 3913 et
554 3858 712 3925 Filio,
758 3857 852 3915 sed
878 3874 1042 3914 unum
1069 3875 1203 3930 opus
1231 3867 1315 3915 est
1334 3859 1513 3915 Patris
1534 3869 1587 3915 et
1609 3860 1733 3915 Filii
1761 3865 1818 3916 et
1888 3894 1891 3895 ν

223 3950 467 4022 Spiritus
491 3952 683 4008 sancti.
735 3970 754 4003 ι
791 3951 899 4007 Sed
923 3967 1254 4023 quaecunque
1279 3952 1478 4020 audiet,
1525 3952 1815 4022 loquetur:

226 4043 416 4098 audiet
449 4043 699 4099 videlicet
723 4058 821 4113 per
844 4043 1107 4098 unitatem
1148 4044 1463 4099 substantia:
1498 4053 1553 4099 et
1574 4045 1819 4115 proprie-

233 4142 407 4189 tatem
432 4135 689 4191 scientiae.
737 4134 854 4190 Non
879 4135 1116 4206 loquitur
1142 4151 1173 4190 a
1212 4136 1522 4206 semetipso,
1557 4137 1680 4207 quia
1709 4154 1818 4193 non

226 4234 320 4283 est
344 4241 376 4280 a
405 4227 712 4297 semetipso.
756 4226 918 4284 Pater
949 4229 1146 4299 quippe
1185 4228 1333 4285 solus
1355 4232 1420 4285 de
1449 4230 1555 4285 alio
1582 4246 1687 4286 non
1712 4240 1815 4299 est,

224 4317 406 4374 Filius
446 4334 479 4373 a
516 4319 676 4374 Patre
712 4320 943 4391 genitus,
975 4329 1029 4374 et
1057 4319 1291 4390 Spiritus
1332 4329 1550 4377 sanctus
1592 4338 1623 4377 a
1656 4323 1819 4379 Patre

226 4410 500 4483 procedit.
530 4410 613 4467 Ab
640 4411 758 4482 ipso
779 4413 920 4467 enim
949 4412 1130 4468 audiet
1156 4412 1391 4483 Spiritus
1416 4421 1634 4470 sanctus
1662 4430 1692 4469 a
1712 4429 1819 4487 quo

1890 1960 1989 2016 pro
2035 1943 2234 2001 Christi
2278 1945 2493 1998 nomine
2538 1944 2845 2013 passionum
2896 1943 3192 1999 certamina
3239 1941 3475 2012 pertule-

1892 2045 2019 2091 runt
2042 2036 2092 2089 δ.
2130 2055 2148 2087 ι
2197 2033 2488 2098 Clariﬁcat,
2517 2035 2640 2089 dum
2669 2035 2988 2090 charitatem
3016 2034 3072 2088 iu
3099 2032 3354 2089 cordibus
3382 2048 3478 2088 no-

1893 2126 2021 2181 stris
2046 2123 2327 2191 diffundit,
2375 2132 2430 2179 et
2463 2132 2679 2179 aeterna:
2704 2125 2895 2193 patriae
2945 2139 3185 2179 amorem
3228 2124 3473 2193 inspirat.

1897 2217 2034 2284 Quia
2059 2217 2122 2270 de
2147 2233 2259 2270 meo
2282 2216 2515 2286 accipiet,
2549 2225 2597 2269 et
2626 2214 2958 2269 annuntiabit
2983 2214 3143 2281 vobis,
3187 2214 3239 2269 id
3265 2223 3369 2279 est,
3409 2214 3479 2269 de

1896 2323 2017 2363 meo
2036 2308 2217 2362 Patre.
2255 2307 2330 2360 De
2366 2306 2527 2361 Patre
2557 2306 2764 2375 accepit
2805 2303 3040 2375 Spiritus
3067 2312 3304 2371 sanctus,
3353 2305 3477 2376 quia

1898 2401 1964 2456 de
1990 2400 2151 2455 Patre
2177 2399 2439 2469 procedit,
2486 2399 2552 2454 de
2576 2415 2684 2470 quo
2723 2407 2778 2454 et
2802 2398 2973 2454 Filius
3017 2407 3173 2455 natus
3218 2408 3340 2455 est:
3387 2398 3479 2471 qui

1904 2506 2027 2547 vero
2064 2491 2129 2545 de
2155 2490 2301 2544 nullo
2344 2497 2503 2545 natus
2539 2488 2632 2555 sit,
2661 2489 2727 2543 de
2754 2488 2900 2544 nullo
2923 2489 3181 2558 procedit,
3211 2489 3375 2545 Pater
3398 2498 3484 2545 est

1898 2583 2063 2638 solus.
2117 2581 2300 2655 (Vens.
2346 2578 2458 2649 15.)
2500 2578 2691 2635 Omnia
2739 2596 3058 2651 quaecunque
3100 2580 3250 2634 habet
3299 2580 3484 2649 Pater,

1898 2692 2014 2729 mea
2042 2683 2181 2738 sunt,
2209 2683 2480 2744 propterea
2508 2674 2620 2726 dixi
2647 2673 2769 2746 quia
2794 2671 2858 2725 de
2886 2688 2997 2725 meo
3022 2672 3258 2742 accipiet,
3305 2681 3353 2726 et
3390 2688 3487 2726 an-

1901 2767 2159 2822 nuntiabit
2180 2767 2342 2821 vobis.
2365 2767 2440 2820 De
2455 2766 2539 2821 his
2555 2765 2690 2839 dixit
2705 2779 2823 2833 qua:
2835 2763 2900 2818 ad
2913 2764 3080 2834 ipsam
3097 2762 3274 2818 Patris
3294 2763 3459 2818 divini
3478 2792 3487 2797 -

1902 2868 2067 2915 tatem
2090 2858 2395 2929 pertinent,
2424 2857 2477 2911 in
2504 2856 2697 2927 quibus
2733 2855 2822 2911 ille
2848 2862 2933 2910 est
2968 2854 3190 2925 :equalis
3212 2853 3359 2908 Patri
3385 2870 3399 2919 ;
3430 2853 3485 2908 in

1903 2951 2097 3022 quibus
2124 2958 2208 3005 est
2228 2957 2283 3005 et
2312 2948 2545 3018 Spiritus
2573 2954 2790 3002 sanctus
2817 2945 3039 3016 aequalis
3060 2944 3206 2999 Patri
3238 2952 3294 2999 et
3322 2943 3479 3009 Filio,

1904 3042 2030 3112 quia
2058 3057 2163 3095 una
2202 3039 2523 3103 substantia,
2555 3052 2659 3092 una
2690 3044 2903 3101 natura,
2931 3050 3037 3090 una
3078 3033 3349 3103 majestas,
3378 3049 3487 3088 una

1908 3132 2100 3203 gloria,
2148 3146 2257 3185 una
2284 3128 2559 3184 aeternitas
2583 3125 2711 3198 [est]
2743 3124 2940 3191 Patris,
2972 3132 3027 3180 et
3050 3123 3194 3189 Filii,
3236 3131 3290 3179 et
3321 3122 3489 3194 Spiri-

1916 3235 2003 3281 tus
2026 3226 2219 3290 sancti,
2248 3233 2303 3279 et
2324 3232 2408 3278 est
2443 3238 2585 3277 unus
2614 3221 2756 3277 Deus
2781 3220 3141 3291 omnipotens,
3178 3220 3487 3287 invisibilis,

1915 3313 2469 3386 incomprehensibilis
2492 3313 2639 3367 omni
2668 3320 2950 3379 creaturae,
2980 3310 3144 3367 Pater
3170 3319 3222 3367 et
3246 3310 3415 3367 Filius
3438 3320 3492 3366 et

1918 3406 2153 3479 Spiritus
2182 3413 2421 3463 sanctus.
2455 3402 2750 3474 Sequitur:

2427 3537 2652 3595 CAPUT
2686 3536 2971 3595 XXXVIII.

1920 3676 2186 3733 Modicum
2216 3692 2270 3730 se
2299 3674 2363 3729 ab
2399 3674 2471 3728 eis
2501 3672 2778 3728 videndum
2806 3673 2933 3727 dicit
2960 3686 2979 3724 :
3014 3681 3062 3727 et
3097 3671 3284 3726 iterum
3330 3673 3499 3726 modi-

1989 3763 2124 3809 cum,
2170 3755 2218 3800 et
2246 3762 2351 3799 non
2391 3744 2702 3814 videndum,
2728 3743 2803 3798 De
2834 3744 2935 3814 quo
2962 3744 3311 3813 qurerentibus
3337 3743 3496 3797 disci-

1987 3816 2144 3889 pulis,
2170 3815 2572 3889 similitudinem
2596 3812 2828 3889 mulieris
2847 3812 2977 3889 post
3003 3822 3344 3889 partum-prie
3368 3829 3498 3881 gau-
3548 3874 3553 3881 ι

1988 3882 2075 3940 dio
2111 3886 2337 3939 tristitiw
2386 3901 2487 3936 non
2518 3883 2885 3936 reminiscentis
2928 3882 3146 3935 inducit.
3194 3882 3260 3934 Et
3303 3899 3430 3940 quos
3464 3900 3497 3936 a

1990 3955 2153 4010 Patre
2166 3955 2335 4008 amari
2355 3953 2632 4022 signiﬁcat.
2660 3952 2957 4022 corroborat
2985 3950 3267 4022 relicturus
3288 3950 3465 4005 dicens
3479 3965 3498 4004 .°

1987 4026 2047 4108 In
2072 4020 2600 4148 mundqlpres'suram
2625 4020 2913 4087 habebitis,
2958 4021 3052 4077 sed
3078 4020 3346 4086 confidite,
3397 4036 3497 4093 ego

1990 4113 2095 4148 νιρι
2125 4112 2252 4148 mun
2294 4110 2402 4148 um.

1990 4113 2095 4153 VICI
2125 4110 2402 4150 mundum.

1991 4231 2152 4287 Vens.
2174 4228 2356 4283 16-19.
2372 4257 2443 4267 —-
2458 4223 2740 4290 Modicum,
2758 4231 2807 4278 et
2823 4240 2926 4278 non
2941 4223 3175 4278 videbitis
3189 4241 3290 4291 me,
3311 4227 3499 4282 iterum

1918 4324 2216 4387 modicum,
2255 4332 2301 4377 et
2348 4319 2582 4375 videbitis
2633 4334 2755 4383 me,
2800 4317 2924 4389 quia
2970 4316 3105 4371 vado
3150 4316 3220 4371 ad
3264 4315 3500 4376 Patrem.

1927 4436 1944 4470 ι
1981 4429 2003 4457 ο
2031 4416 2333 4472 Notandum
2358 4420 2558 4481 autem,
2587 4411 2711 4483 quia
2737 4417 2849 4467 tota
2875 4410 3123 4467 lectionis
3148 4409 3308 4481 hujus
3339 4428 3503 4469 evan—

227 4506 519 4579 procedit,
559 4506 684 4577 quia
708 4521 815 4561 non
853 4513 939 4562 est
974 4522 1002 4561 a
1045 4507 1240 4577 seipso,
1289 4507 1384 4563 sed
1411 4509 1478 4564 ab
1524 4507 1615 4564 illo
1644 4524 1674 4564 a
1711 4524 1817 4580 quo
1844 4543 1896 4606 Ι)
1921 4509 2104 4581 gelicae
2131 4507 2302 4562 series
2340 4505 2445 4561 illis
2485 4503 2756 4569 convenit,
2808 4504 2900 4574 qui
2927 4520 3049 4560 eam
3090 4519 3383 4576 praesentes
3412 4524 3506 4563 au-

229 4598 500 4669 procedit.
529 4597 599 4671 [A
621 4613 728 4669 quo
743 4606 826 4654 est
853 4597 929 4653 illi
955 4598 1304 4670 intelligentia
1322 4598 1509 4673 (Beda,
1537 4600 1814 4674 essentia),

234 4690 431 4746 abillo
459 4691 644 4761 utique
681 4697 737 4747 et
763 4690 1033 4764 scientia].
1080 4690 1163 4745 Ab
1188 4691 1280 4747 illo
1325 4692 1489 4763 igitur
1525 4692 1819 4759 audientia,

1920 4601 2134 4657 dierunt
2161 4598 2482 4654 aDomino:
2529 4596 2678 4666 prius
2705 4604 2886 4651 autem
2936 4596 3042 4652 illis
3089 4595 3218 4668 [Ms.
3259 4608 3307 4652 et
3334 4596 3502 4667 Beda,

1917 4694 2052 4749 Pars
2079 4700 2257 4747 autem
2282 4687 2445 4762 illius]
2469 4689 2632 4744 etiam
2659 4696 2713 4741 et
2736 4686 2909 4750 nobis,
2942 4687 3033 4756 qui
3057 4696 3180 4758 post
3197 4690 3505 4759 passionem

233 4782 389 4852 quod
414 4781 551 4836 nihil
584 4789 669 4836 est
708 4781 852 4836 aliud
886 4796 1048 4850 quam
1093 4782 1339 4837 scientia.
1395 4780 1547 4849 Quod
1574 4797 1704 4838 vero
1728 4783 1820 4838 ad-

1919 4798 1974 4846 et
2026 4788 2477 4844 resurrectionem
2524 4784 2863 4839 Dominicam
2909 4785 2975 4840 ad
3028 4784 3188 4841 fidem
3237 4787 3502 4852 venimus,

227 4872 455 4945 iunxit:
486 4871 555 4926 Et
575 4888 690 4944 qua:
717 4880 933 4927 ventura
955 4882 1096 4939 sunt,
1125 4873 1458 4927 annuntiabit
1484 4874 1642 4928 vobis.
1683 4873 1824 4929 Con-
1922 4882 2199 4953 aptissime
2228 4879 2495 4951 congruit.
2550 4876 2703 4943 Quod
2748 4885 2931 4931 autem
2970 4872 3082 4932 ait:
3132 4876 3419 4943 Modicum,
3457 4886 3507 4931 et

235 4970 354 5021 stat
375 4964 520 5019 enim
546 4964 831 5020 nonnullos
851 4972 1160 5021 sanctorum
1199 4966 1255 5019 in
1282 4964 1486 5034 Spiritu
1512 4975 1701 5022 sancto
1742 4965 1820 5021 fu-

1926 4992 2032 5030 non
2063 4971 2296 5028 videbitis
2338 4986 2439 5033 me,
2486 4968 2672 5022 iterum
2708 4966 3000 5033 modicum,
3048 4976 3099 5022 et
3141 4966 3374 5021 videbitis
3404 4982 3501 5030 me,

239 5065 371 5111 "ira
406 5056 758 5126 ρνιθάἰκίεεθς
801 5076 820 5109 ι
850 5055 945 5111 εθά
974 5063 1154 5112 tamen
1183 5056 1345 5112 altius
1371 5066 1497 5112 sum
1526 5059 1643 5114 11330
1662 5056 1827 5114 verba
1929 5069 2053 5141 quia
2094 5065 2227 5120 vado
2271 5062 2339 5117 ad
2373 5059 2586 5115 Patrem
2610 5102 2625 5128 ,
2656 5062 2723 5116 ad
2748 5060 2869 5115 illos
2911 5060 3214 5131 specialiter
3248 5059 3502 5129 pertinet,

236 5151 462 5207 Domini
482 5150 890 5215 consideranda,
920 5165 1039 5219 quae
1062 5150 1311 5204 omnibus
1346 5151 1549 5205 sanctis
1585 5165 1820 5206 commu-

1931 5160 2024 5229 qui
2054 5159 2170 5228 ejus
2197 5153 2536 5225 discipulatui
2564 5154 2908 5224 prmdicanlis
2937 5153 2989 5207 in
3021 5166 3183 5208 carne
3209 5151 3504 5218 adhzerere,

235 5246 339 5302 nia
366 5258 487 5299 esse
514 5249 758 5313 possunt.
813 5241 1030 5310 «Igitur
1077 5241 1312 5311 Spiritus
1357 5242 1666 5309 adveniens,
1710 5256 1820 5312 qum

1932 5258 1989 5305 et
2034 5256 2154 5320 post
2201 5245 2476 5300 tristitiam
2520 5243 2790 5314 passionis
2838 5242 2953 5297 visa
3012 5242 3407 5296 resurrectione
3451 5248 3508 5296 et

234 5344 478 5393 ventura
511 5343 637 5391 sunt
686 5335 987 5401 annuntiat,
1038 5350 1160 5389 cum
1208 5335 1401 5406 gaudia
1448 5334 1604 5389 nobis
1644 5334 1820 5404 patria

1936 5338 2248 5397 ascensione
2296 5336 2413 5406 ejus
2465 5333 2726 5389 laetificari
2791 5339 3118 5387 meruerunt.
3153 5349 3172 5383 ι
3239 5330 3508 5386 Modicum

238 5427 479 5485 iaelestis
518 5426 587 5481 ad
630 5426 946 5482 memoriam
984 5426 1228 5490 reducit,
1285 5441 1408 5481 cum
1438 5424 1575 5481 festa
1623 5425 1708 5480 illa
1744 5442 1834 5481 su-
1940 5434 2101 5489 etiam
2128 5429 2229 5484 fuit
2260 5430 2326 5483 ab
2350 5427 2437 5482 illa
2464 5428 2595 5481 hora
2638 5425 2782 5480 illius
2806 5422 2980 5479 noctis
3008 5438 3113 5493 qua
3139 5422 3367 5477 traditus
3400 5428 3506 5490 est,

236 5536 435 5595 perna:
482 5520 717 5577 civitatis
753 5520 1085 5591 per'donum
1132 5518 1289 5574 nobis
1332 5533 1443 5573 sua:
1489 5517 1836 5588 aspirationis
1941 5525 1993 5580 in
2019 5525 2205 5578 horam
2244 5518 2507 5591 paSSionis
2533 5532 2659 5579 suae,
2705 5515 2848 5586 quod
2881 5528 3003 5569 eum
3048 5512 3291 5583 discipuli
3318 5526 3512 5567 carm.-

241 5610 516 5669 cnuotuit.
564 5610 802 5666 Ventura
838 5610 993 5666 nobis
1020 5608 1323 5674 annuntiat,
1371 5622 1494 5663 cum
1520 5622 1619 5663 nos
1647 5622 1680 5662 a
1705 5606 1840 5663 dile-
1939 5616 2064 5672 liter
2082 5612 2376 5676 videbant;
2417 5618 2472 5663 et
2493 5608 2688 5663 iterum
2716 5604 2985 5661 modicum
3008 5602 3110 5660 fuit
3135 5603 3276 5674 quod
3297 5601 3512 5666 clausus

328 5738 356 5766 ι
380 5724 461 5780 Ex
478 5724 637 5781 Beda:
661 5725 807 5780 hom.
838 5726 1023 5782 citata.
2015 5738 2039 5771 ο
2065 5722 2146 5788 Ex
2170 5726 2327 5784 Bedzc
2351 5723 2496 5782 hom.
2523 5722 2679 5781 Dom.
2702 5718 2950 5779 Jubilate.

329 5794 362 5841 ι
387 5795 691 5868 Deﬁciunt;
699 5811 820 5872 quae
837 5812 906 5872 es
927 5796 1070 5856 Beda
1094 5792 1440 5875 suppleantur
2714 5795 2716 5798 '

3346 5864 3409 5881 ν..
3465 5863 3475 5877 1
