4074 6446
579 475 683 536 955

1407 465 1471 520 Β.
1509 463 1572 519 r.
1604 458 1830 518 ALBINI
1867 455 1999 514 seu
2035 434 2311 510 ALCUINI
2346 448 2629 509 ornnun
2663 448 2843 504 rans
2873 447 2939 502 ιι.

3731 443 3851 499 956

575 588 631 643 in
657 578 922 656 sepulcro,
979 580 1135 637 tertia
1161 568 1248 634 die
1284 580 1688 631 resurrecturus
1710 569 1900 643 jacuit,
1946 574 2003 622 et
2025 564 2146 620 illo—
2172 560 2223 624 Δ
2250 561 2449 620 mundo
2471 563 2793 635 spiritalium
2816 564 3078 620 virtutum
3097 559 3429 632 profectibus
3448 556 3677 624 insistit,
3698 568 3852 612 nun-

576 695 697 734 rum
723 675 1026 747 aspectibus
1050 670 1219 726 videri
1247 685 1354 725 non
1379 667 1571 739 potuit.
1622 663 1736 720 Hoc
1758 670 1843 718 est
1869 658 2011 730 quod
2033 657 2109 711 ait
2137 673 2150 709 :

579 764 866 835 Modicum,
897 777 944 822 et
972 783 1073 820 non
1093 762 1330 818 videbitis
1346 779 1427 816 me
1449 778 1468 827 ;
1494 759 1636 829 quod
1660 772 1790 812 vero
1811 755 1887 810 ait
1911 774 1923 810 :
1954 756 2154 810 Iterum

577 859 859 923 modicum,
889 865 935 910 et
963 854 1195 909 videbitis
1219 869 1323 919 me,
1368 849 1634 923 signiﬁcat
1680 857 1889 918 tempus
1918 854 2040 918 post
2065 861 2152 901 re—

577 944 966 1011 surrectionem
992 987 1007 1012 ,
1055 960 1161 1017 quo
1197 960 1320 1000 cum
1351 941 1631 1013 discipulis
1672 948 2021 997 conversatus
2048 946 2153 1006 est,

573 1047 628 1096 et
677 1036 780 1093 illis
810 1027 1124 1092 multimoda
1149 1030 1457 1090 ostensione
1501 1032 1764 1102 apparuit,
1807 1045 1975 1100 usque
2026 1029 2153 1084 dum

575 1129 816 1187 ascendit
845 1129 899 1184 in
946 1128 1141 1184 coelum
1188 1122 1293 1181 illis
1318 1122 1645 1191 videntibus,
1692 1132 1752 1178 ut
1780 1124 1833 1177 in
1865 1122 2153 1193 Evangelia

570 1220 729 1277 Lucae
775 1226 831 1275 et
858 1218 1083 1275 Actibus
1125 1217 1488 1289 apostolorum
1535 1215 1729 1287 legitur
1765 1232 1777 1268 :
1834 1222 1888 1268 et
1922 1213 2027 1267 hoc
2070 1220 2154 1268 est

570 1311 715 1382 quod
745 1311 841 1379 ait,
875 1311 998 1383 quia
1025 1309 1154 1365 vado
1182 1304 1251 1363 ad
1278 1296 1513 1362 Patrem.
1576 1325 1595 1358 ι
1626 1296 1705 1361 Ac
1731 1306 1775 1361 si
1803 1313 2048 1377 patenter
2073 1304 2155 1359 di-

569 1410 694 1459 cat:
736 1401 872 1469 Quia
897 1410 1019 1473 post
1040 1396 1309 1457 modicum
1338 1416 1368 1454 a
1393 1399 1591 1455 vestris
1613 1399 1920 1469 aspectibus
1952 1397 2004 1452 in
2033 1414 2151 1452 mo-

567 1492 813 1553 numenti
864 1490 1098 1551 claustra
1140 1495 1458 1561 abscondor,
1504 1503 1558 1549 et
1596 1494 1791 1548 iterum
1833 1502 1955 1563 post
1983 1492 2153 1548 modi-

568 1605 689 1645 cum
720 1589 993 1645 destructo
1018 1589 1208 1643 mortis
1235 1587 1462 1658 imperio
1491 1587 1646 1641 vobis
1673 1586 1963 1641 intuendus
1990 1600 2153 1655 appa-

568 1683 720 1737 rebo.
760 1674 913 1749 ‘Quia
960 1687 1171 1750 tempus
1219 1687 1338 1745 est,
1389 1687 1449 1733 ut
1494 1678 1704 1748 expleta
1753 1678 2153 1748 dispensatione

570 1778 859 1842 assumpta;
884 1768 1251 1837 mortalitatis,
1288 1785 1410 1825 cum
1440 1768 1854 1824 resurrectionis
1884 1767 2152 1837 triumpho

563 1860 681 1932 jam
707 1871 949 1918 revertar
977 1862 1042 1917 ad
1072 1858 1306 1917 Patrem.
1341 1882 1361 1914 ι
1396 1855 1523 1916 limo
1550 1876 1681 1915 vero
1708 1861 1872 1915 verba
1914 1859 2145 1923 Domini,

568 1967 630 2014 ut
651 1958 780 2023 dixi,
814 1956 920 2012 illis
940 1956 1217 2026 speciatim
1237 1955 1329 2025 qui
1353 1956 1469 2026 ejus
1490 1955 1943 2010 resurrectionem
1969 1953 2150 2009 videre

568 2055 877 2123 potuerunt,
911 2047 1271 2113 conveniunt;
1321 2063 1440 2117 quae
1470 2047 1698 2117 apostoli
1741 2055 1867 2103 tunc
1895 2047 2151 2118 temporis

570 2157 680 2199 non
710 2148 998 2211 potuerunt
1027 2138 1344 2209 intelligere.
1389 2138 1457 2193 Et
1482 2138 1620 2193 hanc
1650 2138 1864 2193 illorum
1894 2139 2150 2207 ignoran-

571 2243 700 2297 tiam
732 2241 853 2312 pius
878 2239 1136 2310 magister
1167 2237 1488 2307 intelligens,
1541 2238 1931 2307 subsequenter
1959 2252 2151 2292 secun~

570 2333 698 2389 dum
734 2330 901 2386 animi
946 2330 1157 2385 illorum
1198 2330 1584 2384 dubitationem
1632 2327 1943 2398 respondit,
1998 2328 2153 2397 missi

569 2427 931 2497 expositurus,
978 2425 1107 2494 quid
1153 2432 1316 2489 esset,
1364 2424 1506 2493 quod
1548 2424 1722 2478 dixit:
1769 2423 2058 2488 Modicum,
2104 2432 2155 2479 et

570 2536 675 2575 non
704 2518 937 2574 videbitis
965 2535 1065 2585 me,
1093 2526 1141 2572 et
1175 2519 1363 2572 iterum
1392 2517 1675 2583 modicum,
1715 2526 1762 2572 et
1793 2517 2029 2571 uidebitis
2049 2534 2150 2572 me.

486 2600 489 2601 ν
641 2614 802 2669 Vens.
834 2599 925 2667 20.
957 2640 1029 2654 -—
1056 2610 1241 2677 Amen,
1287 2627 1441 2666 amen
1468 2610 1585 2665 dico
1616 2611 1779 2675 vobis,
1817 2612 1941 2683 quia
1979 2610 2155 2681 plora-

571 2706 689 2760 bitis
716 2715 763 2759 et
787 2705 977 2774 ﬂebitis
997 2721 1104 2768 vos,
1133 2704 1361 2759 mundus
1383 2713 1556 2758 autem
1583 2703 1843 2775 gaudebit,
1869 2721 1956 2758 vos
1982 2713 2155 2758 autem

573 2797 1024 2863 contristabimim',
1073 2797 1163 2852 sed
1210 2797 1423 2851 tristitia
1466 2805 1636 2851 vestra
1665 2805 1892 2850 vertetur
1934 2796 1993 2849 in
2032 2812 2158 2866 gau-

574 2890 740 2944 dium.
794 2908 813 2942 i
846 2889 1194 2974 Etipsorum‘,
1235 2898 1291 2945 et
1328 2889 1494 2945 totius
1539 2889 1796 2945 Ecclesim
1840 2889 2005 2945 statui
2030 2905 2158 2943 con-

575 2984 739 3054 gruit.
792 2982 1081 3039 Plorabant
1105 2983 1302 3054 quippe
1329 2990 1385 3037 et
1408 2982 1607 3037 ﬂebant
1631 2989 1902 3037 amatores
1930 2980 2153 3048 Christi,

575 3091 699 3131 cum
728 3076 878 3130 illum
901 3074 1299 3144 comprehendi,
1328 3074 1397 3129 ab
1422 3074 1665 3130 bostibua
1683 3072 1862 3144 ligari,
1886 3073 1953 3128 ad
1973 3073 2157 3128 conci-

573 3167 705 3222 lium
729 3167 872 3233 duci,
919 3166 1081 3239 613
1109 3166 1374 3233 damnari,
1403 3165 1668 3236 cruciﬁgi,
1698 3166 1834 3220 mori
1855 3173 1909 3219 et
1939 3164 2163 3236 sepeliri,

570 3260 840 3317 viderent.
865 3258 1187 3318 Gaudebant
1215 3258 1371 3317 multi
1388 3256 1514 3333 [Πε.
1542 3267 1590 3312 et
1614 3256 1761 3311 Beda
1774 3254 1981 3328 mundi]
2007 3270 2157 3311 ama.-
2180 3278 2229 3343 ο

574 3360 743 3418 tores,
773 3366 909 3422 quos
927 3358 1148 3423 propter
1167 3351 1379 3407 inﬁmas
1398 3347 1753 3422 cogitationes
1772 3347 2033 3403 mundum
2059 3361 2152 3402 vo-

572 3449 661 3497 cat
696 3441 981 3507 Dominus,
1027 3456 1150 3496 cum
1185 3451 1359 3497 morte
1387 3440 1697 3509 turpissima
1733 3438 2156 3494 condemnarent

571 3527 722 3584 illum
741 3569 757 3595 ,
799 3529 894 3598 qui
921 3530 1100 3601 gravis
1127 3540 1245 3586 erat
1287 3530 1364 3584 eis
1389 3531 1552 3584 etiam
1578 3529 1645 3584 ad
1673 3527 1982 3584 videndum.
2016 3526 2156 3584 Con-

573 3620 928 3675 tristahantur
954 3620 1199 3689 discipuli
1240 3620 1415 3689 posito
1460 3620 1513 3673 in
1544 3627 1716 3675 morte
1751 3619 2018 3685 Domino;
2061 3620 2155 3675 sed

574 3713 757 3784 agnita
781 3711 896 3781 ejus
920 3713 1334 3778 resurrectione,
1363 3711 1581 3767 tristitia
1611 3710 1823 3767 illorum
1847 3726 2003 3767 versa
2026 3709 2156 3784 [eaq
2206 3730 2209 3737 ν

575 3803 631 3858 in
674 3803 959 3875 gaudium;
1004 3802 1119 3858 visa
1147 3803 1474 3858 ascensionis
1509 3803 1770 3873 potentia,
1811 3803 1923 3874 jam
1952 3802 2155 3871 majore

575 3894 770 3966 gaudio
815 3894 1095 3960 sublevati,
1140 3894 1430 3951 laudabant
1469 3904 1523 3951 et
1557 3895 1947 3952 benedicebant
1973 3894 2155 3950 Domi-

577 4001 726 4051 num,
776 3993 835 4040 ut
858 3983 1035 4041 Lucas
1059 3985 1386 4057 evangelista
1416 3992 1645 4040 testatur
1669 3984 1869 4056 (Actor.
1913 3983 1996 4056 tt).
2049 3982 2155 4041 Sed

574 4087 632 4134 et
656 4079 865 4134 cunctis
891 4078 1143 4134 ﬁdelibus
1176 4078 1265 4133 hic
1288 4074 1502 4132 Domini
1528 4090 1708 4133 sermo
1741 4077 2012 4142 convenit,
2063 4076 2153 4146 qui

574 4184 672 4240 per
721 4169 986 4241 lacrymas
1027 4184 1418 4240 pressurasque
1473 4177 1800 4240 praesentes,
1852 4166 1918 4222 ad
1962 4166 2156 4238 gaudia

575 4269 776 4316 aeterna
807 4262 1091 4332 pervenire
1109 4261 1482 4317 contendunt:
1522 4279 1542 4314 ι
1584 4259 1688 4326 Qui
1710 4262 1965 4315 seminam
1992 4261 2047 4315 in
2075 4259 2155 4314 la-

575 4354 787 4433 crymis,
837 4354 897 4407 in
937 4353 1133 4424 gaudio
1181 4362 1390 4416 meteut,
1442 4361 1619 4407 euntes
1663 4352 1808 4406 ibant
1862 4362 1910 4406 et
1961 4352 2156 4422 ﬂebant

577 4441 749 4512 (Psal.
791 4458 957 4509 cur,
981 4442 1036 4509 ὅ,
1080 4442 1160 4515 6),
1195 4451 1467 4512 quatenus
1499 4443 1553 4497 in
1592 4450 1794 4501 eterna
1823 4443 2156 4499 beatitudine

575 4536 777 4590 laboris
817 4534 901 4589 sui
931 4535 1231 4589 mercedem
1275 4534 1552 4603 recipiant.
1602 4532 1830 4588 Mundus
1856 4541 2056 4599 autem,
2101 4534 2156 4589 id

2254 672 2416 729 quam
2443 657 2629 712 mundi
2660 653 3051 711 tentationibus
3078 651 3318 708 exerceri
3340 649 3552 705 desistit
3578 666 3593 703 :
3621 656 3681 703 st
3710 662 3851 703 cun

2254 751 2464 806 devicto
2497 749 2739 804 laborum
2773 745 3073 802 certamine
3113 743 3182 799 ad
3218 742 3451 812 palmam
3493 738 3849 809 pervenerit.

2244 841 2360 912 jam
2380 857 2488 897 non
2508 840 2756 895 meminit
2770 850 3039 909 pressurae
3057 833 3434 905 praecedentis,
3456 839 3682 901 propter
3702 837 3846 898 gst-

2254 932 2398 986 dium
2415 940 2684 1001 perceptae
2701 928 3094 984 retributionis.
3128 924 3251 979 Non
3263 933 3382 978 sunt
3399 923 3537 977 enim
3564 920 3850 991 condigna

2250 1023 2515 1093 passiones
2553 1022 2711 1092 hujus
2743 1021 2988 1090 temporis
3022 1018 3091 1072 ad
3127 1026 3551 1087 superventuram
3590 1011 3845 1083 gloriam,

2252 1128 2367 1183 qua:
2399 1110 2707 1165 revelabitur
2731 1111 2786 1164 in
2814 1109 2959 1163 nobis
2987 1106 3158 1179 (Rom.
3187 1122 3306 1171 Vill,
3338 1105 3450 1176 18).
3500 1102 3630 1157 Non
3658 1103 3849 1156 memi-

2253 1203 2359 1268 nit,
2386 1203 2578 1272 inquit,
2610 1217 2867 1272 pressura:
2892 1210 3102 1271 propter
3120 1198 3369 1270 gaudium
3386 1238 3400 1262 ,
3428 1196 3556 1267 quia
3581 1205 3745 1249 natus
3768 1205 3845 1249 est

2251 1295 2402 1348 homo
2426 1294 2483 1347 in
2509 1293 2781 1348 mundum.
2830 1292 2984 1347 Sicut
3008 1292 3154 1346 enim
3190 1290 3403 1353 mulier,
3444 1297 3575 1342 nato
3602 1287 3658 1340 in
3690 1287 3838 1341 hunc

2251 1386 2508 1441 mundum
2532 1386 2763 1449 homine,
2788 1385 2999 1439 laetatur
3020 1425 3035 1450 ,
3065 1384 3137 1439 ita
3167 1381 3407 1436 Ecclesia
3436 1389 3566 1434 nato
3587 1380 3647 1433 in
3668 1378 3845 1431 vitm

2251 1474 2486 1529 futuram
2510 1474 2743 1530 ﬁdelium
2767 1475 2983 1546 populo,
3008 1475 3165 1544 digna
3188 1473 3550 1528 exsultatione
3570 1471 3844 1540 repletur;

2250 1581 2349 1636 pro
2372 1581 2475 1636 qua
2498 1563 2616 1633 ejus
2651 1566 2931 1619 nativitatc
2967 1565 3197 1618 multum
3229 1562 3483 1616 laborans
3518 1568 3577 1614 et
3619 1572 3845 1629 gemens

2253 1658 2308 1712 in
2335 1657 2608 1727 praesenti,
2637 1655 2790 1725 quasi
2820 1654 3129 1725 parturiens
3160 1654 3322 1708 donet.
3362 1650 3473 1705 Nec
3500 1666 3712 1705 novum
3750 1650 3843 1705 do-

2250 1751 2342 1806 bet
2368 1750 2622 1819 cuiquam
2651 1748 2848 1813 videri,
2873 1746 2919 1802 si
2946 1754 3103 1800 natus
3129 1745 3326 1800 dicitur
3350 1742 3443 1812 qui
3479 1758 3548 1797 ex
3591 1742 3702 1796 hac
3736 1743 3840 1796 vita

2252 1848 2566 1917 migraverit
2600 1865 2612 1900 :
2646 1845 2913 1916 quomodo
2955 1843 3101 1898 enim
3137 1849 3392 1897 consuete
3429 1838 3581 1895 nasci
3619 1838 3839 1903 dicitur,

2253 1953 2376 1995 cum
2400 1941 2520 2008 quis
2548 1937 2616 1993 de
2645 1944 2798 1992 utero
2831 1936 3020 1990 matris
3052 1931 3350 2004 procedens
3386 1932 3532 1986 hanc
3571 1931 3632 1990 in
3665 1930 3841 1985 lucem

2252 2032 2578 2103 ingreditur;
2602 2030 2679 2085 ita
2699 2029 2863 2084 etiam
2884 2026 3185 2082 rectissime
3212 2031 3389 2094 potest
3411 2032 3575 2076 natus
3602 2021 3843 2092 appella-

2252 2125 2319 2190 ri,
2346 2124 2439 2194 qui
2474 2122 2680 2179 solutus
2702 2136 2733 2175 a
2759 2118 2988 2175 vinculis
3015 2117 3197 2173 carnis
3217 2114 3287 2170 ad
3308 2116 3483 2170 lucem
3512 2113 3842 2170 sublimatar

2252 2224 2530 2270 aeternam.
2564 2213 2713 2269 Unde
2745 2226 2861 2266 mos
2888 2208 3125 2265 obtinuit
3165 2205 3572 2268 ecclesiasticus,
3616 2213 3678 2258 ut
3715 2203 3840 2258 dies

2253 2306 2535 2361 beatorum
2562 2312 2862 2374 martyrum
2887 2302 3001 2357 sive
3042 2298 3415 2356 confessorum
3454 2296 3675 2361 Christi,
3712 2296 3844 2366 qui-

2254 2398 2355 2454 bus
2378 2399 2443 2453 de
2464 2397 2658 2453 saeculo
2682 2395 3035 2459 transierunt,
3056 2392 3264 2448 natales
3279 2392 3603 2455 vocitemus,
3623 2404 3849 2445 eorum-

2254 2506 2359 2561 que
2381 2489 2642 2545 solemnia
2670 2504 2778 2543 non
2805 2486 3075 2553 funebria,
3111 2485 3207 2541 sed
3234 2483 3433 2539 natalia
3463 2482 3660 2555 (Beda,
3694 2491 3846 2537 nata-

2255 2580 2392 2655 litia]
2424 2582 2691 2637 dicantur.
2731 2579 2989 2650 Sequitur
3013 2577 3273 2633 Dominus
3291 2589 3572 2646 exponens
3598 2576 3720 2644 ipse
3756 2588 3846 2644 pa-

2255 2677 2518 2745 radigma,
2548 2675 2692 2746 quod
2720 2674 2785 2730 de
2810 2673 3032 2729 muliere
3057 2671 3339 2742 proposuit
3366 2687 3379 2723 :
3424 2668 3618 2741 (Vens.
3651 2668 3748 2740 22)
3782 2668 3849 2724 Et

2256 2785 2342 2824 ros
2374 2768 2536 2839 igitur
2570 2783 2707 2822 nunc
2731 2766 2940 2837 quidem
2968 2766 3234 2819 tristitiam
3254 2763 3487 2827 habetis;
3527 2759 3850 2817 iterum'au—

2258 2874 2359 2918 tem
2389 2863 2566 2918 ridebo
2600 2878 2708 2929 nos,
2750 2872 2797 2915 et
2832 2859 3074 2932 gaudebit
3103 2873 3194 2914 eor
3222 2867 3464 2919 vestrum,
3507 2865 3560 2910 et
3593 2857 3847 2927 gaudium

2258 2966 2484 3012 vestrum
2518 2973 2666 3011 nemo
2696 2953 2838 3009 tollet
2879 2972 2911 3008 a
2961 2952 3123 3007 vobis.
3175 2950 3326 3018 Quod
3358 2950 3426 3005 de
3458 2950 3596 3019 ipsis
3628 2950 3853 3020 quidem

2261 3049 2537 3119 discipulis
2553 3048 2708 3104 facile
2725 3046 3061 3117 intelligitur,
3086 3045 3212 3114 quia
3233 3042 3513 3099 tristitiam
3537 3042 3852 3097 habuerunt

2258 3157 2419 3212 passo
2445 3156 2509 3195 ac
2537 3139 2745 3208 sepulto
2766 3138 3025 3202 Domino;
3057 3135 3157 3191 sed
3180 3142 3397 3204 peracta
3427 3132 3849 3187 resurrectionis

2262 3231 2455 3302 gloria,
2484 3229 2651 3302 gavisi
2680 3236 2805 3284 sunt
2836 3227 2956 3282 viso
2982 3224 3228 3291 Domino,
3268 3232 3322 3279 et
3360 3224 3619 3294 gaudium
3661 3235 3849 3278 eorum

2265 3336 2424 3378 inemo
2447 3321 2596 3376 tollet
2617 3320 2684 3381 ab
2707 3320 2806 3375 eis.
2828 3338 2847 3372 ο
2880 3318 3029 3373 Licet
3050 3330 3332 3387 pressurus
3354 3328 3417 3370 ac
3438 3315 3852 3385 persecutiones

2260 3415 2404 3489 passi
2431 3424 2611 3470 essent
2633 3414 2688 3468 in
2710 3412 2813 3467 hoc
2832 3412 3047 3474 mundo,
3077 3423 3290 3479 semper
3316 3409 3373 3463 iu
3406 3422 3503 3479 spe
3541 3408 3852 3479 gaudebant

2260 3508 2457 3566 futurae
2493 3505 2888 3570 retributionis,
2928 3518 3029 3573 pro
3061 3518 3126 3558 eo
3161 3503 3307 3572 quod
3344 3501 3491 3572 digni
3527 3507 3718 3556 essent
3750 3515 3850 3572 pro

2259 3601 2480 3659 nomine
2509 3597 2635 3653 Jesu
2664 3595 3018 3652 contumelias
3043 3594 3152 3665 pati
3184 3593 3383 3666 (Actor.
3406 3607 3462 3658 v,
3485 3590 3603 3663 Η).
3642 3591 3849 3647 Iterum

2261 3705 2434 3750 autem
2455 3693 2632 3749 videbo
2656 3709 2765 3757 vos,
2786 3699 2833 3746 et
2855 3688 3099 3761 gaudebit
3120 3704 3211 3743 cor
3229 3696 3488 3754 uestrum;
3516 3694 3569 3742 et
3591 3688 3847 3759 gaudium

2258 3796 2482 3842 vestrum
2517 3800 2664 3840 nemo
2702 3784 2848 3839 tollet
2884 3801 2919 3839 a
2954 3782 3112 3838 vobis.
3159 3782 3361 3838 «Videt
3398 3782 3587 3850 itaque
3635 3781 3845 3836 electos

2257 3886 2380 3950 post
2434 3878 2710 3933 tristitiam
2761 3875 3061 3940 Dominus,
3112 3888 3236 3930 cum
3288 3887 3475 3928 eorum
3526 3871 3847 3942 patiemini

2257 3970 2515 4026 damnato
2533 3969 2906 4040 impugnatore
2924 3970 3255 4022 remunerat.
3280 3981 3301 4016 ι
3328 3975 3354 4004 ι
3392 3961 3589 4018 Videbo
3627 3979 3752 4029 nos,
3791 3964 3847 4020 id

2258 4071 2363 4128 est,
2406 4076 2530 4117 cum
2563 4072 2910 4135 assumpsero
2942 4071 3039 4112 vos
3078 4055 3146 4111 ad
3188 4055 3477 4125 meipsum,
3519 4062 3584 4108 ut
3622 4054 3715 4108 ubi
3744 4067 3847 4123 ego

2259 4168 2400 4219 sum,
2430 4160 2485 4207 et
2510 4166 2607 4206 vos
2632 4150 2772 4217 sitis,
2798 4158 2855 4204 et
2892 4148 2948 4203 in
2990 4146 3080 4203 illa
3118 4146 3326 4201 visione
3356 4153 3633 4215 perpetuac
3663 4145 3849 4217 gloriae

2257 4242 2502 4315 gaudebit
2528 4258 2618 4296 cor
2649 4249 2895 4305 uestrum,
2923 4248 2971 4293 et
3000 4237 3252 4310 gaudium
3279 4246 3505 4293 vestrum
3529 4250 3686 4291 nemo
3705 4236 3849 4291 ιυιια

2258 4351 2292 4388 a
2321 4332 2460 4388 vobis
2483 4345 2501 4384 :
2526 4333 2651 4402 quia
2673 4332 2747 4386 ibi
2776 4329 2956 4386 nullus
2980 4328 3352 4393 adversarius,
3384 4326 3568 4381 nullus
3596 4342 3851 4396 persona»

2258 4434 2364 4492 tor,
2390 4441 2550 4482 nemo
2576 4425 2667 4495 qui
2699 4423 2976 4480 tristitiam
3002 4423 3217 4494 ingerat
3240 4421 3445 4476 animis
3463 4422 3685 4486 vestris,
3720 4421 3847 4477 dum

2258 4521 2471 4575 videtur
2501 4518 2650 4592 [Hs.,
2687 4516 2985 4589 videbitur}
3015 4517 3157 4572 Deus
3180 4516 3407 4573 deorum
3431 4514 3485 4570 iri
3512 4513 3651 4570 Sion
3671 4514 3845 4587 (Psal.

575 4633 678 4691 est,
710 4625 895 4680 mundi
927 4630 1197 4680 amatores
1224 4624 1542 4697 gaudebant,
1583 4624 1675 4694 qui
1707 4624 1774 4679 ad
1795 4632 1997 4679 aeterm
2021 4639 2153 4694 gau-
2180 4642 2231 4704 D
2257 4629 2487 4679 Lxxxm,
2524 4611 2614 4685 8);
2655 4621 2703 4666 et
2739 4626 2859 4665 eum
2888 4608 3189 4681 apparuerit
3220 4604 3491 4676 Christus,
3515 4613 3643 4662 tunc
3674 4618 3730 4663 et
3764 4625 3853 4664 sos

577 4715 665 4771 dia
697 4731 755 4771 se
786 4729 1091 4786 pmparare
1113 4730 1211 4786 per
1254 4704 1519 4787 lacryinas
1548 4724 1604 4772 et
1629 4713 1945 4771 afﬂictiones
1973 4716 2151 4786 despi-
2251 4712 2586 4785 apparebitis,
2618 4718 2678 4766 ut
2701 4710 2989 4781 Apostolus
3009 4710 3105 4774 ait,
3133 4722 3252 4763 eum
3280 4708 3373 4764 illo
3410 4710 3465 4763 in
3510 4709 3687 4780 gloria
3726 4704 3851 4780 (Co-

579 4807 725 4862 ciunt
748 4825 760 4861 :
791 4821 887 4862 vos
906 4813 1085 4861 autem
1105 4805 1555 4862 contristahimini
1573 4821 1670 4877 per
1693 4805 1908 4862 labores
1926 4814 1984 4862 et
2000 4821 2153 4878 prss~

578 4915 774 4965 suras;
825 4898 919 4954 sed
951 4898 1172 4953 tristitia
1201 4907 1379 4954 vestra
1410 4906 1650 4955 vertetur
1695 4898 1747 4953 in
1776 4906 1993 4954 meum
2017 4898 2148 4955 bea—

578 4988 824 5045 titudinis
850 4988 1107 5044 laetitiam.
1139 4988 1396 5060 Sequitur
1426 5007 1438 5042 :

568 5092 571 5095 ‘
650 5084 810 5141 Vnus.
848 5081 1228 5138 2L—Mulier
1265 5100 1382 5137 cum
1426 5084 1604 5154 parit,
1646 5084 1911 5139 tristitiam
1956 5081 2153 5151 habet,

576 5178 700 5249 quia
722 5179 854 5233 venit
879 5177 1011 5232 hora
1029 5178 1163 5249 ejus.
1195 5194 1214 5227 ι
1236 5176 1513 5232 Mulierem
1537 5176 1669 5232 dicit
1698 5185 1938 5232 sanctam
1964 5176 2151 5233 Eccle-

578 5269 736 5337 siam,
756 5275 973 5340 propter
991 5268 1368 5325 fecunditatem
1390 5269 1653 5324 bonorum
1674 5284 1928 5338 operum;
1952 5280 2007 5324 et
2023 5270 2150 5339 quia

578 5360 851 5433 spiritales
875 5361 986 5417 Deo
1022 5360 1159 5416 ﬁlios
1189 5360 1413 5433 gignere
1443 5375 1718 5430 nunquam
1758 5359 1976 5416 desinit.
2026 5361 2151 5417 Haec

577 5453 786 5519 mulier,
820 5468 939 5507 cum
969 5452 1128 5523 parit,
1170 5451 1437 5506 tristitiam
1472 5450 1656 5517 habet,
1689 5452 1814 5522 quia
1854 5453 1992 5506 venit
2021 5453 2150 5507 hora

578 5547 714 5618 ejus.
750 5544 882 5602 Cum
908 5554 1079 5601 autem
1103 5546 1353 5617 pepererit
1372 5560 1620 5616 puerum,
1641 5541 1759 5614 jam
1786 5560 1889 5597 non
1918 5544 2149 5597 meminit

577 5656 836 5711 pressura:
873 5647 1082 5711 propter
1117 5638 1399 5709 gaudium,
1438 5637 1561 5709 quia
1604 5645 1756 5692 natus
1794 5644 1869 5689 est
1908 5636 2061 5689 homo
2098 5635 2152 5687 in

578 5732 853 5786 mundum.
894 5729 1029 5798 Quia
1063 5729 1315 5785 nimirum
1341 5737 1529 5785 sancta
1558 5727 1798 5783 Ecclesra
1825 5724 2063 5796 quandiu
2098 5740 2154 5782 in

654 5855 679 5913 ει
720 5842 1006 5913 ﬂuensque
1037 5858 1105 5898 ex
1138 5841 1356 5897 homilia
1389 5840 1548 5897 Beda:
1585 5840 1768 5913 citata.

652 5912 682 5957 δ
717 5914 796 5970 Ex
836 5914 895 5971 S.
920 5910 1100 5989 λιιι..
1136 5920 1297 5971 tract.
1331 5927 1420 5983 ci,
1456 5927 1609 5971 num.
1644 5910 1701 5969 4.

2250 4805 2374 4860 loss.
2398 4821 2482 4869 Ill,
2510 4803 2586 4876 At).
2631 4803 2886 4872 Sequitur
2927 4819 2941 4855 :
2970 4801 3157 4870 (Vens.
3186 4799 3278 4872 33)
3310 4799 3380 4854 Et
3403 4799 3503 4854 illa
3526 4796 3614 4854 die
3634 4814 3719 4854 me
3746 4810 3849 4854 non

2249 4894 2497 4969 rogabitis
2526 4895 2832 4966 quidquam.
2878 4912 2899 4945 ι
2932 4894 2961 4935 b
2989 4893 3103 4949 Hoc
3131 4892 3281 4948 enim
3306 4894 3557 4958 verbum,
3596 4888 3749 4963 Quod
3765 4898 3853 4947 est

2250 5002 2462 5060 rogare,
2501 5003 2608 5043 non
2635 4987 2809 5043 solum
2835 4992 3020 5058 petere
3037 5026 3052 5051 ,
3084 4986 3179 5043 sed
3208 4987 3373 5043 etiam
3394 4987 3751 5059 interrogare
3771 4986 3849 5043 ﬂ-

2252 5078 2489 5152 gniiicat,
2522 5078 2660 5134 sicut
2686 5086 2741 5133 et
2766 5078 2824 5133 in
2843 5076 3035 5134 Graeco
3062 5077 3241 5141 habet,
3272 5078 3416 5133 unde
3451 5074 3560 5133 hoc
3596 5077 3847 5148 Evange—

2251 5170 2383 5226 lium
2418 5170 2739 5226 translatum
2766 5177 2870 5226 est.
2893 5188 2912 5223 ι
2947 5168 3226 5240 Signiﬁcat
3239 5180 3387 5233 vero,
3410 5169 3554 5239 quod
3569 5168 3653 5224 ait
3669 5164 3851 5223 Domi-

2252 5280 2373 5330 nus,
2405 5264 2536 5320 illud
2574 5271 2785 5334 tempus
2818 5279 2930 5335 quo
2949 5264 3203 5333 gaudium
3231 5271 3476 5318 nostrum
3502 5275 3671 5318 nemo
3700 5262 3851 5319 tolla

2254 5370 2284 5410 a
2312 5356 2495 5423 nobis;
2530 5357 2621 5411 ubi
2643 5355 2755 5426 iam
2784 5356 2920 5411 nihil
2946 5370 3217 5428 rogemus,
3242 5354 3374 5410 nihil
3400 5356 3807 5424 interrogemus
3834 5367 3850 5407 :

2254 5449 2378 5518 quia
2413 5447 2542 5502 nihil
2565 5448 2976 5505 desiderantium
3000 5448 3316 5513 remanebit,
3344 5446 3851 5517 nihilqumrelﬂtl

2256 5540 2460 5596 latebit.

2328 5635 2492 5690 Vens.
2526 5631 2615 5687 24.
2634 5660 2702 5673 -
2721 5630 2895 5704 Usque
2920 5632 3075 5687 modo
3104 5647 3208 5687 non
3241 5632 3443 5703 petistis
3471 5630 3766 5703 quidquam
3798 5632 3855 5683 in

2260 5728 2465 5785 nomine
2486 5744 2625 5792 meo,
2653 5744 2671 5777 ι
2694 5737 2716 5765 ε
2734 5726 2952 5782 Duobus
2969 5726 3142 5781 modis
3152 5725 3377 5796 intelligi
3390 5733 3595 5797 potest;
3618 5724 3711 5781 vel
3727 5725 3855 5796 quia

2336 5851 2357 5882 ο
2400 5840 2480 5895 Ex
2517 5839 2729 5907 eodem,
2771 5846 2930 5895 tract.
2964 5852 3062 5908 cn,
3104 5854 3255 5895 num.
3285 5840 3340 5907 2,
3380 5831 3432 5895 ι.
