4088 6340
164 419 272 480 957

977 413 1388 474 EXEGETKIA.
1415 443 1488 454 —
1507 409 1862 470 GOMMENT.
1901 409 1972 464 ΙΝ
2005 408 2198 468 JOAN.
2232 425 2304 452 --'-
2337 405 2465 465 LIB.
2505 405 2595 466 Ἣ.

3320 403 3430 467 988

161 549 275 596 non
303 534 360 588 in
384 531 601 588 nomine
627 543 750 584 meo
771 527 1015 599 petistis,
1043 528 1183 596 quod
1215 541 1412 582 nome
1439 539 1576 587 non,
1605 523 1748 578 sicut
1773 525 1824 584 Α
1848 539 1972 578 eum
2011 524 2344 596 signiﬁcasse
2375 523 2642 587 arbitror,
2679 521 2772 576 ubi
2801 519 2880 576 ait
2903 535 2922 574 :
2949 515 3020 574 Et
3049 533 3154 575 non
3189 517 3308 575 dico
3343 535 3435 577 eo-

161 627 596 702 coguoscendum
625 621 790 695 615
815 629 916 687 est,
947 620 1274 691 cognovistis
1301 637 1314 673 :
1343 619 1430 674 vel
1469 633 1578 672 non
1611 615 1744 685 peti-

163 723 266 778 stis
295 719 608 790 quidquam,
654 715 906 784 quoniam
942 714 998 767 in
1035 713 1436 782 comparatione
1471 710 1548 764 rei
1587 723 1752 778 quam

161 822 348 884 petere
369 808 650 872 debuistis,
681 822 778 876 pro
803 805 974 860 nihilo
994 805 1300 860 habendum
1331 811 1414 857 est
1439 801 1582 872 quod
1615 798 1753 870 peti—

159 901 286 966 stis,
319 919 336 952 ι
369 899 494 968 quia
525 899 618 968 qui
649 897 804 966 petit,
835 896 982 966 quod
1006 897 1072 950 ad
1093 896 1460 964 senpiternam
1488 891 1642 964 μὴ,
1663 905 1754 944 su-

161 990 412 1064 :Iernam]
443 989 672 1045 salutem
702 997 756 1043 et
781 988 1036 1059 gaudium
1064 995 1326 1042 aeternum
1353 1001 1458 1038 non
1485 983 1750 1052 pertinet,

159 1084 298 1142 nihil
333 1091 518 1154 petere
543 1081 755 1135 videtur
786 1081 854 1135 ad
888 1079 1346 1150 comparationem
1371 1076 1514 1130 illius
1541 1073 1754 1142 petitio-

161 1177 271 1243 nis,
319 1191 482 1246 quam
527 1183 710 1244 petere
754 1173 956 1230 debuit.
1019 1170 1190 1242 Usque
1221 1170 1374 1224 modo
1415 1185 1520 1223 non
1558 1167 1754 1238 petistis

159 1271 450 1346 quidquam
479 1269 535 1321 in
558 1267 764 1322 nomine
799 1282 932 1319 meo.
977 1263 1075 1318 Vel
1099 1262 1172 1316 ita
1204 1259 1606 1329 intelligendum
1629 1263 1714 1312 est
1739 1274 1751 1309 :

161 1361 284 1418 Non
317 1361 586 1431 petierunt
608 1367 830 1413 eatenus
847 1357 900 1410 in
915 1355 1132 1410 nomine
1148 1351 1467 1416 Salvatoris,
1483 1349 1608 1419 quia
1627 1348 1754 1402 dum

161 1453 336 1524 ipsius
355 1450 652 1506 Salvator-is
675 1447 938 1526 visibilem
961 1444 1306 1516 prtesentiam
1327 1440 1756 1510 contemplaren-

161 1553 272 1608 tur,
304 1543 482 1598 minus
504 1543 570 1596 ad
599 1539 888 1595 invisibilia
909 1537 1100 1592 salutis
1119 1537 1256 1592 dona
1283 1534 1478 1588 mentis
1502 1533 1754 1604 intuitum

159 1641 470 1690 erexerant.
499 1631 600 1699 Qui
619 1646 750 1686 vero
771 1639 962 1684 contra
980 1629 1246 1682 rationem
1270 1625 1458 1680 salutis
1473 1640 1582 1679 sua:
1597 1622 1752 1694 petit,

161 1742 272 1782 non
299 1725 436 1796 petit
465 1725 518 1778 in
551 1722 768 1778 nomine
795 1720 944 1776 Jesu.
987 1719 1125 1774 Hinc
1155 1727 1208 1774 et
1241 1717 1499 1772 Dominus
1527 1731 1757 1784 sequen-

161 1824 245 1870 ter
273 1813 350 1868 ait
378 1827 392 1867 :
421 1809 588 1866 Petite
625 1819 673 1864 et
711 1810 974 1880 accipietis
997 1851 1010 1872 ,
1045 1818 1098 1860 ut
1137 1807 1386 1878 gaudium
1428 1816 1652 1860 vestrum
1689 1804 1756 1857 sit

1851 619 1947 681 bis,
1975 619 2098 688 quia
2118 635 2210 688 ego
2231 617 2422 687 rogabo
2450 614 2662 669 Patrem
2681 616 2746 669 de
2764 615 2924 669 vobis.
2959 613 3144 670 Potest
3162 614 3306 669 enim
3327 628 3436 670 non
3463 599 3474 614 ’

1853 712 2292 766 inconvenienter
2329 709 2496 778 accipi
2531 712 2672 778 quod
2707 709 2782 762 ait
2815 725 2828 758 τ
2861 707 2930 762 Et
2967 719 3068 761 non
3107 707 3224 762 dico
3261 706 3436 772 vobis,
3513 735 3516 738 ι

1851 806 1976 876 quia
2001 819 2094 874 ego
2123 803 2312 873 rogabo
2341 800 2554 855 Patrem
2592 799 2656 854 de
2691 801 2830 854 vobis
2853 813 2872 850 :
2895 801 3019 869 quia
3057 811 3162 854 non
3203 799 3270 853 de
3297 809 3440 868 pm-

1853 895 2014 960 senti,
2041 910 2202 963 rogo;
2231 894 2326 948 sed
2361 895 2428 946 de
2457 891 2640 946 futuro
2679 887 2966 962 [tempore]
3005 889 3185 958 posuit
3223 888 3436 957 rogabo,

1855 989 1995 1057 quod
2023 989 2223 1042 sanctis
2238 987 2302 1041 ad
2319 989 2582 1041 internum
2599 997 2786 1054 pacem
2805 983 2957 1056 His,
2981 983 3034 1037 in
3057 983 3264 1036 interna
3281 978 3438 1052 pace]

1853 1081 2104 1148 receptis,
2133 1093 2238 1132 non
2277 1093 2410 1148 opus
2452 1079 2520 1131 sit
2553 1077 2664 1146 jam
2703 1075 2902 1143 aliquid
2933 1087 3124 1144 rogare
3157 1071 3267 1146 [de]
3313 1067 3437 1136 illis,

1855 1173 1978 1241 quia
2019 1169 2272 1223 nimirum
2313 1175 2458 1222 tanta
2495 1168 2826 1222 beatitudine
2859 1163 3093 1220 donandi
3133 1165 3242 1220 sint
3267 1205 3282 1231 ,
3321 1179 3443 1234 quae

1855 1263 2084 1332 amplior
2106 1277 2227 1316 esse
2253 1275 2360 1314 non
2383 1259 2572 1330 possit.
2613 1257 2800 1330 (Vsus.
2825 1257 2940 1328 27.)
2976 1257 3094 1327 Ipse
3118 1258 3258 1310 enim
3280 1256 3445 1312 Peter

1855 1367 1998 1410 amat
2038 1371 2144 1420 vos,
2179 1356 2306 1426 quia
2335 1369 2422 1408 vos
2451 1367 2532 1407 me
2569 1354 2778 1418 amatis,
2817 1359 2864 1404 et
2903 1351 3216 1416 credidistis,
3249 1351 3370 1422 quia
3409 1368 3443 1404 a

1855 1447 1966 1502 Deo
2003 1449 2158 1502 exivi.
2216 1445 2332 1501 Non
2367 1447 2440 1500 ita
2475 1445 2878 1516 intelligendum
2913 1451 3034 1509 est,
3073 1443 3216 1513 quod
3255 1441 3390 1498 dixit
3423 1460 3439 1499 :

1859 1537 1996 1603 Quia
2021 1551 2104 1592 vos
2129 1551 2210 1591 me
2238 1539 2447 1602 amatis,
2475 1538 2626 1608 quasi
2651 1538 2858 1607 priores
2895 1535 2968 1590 illi
3009 1545 3252 1592 amarent
3287 1533 3446 1591 Chri-

1857 1638 1998 1684 stum
2034 1650 2046 1683 :
2075 1630 2168 1684 sed
2204 1631 2278 1684 ita
2307 1630 2490 1699 potius
2521 1631 2650 1698 quia
2688 1629 2848 1684 Pater
2881 1629 3002 1684 illos
3029 1627 3264 1699 gratuito
3294 1639 3445 1683 amo-

1857 1739 1917 1778 re
1943 1725 2285 1792 praevenerit,
2311 1732 2472 1793 atque
2499 1723 2566 1778 ad
2593 1723 2882 1778 amandum
2903 1721 3336 1793 credendumque
3356 1721 3446 1777 Fi-

1858 1814 2009 1881 lium,
2044 1831 2074 1870 a
2103 1815 2302 1870 mundo
2327 1815 2636 1880 sustulerit;
2665 1823 2721 1868 et
2743 1817 2870 1884 quia
2905 1813 3006 1884 ipsi
3047 1815 3284 1885 agnitam
3321 1811 3446 1866 Filii

157 1903 391 1975 plenum,
420 1901 746 1974 signiﬁcans,
777 1901 904 1970 quid
933 1900 1006 1955 sit
1033 1899 1187 1954 nobis
1207 1899 1520 1968 petendum,
1563 1896 1616 1950 id
1647 1903 1748 1959 est,
1781 1883 1829 1944 Β
1857 1905 2200 1960 dilectionem
2225 1919 2292 1959 ac
2321 1904 2478 1958 ﬁdem
2517 1905 2606 1975 pio
2643 1911 2698 1958 ει
2735 1883 2966 1958 spuich
2999 1883 3164 1958 οοιαξιε
3199 1911 3449 1958 εει-γεγε..

160 2005 220 2050 ut
237 1997 452 2068 plenum
469 1996 538 2050 sit
558 1995 810 2064 gaudium
832 2001 1076 2048 nostrum
1098 2010 1110 2044 :
1129 1991 1267 2045 unde
1282 1990 1378 2054 ait,
1395 1999 1442 2043 et
1463 1988 1748 2058 accipietis.

163 2085 221 2142 Si
247 2087 336 2142 illa
365 2087 600 2159 petimus
625 2102 744 2156 quae
773 2087 840 2141 ad
879 2085 1268 2156 plenitudinem
1305 2083 1552 2138 laborum
1584 2082 1757 2152 perti-

163 2188 329 2236 neant
353 2189 408 2235 et
426 2182 768 2252 gaudiorum,
800 2179 1148 2250 accipiemus.
1191 2176 1414 2230 Plenum
1453 2191 1584 2246 ergo
1621 2191 1753 2244 gau-

158 2271 330 2339 dium,
359 2273 750 2328 beatitudinem
783 2278 1055 2340 perpetuae
1083 2269 1232 2338 pacis
1261 2266 1512 2337 appellat.
1545 2266 1635 2318 Ait
1663 2265 1757 2319 ita-

151 2378 303 2436 que:
329 2361 494 2417 Petite
523 2372 568 2416 et
591 2363 883 2432 accipietis,
927 2370 982 2412 ut
1013 2357 1264 2430 gaudium
1296 2367 1519 2411 vestrum
1551 2357 1618 2410 sit
1649 2353 1758 2424 ple-

151 2471 333 2520 num;
363 2469 426 2506 ac
456 2453 502 2508 si
529 2461 778 2524 patenter
805 2453 947 2507 dicat
971 2467 984 2504 :
1011 2450 1128 2505 Non
1152 2451 1292 2504 ﬂuxa
1327 2449 1508 2504 smculi
1538 2448 1755 2520 gaudia,

149 2561 283 2616 qua:
303 2551 360 2600 et
381 2557 610 2599 mcerore
633 2559 846 2613 semper
867 2544 1032 2598 mixta
1059 2549 1110 2596 et
1133 2541 1316 2596 dolore
1339 2541 1574 2596 ﬁnienda
1596 2549 1752 2607 sunt;

153 2635 257 2694 sed
277 2633 410 2690 illud
436 2637 707 2708 singulare
737 2637 990 2708 gaudium
1019 2652 1047 2690 a
1079 2631 1240 2690 Patre
1263 2635 1447 2704 petite,
1479 2632 1630 2702 cujus
1647 2631 1760 2701 ple-

157 2727 356 2784 nitudo
385 2727 532 2782 nullo
561 2727 845 2800 [unquam]
877 2726 1162 2798 cujuslibet
1194 2725 1578 2795 inquietudinis
1620 2732 1760 2777 atta-

157 2831 258 2876 ctu
283 2821 580 2886 minuatur,
609 2821 884 2874 eetcrnitas
922 2819 1064 2873 nullo
1099 2833 1336 2887 unquam
1379 2816 1611 2870 termino
1650 2814 1760 2868 dis-

159 2911 424 2966 solvatur.
463 2909 522 2965 Si
549 2925 678 2980 ergo
701 2909 826 2964 talia
854 2911 1086 2979 petendo
1113 2909 1476 2980 perstiteritis,
1515 2907 1640 2961 talia
1667 2921 1760 2977 pe-

157 3002 326 3060 tendo
361 3003 546 3072 procul
582 3003 744 3058 dubio
774 3019 894 3070 quae
931 3001 1114 3071 petitis
1155 3002 1454 3072 accipietis,
1493 3001 1538 3054 si
1580 3015 1762 3054 mores

161 3095 336 3149 menti
363 3094 689 3149 concordant
717 3095 982 3163 petentis;
1013 3109 1202 3162 parum
1232 3092 1375 3148 enim
1405 3092 1651 3146 utilitatis
1682 3091 1760 3144 ai-

157 3185 273 3240 fert
299 3185 438 3240 bene
463 3185 668 3241 orando
697 3201 930 3256 superna
963 3200 1228 3256 quan'ere,
1269 3187 1359 3253 qui
1400 3199 1504 3238 non
1546 3183 1758 3238 desistit

159 3292 422 3348 perverse
451 3278 677 3332 vivendo
707 3278 906 3332 inlimis
939 3277 1221 3346 implic..-ri.
1262 3277 1448 3345 (Vens.
1479 3275 1592 3349 25.)
1627 3275 1755 3329 Hcce

156 3371 218 3424 in
246 3371 528 3442 proverbiis
554 3369 758 3424 locutus
785 3387 900 3424 sum
923 3371 1084 3424 vobis.
1137 3369 1284 3425 Venit
1311 3371 1468 3432 liora,
1502 3385 1618 3422 cum
1637 3369 1756 3438 jam

159 3463 356 3516 nonin
383 3462 666 3533 proverbiis
699 3463 885 3533 loquar
925 3464 1080 3527 vobis,
1130 3465 1220 3516 sed
1267 3462 1442 3534 palum
1485 3462 1548 3516 de
1595 3457 1756 3514 Patre

159 3553 490 3608 annuntiabo
511 3553 670 3608 vobis.
699 3553 832 3608 Nam
857 3555 1029 3610 adhuc
1051 3555 1254 3626 parvuli
1275 3554 1507 3619 fuerant,
1525 3553 1754 3608 necdum
1795 3558 1798 3562 ’

163 3643 786 3716 intelligerepotuerant,
803 3649 1071 3717 quomodo
1097 3647 1256 3701 Pater
1279 3655 1420 3700 esset
1445 3648 1495 3700 in
1525 3647 1679 3708 Filio,
1703 3651 1758 3700 et

159 3733 338 3792 Filius
365 3737 420 3792 in
447 3735 636 3804 Patre;
668 3747 722 3794 et
758 3747 952 3793 emtera
992 3755 1110 3808 qmc
1152 3741 1216 3792 ad
1257 3739 1519 3808 profunda
1561 3745 1758 3809 myste-

163 3827 378 3883 riorum
405 3827 702 3884 divinitatis
727 3830 1090 3898 pertinebant,
1133 3833 1357 3884 necdum
1400 3831 1538 3884 seire
1571 3837 1758 3898 potue-

161 3929 314 3975 runt.
353 3919 551 3977 ldeoin
572 3923 890 3993 proverbiis,
914 3925 1064 3993 quasi
1089 3925 1464 3994 inmuigmate,
1510 3925 1653 3992 loqui
1694 3923 1758 3979 il-

163 4009 236 4065 lis
265 4011 550 4066 videbatur
583 4013 868 4078 Dominus;
908 4013 1000 4067 sed
1029 4013 1294 4082 promittit
1335 4014 1420 4066 ille
1459 4014 1666 4077 horam,
1706 4013 1760 4066 in

163 4117 276 4174 qua
309 4104 482 4174 palam
515 4105 619 4161 illis
654 4105 719 4160 de
753 4105 914 4159 Patre
951 4105 1281 4174 loqueretur.
1319 4105 1466 4158 Illam
1507 4105 1762 4158 nimirum

164 4193 364 4250 horam
389 4194 747 4265 signiﬁcabat,
779 4211 884 4266 qua
911 4196 1008 4258 eis,
1038 4205 1256 4266 peracta
1285 4211 1378 4250 sua
1409 4195 1658 4265 passione
1697 4209 1761 4250 ac

161 4287 589 4354 resurrectione,
628 4289 864 4358 Spiritus
895 4289 1067 4343 sancti
1106 4297 1220 4344 erat
1249 4291 1476 4359 gratiam
1511 4287 1758 4342 daturus.

161 4377 326 4437 Tunc
349 4381 548 4435 etenim
575 4381 892 4452 spiritaliter
911 4383 1056 4438 intus
1077 4383 1350 4447 instructi,
1373 4381 1600 4452 spiritali
1629 4383 1765 4438 dele-

161 4479 414 4535 elatione
435 4480 702 4544 succensi,
727 4497 833 4550 quo
855 4479 1146 4551 perfectius
1171 4481 1351 4534 omnia
1376 4497 1494 4550 qua:
1525 4481 1589 4534 de
1622 4479 1766 4550 agni-

161 4572 319 4627 tione
335 4571 632 4628 divinitatis
653 4574 969 4630 mortalibus
989 4583 1141 4628 erant
1163 4575 1441 4644 capienda.
1466 4583 1724 4644 CCpcl'unt
1745 4592 1759 4640 ;

163 4675 234 4718 eo
262 4663 541 4720 ardentius
567 4665 677 4719 sola
701 4681 819 4736 qu-n
841 4667 906 4720 ad
929 4665 1043 4734 ejus
1067 4667 1326 4721 visionem
1351 4667 1762 4736 promerendam

155 4751 439 4822 juvarent,
471 4765 722 4825 appetere
745 4771 808 4811 ac
837 4757 1144 4812 desiderare
1165 4767 1510 4814 curttverunt.

253 4845 420 4902 Vsus.
460 4847 754 4903 ﬁli—Illa
783 4849 867 4903 die
897 4851 953 4904 in
981 4852 1188 4904 nomine
1215 4867 1326 4904 meo
1353 4851 1550 4921 petesis,
1581 4851 1632 4905 izi
1657 4859 1762 4918 est,

165 4963 295 5020 quae
326 4945 392 5000 ad
419 4943 645 4999 salutem
687 4944 1056 5000 tantummodo
1095 4943 1396 4998 animarum
1437 4953 1760 5000 vestrarum.

165 5049 224 5098 et
253 5055 376 5110 qua:
409 5039 474 5093 ad
499 5037 689 5110 gaudia
713 5047 910 5092 (eterna
937 5039 1206 5107 pertinere
1235 5039 1551 5104 videantur,
1581 5047 1763 5110 petere

169 5131 467 5203 ineipietis.
509 5132 576 5186 Et
615 5132 846 5186 maxime
881 5139 940 5184 ut
979 5131 1307 5202 intelligatis,
1350 5133 1476 5202 quid
1517 5134 1586 5188 sit
1623 5134 1764 5204 quod

169 5227 288 5282 dixi
317 5241 330 5280 :
355 5223 468 5297 Ego
493 5233 540 5280 et
569 5223 728 5278 Pater
756 5239 916 5278 unum
943 5241 1144 5290 sumus,
1183 5225 1264 5280 vel
1304 5227 1574 5295 quomodo
1606 5225 1765 5282 Pater

169 5319 246 5375 sit
279 5320 333 5372 in
359 5333 466 5384 me,
491 5325 544 5372 et
565 5333 663 5387 ego
689 5317 739 5370 in
769 5315 946 5370 Patre.
992 5333 1009 5365 ι
1031 5316 1184 5369 Tunc
1208 5317 1262 5370 in
1290 5317 1408 5386 ejus
1436 5317 1650 5373 nomine
1677 5331 1768 5388 pe-

169 5395 321 5474 tunt,
349 5411 438 5480 qui
467 5417 688 5479 petunt,
720 5409 844 5479 quia
877 5409 930 5462 in
961 5409 1078 5465 solo
1105 5408 1220 5477 ejus
1243 5411 1459 5464 nou'iine
1488 5409 1645 5482 [.lug.
1665 5453 1678 5475 ,
1711 5409 1766 5465 in

171 5519 316 5562 sono
341 5505 457 5575 ejus
481 5502 733 5576 nominis]
762 5519 868 5558 non
895 5501 1038 5558 aliud
1066 5519 1226 5574 quam
1257 5519 1345 5558 res
1373 5504 1487 5576 ipsa
1517 5514 1618 5570 est,
1647 5520 1768 5574 qua:

173 5600 286 5655 hoc
308 5598 524 5653 nomine
545 5605 788 5663 vocatur,
810 5595 1131 5666 intelligunt.
1163 5595 1228 5650 Hi
1251 5603 1476 5667 possunt
1497 5605 1768 5666 utcunque

174 5691 424 5764 cogitare
442 5690 727 5746 Dominum
742 5697 987 5745 nostrum
1003 5687 1186 5744 Iesum
1207 5687 1501 5754 Christum,
1527 5689 1579 5742 in
1599 5707 1764 5760 quan-

175 5783 298 5838 tum
341 5785 504 5838 homo
547 5789 649 5848 est,
692 5795 791 5850 pro
833 5781 989 5837 nobis
1031 5779 1377 5852 interpellare
1421 5779 1669 5849 Patrem;
1711 5781 1766 5837 in

173 5884 446 5954 quantum
481 5875 620 5934 Deus
653 5883 758 5944 est,
783 5891 883 5934 nos
909 5875 1166 5934 exaudire
1202 5888 1328 5932 cum
1358 5871 1540 5944 Patre,
1563 5895 1583 5930 ι
1625 5877 1768 5948 quod

1857 1996 1986 2061 rint,
2016 1995 2312 2066 majoribus
2331 2011 2428 2051 eos
2453 1996 2608 2051 donis
2631 2003 2870 2066 paternae
2889 1995 3195 2051 dilectionis
3215 2005 3336 2052 esse
3357 2001 3446 2050 re-

1857 2096 2204 2152 muneratos,
2233 2103 2340 2142 una
2367 2103 2492 2142 cum
2520 2087 2656 2142 Filio
2685 2097 2742 2142 et
2772 2087 2974 2158 Spiritu
3013 2095 3202 2144 sancto
3233 2097 3447 2154 amare,

1857 2195 1992 2250 quos
2015 2194 2200 2234 amore
2227 2180 2416 2250 dignos
2432 2179 2658 2247 judicat.
2701 2179 2852 2246 Quod
2878 2195 3010 2234 vero
3033 2179 3298 2249 adiunxit,
3321 2178 3446 2249 quia

1857 2288 1944 2325 vos
1971 2287 2051 2324 me
2077 2272 2286 2335 amatis,
2313 2273 2501 2326 eadem
2543 2271 2752 2326 ratione
2786 2271 3128 2326 sentiendum
3161 2277 3264 2325 est.
3307 2261 3449 2336 Qua-

1855 2367 2078 2430 propter
2105 2359 2411 2429 quicunque
2433 2359 2626 2412 Filium
2657 2367 2806 2414 recte
2832 2369 2978 2413 amat
2998 2358 3150 2430 [Ms.,
3179 2368 3328 2414 recte
3349 2359 3443 2413 ba-

1857 2447 1994 2520 bet],
2033 2449 2174 2504 hunc
2205 2465 2328 2504 cum
2366 2449 2528 2504 Patre
2557 2459 2610 2504 et
2640 2449 2846 2520 Spiritu
2885 2458 3074 2504 sancto
3105 2459 3252 2504 amet
3291 2445 3445 2521 [Μεη

1859 2540 2026 2612 ama‘t]
2063 2559 2073 2594 :
2107 2541 2230 2610 quia
2269 2556 2498 2610 quorum
2537 2541 2912 2610 inseparabilis
2949 2551 3030 2596 est
3067 2549 3263 2594 natura
3313 2540 3449 2594 divi-

1858 2633 2060 2698 nitatis,
2089 2634 2284 2688 borum
2311 2649 2418 2688 una
2445 2634 2738 2702 eademque
2765 2641 2890 2688 sunt
2911 2634 3048 2689 dona
3071 2633 3322 2688 virtutis:
3347 2631 3450 2687 hoc

1860 2735 1976 2792 est,
2011 2725 2156 2796 quod
2191 2726 2388 2782 amatis
2409 2735 2466 2782 et
2489 2725 2709 2781 creditis
2733 2725 2868 2798 [Al.,
2899 2725 3228 2798 credidistis]
3267 2727 3390 2798 quia
3413 2741 3446 2778 a

1865 2821 1972 2875 Deo
2004 2821 2138 2874 exivi
2148 2861 2160 2873 .
2757 2885 2760 2890 ι

1930 2913 2093 2984 615
2121 2915 2282 2968 Vens.
2314 2913 2404 2970 28.
2421 2911 2658 2969 -Επὶινὶ
2673 2934 2704 2969 a
2719 2911 2900 2980 Patre,
2919 2913 2963 2969 et
2979 2913 3447 2980 veniinmundu-m,

1857 3009 2048 3060 iterum
2073 3006 2310 3076 relinquo
2327 3005 2602 3072 mundum,
2633 3017 2682 3061 et
2705 3007 2834 3061 vado
2860 3008 2928 3060 ad
2957 3005 3188 3060 Patrem.
3226 3005 3407 3061 Eiivit
3423 3020 3456 3060 a

1861 3096 2044 3160 Patre,
2070 3105 2124 3150 et
2149 3097 2298 3151 venit
2323 3097 2376 3150 in
2405 3098 2684 3162 mundum,
2719 3101 2842 3168 quia
2875 3098 3102 3152 \'i>ibiiiS
3131 3098 3329 3152 mundo
3355 3112 3451 3167 ap-

1858 3189 2038 3259 paruit
2055 3191 2108 3243 in
2132 3191 2488 3254 humanitate,
2515 3192 2606 3260 qui
2627 3200 2744 3246 erat
2765 3191 3046 3246 invisibilis
3070 3192 3209 3262 apud
3231 3191 3448 3245 Patrem

1781 3256 1828 3318 Ο
1861 3287 1916 3340 in
1956 3287 2262 3351 divinitate;
2304 3287 2472 3341 exivit
2505 3303 2536 3341 a
2575 3287 2758 3350 Patre,
2795 3287 2922 3358 quia
2955 3303 3060 3340 non
3095 3287 3150 3340 in
3189 3302 3252 3340 ea
3281 3285 3456 3342 forma

1860 3396 1966 3449 qua
1994 3379 2216 3448 aequalis
2243 3388 2326 3433 est
2351 3379 2520 3444 Patri,
2551 3381 2645 3436 sed
2669 3381 2722 3434 in
2751 3388 3023 3450 assumpta
3062 3388 3312 3434 creatura
3347 3375 3454 3434 mi-

1861 3485 1962 3527 nor
1982 3473 2250 3541 apparuit.
2291 3469 2359 3526 Et
2391 3473 2522 3526 venit
2550 3473 2604 3527 in
2631 3471 2904 3536 uiantium,
2933 3469 3058 3542 quia
3094 3471 3148 3526 in
3177 3487 3238 3526 ea
3271 3469 3446 3524 forma

1859 3565 2001 3622 servi
2021 3581 2184 3635 quam
2208 3565 2433 3633 accepit,
2461 3565 2620 3619 etiam
2649 3566 2832 3619 mundi
2857 3561 3020 3632 hujus
3039 3561 3375 3618 amatoribus
3397 3575 3455 3615 se

1859 3657 2146 3712 videndum
2187 3657 2435 3726 praebuit.
2471 3657 2672 3712 lterum
2709 3657 2926 3728 reliquit
2964 3657 3256 3721 mundum,
3281 3663 3336 3709 et
3365 3667 3455 3709 re-

1861 3753 1961 3806 diit
1995 3754 2062 3806 ad
2088 3751 2328 3818 Patrem,
2369 3753 2496 3822 quia
2535 3752 2602 3806 ab
2637 3761 2861 3822 aspectu
2899 3759 3202 3806 aleatorum
3241 3749 3448 3814 mundi,

1861 3848 2002 3920 quod
2035 3849 2298 3914 viderant,
2331 3847 2570 3908 abstulit,
2601 3853 2654 3902 et
2679 3861 2737 3902 se
2765 3845 3102 3900 amatoribus
3124 3843 3238 3898 suis
3270 3855 3452 3910 aequa-

1861 3942 1966 3996 lem
1996 3939 2146 3994 Patri
2167 3953 2286 3993 esse
2307 3938 2630 3992 credendum
2661 3935 2863 3990 docuit.
2905 3934 3146 4004 Reliquit
3167 3931 3450 3997 mundum,

1861 4042 1916 4088 et
1943 4032 2103 4086 rediit
2131 4031 2198 4085 ad
2225 4029 2461 4094 Patrem,
2484 4029 2612 4099 quia
2635 4027 3026 4082 humanitatem
3052 4039 3218 4094 quam
3255 4022 3450 4086 induit,

1864 4139 1959 4194 per
2007 4123 2378 4177 ascensionem
2427 4122 2492 4175 ad
2535 4119 2828 4174 invisibilia
2867 4127 3108 4189 paterna:
3150 4115 3455 4185 majestatis

1864 4216 2105 4270 adduxit.
2147 4215 2271 4270 Haec
2293 4215 2510 4294 quidem
2533 4214 2696 4270 verba
2717 4213 2928 4267 Domini
2955 4212 3204 4282 mystica,
3233 4219 3289 4266 et
3317 4210 3458 4264 sicut

1867 4311 1978 4380 ipse
2013 4319 2260 4376 testatur,
2299 4311 2351 4364 in
2387 4309 2670 4382 proverbiis
2699 4317 2826 4364 sunt
2856 4310 3022 4364 dicta.
3067 4307 3178 4364 Sed
3203 4305 3454 4376 discipuli

1866 4403 2060 4472 quibus
2088 4401 2404 4456 dicebantur
2429 4401 2562 4456 adeo
2585 4401 2832 4457 carnales
2863 4402 3038 4457 adhuc
3063 4408 3240 4464 erant,
3271 4407 3327 4453 ut
3361 4413 3453 4454 eo-

1865 4511 1986 4550 rum
2027 4492 2448 4564 profunditatem
2483 4494 2702 4548 minime
2741 4501 3034 4562 caperent;
3065 4499 3250 4546 etnon
3281 4489 3454 4544 solum

1866 4601 2062 4642 arcana
2087 4587 2372 4650 dictorum,
2399 4585 2496 4640 sed
2537 4601 2638 4640 nec
2679 4587 2848 4655 ipsam
2895 4585 3254 4655 ignorantiam
3301 4595 3455 4636 suam

1867 4677 2248 4747 intelligerent,
2271 4685 2522 4746 putantes
2543 4675 2860 4746 simpliciter
2886 4683 2939 4729 et
2965 4675 3198 4730 dilucide
3221 4676 3454 4744 prolata,

1867 4785 1985 4840 qua:
2013 4784 2119 4822 non
2149 4767 2572 4838 intelligentibus
2593 4767 2878 4836 proverbia
2904 4775 3060 4822 erant
3086 4785 3098 4820 :
3121 4777 3176 4822 et
3198 4768 3456 4824 continuo

1875 4859 2302 4930 responderunt:
2342 4858 2525 4930 (Vens.
2553 4857 2644 4928 29)
2673 4857 2807 4912 Ecce
2837 4876 2973 4916 nunc
3001 4858 3178 4930 palam
3205 4859 3452 4930 loqueris,

1867 4965 1915 5009 et
1941 4953 2268 5026 proverbium
2301 4951 2502 5006 nullum
2531 4951 2682 5005 dicis.
2724 4952 2906 5006 Palam
2945 4953 3110 5024 igitur
3147 4967 3268 5007 eum
3309 4951 3456 5020 loqui

1866 5045 2222 5106 mstimabant,
2251 5042 2405 5112 cujus
2443 5043 2702 5113 mysteria
2739 5044 3006 5099 dictorum
3041 5045 3268 5098 necdum
3307 5053 3454 5098 com-

1865 5137 2200 5206 prehendere
2223 5135 2492 5190 valebant.
2525 5133 2676 5201 Quod
2703 5145 2882 5192 autem
2905 5137 3199 5207 adjungunt
3225 5151 3248 5210 :I
3265 5135 3452 5206 (Vt-ins.

1868 5226 1958 5302 30)
2001 5227 2156 5281 Nunc
2177 5228 2390 5294 scimus,
2417 5227 2543 5296 quia
2565 5229 2666 5282 scis
2689 5230 2888 5294 omnia,
2919 5239 2966 5282 et
2999 5244 3102 5281 non
3128 5243 3258 5296 Opus
3281 5237 3353 5281 est
3384 5227 3456 5280 ti-

1867 5321 1918 5374 bi
1957 5330 2009 5372 ut
2037 5321 2152 5390 quis
2181 5329 2229 5372 te
2259 5319 2559 5390 interroget.
2600 5319 2668 5374 In
2694 5321 2791 5374 hoc
2818 5319 3106 5384 credimus,
3137 5319 3262 5390 quia
3287 5337 3320 5373 α
3344 5317 3458 5374 Deo

1869 5387 2082 5468 exiislir:
2106 5421 2287 5481 aperte
2308 5387 2597 5468 ostendunt
2623 5413 2749 5483 quia
2785 5412 3010 5482 loquens
3045 5411 3112 5466 ad
3146 5387 3242 5466 eos
3275 5409 3460 5467 Domi-

1869 5521 1992 5572 nus,
2030 5505 2094 5560 de
2126 5507 2210 5562 bis
2241 5506 2476 5562 maxime
2522 5507 2854 5576 disputabat,
2891 5520 3011 5574 quae
3060 5505 3180 5560 illos
3224 5505 3460 5561 delecta-

1869 5597 1962 5651 bat
1981 5599 2168 5654 audire
2194 5605 2246 5653 et
2270 5614 2392 5668 qum
2421 5598 2494 5653 illi
2525 5599 2866 5670 interrogare
2891 5599 3160 5655 vo.ebant.
3193 5597 3316 5653 Haec
3344 5599 3458 5667 ipse

1867 5692 2202 5760 pncvenieus
2231 5705 2344 5756 eos,
2377 5691 2518 5746 ultro
2547 5690 2884 5759 proferebat,
2915 5689 3058 5744 unde
3087 5690 3276 5745 merito
3309 5688 3458 5743 illum

1867 5787 2006 5840 seire
2036 5787 2214 5840 omma
2246 5788 2398 5856 quasi
2427 5785 2618 5850 Deum,
2645 5795 2698 5841 et
2723 5788 2877 5856 quasi
2908 5787 3002 5842 Dei
3047 5787 3238 5843 Filium
3274 5803 3303 5841 a
3345 5786 3456 5841 Deo

1867 5879 2077 5937 venisse
2107 5879 2336 5938 credunt
2361 5887 2415 5936 et
2443 5877 2792 5938 conﬁtentur.
2828 5875 3350 5956 Apenninumque
3373 5877 3456 5940 di-
