4088 6340
655 387 765 448 959

1507 388 1568 442 Β.
1607 386 1670 442 F.
1706 383 1931 441 ALBINI
1969 382 2102 442 SEU
2137 382 2414 441 ALCUINI
2449 381 2731 442 OPERUM
2766 382 2947 439 PARS
2984 378 3048 439 ll.

3845 383 3943 442 960

651 501 893 561 vinitatis
940 500 1199 559 indicium
1241 508 1327 558 est
1375 502 1758 573 cogitationum
1803 516 1964 557 nosse
2005 508 2231 555 secreta.
2263 502 2317 563 Α
2338 514 2608 569 mepacem
2633 498 2884 553 habeatis.
2920 496 3037 552 Non
3064 502 3271 552 tantum
3298 496 3366 552 ad
3387 497 3503 553 hmc
3521 496 3701 553 verba
3722 499 3946 569 respicit

628 640 633 647 .
727 594 891 652 Vnus.
920 593 1239 650 δεμ-ΕΜ
1277 594 1412 649 venit
1450 592 1600 659 hora,
1644 602 1693 649 et
1721 594 1839 664 jam
1883 593 2039 659 venit,
2077 601 2135 646 ut
2164 590 2241 645 di-

655 686 969 758 spergamini
997 685 1345 757 unusquisque
1371 685 1428 739 in
1448 686 1679 757 propria.
1721 684 1880 740 Venit
1902 684 2084 753 itaque
2105 683 2239 738 hora

656 779 926 849 passionis
951 792 1100 842 meae,
1124 793 1230 848 qua
1260 778 1406 834 solus
1429 778 1666 835 torcular
1703 777 1914 834 calcare
1952 778 2144 844 habeo,
2184 783 2239 831 et

656 884 817 924 nemo
847 866 990 940 [nec]
1018 868 1208 925 saltem
1244 884 1312 925 ex
1350 869 1501 925 vobis
1535 885 1749 926 mecum
1786 869 2105 935 remanebit,
2146 867 2241 924 sed

658 958 1043 1030 dispergemini
1073 959 1126 1014 in
1165 961 1402 1029 propria,
1446 961 1498 1015 id
1535 969 1640 1027 est,
1677 970 1872 1017 vestras
1910 959 2241 1015 inﬁdelitatis

656 1048 871 1104 timore.
912 1049 1076 1117 Quasi
1106 1051 1308 1106 diceret
1334 1068 1347 1106 :
1372 1050 1448 1105 lta
1476 1051 1943 1121 perturbabimini,
1977 1058 2036 1105 ut
2076 1050 2241 1106 etiam

658 1143 930 1212 quomodo
948 1158 1045 1200 vos
1063 1144 1223 1200 modo
1245 1145 1468 1200 credere
1488 1146 1710 1214 putatis,
1732 1145 1953 1200 omnino
1973 1144 2236 1215 relinqua-

657 1235 749 1291 tis.
791 1235 1067 1292 Venerunt
1092 1237 1237 1293 enim
1262 1239 1329 1292 ad
1356 1244 1560 1292 tantam
1587 1237 2016 1307 desperationem
2051 1244 2104 1290 et
2132 1250 2241 1290 sua:

659 1326 784 1383 ﬁdei
807 1327 1154 1394 oblivionem,
1186 1336 1247 1383 ut
1284 1344 1384 1385 nec
1417 1329 1547 1399 quid
1588 1337 1713 1383 ante
1744 1331 2027 1385 crederent
2063 1344 2244 1384 recor-

661 1418 775 1473 dati
804 1419 933 1475 sint.
975 1420 1114 1476 Ecce
1132 1421 1401 1491 quomodo
1421 1436 1544 1476 eum
1574 1421 1924 1491 reliquerant,
1948 1422 2243 1477 deserendo

661 1511 827 1566 etiam
850 1511 1023 1582 ipsam
1054 1512 1214 1569 ﬁdem
1242 1530 1348 1584 qua
1374 1515 1428 1570 in
1454 1530 1577 1571 eum
1603 1516 1961 1570 crediderant.
1988 1515 2047 1570 In
2068 1531 2131 1570 ea
2152 1530 2243 1571 ve-

659 1618 723 1661 ro
758 1620 1012 1675 pressura
1037 1621 1200 1676 quam
1228 1616 1350 1678 post
1393 1609 1508 1679 ejus
1543 1609 1987 1679 gloriﬁcationem
2023 1617 2243 1680 accepto

663 1694 869 1767 Spiritu
899 1705 1088 1753 sancto
1124 1699 1481 1768 pertulerunt,
1509 1715 1616 1755 non
1643 1714 1765 1756 eum
1794 1700 2162 1770 reliquerunt;
2191 1708 2247 1755 et

662 1791 909 1861 quamvis
932 1790 1180 1863 fugerent
1210 1793 1275 1848 de
1300 1793 1517 1848 civitate
1555 1794 1609 1847 in
1644 1794 1936 1859 civitatem,
1967 1794 2034 1849 ad
2070 1794 2244 1863 ipsum

2342 605 2462 660 qua:
2476 591 2564 646 hic
2578 591 2630 644 in
2647 597 2834 646 sancto
2846 589 3094 646 convivio
3106 590 3318 647 locutus
3330 591 3523 658 esteis,
3540 591 3635 647 sed
3663 592 3746 647 ad
3764 594 3945 650 omnia

2340 696 2461 752 quas
2474 682 2542 737 ab
2560 682 2715 736 initio
2734 681 3082 752 discipulatus
3100 696 3291 737 eorum
3310 681 3397 738 vel
3418 682 3782 754 loquebatur,
3794 685 3879 740 vel
3893 685 3941 741 in

2338 775 2626 846 praesentia
2656 775 2868 831 illorum
2895 774 3125 847 agebat:
3150 775 3267 831 haec
3293 777 3474 831 omnia
3514 776 3582 831 ad
3622 777 3749 832 hoc
3785 778 3941 847 peni-

2340 875 2489 933 nent,
2515 874 2576 921 ut
2602 881 2790 938 pacem
2828 866 3122 922 habeamus
3159 866 3214 921 in
3247 865 3359 933 illo,
3397 866 3526 922 licet
3558 881 3861 938 pressus-as
3891 877 3939 925 et

2339 960 2741 1030 persecutiones
2762 959 3111 1029 patiamur-in
3136 961 3356 1016 mundo.
3390 958 3500 1032 [Et]
3529 959 3589 1014 in
3617 975 3831 1030 magna
3855 976 3938 1031 spe

2340 1051 2726 1106 consolationis
2746 1051 3017 1107 concludit
3044 1052 3160 1107 haec
3186 1052 3351 1108 verba
3376 1069 3389 1105 :
3414 1049 3521 1107 Sed
3545 1051 3833 1121 conﬁdite,
3855 1069 3934 1123 ego

2342 1149 2438 1203 vici
2470 1148 2743 1202 mundum.
2789 1146 2905 1202 Non
2931 1148 3076 1203 enim
3101 1155 3263 1219 caput
3288 1146 3346 1201 in
3371 1161 3430 1202 se
3454 1145 3829 1209 solummodo,
3855 1146 3937 1201 sed

2342 1240 2506 1295 etiam
2536 1240 2589 1293 in
2619 1239 2876 1295 membris
2910 1240 3024 1295 suis
3055 1240 3184 1296 vicit
3227 1238 3505 1294 mundum.
3548 1237 3683 1293 Ideo
3733 1253 3840 1292 non
3878 1236 3934 1291 ti-

2342 1331 2550 1386 mendm
2576 1340 2702 1386 sunt
2720 1332 3124 1401 persecutiones
3150 1330 3309 1401 hujus
3337 1330 3541 1386 mundi.
3581 1331 3655 1384 Et
3686 1330 3811 1385 hac
3830 1344 3932 1384 om-

2342 1424 2433 1478 nia
2459 1430 2585 1478 sunt
2604 1425 2830 1495 agenda,
2851 1432 2911 1478 ut
2930 1437 3119 1494 pacem
3141 1424 3438 1479 habeamus
3459 1424 3513 1478 in
3532 1422 3656 1478 illo.
3695 1441 3719 1475 ι
3751 1423 3781 1462 ι)
3799 1421 3931 1478 Hanc

2342 1517 2487 1572 enim
2517 1533 2733 1573 causam
2772 1517 3169 1579 commendavit
3205 1517 3472 1573 sermonis
3506 1518 3620 1583 sui,
3661 1525 3730 1571 ut
3767 1517 3819 1572 in
3853 1516 3929 1573 illo

2342 1626 2530 1681 pacem
2577 1611 2869 1677 haberent,
2914 1619 3137 1681 propter
3175 1625 3338 1680 quam
3383 1608 3689 1665 Christiani
3739 1623 3926 1664 sumus.

2345 1702 2471 1758 Haec
2490 1703 2634 1758 enim
2662 1718 2765 1772 pax
2796 1702 2955 1756 ﬁnem
2987 1702 3245 1772 temporis
3273 1717 3379 1756 non
3405 1700 3668 1767 habebit;
3691 1709 3749 1755 et
3767 1700 3929 1756 omnis

2344 1797 2447 1866 pia:
2480 1804 2677 1851 nostra:
2715 1794 3030 1851 intentionis
3076 1793 3409 1865 actionisque
3456 1791 3606 1858 ﬁnis,
3652 1792 3775 1864 ipsa
3817 1791 3925 1845 erit.

663 1881 1002 1955 refugeretur
1050 1882 1201 1955 μίση
1258 1885 1327 1939 ab
1374 1885 1489 1953 ipso
1533 1900 1642 1939 non
1703 1884 2057 1957 refugerunt].
2110 1887 2247 1941 Dato
2277 1875 2323 1937 B
2350 1887 2577 1957 Propter
2611 1888 2751 1941 hanc
2793 1886 3147 1942 sacramentis
3189 1886 3307 1956 ejus
3351 1884 3673 1949 imbuimur,
3721 1890 3931 1954 propter

662 1976 859 2049 quippe
888 1979 994 2035 illis
1030 1979 1235 2050 Spiritu
1269 1989 1478 2046 sancto,
1524 1980 1725 2036 factum
1760 1991 1843 2036 εει
1886 1981 1941 2035 in
1988 1981 2067 2035 eis
2108 1980 2251 2051 quod

664 2085 809 2126 nunc
849 2071 1054 2128 dictum
1099 2082 1184 2129 est
1225 2074 1304 2129 eis
1334 2094 1345 2126 :
1373 2073 1654 2144 Conﬁdite,
1699 2091 1791 2145 ego
1832 2076 1930 2129 vici
1973 2074 2246 2129 mundum.

670 2177 690 2211 ι
728 2172 755 2201 ι
783 2159 1132 2219 Conﬁderunt
1157 2173 1212 2219 et
1236 2166 1501 2221 vicerunt.
1533 2166 1590 2221 In
1613 2182 1737 2237 quo,
1768 2168 1873 2222 nisi
1907 2168 1959 2222 in
1983 2168 2112 2223 illo?
2134 2166 2251 2223 Non

661 2256 809 2311 enim
831 2258 1053 2315 vicisset
1075 2259 1207 2332 [ille]
1234 2261 1512 2328 mundum,
1535 2262 1581 2318 si
1604 2263 1845 2318 membra
1864 2262 1982 2333 ejus
2008 2264 2251 2320 vinceret

663 2353 915 2409 mundus.
966 2353 1118 2410 Unde
1154 2354 1229 2409 ait
1266 2354 1550 2425 Apostolus
1574 2369 1588 2409 :
1610 2352 1821 2410 Gratias
1863 2356 1994 2423 Deo,
2028 2357 2116 2430 qui
2156 2357 2248 2411 dat

663 2444 811 2501 nobis
831 2446 1135 2513 victoriam;
1160 2449 1521 2518 continuoque
1546 2446 1774 2517 subjecit
1802 2464 1816 2503 :
1842 2446 1948 2504 Per
1964 2448 2245 2505 Dominum

666 2547 901 2592 nostrum
930 2538 1112 2593 Iesum
1138 2536 1405 2594 Christum
1429 2540 1485 2613 (Ι
1513 2538 1636 2594 Cor.
1667 2556 1755 2605 xv,
1782 2539 1897 2613 57),
1924 2540 2016 2610 qui
2040 2540 2251 2595 dixerat

665 2629 779 2686 suis
804 2650 817 2685 :
842 2629 1116 2701 Conﬁdite,
1149 2632 1274 2704 quia
1301 2649 1394 2703 ego
1418 2633 1530 2688 .vici
1566 2633 1840 2688 mundum.
1866 2652 1885 2686 ι
1931 2632 2251 2689 Sermonem

667 2722 742 2779 ita
760 2726 1065 2782 concludit:
1092 2727 1277 2799 (Vsus.
1310 2727 1400 2798 55)
1428 2724 1557 2782 Have
1578 2726 1782 2784 locutus
1796 2745 1912 2784 sum
1935 2728 2094 2795 vobis,
2117 2729 2252 2785 utin

740 2871 766 2901 ι
796 2859 877 2916 Ex
913 2859 972 2916 S.
1011 2861 1172 2933 Aug.,
1213 2867 1370 2917 tract.
1407 2877 1526 2927 cm,
1564 2877 1713 2917 num.
1752 2862 1804 2918 5.

2350 1982 2493 2037 hanc
2520 1980 2856 2036 mirabilibus
2882 1979 2999 2049 ejus
3023 1979 3275 2050 operibus
3299 1986 3356 2034 et
3383 1977 3732 2033 sermonibus
3763 1977 3933 2034 erudi-

2349 2088 2492 2136 mur,
2516 2079 2736 2141 propter
2758 2071 2899 2126 hanc
2923 2069 3183 2141 Spiritum
3218 2070 3336 2141 ejus
3372 2069 3559 2140 pignus
3592 2069 3935 2140 accepimus,

2347 2172 2568 2235 propter
2591 2165 2731 2219 hanc
2755 2165 2812 2219 in
2839 2178 2963 2219 eum
2991 2162 3262 2218 credimus
3297 2170 3353 2216 et
3387 2175 3673 2231 speramus,
3715 2168 3776 2214 ut
3812 2157 3938 2227 ejus

2349 2273 2555 2325 amore,
2599 2265 2860 2329 quantum
2904 2257 3020 2328 ipse
3070 2256 3255 2321 donat,
3295 2252 3581 2310 efﬁciamur
3617 2252 3939 2322 digni-,per

2350 2355 2490 2410 hanc
2526 2368 2713 2423 pacem
2749 2352 2802 2408 in
2842 2352 3111 2423 pressuris
3141 2351 3390 2407 omnibus
3427 2348 3805 2413 consolamur;
3845 2362 3937 2417 per

2350 2454 2492 2509 hanc
2510 2459 2565 2507 et
2587 2467 2617 2506 a
2636 2450 2906 2522 pressaris
2926 2449 3178 2504 omnibus
3197 2448 3491 2503 liberamur
3511 2462 3527 2512 ;
3553 2452 3783 2515 propter
3804 2444 3932 2498 hanc

2352 2562 2565 2603 omnem
2598 2544 2997 2600 tribulationem
3025 2541 3241 2597 fortiter
3264 2543 3620 2603 sustinemus,
3652 2546 3712 2593 ut
3750 2536 3809 2591 in
3841 2536 3929 2591 hac

2354 2641 2469 2696 sine
2498 2639 2610 2694 ulla
2637 2638 2983 2694 tribulatione
3008 2649 3314 2707 regnemus.
3344 2654 3362 2686 ›
3410 2631 3688 2704 Sequitur.

2422 2858 2453 2900 ι)
2484 2859 2564 2914 Ex
2598 2858 2810 2925 eodem,
2844 2863 3006 2914 tract.
3045 2870 3153 2922 etv,
3194 2869 3343 2910 num.
3385 2854 3435 2908 ι.

685 2988 3926 3022 _—_—_______—._—__——————-—0

1723 3095 1889 3169 613
1937 3108 2235 3188 LIBER
2293 3105 2831 3186 SEPTIMUS.

2118 3247 2520 3262 —-—-—

1207 3303 1434 3363 CAPUT
1470 3302 1714 3361 XXXIX.

669 3412 752 3472 Ad
790 3412 1004 3489 Patrem
1037 3418 1102 3472 de
1139 3416 1512 3489 clariﬁcatione
1548 3434 1644 3489 sua
1687 3416 1924 3486 loquens,
1968 3416 2251 3489 discipulos

737 3487 943 3570 prolixa
973 3486 1358 3570 etImultimoda
1382 3487 1740 3559 prosecutione
1760 3486 2109 3557 commendat,
2133 3506 2255 3560 pas-

738 3568 885 3613 sione
906 3568 1144 3630 protinus
1166 3568 1485 3613 imminente.

739 3666 921 3725 Csru'r
947 3685 1082 3737 xvu,
1111 3670 1277 3726 Vens.
1306 3668 1750 3727 L—Sublevatis
1792 3669 1947 3726 Iesus
1995 3671 2161 3727 oculis
2198 3673 2255 3727 in

671 3758 856 3816 castum
882 3760 1012 3817 dixit
1036 3775 1055 3814 :
1078 3758 1263 3828 Pater,
1286 3763 1421 3817 venit
1435 3763 1589 3829 hora,
1611 3761 1844 3833 clari/ica
1862 3761 1910 3815 F
1913 3763 2063 3817 ilium
2084 3771 2251 3817 tuum.

668 3850 850 3908 Potuit
869 3852 1091 3910 silenter
1110 3855 1228 3910 haec
1244 3854 1435 3910 eadem
1451 3857 1615 3912 verba
1638 3856 1897 3912 orationis
1916 3855 2063 3911 Patri
2089 3855 2255 3913 Filius

669 3944 879 4013 dicere;
904 3948 999 4003 sed
1017 3950 1193 4003 oratio
1213 3946 1333 4003 Filii
1352 3948 1595 4005 doctrina
1619 3958 1702 4005 εει
1722 3949 2132 4021 discipulorum,
2155 3964 2257 4006 nec

670 4053 777 4095 non
808 4048 1076 4097 eteorum
1115 4042 1209 4112 qui
1247 4040 1462 4097 illorum
1496 4042 1738 4113 exempla
1772 4044 1925 4113 sequi
1960 4043 2258 4098 voluissent

672 4132 827 4206 [Hs.,
867 4135 1180 4209 voluerint],
1220 4138 1305 4192 vel
1342 4153 1529 4193 eorum
1577 4137 1777 4208 scripta
1816 4137 2013 4209 legere.
2063 4137 2252 4192 Dixit:

676 4223 828 4281 Venit
846 4228 997 4282 hora.
1028 4227 1173 4285 Hora
1194 4230 1376 4299 itaque
1395 4230 1663 4300 passionis
1682 4210 2096 4300 appropinquat.
2134 4227 2258 4283 Cla-

669 4315 821 4386 riﬁca
866 4315 914 4370 ι’
916 4316 1063 4372 ilium
1106 4329 1277 4385 tuum,
1331 4320 1383 4373 id
1422 4328 1527 4386 est,
1572 4321 1983 4375 resurrectionis
2029 4320 2256 4392 gloriam

669 4410 938 4478 praecedat
956 4410 1233 4465 humilitas
1252 4411 1543 4478 passionis,
1573 4419 1628 4465 et
1654 4411 2016 4480 subsequatur
2038 4411 2146 4466 cito
2174 4425 2259 4465 re-

672 4502 1025 4556 surrectionis
1073 4502 1407 4557 clariﬁcatio.
1468 4502 1723 4571 Sequitur
1763 4522 1775 4556 :
1820 4501 1888 4557 Ut
1927 4502 2099 4557 Filius
2137 4512 2258 4559 tuus

673 4589 923 4660 clariﬁcet
961 4601 1027 4646 te.
1068 4591 1395 4648 Clariﬁcatio
1423 4593 1600 4649 Patris
1628 4602 1830 4648 aeterna
1863 4606 1967 4659 est,
2004 4610 2125 4664 qua:
2158 4610 2259 4652 nec

2273 3304 2324 3368 ο
2353 3319 2516 3375 quam
2549 3301 2743 3359 dedisti
2766 3301 2837 3357 ei.
2876 3297 2969 3356 Sic
2993 3296 3138 3355 enim
3167 3295 3382 3353 dedisti.
3421 3296 3610 3371 (Vens.
3636 3298 3718 3370 '5.)
3747 3294 3936 3351 Crono

2356 3414 2419 3452 ne
2443 3395 2581 3469 quod
2607 3394 2797 3449 dedisti
2818 3395 2889 3459 ei,
2912 3392 2997 3446 det
3022 3392 3096 3445 eis
3121 3392 3279 3445 vitam
3299 3398 3572 3445 (sternam.
3617 3389 3748 3444 Htrc
3772 3400 3855 3445 est
3874 3392 3938 3444 ei-

2353 3497 2408 3542 ta
2430 3496 2648 3553 teterna,
2663 3494 2719 3540 ut
2736 3493 3046 3556 cognoscant
3068 3491 3116 3537 te
3132 3481 3302 3537 solum
3322 3498 3499 3537 verum
3522 3480 3713 3548 Deum,
3726 3492 3776 3536 et
3792 3499 3937 3553 quem

2351 3580 2541 3637 misisti
2563 3578 2746 3634 Iesum
2776 3576 3060 3631 Christum.
3100 3574 3245 3630 Ordo
3267 3573 3552 3629 verborum
3575 3581 3689 3637 est,
3718 3582 3782 3627 nt
3810 3581 3862 3627 te
3887 3580 3937 3626 et

2353 3687 2513 3743 quem
2565 3669 2762 3724 misisti
2803 3667 3075 3723 Christum
3131 3664 3317 3722 Iesum
3373 3672 3707 3735 cognoscant
3769 3662 3937 3717 solum

2354 3762 2522 3816 Deum
2560 3776 2766 3816 verum.
2790 3778 2808 3812 ι
2850 3758 3013 3813 Plena
3052 3757 3287 3828 cognitio
3325 3754 3420 3810 Dei
3457 3754 3632 3809 Patris
3658 3763 3715 3809 et
3740 3753 3938 3809 Filiiet

2356 3854 2587 3925 Spiritus
2631 3852 2802 3908 sancti
2837 3851 2997 3922 plena
3035 3860 3118 3907 est
3167 3858 3222 3905 et
3262 3847 3501 3920 perfecta
3546 3848 3660 3902 vita
3704 3856 3937 3921 interna;

2353 3946 2591 4019 perfecta
2621 3947 2732 4001 vita
2761 3954 2985 4011 acterna,
3026 3958 3234 3998 summa
3264 3939 3539 3997 beatitudo
3568 3949 3653 3995 est
3677 3957 3692 4007 ;
3731 3953 3938 3995 summa

2354 4039 2631 4097 beatitudo
2667 4053 2775 4093 non
2809 4044 2913 4101 est,
2953 4036 3057 4090 nisi
3095 4035 3151 4089 in
3188 4034 3294 4089 vita
3332 4042 3556 4088 :eterna.
3596 4032 3722 4087 Ideo
3757 4031 3940 4086 dixit:

2357 4133 2487 4188 Ha’c
2517 4141 2590 4187 est
2617 4132 2719 4187 vita
2746 4140 2965 4195 aeterna,
2991 4137 3047 4182 ut
3070 4135 3386 4199 cognoscant
3420 4136 3491 4189 te,
3528 4135 3576 4179 ct
3610 4141 3765 4196 quem
3804 4124 3941 4179 uisi-

2356 4225 2423 4278 sti
2453 4222 2633 4278 Iesum
2663 4221 2930 4276 Christum
2963 4220 3135 4276 solum
3160 4228 3216 4273 et
3240 4232 3426 4272 verum
3458 4215 3649 4271 Deum.

2428 4324 2591 4379 Vens.
2632 4322 2686 4377 4.
2712 4321 2915 4392 —Ego
2952 4330 3000 4375 te
3036 4320 3319 4389 οἶαι-ἕρσαυὲ
3354 4334 3512 4389 super
3548 4326 3781 4382 terram,
3819 4332 3942 4387 opus

2358 4412 2711 4468 consummavi
2746 4411 2885 4482 quod
2923 4410 3112 4464 dedisti
3149 4409 3277 4462 mihi
3315 4418 3371 4461 ut
3411 4407 3628 4479 faciam.
3692 4406 3832 4474 Quid
3867 4418 3945 4464 est

2359 4505 2499 4573 quod
2520 4501 2793 4573 prmterito
2822 4510 3063 4571 tempore
3090 4498 3293 4569 posuit,
3321 4497 3612 4566 clariﬁcavi
3630 4506 3682 4551 et
3706 4513 3943 4551 consum-

2362 4597 2519 4660 mavi,
2549 4601 2603 4649 ει
2632 4594 2815 4648 statim
2834 4592 3108 4663 subjunxit
3136 4589 3301 4645 futuri
3329 4589 3591 4660 temporis
3616 4590 3843 4644 verbum
3867 4587 3944 4657 [ι-

675 4684 858 4753 augeri
884 4700 984 4741 nec
1006 4687 1173 4741 minui
1213 4695 1411 4758 potest.
1454 4687 1559 4743 Sed
1589 4688 1704 4743 haec
1728 4686 2042 4744 clariﬁcatio
2066 4689 2134 4744 ad
2157 4703 2257 4745 no-
2283 4665 2334 4724 D
2362 4688 2517 4751 ciam,
2545 4685 2645 4739 nisi
2673 4684 2815 4754 quod
2839 4684 3019 4739 omnia
3039 4681 3150 4738 Deo
3175 4689 3299 4737 sunt
3320 4682 3634 4752 prmscntia,
3664 4689 3717 4736 et
3737 4680 3792 4735 in
3812 4679 3945 4735 divi-

675 4776 849 4832 titiam
877 4777 972 4833 Dei
998 4779 1173 4836 Patris
1199 4783 1457 4851 pertinet,
1487 4790 1547 4837 ut
1573 4783 1985 4838 resurrectionis
2004 4783 2174 4853 gloria
2201 4782 2253 4837 in

672 4869 811 4927 Filio
831 4883 1072 4943 peracta,
1103 4875 1459 4932 innotesceret
1487 4878 1629 4932 Deus
1664 4876 1827 4932 Pater
1863 4877 1918 4931 in
1957 4884 2069 4932 toto
2103 4878 2255 4943 orbe,

674 4963 766 5033 qui
794 4972 917 5019 ante
948 4965 1001 5019 in
1030 4963 1229 5021 Iudaeis
1261 4968 1628 5023 tantummodo
1658 4977 1816 5024 notus
1845 4976 1980 5023 erat.
2028 4987 2046 5019 ι
2082 4980 2107 5008 ει
2134 4966 2257 5022 Cla-

674 5054 824 5124 riﬁca
861 5053 1061 5110 Filium
1100 5067 1267 5123 tuum,
1296 5069 1351 5112 ut
1377 5058 1550 5114 Filius
1580 5070 1699 5115 tuus
1724 5060 1975 5130 clariﬁcet
2003 5069 2073 5126 te,
2102 5060 2256 5130 quasi

674 5147 898 5204 dixisset
920 5168 932 5203 :
959 5150 1240 5206 Resuscita
1259 5166 1368 5218 me,
1393 5160 1452 5207 ut
1470 5153 1778 5210 innotescas
1800 5155 1855 5209 in
1877 5162 1991 5209 toto
2013 5155 2143 5209 orbe
2161 5169 2260 5224 per

675 5255 781 5297 me.
795 5241 1105 5313 sSequitur:
1126 5242 1309 5316 (Vens.
1325 5243 1403 5317 2.)
1422 5242 1567 5299 Sicut
1580 5246 1767 5300 dedisti
1782 5246 1828 5301 ei
1837 5254 2141 5316 potestatem
2153 5260 2260 5299 om-

676 5338 757 5393 nis
782 5340 976 5393 carnis.
1009 5339 1066 5393 ld
1086 5346 1191 5407 est,
1221 5339 1399 5394 omnis
1415 5338 1669 5402 hominis,
1688 5355 1716 5392 a
1734 5348 1887 5410 parte
1910 5346 2105 5405 totum,
2129 5351 2257 5393 caro

675 5445 775 5501 pro
804 5431 1039 5486 homine.
1082 5430 1208 5487 Haec
1241 5438 1315 5486 ait
1353 5439 1413 5486 ut
1449 5432 1759 5486 ostenderet
1792 5432 1960 5502 magis
1989 5446 2054 5486 ac
2083 5430 2258 5501 magis

674 5522 942 5592 quomodo
977 5523 1369 5579 claritlcaturus
1407 5531 1549 5579 esset
1585 5522 1821 5579 Patrem.
1883 5541 1902 5576 ι
1932 5521 2084 5577 Sicut
2129 5538 2258 5593 ergo

677 5614 870 5669 dedisti
881 5614 931 5669 ei
943 5623 1289 5685 potestatem,
1318 5616 1514 5685 inquit,
1544 5616 1720 5671 omnis
1744 5615 1945 5681 carnis,
1970 5615 2044 5668 ita
2070 5624 2122 5669 te
2144 5614 2256 5670 cla—

677 5705 850 5763 riﬁcet
883 5706 1083 5775 Filius;
1125 5708 1180 5763 id
1213 5717 1318 5778 est,
1361 5718 1550 5765 notum
1596 5717 1649 5763 te
1694 5706 1856 5764 faciat
1899 5692 2045 5763 omni
2082 5706 2256 5775 carni,

747 5877 778 5919 ι
813 5865 899 5947 ὃς
932 5866 993 5933 S.
1026 5866 1193 5941 Aug,
1230 5875 1396 5939 tract.
1428 5883 1518 5945 Cv.
1550 5884 1702 5931 num.
1739 5868 1883 5935 1-8.

2363 4797 2432 4836 na
2460 4779 2929 4850 prtedestinatione
2959 4776 3139 4832 futura
3166 4777 3318 4846 quasi
3360 4784 3634 4830 transacta
3672 4790 3793 4830 esse
3832 4788 3946 4828 cre-

2364 4874 2536 4929 denda
2562 4873 2729 4927 sunt?
2766 4871 2919 4939 Quod
2955 4871 3099 4925 enim
3136 4869 3376 4924 futurum
3412 4868 3515 4923 fuit
3541 4878 3604 4924 ut
3631 4868 3814 4935 ﬁeret,
3852 4869 3942 4923 hoc

2363 4968 2515 5040 quasi
2539 4975 2866 5022 transactum
2891 4966 3010 5020 fuit.
3047 4965 3161 5035 Ego
3191 4973 3240 5018 te
3266 4962 3576 5033 clariﬁcari,
3607 4963 3767 5033 quasi
3791 4961 3942 5018 dixis-

2365 5073 2445 5118 set
2470 5081 2482 5116 :
2508 5062 2620 5133 Ego
2655 5072 2709 5115 te
2733 5059 3042 5116 clariﬁcaho
3069 5056 3466 5128 praedicationis
3487 5055 3687 5124 gloria,
3712 5070 3872 5127 quam
3892 5054 3939 5107 in

2365 5152 2639 5222 discipulis
2664 5152 2775 5206 suis
2800 5158 2912 5205 toto
2935 5151 3133 5205 mundo
3150 5146 3342 5211 edicit;
3374 5147 3667 5215 dum'opus
3696 5160 3939 5200 consum-

2364 5247 2523 5303 mabo
2558 5244 2824 5316 passionis
2859 5256 2993 5298 mea:
3016 5251 3070 5296 et
3098 5238 3528 5301 resurrectionis,
3569 5238 3721 5307 quod
3759 5234 3941 5292 dedisti

2365 5337 2496 5391 mihi
2513 5344 2572 5390 ut
2587 5335 2798 5390 faciam.
2820 5334 3006 5406 (Vens.
3023 5332 3075 5406 5)
3102 5331 3206 5387 Sed
3225 5347 3357 5384 nunc
3373 5345 3492 5383 vero
3514 5326 3757 5397 clari/ica
3776 5344 3873 5392 me,
3890 5334 3941 5379 ts

2365 5428 2545 5486 Pater.
2558 5448 2575 5480 ι
2598 5427 2833 5484 Dicenda
2848 5427 3015 5492 enim,
3029 5435 3078 5480 te
3090 5423 3376 5493 clariﬁcavi
3386 5438 3542 5493 super
3554 5430 3779 5486 terram,
3794 5434 3945 5475 scau-

2365 5531 2471 5577 tem
2489 5538 2518 5575 a
2538 5521 2698 5575 Patre
2722 5519 2860 5589 apud
2879 5517 3126 5573 eumdem
3149 5515 3362 5570 Patrem
3387 5512 3625 5584 postulat
3645 5511 3947 5567 clariﬁcan-

2357 5615 2507 5679 dum,
2537 5614 2752 5669 modum
2774 5610 3013 5683 profecto
3032 5610 3314 5679 utriusque
3333 5604 3743 5661 clariﬁcationis
3771 5610 3948 5659 osten-

2360 5705 2457 5764 dit.
2474 5705 2592 5777 [pse
2608 5705 2803 5777 quippe
2813 5701 3033 5760 Patrem
3055 5698 3371 5759 clariﬁcavit
3385 5712 3548 5772 super
3572 5705 3800 5767 terram,
3822 5706 3947 5764 ett-,1
