4088 6340
186 397 291 461 961

1005 368 1438 449 exeamus.
1457 368 1529 430 —’-
1564 380 1919 443 COMMENT.
1957 378 2027 438 IN
2058 334 2344 437 mare“;
2378 372 2507 433 LIB.
2546 373 2656 431 vn.

3328 368 3440 439 962

187 508 440 584 gentibus
465 505 807 582 praedicando
830 520 846 561 :
867 502 1030 562 Pater
1054 520 1184 561 vero
1208 505 1382 574 ipsum
1410 501 1550 573 apud
1573 505 1769 556 semet-
1793 504 1841 563 Α
1870 502 2044 548 autem
2071 493 2139 546 ad
2167 499 2216 545 te
2248 490 2425 553 venio,
2471 502 2593 584 cum
2637 484 2812 584 [Α-ιιςιΓ
2831 524 2847 551 ,
2872 480 3050 557 unde]
3090 480 3441 584 manifestum

189 601 369 673 ipsum
400 644 415 668 ,
454 602 521 658 ad
552 617 705 657 suam
741 600 1017 656 dexteram
1052 598 1386 655 collocando.
1428 593 1715 664 Subjunxit
1744 610 1758 647 :

189 692 447 748 Claritate
472 709 627 764 quam
661 691 820 746 habui
847 691 1150 763 priusquam
1183 689 1408 745 mundus
1444 688 1589 759 ﬁeret
1626 686 1765 757 apud

188 792 260 841 te.
302 784 446 841 Ordo
473 785 757 839 verborum
786 790 892 847 est,
919 798 1076 853 quam
1112 781 1270 836 habui
1306 778 1447 851 apud
1495 787 1545 831 te
1589 766 1766 848 prius-

188 892 352 947 quam
376 874 604 929 mundus
637 882 788 929 esset.
837 872 896 928 In
917 872 1022 928 hoc
1044 872 1186 927 valet
1210 870 1355 943 quod
1382 869 1458 924 ait
1486 887 1500 923 :
1531 866 1601 922 Et
1632 884 1768 921 nunc

190 966 431 1037 elariﬁca
469 968 573 1032 me,
616 965 719 1022 hoc
755 973 862 1031 est,
901 964 1040 1020 sicut
1066 971 1217 1030 tunc,
1246 963 1323 1018 ita
1349 967 1405 1017 et
1432 975 1601 1026 nunc;
1632 958 1771 1014 sicut

193 1067 327 1115 tunc
369 1058 857 1130 praedestinatione,
906 1058 980 1112 ita
1025 1066 1081 1113 et
1124 1070 1267 1111 nunc
1293 1053 1653 1126 perfectione;
1685 1048 1772 1105 fac

195 1148 355 1224 μὴ,
387 1148 583 1221 statue]
630 1149 684 1204 in
725 1152 926 1204 mundo
968 1147 1110 1219 quod
1154 1147 1295 1218 apud
1331 1152 1386 1200 te
1429 1142 1607 1199 fuerat
1648 1149 1773 1197 ante

196 1241 495 1307 mundum;
522 1238 608 1296 iac
630 1239 783 1313 [Ms.,
814 1237 1012 1311 statue]
1038 1239 1093 1293 in
1114 1252 1211 1294 suo
1234 1245 1477 1306 tempore
1503 1233 1646 1306 quod
1671 1248 1771 1287 an-

194 1337 253 1386 te
293 1331 476 1387 omnia
503 1340 747 1401 tempora
786 1329 1044 1386 statuisti.
1096 1327 1357 1384 Convenit
1383 1342 1480 1383 nos
1511 1324 1774 1396 intellige-

193 1438 259 1480 re
300 1424 356 1479 in
396 1425 499 1480 hoc
533 1424 653 1479 loco
687 1422 1209 1495 pnedestinationem
1239 1420 1500 1476 claritatis
1527 1419 1775 1475 humanae

197 1529 321 1586 qua:
350 1515 405 1569 in
434 1513 523 1569 illo
547 1521 630 1569 est
654 1523 884 1579 naturae,
927 1527 995 1568 ex
1034 1512 1250 1569 mortali
1281 1508 1605 1566 immortalis
1633 1508 1776 1578 apud

197 1603 417 1660 Patrem
444 1601 671 1671 futurae;
720 1611 776 1659 et
812 1605 917 1660 hoc
953 1603 1067 1674 jam
1103 1600 1533 1673 praidestiuando
1572 1598 1777 1655 factum

188 1680 392 1762 luisse,
417 1704 706 1765 antequam
725 1696 957 1751 mundus
975 1701 1141 1760 esset,
1159 1694 1302 1764 quod
1323 1694 1379 1747 in
1398 1690 1596 1747 mundo
1616 1690 1778 1746 etiam

201 1801 303 1844 suo
332 1797 571 1859 tempore
596 1786 767 1843 ﬁeret.
811 1785 868 1842 Si
890 1786 1034 1843 enim
1054 1788 1120 1843 de
1141 1787 1298 1843 nobis
1325 1786 1461 1841 dixit
1477 1785 1567 1841 hic
1584 1783 1775 1839 videns

201 1881 726 1954 prmdestinationem
751 1879 873 1934 Filii
900 1879 1185 1951 Apostolus
1212 1899 1225 1934 :
1251 1878 1398 1935 Sicut
1426 1877 1577 1949 elegit
1605 1893 1697 1932 nos
1720 1876 1777 1931 in

202 1973 317 2044 ipso
340 1980 460 2027 ante
483 1971 666 2026 mundi
695 1972 1110 2026 constitutionem
1134 1969 1348 2045 (Ephes.
1382 1986 1422 2036 l,
1453 1968 1507 2041 4)
1538 1981 1586 2023 ι.
1618 1988 1636 2021 ι
1667 1967 1779 2024 Nec

203 2064 498 2122 formidare
522 2066 778 2122 debemus
797 2065 1233 2135 praedestinatum
1258 2064 1438 2120 dicere
1459 2061 1655 2118 Filium
1681 2060 1779 2116 Dei

206 2160 498 2215 secundum
538 2158 951 2224 humanitatem,
990 2157 1081 2227 qui
1124 2157 1179 2212 in
1220 2165 1460 2227 tempore
1503 2171 1601 2211 suo
1633 2154 1780 2209 venit

206 2248 371 2320 617
416 2248 472 2303 in
505 2249 785 2316 mundum,
814 2256 941 2304 ante
964 2255 1144 2303 tamen
1168 2248 1349 2303 omnia
1374 2257 1617 2316 tempora
1642 2260 1781 2316 pra:-

209 2337 538 2393 destinatum
561 2353 680 2394 esse
705 2337 859 2410 [Δίκη
882 2339 1293 2409 praedestinatus
1319 2336 1446 2392 esti.
1483 2354 1502 2387 ι
1524 2335 1659 2389 lllud
1689 2349 1782 2388 au-

206 2438 324 2488 tem
345 2431 783 2501 praedestinatum
801 2428 923 2497 fuit,
949 2430 1090 2500 quod
1112 2430 1346 2485 nondum
1363 2436 1502 2495 erat,
1524 2436 1586 2482 ut
1606 2432 1780 2494 ﬂeret,

207 2523 356 2596 quod
384 2523 525 2578 Deus
553 2522 720 2578 voluit
756 2530 817 2577 ut
846 2529 1009 2578 esset.
1055 2521 1131 2577 De
1172 2537 1278 2593 qua
1315 2519 1785 2592 praedestinatione

208 2614 290 2672 ait
309 2613 597 2684 Apostolus
618 2613 673 2667 in
697 2611 959 2683 principio
985 2610 1237 2682 Epistolm
1256 2610 1321 2664 ad
1347 2609 1618 2664 Romanos
1642 2626 1655 2662 :
1680 2607 1784 2673 Qui

208 2706 384 2777 factus
411 2712 484 2758 est
508 2703 556 2758 ei
579 2720 644 2758 ea:
666 2702 858 2758 semine
894 2700 1060 2757 David
1104 2701 1387 2756 secundum
1426 2716 1657 2766 carnem,
1695 2701 1783 2770 qui

208 2795 607 2869 praedestinatus
627 2803 703 2849 est
725 2792 774 2847 F
775 2793 899 2848 ilius
918 2793 1014 2847 Dei
1035 2793 1089 2847 in
1109 2792 1294 2848 virtute
1319 2791 1496 2864 (Rom.
1521 2808 1562 2858 ι,
1581 2790 1658 2864 2).
1688 2789 1785 2846 Se-

210 2887 446 2944 cundum
464 2887 603 2942 hanc
621 2884 1141 2956 priedestiuati'ouem
1166 2884 1329 2939 etiam
1350 2882 1673 2939 clariﬁcatus
1702 2890 1787 2938 est

211 2985 503 3049 antequam
542 2977 774 3032 mundus
816 2985 979 3041 esset,
1005 2982 1065 3029 ut
1089 2982 1143 3031 et
1168 2974 1384 3030 claritas
1406 2975 1522 3045 ejus
1546 2983 1691 3029 esset
1717 2988 1785 3030 ex

208 3068 609 3125 resurrectione
632 3074 968 3123 mortuorum
991 3066 1133 3137 apud
1154 3065 1369 3120 Patrem
1394 3065 1462 3120 ad
1483 3066 1637 3138 cujus
1655 3064 1787 3120 dex-

210 3168 388 3216 teram
408 3159 575 3216 sedet.
598 3179 619 3212 ι

289 3252 445 3308 Vens.
486 3251 537 3306 6.
576 3280 649 3292 —-
684 3249 1015 3321 Manifestavi
1052 3265 1236 3304 nomen
1274 3255 1421 3303 tuum
1453 3246 1781 3312 hominibus,

214 3361 345 3416 quos
398 3343 585 3398 dedisti
632 3343 761 3397 milii
810 3340 875 3396 de
921 3341 1133 3396 mundo.
1175 3339 1327 3407 Quod
1373 3354 1502 3411 ergo
1546 3338 1791 3395 facturus

213 3443 335 3491 erat
362 3448 459 3505 per
480 3433 731 3489 doctores
766 3439 982 3488 sanctos
1016 3431 1070 3485 in
1104 3436 1218 3485 toto
1244 3429 1376 3486 orbe
1409 3436 1532 3499 post
1566 3427 1791 3500 gloriam

214 3524 632 3581 resurrectionis
668 3531 723 3578 et
761 3522 1094 3578 ascensionis
1129 3535 1275 3587 suae,
1306 3526 1362 3575 et
1395 3527 1519 3591 post
1556 3518 1792 3589 Spiritus

214 3616 390 3671 sancti
438 3616 606 3680 dona,
655 3629 776 3685 quae
820 3614 875 3669 in
919 3612 1209 3683 discipulos
1256 3612 1431 3667 delata
1481 3620 1635 3676 sunt,
1688 3612 1793 3667 hoc

171 3722 186 3734 τ
216 3704 375 3777 quasi
403 3704 605 3760 factum
633 3719 753 3760 esse
779 3704 933 3759 dixit.
973 3722 991 3754 ι
1025 3703 1054 3743 b
1084 3702 1211 3759 Tale
1250 3712 1335 3758 est
1371 3702 1508 3768 hoc,
1538 3702 1699 3774 quale
1737 3709 1795 3758 et

215 3796 350 3852 illud
379 3795 523 3866 quod
548 3795 716 3851 Paulo
744 3804 870 3851 ante
897 3792 1033 3851 dixit
1063 3812 1077 3849 :
1108 3794 1221 3867 Ego
1250 3804 1298 3849 te
1326 3794 1610 3866 οἶαι-ἔβεαυὶ
1638 3810 1794 3867 super

217 3898 416 3944 terram
442 3904 462 3943 :
489 3904 590 3959 pro
628 3898 870 3961 tempore
907 3887 1090 3943 futuro
1117 3896 1173 3944 et
1198 3887 1307 3943 illic
1335 3896 1392 3943 et
1418 3887 1507 3945 hic
1544 3886 1790 3958 praeteri-

217 3978 337 4036 tum
364 3995 571 4052 ponens
600 3988 811 4051 tempus
832 4019 847 4046 ,
878 3979 1017 4034 sicut
1042 3979 1133 4049 qui
1163 3979 1327 4033 sciret
1352 3978 1792 4047 praedestinatum

217 4086 344 4128 esse
369 4079 430 4126 ut
456 4071 512 4127 id
540 4069 725 4135 ﬁeret,
755 4077 811 4125 et
838 4069 960 4125 ideo
988 4067 1182 4124 fecisse
1208 4084 1266 4124 se
1299 4068 1484 4123 dicens
1509 4068 1652 4136 quod
1675 4075 1795 4123 erat

218 4165 340 4221 sine
364 4164 473 4221 ulla
501 4163 834 4219 dubitatione
860 4161 1122 4217 facturus.
1155 4160 1410 4230 Sequitur
1440 4178 1453 4213 :
1758 4155 1768 4164 ’

296 4256 458 4311 Vens.
497 4255 553 4321 7,
590 4256 645 4310 8.
682 4283 754 4294 —
788 4252 887 4308 Tui
923 4260 1100 4318 erant,
1131 4260 1180 4306 et
1215 4250 1342 4305 milii
1376 4266 1461 4306 eos
1489 4250 1714 4318 dedisti,
1744 4258 1794 4306 et

222 4363 518 4404 sermonem
544 4355 692 4401 tuum
720 4353 1070 4401 servaverunt.
1112 4343 1270 4398 Nunc
1298 4352 1642 4414 cognoverunt
1670 4343 1795 4414 quia

219 4441 402 4497 omnia
428 4457 544 4512 qua:
571 4438 758 4493 dedisti
785 4437 943 4502 mihi,
975 4437 1065 4492 abs
1090 4445 1138 4491 te
1163 4444 1283 4490 sunt
1303 4476 1318 4501 ,
1347 4436 1473 4507 quia
1498 4436 1650 4490 verba
1678 4451 1794 4508 quin

1807 3203 1858 3268 ο

1864 595 1949 644 est
1984 602 2110 642 eum
2147 586 2214 641 de
2252 581 2517 654 corporali
2558 596 2655 637 sua
2700 580 2901 634 dixisse
2941 578 3271 648 praesentia:
3306 576 3442 634 Cum

1865 700 2027 739 essem
2056 698 2172 737 cum
2200 682 2300 745 eis,
2331 696 2422 751 ego
2450 677 2717 733 servabam
2742 692 2827 730 eos
2848 692 2868 741 ;
2895 674 3058 730 veluti
3078 674 3190 746 jam
3213 689 3337 730 cum
3360 674 3442 731 eis

1865 790 1931 831 ea
1958 774 2239 846 praesentia
2269 788 2374 828 non
2415 780 2576 826 esset.
2623 769 2699 824 Eo
2745 768 2910 823 modo
2950 768 3094 822 enim
3135 767 3441 839 signiﬁcare

1865 866 2036 922 voluit
2080 866 2448 921 ascensionem
2492 877 2619 917 mox
2667 859 2938 926 futuram,
2993 861 3060 916 de
3109 876 3216 930 qua
3263 860 3439 916 dicit:

1871 954 2027 1011 Nunc
2057 964 2231 1009 autem
2258 953 2327 1008 ad
2356 961 2406 1007 te
2434 951 2578 1006 venio
2600 964 2619 1003 :
2647 953 2820 1005 iturus
2847 950 3033 1019 utique
3062 949 3128 1004 ad
3171 951 3446 1006 dexteram

1868 1046 2090 1111 Patris;
2124 1045 2266 1099 unde
2293 1052 2558 1098 venturus
2586 1048 2673 1097 est
2699 1041 2766 1096 ad
2791 1042 2944 1096 vivos
2972 1049 3028 1096 et
3066 1049 3310 1096 mortuos
3353 1042 3443 1112 ju-

1871 1136 2162 1200 dicandos,
2198 1133 2487 1205 praesentia
2525 1125 2710 1187 itidem
2750 1132 3017 1202 corporali
3054 1133 3347 1188 secundum
3380 1132 3445 1186 tl-

1870 1227 1958 1283 dei
1995 1226 2236 1298 regulam
2283 1240 2578 1295 sanamque
2612 1225 2930 1280 doctrinam.
2983 1224 3119 1281 Nam
3156 1227 3445 1296 praesentia

1871 1319 2100 1391 spiritali
2138 1334 2262 1374 cum
2296 1318 2376 1373 eis
2407 1324 2527 1372 erat
2559 1331 2792 1388 semper,
2822 1325 2877 1372 et
2913 1332 3034 1372 cum
3066 1325 3175 1372 tota
3206 1317 3446 1373 Ecclesia

1873 1428 1970 1468 sua
2006 1412 2062 1466 in
2095 1412 2198 1467 hoc
2231 1410 2430 1465 mundo
2466 1424 2637 1480 usque
2681 1409 2736 1463 in
2779 1409 3297 1464 consummationem
3349 1423 3447 1464 sze-

1875 1504 2002 1561 culi.
2036 1523 2056 1557 ι
2084 1503 2236 1571 Quod
2273 1518 2404 1558 vero
2439 1503 2540 1568 ait,
2579 1508 2642 1556 ut
2677 1501 2746 1556 ad
2796 1500 3072 1572 superiora
3123 1501 3445 1567 redeamus,

1876 1596 2210 1668 Manifestavi
2264 1613 2449 1651 nomen
2503 1604 2652 1649 tuum
2704 1594 3038 1660 hominibus,
3088 1611 3215 1666 quos
3266 1595 3455 1649 dedisti

1876 1687 2035 1754 mihi,
2067 1703 2176 1742 non
2206 1687 2336 1742 illud
2362 1702 2559 1742 nomen
2588 1685 2730 1755 quod
2758 1684 2902 1742 Deus
2935 1701 3028 1752 es,
3069 1686 3160 1740 sed
3197 1685 3325 1741 illud
3361 1699 3456 1740 no—

1876 1792 2001 1833 men
2030 1778 2171 1848 quod
2198 1777 2359 1833 Pater
2385 1792 2538 1832 meus
2575 1792 2672 1832 es:
2705 1777 2848 1847 quod
2888 1791 3083 1833 nomen
3120 1776 3455 1834 manifestari

1803 1853 1852 1914 Β
1880 1886 1988 1926 non
2015 1878 2195 1941 potest
2220 1870 2337 1925 sine
2365 1869 2509 1924 illius
2534 1868 2657 1924 Filii
2686 1868 3136 1925 manifestatione.
3163 1870 3455 1927 Namvero

1879 1960 2007 2015 illud
2034 1975 2230 2015 nomen
2258 1959 2401 2029 quod
2427 1958 2569 2014 Deus
2594 1966 2708 2024 est,
2740 1958 2871 2013 nulli
2902 1967 3108 2015 naturae
3145 1961 3453 2018 rationabili

1878 2050 2209 2123 incognitum
2249 2049 2571 2105 omnimodis
2606 2063 2726 2106 esse
2768 2051 2994 2121 putavit.
3037 2048 3163 2108 Haec
3187 2062 3271 2108 est
3309 2053 3453 2109 enim

1876 2154 2020 2196 vera:
2054 2141 2140 2194 vis
2175 2139 2497 2206 divinitatis,
2528 2147 2590 2194 ut
2619 2151 2885 2196 creatura‘.
2911 2141 3161 2197 rationali
3203 2158 3308 2198 non
3336 2159 3455 2199 om-

1878 2232 2009 2287 nino
2036 2231 2339 2302 incognitus
2366 2232 2535 2301 possit
2572 2231 2863 2299 abscondi,
2899 2235 3138 2305 exceptis
3176 2236 3362 2306 paucis
3401 2236 3457 2291 in

1881 2322 2074 2393 quibus
2100 2331 2295 2377 natura
2322 2323 2602 2378 rationalis
2624 2323 2849 2379 nimium
2880 2324 3169 2395 depravata
3200 2336 3301 2383 est.
3323 2327 3460 2383 Pro-

1878 2418 2168 2489 pemodum
2201 2432 2389 2472 omnes
2426 2426 2613 2489 gentes
2646 2416 2817 2472 Deum
2862 2432 2983 2474 csse
3035 2418 3289 2486 fatentur,
3336 2419 3465 2478 licet

1882 2509 2111 2566 diversis
2136 2509 2414 2565 erroribus
2442 2524 2628 2564 verum
2656 2508 2823 2563 Deum
2854 2524 3145 2581 agnoscere
3171 2511 3466 2582 impedian-

1885 2609 1991 2656 tur.
2029 2599 2181 2667 Quod
2210 2615 2340 2655 vero
2371 2600 2425 2654 in
2454 2598 2683 2654 Psalmis
2708 2599 2906 2671 legitur
2931 2618 2944 2653 :
2978 2600 3153 2656 Notus
3187 2603 3243 2657 in
3269 2601 3465 2659 Iudaea

1884 2702 2089 2747 tantum
2126 2691 2268 2746 Deus
2308 2689 2499 2763 (Psal.
2531 2707 2671 2747 Lxxv
2694 2732 2709 2757 ,
2738 2692 2773 2746 2
2794 2692 2842 2764 ),
2880 2694 3005 2763 quia
3046 2694 3284 2766 legitimo
3318 2697 3466 2754 cultu

1885 2783 2256 2838 tantummodo
2283 2781 2451 2837 Deum
2477 2797 2662 2838 verum
2690 2794 3058 2854 cognoverunt
3083 2794 3139 2842 et
3161 2787 3464 2844 coluerunt:

1885 2875 1941 2931 in
1980 2876 2084 2931 hoc
2112 2890 2245 2930 vero
2283 2875 2423 2945 quod
2461 2874 2623 2930 Pater
2649 2884 2734 2930 est
2764 2875 2964 2931 Christi
3001 2892 3097 2947 per
3128 2894 3290 2949 quem
3328 2880 3467 2937 tollit

1884 2976 2107 3040 peccata
2128 3008 2144 3034 ,
2173 2968 2417 3039 ignotum
2445 2966 2543 3022 fuit
2569 2977 2859 3039 antequam
2884 2969 3121 3026 venisset
3142 2970 3386 3029 Christus
3415 2974 3469 3030 in

1885 3063 2143 3117 mundum
2168 3078 2183 3127 ;
2215 3062 2317 3116 nisi
2345 3068 2551 3116 tantum
2575 3063 2769 3132 quibus
2793 3063 2933 3119 Deus
2957 3078 3053 3135 per
3073 3065 3319 3136 spiritum
3346 3081 3471 3137 pro-

1886 3154 2084 3224 phetia:
2109 3153 2371 3209 revelavit
2399 3154 2503 3210 hoc
2532 3155 2849 3227 mysterium
2876 3171 3131 3228 magnum
3160 3166 3214 3211 et
3242 3158 3472 3214 abscon-

1891 3248 2091 3313 ditum,
2124 3247 2266 3317 quod
2293 3254 2416 3318 post
2446 3248 2733 3303 adventum
2761 3250 2878 3321 ejus
2912 3252 2967 3304 in
3001 3250 3261 3306 mundum
3282 3291 3298 3318 ,
3328 3268 3469 3322 prae-

1893 3339 2130 3395 dicatum
2159 3347 2243 3394 est
2274 3340 2549 3412 gentibus,
2580 3341 2847 3397 creditum
2880 3349 2964 3398 est
2997 3343 3051 3397 in
3087 3342 3190 3398 hoc
3227 3344 3461 3413 mundo,

1892 3438 2224 3499 assumptum
2249 3430 2415 3485 estin
2442 3430 2632 3502 gloria.
2664 3432 2816 3501 Quod
2857 3449 2987 3489 vero
3030 3432 3269 3489 addidit:
3321 3434 3465 3502 Quos

1892 3523 2084 3577 dedisti
2106 3522 2266 3589 mihi,
2293 3523 2398 3578 hoc
2418 3533 2502 3579 est
2520 3564 2535 3591 ,
2568 3524 2711 3595 quod
2736 3526 2894 3597 paulo
2918 3536 3045 3584 ante
3073 3526 3211 3582 dixit
3238 3545 3252 3581 :
3296 3528 3467 3586 Nemo

1891 3624 2058 3688 potest
2092 3616 2263 3671 venire
2298 3616 2367 3670 ad
2398 3634 2478 3671 me
2500 3658 2514 3683 ,
2560 3619 2661 3673 nisi
2702 3617 2884 3687 Pater,
2915 3622 3003 3692 qui
3042 3621 3184 3676 misit
3224 3638 3339 3686 me,
3386 3631 3473 3678 at-

1894 3709 2116 3763 traxerit
2151 3725 2288 3763 eum.
2322 3708 2465 3776 Quos
2494 3710 2685 3767 dedisti
2714 3713 2841 3767 mihi
2871 3713 2935 3768 de
2960 3714 3155 3768 mundo
3179 3755 3193 3781 ,
3223 3714 3326 3770 hoc
3352 3723 3437 3770 est
3455 3754 3473 3782 ,

1894 3799 2089 3879 quibus
2111 3815 2211 3870 per
2233 3804 2693 3873 regenerationem
2718 3805 2822 3859 hoc
2845 3805 3123 3876 przestitit,
3151 3820 3257 3860 non
3282 3805 3476 3876 quibus

1893 3899 2090 3946 natura
2111 3907 2212 3962 per
2236 3893 2572 3949 nativitatem
2593 3895 2837 3950 contulit.
2863 3896 3000 3963 Quid
3025 3896 3277 3967 estquod
3303 3898 3476 3967 sequi-

1895 3992 2020 4040 tur:
2065 3985 2167 4039 Tui
2202 3995 2386 4053 erant,
2423 3995 2475 4042 et
2511 3989 2638 4043 mihi
2672 4005 2758 4043 eos
2794 3990 3031 4045 dedisti?
3056 3990 3116 4044 In
3143 3990 3479 4060 humanitate

1895 4077 2037 4132 hanc
2068 4083 2392 4147 potestatem
2429 4094 2487 4135 se
2516 4081 2789 4151 accepisse
2824 4097 2855 4135 a
2892 4081 3052 4137 Patre
3086 4083 3251 4150 dicit,
3287 4090 3347 4138 ut
3383 4097 3480 4143 eos

1894 4169 2124 4226 haberet
2149 4186 2288 4241 quos
2315 4172 2474 4226 Pater
2501 4171 2662 4245 elegit
2690 4182 2747 4228 et
2771 4175 3169 4245 praedestinavit
3196 4183 3322 4230 ante
3348 4154 3477 4232 con-

1896 4263 2232 4320 stitutionem
2268 4264 2491 4331 mundi;
2527 4280 2635 4320 non
2669 4266 2840 4321 solum
2873 4266 3054 4333 Pater,
3087 4267 3183 4322 sed
3216 4276 3272 4323 et
3306 4267 3477 4327 Filius

1895 4363 1954 4411 et
1980 4355 2214 4425 Spiritus
2248 4364 2468 4412 sanctus
2485 4397 2500 4423 ,
2530 4366 2591 4412 ut
2615 4358 2687 4413 sit
2711 4373 2874 4413 unum
2902 4374 3038 4432 opus
3065 4369 3265 4417 sanctae
3295 4360 3476 4420 Trini~

1899 4448 2028 4503 tatis
2068 4448 2445 4517 inseparabilis
2471 4457 2527 4505 et
2553 4450 2859 4505 onmimodo
2885 4451 3124 4521 :equalis.
3167 4451 3362 4508 Pereat
3389 4453 3479 4511 hic

219 4531 413 4586 dedisti
450 4531 613 4625 mihi.
645 4529 766 4585 dedi
793 4530 867 4584 eis
883 4569 913 4625 ._
932 4537 979 4625 et
1006 4529 1107 4598 ipsi
1135 4536 1439 4625 αεσξηεηιηε
1465 4534 1514 4581 ει
1542 4542 1794 4625 ςοσηουε-
1820 4563 1875 4625 υ
1897 4538 2131 4595 carnalis
2155 4540 2432 4611 cogitatio.
2462 4540 2539 4595 De
2564 4541 2763 4597 mundo
2791 4542 2890 4597 sibi
2918 4557 2946 4595 a
2970 4541 3132 4597 Patre
3158 4542 3288 4599 dicit
3312 4542 3482 4601 Filius

220 4630 348 4677 runt
376 4637 490 4677 vere
525 4622 648 4693 quia
682 4638 713 4674 a
747 4629 795 4674 te
829 4620 963 4675 exivi
983 4659 997 4684 ,
1031 4628 1079 4673 et
1116 4617 1446 4672 crediderunt
1474 4617 1596 4689 quia
1628 4626 1684 4670 tu
1714 4634 1796 4672 me

218 4713 444 4769 misistn.
484 4711 799 4781 Quanquam
844 4717 899 4765 et
946 4710 1063 4765 haec
1106 4708 1286 4764 omnia
1326 4708 1392 4763 de
1430 4707 1678 4763 omnibus
1714 4706 1799 4763 fu-

218 4805 364 4862 turis
391 4804 636 4860 ﬂdelibus
664 4804 771 4859 dici
798 4803 1072 4874 potuerint
1102 4818 1163 4858 re
1192 4801 1505 4874 imperfecta
1536 4799 1674 4875 [Ms.
1704 4815 1800 4871 spe

215 4895 493 4970 perfecta;
520 4897 680 4967 Aug.,
703 4911 797 4966 spe
812 4896 925 4967 jam
949 4894 1211 4968 perfecta]
1229 4936 1244 4961 ,
1274 4910 1395 4951 cum
1424 4895 1597 4951 adhuc
1620 4901 1804 4952 essent

218 4989 438 5055 futura,
467 4996 653 5044 tamen
680 4998 737 5043 et
775 4989 890 5043 haec
927 4988 1234 5058 specialiter
1277 4988 1343 5043 de
1383 4987 1657 5058 discipulis
1694 4988 1803 5044 dici

216 5086 452 5154 possunt
474 5079 542 5134 ad
565 5093 699 5148 quos
728 5086 854 5132 tunc
876 5078 1285 5148 priesentialiter
1309 5078 1650 5149 loquebatur,
1678 5079 1804 5149 quia

222 5166 362 5228 illud
391 5170 535 5242 quod
565 5169 846 5241 sequitur:
879 5167 1010 5223 Cum
1038 5186 1201 5224 essem
1230 5186 1349 5224 cum
1372 5171 1476 5234 eis,
1510 5187 1601 5241 ego
1631 5188 1804 5226 serva-

221 5266 349 5320 bam
376 5280 462 5319 eos
488 5264 543 5318 in
572 5263 778 5318 nomine
801 5271 931 5326 tuo;
960 5278 1087 5333 quos
1116 5260 1304 5316 dedisti
1330 5262 1489 5328 mihi,
1521 5262 1800 5329 custodiri,

221 5365 278 5411 et
307 5371 457 5409 nemo
481 5370 548 5410 ea:
573 5354 654 5409 his
680 5354 863 5426 periit,
906 5353 1007 5407 nisi
1045 5352 1188 5422 [ilius
1225 5353 1532 5424 perditionis
1572 5352 1592 5426 (
1610 5353 1804 5410 Judam

221 5445 541 5516 signiﬁcans
560 5485 577 5511 ,
605 5446 697 5515 qui
728 5443 945 5500 tradidit
974 5458 1096 5499 eum
1115 5484 1129 5509 ,
1160 5443 1251 5514 qui
1279 5460 1420 5501 unus
1446 5444 1547 5500 fuit
1576 5445 1643 5501 de
1668 5446 1803 5503 duo-

220 5534 435 5607 decim)
460 5536 636 5609 magis
657 5537 785 5593 huic
809 5525 990 5592 sensui
1012 5536 1292 5604 convenit,
1322 5544 1382 5592 ut
1407 5538 1661 5610 apostolis
1685 5556 1805 5612 spe-

221 5627 443 5685 cialiter
487 5630 605 5686 haec
654 5631 986 5702 loqueretur.
1031 5627 1243 5687 Deinde
1261 5630 1592 5704 subiungit:
1647 5634 1806 5692 Nune

303 5752 332 5781 ι
367 5738 567 5819 Supple
578 5758 641 5799 ex
656 5745 799 5819 Aug.
816 5744 920 5801 loc.
930 5785 947 5809 ,
959 5745 1050 5802 cit.
1071 5763 1084 5799 :
1106 5762 1126 5797 α
1148 5741 1572 5819 Cur'anliorrere
1584 5758 1809 5819 putatur

230 5828 266 5872 a
311 5825 474 5881 vero,
515 5815 561 5871 si
607 5815 936 5877 tuncPater
979 5821 1140 5888 caput
1181 5822 1425 5871 nostrum
1466 5815 1805 5892 gloriﬁcavit,

1897 4634 2052 4690 datos
2087 4649 2206 4690 esse
2236 4635 2512 4702 homines,
2542 4635 2736 4705 quibus
2765 4634 2870 4690 alio
2896 4635 3015 4691 loco
3045 4636 3173 4691 dicit
3198 4653 3211 4690 :
3251 4636 3364 4708 Ego
3392 4653 3479 4694 vos

1898 4725 1963 4780 de
1987 4726 2183 4781 mundo
2208 4726 2338 4798 elegi
2370 4725 2570 4799 (Ioan.
2601 4743 2693 4793 xv,
2720 4726 2845 4799 i9).
2884 4726 3029 4795 Quos
3059 4728 3126 4783 de
3153 4730 3355 4786 mundo
3381 4729 3479 4786 Dei

1896 4816 2070 4873 Filius
2102 4818 2265 4890 elegit
2299 4834 2421 4873 cum
2452 4819 2613 4875 Patre
2632 4860 2648 4885 ,
2680 4819 2822 4876 idem
2862 4820 2978 4891 ipse
3005 4821 3166 4876 homo
3205 4821 3373 4876 Filius
3415 4820 3483 4879 de

1900 4915 2103 4970 mundo
2140 4929 2235 4971 eos
2270 4916 2481 4985 accepit
2522 4932 2553 4971 a
2589 4916 2771 4973 Patre.
2805 4935 2823 4969 ι
2854 4916 3146 4990 Sequitur:
3180 4917 3248 4973 Et
3281 4931 3479 4972 sermo—

1901 5022 2018 5061 nem
2067 5014 2216 5060 tuum
2270 5016 2600 5062 servaverunt
2628 5024 2647 5063 :
2699 5026 2835 5064 nunc
2883 5016 3226 5082 cognoverunt
3252 5049 3268 5073 ,
3317 5006 3484 5079 618

1901 5097 2025 5169 quia
2063 5098 2237 5152 omnia
2279 5114 2395 5169 qua:
2439 5098 2629 5154 dedisti
2668 5100 2830 5168 mihi,
2872 5102 2963 5156 abs
3003 5110 3051 5156 te
3088 5107 3228 5155 sunt.
3268 5098 3326 5153 id
3364 5106 3482 5165 est,

1902 5196 2301 5258 cognoverunt,
2332 5205 2452 5259 qua:
2480 5190 2577 5246 abs
2609 5200 2659 5246 te
2688 5201 2813 5248 sunt
2840 5191 3015 5265 [Aug.
3036 5233 3051 5259 ,
3078 5199 3479 5263 cognoverunt,

1902 5279 2028 5348 quia
2051 5280 2147 5334 abs
2167 5288 2219 5335 te
2238 5280 2401 5354 sum].
2429 5281 2597 5337 Simul
2618 5283 2760 5340 enim
2779 5282 2941 5339 Pater
2961 5283 3107 5339 dedit
3128 5283 3307 5339 omnia
3320 5324 3335 5348 ,
3358 5299 3482 5339 cum

1904 5370 2091 5442 genuit
2113 5369 2283 5445 [eum]
2311 5373 2401 5443 qui
2430 5375 2653 5431 haberet
2673 5377 2855 5431 omnia
2885 5392 2900 5440 ;
2931 5395 2950 5429 ι
2978 5375 3120 5431 sicut
3138 5375 3193 5430 in
3211 5374 3484 5446 prioribus

1902 5461 2062 5533 hujus
2081 5461 2358 5536 Evangelii
2384 5465 2497 5536 ipse
2516 5466 2774 5522 Dominus
2800 5466 2962 5521 dicit:
2989 5466 3138 5522 Sicut
3158 5467 3295 5520 enim
3316 5465 3481 5521 Pater

1904 5551 2056 5607 habet
2074 5555 2232 5608 vitam
2253 5554 2308 5609 in
2328 5556 2617 5627 semetipso,
2633 5557 2711 5611 sic
2724 5555 2869 5612 dedit
2887 5564 2936 5612 et
2951 5554 3095 5611 Filio
3115 5556 3275 5612 vitam
3293 5555 3483 5612 habere

1901 5642 1957 5697 in
1978 5645 2273 5715 semetipso,
2297 5645 2350 5700 id
2372 5653 2483 5712 est,
2506 5647 2689 5719 genuit
2709 5647 2901 5705 Filium
2923 5648 3091 5703 vitam
3114 5646 3400 5702 habentem
3423 5646 3484 5707 in

1904 5755 2118 5834 quando
2137 5770 2237 5834 nos
2255 5757 2311 5834 in
2333 5757 2469 5827 ipso,
2492 5765 2552 5812 ut
2576 5760 2815 5814 membra
2836 5759 3235 5834 ejusgesseinus,
3251 5758 3437 5834 elegit.
3450 5776 3477 5817 ι

1976 5826 2006 5865 ιι
2042 5825 2123 5883 Ex
2151 5824 2207 5883 S.
2238 5824 2402 5929 Augl,
2430 5835 2589 5899 tract.
2617 5845 2737 5905 cvi,
2767 5824 2917 5887 num.
2948 5831 3006 5901 1,
3031 5831 3085 5901 2,
3114 5831 3171 5901 4,
3196 5824 3252 5901 5,
3279 5830 3333 5889 ϐ.
