4088 6340
187 359 320 448 ἢθε-

1007 360 1418 446 nuncnum.
1457 389 1528 404 -η
1561 357 1920 426 nonnum.
1959 357 2028 414 1N
2061 353 2254 438 JOAN.
2288 387 2359 406 μ
2396 355 2522 420 LIB.
2565 353 2675 416 vn.

3247 377 3252 384 ·
3349 354 3454 412 966

193 491 338 562 Ergo
363 493 422 542 et
445 483 572 560 quia
615 494 724 542 non
757 486 952 538 natura
994 475 1107 532 ibat
1148 473 1348 550 [Aug.,
1377 472 1504 542 quia
1531 471 1770 528 nondum
1794 479 1850 548 Α
1873 468 2157 536 mundum,
2187 479 2234 524 et
2272 485 2366 540 ego
2396 467 2515 524 misi
2544 483 2640 521 εοε.
2677 467 2734 528 ίη
2776 467 3050 540 mundum.
3100 467 3246 537 Quos
3269 470 3452 536 misit,

196 579 481 652 abierat],
512 577 601 634 hic
627 574 803 636 adhuc
828 577 984 636 erat;
1015 575 1070 624 et
1107 567 1234 638 quia
1275 564 1452 620 fuerat
1495 563 1768 628 abiturus,

195 682 284 748 hic
313 671 710 748 quodammodo
734 669 846 740 jam
877 681 986 722 non
1015 670 1150 718 erat.
1193 659 1330 728 Quid
1362 658 1431 714 sit
1459 665 1638 711 autem
1669 655 1776 712 hoc

195 771 486 846 gaudium,
533 766 598 820 de
638 777 744 836 quo
784 759 896 818 ait:
933 755 997 810 Ut
1035 755 1261 814 habeant
1301 749 1556 824 gaudium
1601 763 1776 808 meum

195 863 464 936 impletum
491 859 549 916 in
577 853 884 928 semetipsis,
909 851 1020 922 iam
1049 847 1293 924 superius
1321 857 1634 936 expressum
1647 847 1774 936 est,

199 931 336 1032 [ubi
359 950 476 1024 ait]
521 957 574 1006 ut
617 948 718 1006 sint
765 959 930 1012 unum
973 941 1107 1002 sicut
1146 947 1192 996 et
1233 953 1347 1004 nos.
1381 935 1494 994 Hoc
1521 931 1778 1004 gaudium

199 1031 392 1116 suum,
425 1047 480 1102 id
509 1051 592 1102 est
631 1058 662 1102 a
701 1056 759 1098 se
797 1040 852 1098 in
879 1054 974 1094 eos
1003 1035 1292 1098 collatum.
1321 1035 1378 1096 in
1407 1033 1488 1090 eis
1513 1031 1644 1088 dicit
1671 1031 1776 1088 im-

199 1143 454 1216 plendum
476 1179 492 1206 ,
517 1142 739 1208 propter
763 1131 908 1202 quod
933 1131 1176 1188 locutum
1203 1142 1264 1194 se
1289 1126 1426 1184 dixit
1462 1125 1518 1186 in
1555 1123 1776 1182 mundo.

201 1235 328 1296 lirec
355 1241 442 1294 est
465 1247 572 1302 pax
599 1230 691 1286 illa
719 1235 774 1284 et
799 1226 1077 1294 beatitudo
1108 1224 1162 1290 in
1191 1221 1374 1278 futuro
1401 1219 1618 1286 saeculo,
1647 1232 1776 1287 pro-

198 1335 320 1397 pter
347 1339 512 1396 quam
539 1319 972 1390 consequendam
1003 1323 1387 1386 temperanter,
1425 1320 1482 1372 et
1515 1312 1660 1386 juste
1681 1351 1696 1372 .
1727 1317 1782 1368 et

198 1418 286 1488 pie
313 1415 604 1476 vivendum
628 1423 713 1474 est
739 1414 793 1468 in
823 1413 924 1470 hoc
952 1409 1168 1466 saeculo.
1195 1429 1214 1460 ι

274 1508 436 1564 Vnus.
473 1507 559 1562 14.
585 1537 654 1548 -—
683 1505 932 1574 Loquens
957 1503 1132 1564 adimc
1155 1500 1416 1568 Dominus
1439 1497 1508 1568 ad
1529 1497 1744 1556 Patrem
1763 1536 1778 1564 .

199 1607 256 1656 et
291 1613 454 1654 orans
487 1613 590 1668 pro
618 1597 894 1668 discipulis
921 1595 1073 1654 suis:
1103 1593 1218 1668 Ego
1243 1591 1366 1648 dedi
1391 1591 1466 1648 eis
1494 1605 1780 1656 sermonem

201 1703 392 1758 tuum;
422 1691 478 1750 in
514 1689 788 1760 prioribus
828 1687 1130 1756 expositum
1169 1691 1270 1746 est.
1319 1683 1386 1742 Et
1432 1682 1656 1740 mundus
1697 1697 1781 1746 eos

201 1783 324 1842 odia
355 1781 557 1836 habuit.
599 1780 880 1850 Signiﬁcat
907 1777 1186 1850 passiones
1212 1791 1346 1844 quas
1375 1774 1428 1828 in
1458 1773 1659 1832 mundo
1687 1773 1782 1828 ha-

1876 565 1980 622 nisi
2008 565 2278 635 apostolos
2306 563 2476 619 suos?
2512 560 2648 616 Nam
2673 568 2729 616 et
2762 562 2937 636 ipsum
2964 575 3162 618 nomen
3190 564 3458 634 apostolo—

1876 675 1998 716 rum
2016 699 2030 726 ,
2063 657 2206 730 quod
2233 656 2480 714 Graecum
2507 661 2620 720 est,
2649 653 2782 708 nihil
2818 653 2922 709 nisi
2961 654 3147 712 missos
3189 654 3458 727 significat

1877 753 1934 808 in
1971 752 2182 810 Latino.
2215 771 2234 802 ›
2267 749 2411 812 Misit
2439 763 2569 820 ergo
2597 747 2855 804 Dominus
2887 745 3030 819 [Al.,
3057 745 3238 826 Deus].
3259 747 3456 804 Filium

1879 859 2034 916 suum
2076 841 2280 916 absque
2325 848 2548 916 peccato
2592 845 2907 910 conceptum
2951 845 3006 893 et
3053 847 3278 907 natum;
3310 841 3460 897 misit

1878 950 2007 1008 ergo
2045 934 2214 996 Filius
2253 932 2542 1002 discipulos
2581 945 2707 986 suos
2748 945 2882 1000 quos
2921 929 3034 1002 ipse
3063 931 3418 990 sanctificavit
3441 976 3457 1000 ,

1877 1031 1966 1092 vel
2005 1047 2102 1106 per
2140 1029 2397 1108 baptismi
2439 1037 2876 1098 sacramentum;
2919 1027 3006 1084 vel
3049 1045 3146 1100 per
3185 1027 3462 1100 sanguinis

1879 1123 1964 1182 sui
2009 1123 2464 1193 redemptionem,
2505 1130 2567 1176 ut
2603 1121 2960 1192 praedicarent
2989 1123 3187 1176 mundo
3216 1119 3458 1178 sanctiﬁ-

1879 1215 2146 1288 cationem
2172 1222 2228 1268 et
2255 1213 2580 1268 ablutionem
2611 1213 3086 1284 remissionemque
3115 1219 3463 1284 peccatorum

1879 1323 2118 1370 suorum.
2162 1307 2314 1364 Unde
2351 1315 2406 1360 et
2443 1307 2708 1380 subjecit:
2751 1307 2954 1377 (Vnus.
3009 1305 3114 1380 i9)
3155 1305 3224 1360 Et
3255 1322 3349 1378 pro
3389 1305 3461 1359 eis

1881 1416 1972 1470 ego
2012 1399 2279 1470 sanctiﬁco
2309 1400 2582 1472 meipsum.
2625 1397 2682 1454 Id
2725 1405 2807 1454 est
2826 1439 2840 1466 ,
2873 1399 2927 1452 in
2955 1413 3019 1458 eo
3048 1399 3174 1474 quia
3205 1413 3312 1456 non
3337 1397 3460 1478 veni

1883 1490 2058 1558 facere
2085 1491 2418 1548 voluntatem
2443 1507 2624 1546 meam
2644 1531 2660 1556 ,
2689 1491 2781 1546 sed
2822 1490 3150 1546 voluntatem
3189 1491 3306 1566 ejus
3325 1531 3342 1556 ,
3371 1492 3462 1564 qui

1881 1587 2027 1648 misit
2054 1600 2140 1644 me
2167 1585 2361 1640 Patris.
2395 1583 2763 1640 Sanctiﬁcatio
2790 1583 3026 1640 ﬁdelium
3051 1593 3133 1640 est
3160 1584 3461 1642 obedientia

1881 1679 2038 1742 Filii,
2071 1679 2160 1748 qui
2201 1678 2456 1734 obcdicns
2482 1677 2630 1736 Patri
2671 1695 2831 1750 usque
2859 1677 2928 1731 ad
2959 1685 3210 1742 mortem,
3244 1685 3462 1734 mortem

1883 1781 2056 1830 autem
2092 1771 2303 1826 crucis:
2341 1779 2550 1844 propter
2583 1770 2721 1840 quod
2757 1778 2806 1824 et
2843 1769 2982 1824 Deus
3017 1768 3264 1836 exultavit
3312 1767 3460 1822 illum

199 1837 366 1940 bituri
407 1883 564 1934 erant
601 1837 1130 1945 apersecutbribus,
1159 1837 1299 1940 quos
1339 1867 1428 1922 hic
1467 1865 1654 1920 mundi
1679 1879 1778 1920 no-
1817 1837 1857 1908 Β
1885 1859 2118 1936 (Philip.
2145 1879 2214 1926 ιι,
2243 1861 2305 1928 8,
2332 1837 2604 1933 tib-Quod-
2625 1877 2753 1916 vero
2779 1861 2892 1916 ait:
2928 1860 2994 1916 Ut
3023 1863 3120 1916 sint
3143 1862 3314 1934 et-ipsi
3340 1878 3462 1916 san-

203 1972 348 2030 tuine
375 1971 730 2028 demonstrat.
753 1965 956 2024 Deinde
983 1978 1204 2022 causam
1231 1959 1542 2030 subiiciens,
1569 1974 1667 2016 cur
1691 1971 1784 2014 eos

200 2063 380 2122 oderit
406 2061 672 2126 mundus,
724 2058 850 2128 quia
879 2074 984 2118 non
1019 2063 1171 2122 sunt,
1215 2053 1417 2124 inquit,
1461 2051 1524 2106 de
1563 2047 1781 2114 mundo,

197 2156 336 2209 sicut
365 2163 412 2210 et
441 2169 532 2223 ego
561 2169 665 2208 non
691 2167 808 2206 sum
835 2149 899 2204 de
923 2146 1138 2208 mundo.
1172 2143 1282 2200 Sed
1309 2144 1469 2198 aliter
1493 2141 1600 2207 illi,
1630 2139 1786 2198 aliter

199 2261 322 2318 ego.
354 2246 435 2302 Illi
465 2242 902 2314 regeneratione,
942 2253 1042 2308 ego
1082 2236 1446 2308 generatione.
1489 2232 1572 2288 illi
1612 2245 1778 2304 egue-

201 2347 334 2400 runt
360 2337 594 2394 secunda
622 2333 904 2390 nativitate
925 2371 939 2398 ,
972 2330 1098 2398 quia
1127 2329 1178 2382 in
1209 2326 1450 2398 peccatis
1477 2324 1590 2382 nati
1623 2329 1746 2378 sunt
1771 2339 1782 2374 :

199 2445 306 2501 ego
336 2429 460 2500 quia
489 2428 606 2486 sine
631 2432 856 2495 peccato
885 2429 1043 2480 natus
1071 2435 1190 2476 sum
1209 2459 1224 2488 ,
1255 2433 1362 2478 non
1401 2416 1522 2488 egui
1565 2428 1788 2488 regene-

201 2520 438 2580 ratione.
467 2517 733 2578 Donatum
765 2519 1000 2582 estergo
1028 2511 1110 2570 eis
1137 2517 1200 2564 ut
1226 2508 1290 2563 de
1315 2505 1518 2562 mundo
1559 2518 1666 2566 non
1703 2518 1788 2560 es-

201 2617 367 2674 sent;
397 2623 498 2678 ego
525 2620 656 2666 vero
696 2617 972 2670 nunquam
1011 2600 1084 2658 iui
1127 2599 1190 2654 de
1231 2596 1464 2662 mundo,
1497 2596 1622 2666 quia
1651 2609 1788 2652 ιιιιιι-

203 2713 373 2772 quam
398 2698 452 2752 in
477 2705 718 2766 peccato.
746 2712 764 2743 ι
794 2706 820 2738 ιι
845 2691 964 2762 Ipse
991 2697 1174 2748 autem
1200 2689 1264 2743 de
1286 2686 1485 2742 nmndo
1513 2699 1788 2758 nunquam

205 2789 346 2854 fuit,
372 2788 496 2858 quia
521 2790 682 2841 etiam
707 2783 999 2840 secundum
1031 2782 1260 2836 formam
1288 2779 1456 2842 servi,
1489 2779 1554 2832 de
1585 2777 1788 2847 Spiritu

207 2889 398 2944 sancto
423 2887 584 2940 natus
611 2885 726 2942 est,
756 2876 824 2932 de
851 2889 958 2944 quo
985 2873 1060 2928 illi
1093 2871 1284 2926 renati.
1319 2869 1374 2924 Si
1407 2885 1532 2942 ergo
1561 2868 1640 2926 illi
1667 2868 1788 2944 ideo

205 2987 317 3032 non
355 2971 422 3028 de
459 2969 678 3034 mundo,
710 2969 836 3038 quia
874 2966 1046 3022 renati
1081 2973 1206 3020 sunt
1241 2963 1306 3024 de
1335 2960 1537 3038 Spiritu
1571 2968 1784 3026 sancto,

203 3071 496 3136 propterea
525 3060 613 3116 ille
640 3073 916 3128 nunquam
945 3057 1012 3114 de
1039 3057 1240 3110 mundo
1259 3095 1272 3120 ,
1304 3054 1394 3126 qui
1426 3061 1583 3108 natus
1609 3060 1692 3108 est
1724 3053 1788 3108 de

1885 1955 2098 2028 cti/icati
2125 1957 2178 2014 in
2205 1956 2434 2012 veritate.
2467 1955 2579 2010 Hoc
2607 1963 2722 2022 est,
2753 1955 2808 2014 in
2838 1955 3044 2028 meipso
3069 1971 3083 2020 ;
3117 1956 3256 2016 sicut
3283 1961 3336 2010 ct
3363 1969 3462 2028 ego

1883 2048 2250 2114 sanctiﬁcatus
2287 2063 2404 2106 sum
2435 2046 2488 2102 in
2515 2047 2691 2104 Verbo
2719 2045 2832 2102 Dei.
2865 2044 2930 2106 Ut
2961 2055 3008 2102 et
3035 2047 3132 2118 ipsi
3163 2048 3266 2102 sint
3293 2047 3350 2101 in
3377 2063 3462 2106 ve—

1885 2143 2054 2204 ritate,
2087 2155 2208 2210 qute
2233 2147 2315 2196 est.
2340 2141 2576 2198 Verbum
2606 2140 2732 2206 Dei,
2759 2141 3089 2212 sancti/irati.
3120 2140 3256 2196 Nam
3284 2156 3465 2202 susce-

1883 2233 1997 2306 ptio
2027 2232 2372 2298 humanitatis
2401 2231 2733 2296 sanctiticata
2761 2240 2844 2288 est
2872 2232 2924 2286 in
2965 2219 3172 2288 unitate
3214 2247 3458 2306 persona:

1887 2325 2050 2378 Verbi
2075 2325 2170 2378 Dei
2195 2341 2210 2390 ;
2238 2332 2292 2378 et
2317 2325 2440 2394 quia
2467 2325 2552 2379 ille
2575 2333 2734 2394 caput
2759 2333 2843 2380 est
2864 2325 3104 2380 omnium
3131 2335 3461 2392 sanctorum,

1887 2423 1942 2478 et
1967 2415 2045 2472 illi
2073 2416 2346 2482 membra,
2376 2423 2430 2474 et
2456 2415 2699 2478 membra
2725 2431 2939 2490 quoque
2963 2432 3059 2492 per
3099 2417 3290 2486 capitis
3332 2432 3462 2472 san-

1888 2507 2270 2578 ctiﬁcationem
2299 2508 2405 2564 sint
2435 2517 2622 2566 sancta
2659 2508 2716 2564 in
2758 2523 2822 2570 ea
2859 2507 3120 2574 veritate,
3162 2524 3269 2580 qua
3307 2515 3467 2580 caput

1887 2609 1972 2660 est
1994 2598 2418 2658 sanctiﬁcatum:
2447 2599 2564 2658 ideo
2589 2606 2642 2656 et
2671 2599 2724 2656 in
2755 2600 3104 2672 sequentibus
3128 2617 3234 2660 non
3255 2616 3354 2670 pro
3383 2601 3466 2656 his

1891 2699 2100 2748 tantum
2125 2705 2183 2746 se
2213 2706 2403 2764 rogare
2429 2691 2564 2748 dixit
2593 2689 2682 2760 qui
2713 2699 2840 2752 tunc
2877 2691 3142 2762 corporali
3181 2691 3466 2762 przcsentia

1889 2798 2012 2848 cum
2042 2797 2106 2842 eo
2137 2789 2329 2848 erant,
2361 2783 2456 2850 sed
2482 2784 2644 2840 etiam
2671 2800 2768 2854 pro
2804 2785 3053 2842 omnibus
3088 2783 3334 2842 ﬁdelibus
3371 2782 3465 2856 qui

1889 2887 1985 2948 per
2023 2888 2216 2936 eorum
2255 2874 2477 2942 verbum
2521 2874 2779 2932 credituri
2818 2882 2973 2942 erant
3009 2890 3106 2946 per
3146 2891 3258 2934 eos.
3299 2873 3467 2954 igitur

1889 2965 2150 3035 subjecit,
2180 2973 2236 3020 et
2263 2965 2338 3020 ait
2363 2984 2376 3020 :

1961 3059 2121 3118 Vens.
2158 3058 2248 3114 ‘20.
2278 3090 2348 3099 —
2377 3057 2498 3116 Non
2523 3077 2618 3132 pro
2645 3059 2726 3118 his
2755 3076 2879 3134 rogo
2903 3069 3127 3122 tantum.
3158 3078 3176 3110 ι
3205 3061 3234 3100 δ
3259 3059 3316 3122 Id
3346 3069 3464 3126 est,

205 3154 418 3224 Spiritu
451 3161 656 3214 sancto.
693 3152 880 3222 (Vens.
908 3148 994 3214 i5,
1037 3147 1146 3218 16.)
1183 3146 1308 3202 Non
1335 3163 1478 3218 rogo,
1501 3145 1786 3254 inquirtitut
1815 3189 1863 3254 ο
1889 3165 1990 3228 pro
2013 3150 2306 3219 discipulis,
2334 3151 2424 3224 qui
2451 3167 2574 3210 cum
2601 3151 2692 3208 illo
2717 3160 2846 3216 tunc
2871 3158 3041 3226 erant.
3075 3149 3176 3206 Sed
3199 3161 3245 3206 et
3271 3168 3366 3223 pro
3393 3152 3468 3214 eis

207 3245 365 3310 tuitus
405 3261 463 3300 eo
497 3244 559 3304 de
593 3243 786 3300 mundo
806 3282 820 3306 ,
847 3241 937 3296 sed
969 3249 1024 3294 ut
1054 3255 1222 3294 serves
1261 3255 1346 3292 eos
1375 3254 1438 3292 ex
1463 3236 1602 3298 malo
1645 3235 1784 3310 [Ms.
1818 3235 1828 3262 "

207 3354 244 3390 a
271 3335 469 3407 malo].
517 3335 708 3390 Adhuc
751 3333 894 3387 enim
951 3330 1317 3386 necessarium
1359 3327 1494 3396 fuit,
1545 3328 1791 3398 quamvis

201 3428 316 3500 jam
349 3443 454 3482 non
482 3435 664 3481 essent
693 3425 758 3480 de
787 3424 984 3480 mundo
1003 3464 1018 3488 ,
1051 3437 1170 3478 esse
1201 3429 1382 3474 tamen
1411 3419 1468 3474 in
1495 3419 1730 3482 mundo;
1763 3437 1782 3470 ι

207 3527 270 3590 ut
299 3521 636 3592 impleretur,
668 3519 811 3590 quod
842 3517 1044 3571 dictum
1082 3523 1166 3574 est
1195 3533 1208 3567 :
1253 3513 1320 3567 In
1351 3529 1553 3578 omnem
1595 3521 1789 3576 terram

207 3615 366 3669 exivit
417 3629 575 3666 sonus
623 3627 832 3674 eorum,
881 3619 926 3664 et
978 3611 1032 3666 in
1079 3608 1210 3678 lines
1255 3605 1394 3660 orbis
1441 3615 1592 3659 terrae
1636 3603 1788 3658 verba

207 3723 390 3778 eorum
421 3703 601 3777 (Psal.
635 3719 800 3774 xvm,
830 3701 918 3772 5).

281 3797 444 3850 Vens.
489 3794 574 3847 17.
613 3824 684 3832 -
722 3791 1008 3862 Sanctiﬁca
1041 3807 1126 3844 eos
1159 3791 1212 3844 in
1243 3790 1474 3842 ueritate.
1517 3785 1608 3842 Sic
1644 3787 1786 3841 alia]

210 3895 498 3942 servantur
526 3900 593 3939 ex
623 3884 781 3947 malo,
815 3883 958 3954 quod
988 3881 1230 3954 superius
1261 3879 1436 3936 oravit
1461 3887 1516 3933 ut
1547 3877 1699 3934 ﬁeret
1722 3875 1789 3932 de

210 3977 355 4031 maio
393 3975 629 4048 perﬁdiae
669 3975 720 4028 in
752 3989 856 4048 quo
889 3973 1082 4028 cecidit
1110 3969 1273 4024 Judas
1305 3970 1563 4040 proditor.
1604 3987 1622 4018 ι
1654 3967 1789 4023 Sau-

210 4069 521 4124 ctiticantur
549 4068 728 4136 itaque
755 4067 808 4120 in
836 4065 1063 4118 veritate
1093 4063 1330 4118 haeredcs
1359 4060 1666 4114 testamenti
1693 4073 1790 4113 no-

207 4164 295 4228 vi,
340 4163 491 4234 cujus
537 4161 782 4216 veritatis
823 4159 1027 4214 umbra:
1073 4157 1290 4212 fuerunt
1333 4156 1788 4214 sanctiﬁcationes

208 4255 424 4312 Veteris
443 4251 768 4308 Testamenti
787 4268 800 4317 ;
825 4258 882 4304 ct
900 4265 1022 4304 cum
1039 4247 1443 4304 sanctiﬁcantur
1461 4247 1516 4301 in
1541 4248 1786 4314 veritate,
1827 4293 1834 4300 .

209 4350 398 4418 utique
427 4346 831 4402 sanctiﬁcantur
859 4343 914 4398 in
945 4341 1178 4406 Christo,
1212 4341 1302 4410 qui
1330 4339 1594 4394 veraciter
1622 4338 1785 4394 dixit:

207 4437 326 4510 Ego
355 4455 471 4498 sunt
501 4437 612 4502 via,
645 4443 694 4490 et
720 4434 907 4488 veritas
927 4473 941 4498 ,
971 4440 1020 4486 et
1046 4432 1148 4486 vita
1176 4429 1371 4502 (Joan.
1409 4445 1496 4484 xvr
1516 4471 1530 4496 ,
1561 4427 1650 4502 6).
1691 4426 1786 4483 Ve-

1891 3244 1980 3320 qui
2019 3243 2270 3298 credituri
2299 3253 2418 3298 sunt
2448 3260 2541 3314 per
2569 3243 2776 3300 verbum
2804 3259 2982 3302 eorum
3009 3243 3064 3296 in
3089 3259 3188 3300 me.
3222 3242 3323 3298 Ubi
3352 3257 3468 3306 om-

1889 3349 1988 3396 nes
2032 3349 2156 3392 suos
2201 3333 2423 3406 intelligi
2466 3333 2668 3400 voluit,
2713 3349 2822 3388 non
2864 3333 3036 3398 solum
3077 3349 3172 3392 eos
3207 3331 3299 3402 qui
3340 3339 3468 3398 tunc

1891 3432 2047 3486 erant
2074 3425 2130 3484 in
2156 3440 2338 3491 carne.
2367 3426 2462 3486 sed
2484 3427 2646 3480 etiam
2674 3425 2766 3496 qui
2794 3425 2962 3486 futuri
2991 3434 3164 3490 erant.
3196 3427 3468 3498 Quotquot

1891 3519 2036 3580 enim
2063 3528 2248 3590 postea
2277 3519 2622 3576 crediderunt
2659 3520 2714 3578 in
2751 3535 2903 3586 cum,
2945 3534 3054 3594 per;
3081 3517 3306 3580 verbum
3347 3533 3466 3590 apo—

1891 3610 2151 3672 stolorum
2181 3609 2296 3672 sine
2325 3609 2486 3670 dubio
2523 3611 2902 3676 crediderunt,
2943 3619 2996 3674 et
3038 3611 3209 3666 donec
3246 3611 3465 3676 veniat,
3519 3603 3526 3616 ’

1891 3701 2148 3758 credituri
2189 3709 2354 3757 sunt:
2400 3702 2529 3774 ipsis
2569 3703 2716 3758 enim
2746 3702 2999 3762 dixerat:
3032 3703 3098 3758 Et
3128 3719 3213 3756 vos
3240 3703 3468 3758 testimo-

1891 3796 2034 3852 nium
2073 3795 2384 3866 perhibetis,
2423 3795 2546 3868 quia
2586 3793 2650 3852 ab
2692 3795 2842 3852 initio
2881 3812 3077 3852 mecum
3118 3796 3274 3858 estis,
3305 3803 3352 3848 et
3377 3811 3468 3864 per

1891 3902 1978 3944 vos
2017 3884 2358 3955 Evangelium
2397 3886 2746 3938 ministratum
2778 3893 2850 3938 est
2881 3883 3077 3958 (Joan.
3109 3899 3207 3950 xv,
3235 3883 3343 3953 27)
3370 3923 3384 3948 ,
3415 3891 3468 3940 et

1891 3987 2181 4050 antequam
2221 3977 2584 4044 scriberetur;
2617 3983 2672 4032 et
2709 3977 2894 4050 utique
2928 3976 3172 4048 quisquis
3211 3975 3266 4028 in
3305 3973 3463 4030 Chri-

1891 4075 2032 4134 stum
2060 4067 2260 4132 credit,
2287 4081 2380 4138 per
2406 4067 2752 4138 Evangeiium
2780 4065 2948 4122 credit
2977 4066 3159 4140 [Aug.,
3179 4066 3467 4138 Evangelio

1890 4157 2106 4231 credit].
2138 4157 2252 4212 Non
2281 4157 2461 4228 itaque
2490 4155 2655 4230 [Ms.,
2683 4156 2908 4232 utique]
2938 4157 2990 4212 hi
3022 4164 3228 4224 tantum
3273 4155 3468 4236 intelli-

1889 4249 2048 4320 gendi
2092 4257 2216 4304 sunt
2259 4263 2396 4320 quos
2434 4249 2510 4308 ait
2559 4249 2615 4302 in
2673 4265 2730 4304 se
2770 4249 3072 4306 credituros
3110 4263 3206 4322 per
3242 4249 3466 4304 verbum

1891 4356 2108 4408 eorum,
2141 4341 2254 4414 [qui
2284 4342 2426 4412 ipsos
2457 4358 2576 4398 cuni
2621 4343 2676 4398 in
2715 4357 2878 4398 carne
2917 4343 3160 4398 viverent
3197 4341 3466 4414 apostolos

1891 4431 2210 4500 audierunt,
2240 4433 2334 4488 sed
2374 4441 2430 4490 et
2467 4443 2590 4504 post
2618 4433 2823 4488 obitum
2849 4429 3070 4504 eorum]
3100 4440 3154 4488 et
3178 4447 3277 4488 nos
3305 4431 3462 4506 longe

206 4532 342 4594 ritas
382 4527 616 4584 liberabit
653 4543 759 4580 vos.
801 4523 966 4578 Paulo
1005 4531 1129 4577 ante
1169 4535 1444 4592 exponens
1480 4519 1633 4576 Jesus
1665 4520 1790 4590 quid
1819 4549 1868 4612 Ι)
1891 4533 2012 4598 post
2041 4525 2186 4592 nati,
2222 4541 2320 4596 per
2359 4525 2581 4580 verbum
2623 4541 2811 4582 eorum
2852 4525 3180 4592 credidimus
3216 4525 3272 4592 in
3311 4521 3467 4580 Citri-

207 4622 446 4687 dixerit,
475 4619 533 4674 Si
557 4636 642 4674 vos
667 4615 874 4682 Filius,
906 4614 1118 4688 inquit,
1151 4612 1388 4667 liberabit
1418 4611 1570 4686 [Ai.,
1601 4611 1790 4666 libera-

206 4715 338 4778 verit
358 4713 380 4786 ]
403 4743 444 4778 ,ο
470 4727 584 4766 uere
632 4709 781 4774 liberi
829 4708 973 4762 eritis
1014 4704 1213 4778 (Joan.
1245 4719 1379 4770 vm,
1409 4703 1510 4770 52,
1542 4701 1649 4776 56)
1677 4720 1688 4756 :
1731 4711 1792 4756 ut

205 4805 523 4876 ostenderet
568 4803 670 4858 hoc
724 4815 782 4856 se
835 4799 986 4874 prius
1037 4797 1236 4852 dixisse
1283 4796 1596 4860 veritatem,
1651 4795 1792 4864 quod

205 4896 550 4976 postmodum
589 4893 805 4950 Filium.
855 4889 993 4958 Quid
1032 4901 1161 4958 ergo
1201 4887 1344 4942 aliud
1383 4894 1438 4942 et
1473 4886 1575 4976 hoc
1603 4884 1788 4960 [loco]

205 4975 380 5052 dixit:
410 4983 693 5055 Sanctiﬁca
715 5000 799 5038 eos
825 4983 880 5036 in
904 4982 1116 5036 veritate
1135 5021 1149 5046 ,
1176 4979 1279 5036 nisi
1310 4975 1582 5034 sanctiﬂca
1611 4991 1704 5032 eos
1731 4977 1788 5031 in

205 5082 339 5146 me?
387 5079 630 5148 Denique
654 5075 941 5146 'sequitur,
981 5081 1036 5127 et
1075 5072 1177 5125 hoc
1237 5070 1476 5140 apertius
1515 5069 1788 5124 insinuare

205 5189 317 5232 non
350 5169 575 5235 desinit,
607 5165 787 5224 Sermo
815 5166 973 5218 etiam
1014 5171 1164 5228 tuus,
1209 5161 1422 5238 inquit,
1462 5161 1650 5222 veritas
1690 5167 1785 5212 est.

205 5263 352 5334 Quid
381 5261 521 5316 aliud
546 5258 710 5332 620
734 5255 900 5320 dixit,
928 5267 1087 5324 quam
1115 5266 1212 5322 ego
1241 5251 1444 5304 veritas
1468 5249 1626 5304 sum?
1653 5247 1790 5302 San-

206 5355 416 5422 etiﬁcat
457 5353 640 5422 itaque
678 5349 840 5404 Pater
877 5347 932 5402 in
971 5345 1236 5408 veritate,
1279 5343 1330 5397 id
1367 5349 1484 5408 est,
1528 5342 1586 5402 in
1612 5341 1790 5397 Verbo

207 5463 309 5510 suo
329 5489 344 5514 ,
375 5446 430 5502 in
459 5444 730 5516 unigenito
760 5455 875 5506 suo,
907 5451 1034 5494 suos
1059 5433 1302 5491 hteredes
1323 5473 1339 5500 ,
1369 5433 1589 5504 ejusque
1617 5432 1786 5488 cohae-

207 5541 391 5602 redes.
450 5538 554 5596 Sed
583 5551 720 5592 nunc
774 5533 950 5589 adhuc
973 5529 1040 5585 de
1067 5527 1324 5602 apostolis
1363 5527 1618 5598 loquitur,
1662 5541 1785 5580 nam

209 5641 433 5692 secutus
466 5630 704 5701 adjungit
747 5647 760 5682 :
794 5625 995 5699 (Vsus.
1031 5620 1133 5695 18)
1188 5620 1336 5677 Sicut
1379 5638 1459 5676 me
1497 5621 1686 5676 misisti
1731 5619 1784 5673 in

285 5806 312 5835 ει
347 5792 426 5848 Ex
457 5790 514 5847 S.
546 5790 707 5862 Aug.,
742 5793 901 5844 tract.
933 5796 1100 5852 cvm,
1127 5795 1276 5839 nam.
1307 5779 1450 5854 ι-λι.

1893 4626 2072 4678 stum:
2124 4619 2378 4692 quoniam
2427 4619 2524 4690 ipsi
2571 4621 2663 4690 qui
2713 4635 2836 4676 cum
2881 4619 2997 4690 ipso
3040 4625 3172 4682 tunc
3211 4617 3464 4690 fuerunt,

1891 4709 2033 4780 quod
2080 4711 2145 4764 ab
2199 4709 2290 4772 illo
2334 4717 2657 4780 acceperunt
2698 4710 2909 4776 caeteris
2953 4711 3402 4782 praedicaverunt.
3439 4729 3459 4763 ι

1889 4797 2076 4870 itaque
2120 4814 2218 4869 per
2255 4801 2478 4864 verbum
2520 4815 2710 4856 eorum
2747 4799 2949 4864 factum
2975 4809 3060 4858 est
3085 4811 3148 4858 ut
3173 4803 3335 4858 etiam
3368 4817 3465 4872 nos

1889 4889 2267 4960 crederemus,
2301 4890 2410 4948 imo
2437 4897 2492 4946 et
2515 4905 2704 4946 omnes
2727 4908 2898 4964 usque
2938 4893 2994 4948 in
3036 4895 3198 4950 tinem
3237 4894 3463 4961 mundi,

1889 4982 2194 5052 ubicunque
2222 4981 2462 5038 Ecclesia
2492 4981 2692 5042 Christi
2721 4985 2859 5052 erit,
2902 5001 2999 5060 per
3039 4989 3204 5044 verba
3243 4996 3457 5060 aposto-

1886 5071 2006 5128 lica:
2025 5073 2421 5144 prmdicationis
2447 5075 2702 5140 credituri
2728 5087 2904 5140 erunt.
2938 5078 3231 5150 Sequitur:
3265 5079 3457 5152 (Vens.

1889 5161 1981 5235 2i)
2015 5161 2082 5217 Ut
2112 5181 2286 5220 omnes
2313 5181 2476 5220 unum
2508 5167 2630 5222 sint.
2662 5167 2842 5226 Unum
2887 5172 2940 5226 in
2970 5172 3267 5238 charitate,
3297 5189 3460 5230 unum

1891 5255 1944 5324 in
1977 5254 2110 5322 ﬁde,
2139 5271 2307 5312 unum
2337 5256 2394 5320 in
2421 5273 2552 5328 pace
2576 5275 2590 5326 ;
2618 5259 2746 5330 quia
2771 5261 2828 5316 in
2855 5277 3021 5320 unum
3047 5277 3271 5332 regnum
3298 5264 3463 5320 futuri

1892 5353 2037 5402 sunt.
2089 5345 2241 5416 Licet
2291 5348 2346 5402 in
2391 5363 2456 5414 eo
2500 5365 2664 5424 regno
2705 5352 3012 5414 mansiones
3053 5353 3277 5426 diversae
3321 5355 3462 5424 sint,

1892 5445 2112 5516 propter
2139 5439 2330 5494 merita
2372 5449 2680 5496 sanctorum
2718 5441 2972 5508 diversa:
3015 5451 3194 5500 tamen
3235 5446 3462 5520 quicun-

1891 5545 1998 5602 que
2025 5529 2078 5584 in
2107 5545 2172 5588 eo
2213 5549 2380 5604 regno
2419 5535 2556 5600 erit,
2599 5535 2786 5590 beatus
2826 5535 2927 5592 erit
2950 5577 2966 5604 ,
3006 5545 3062 5594 et
3096 5539 3322 5598 suﬂiciet
3360 5540 3464 5600 sibi

1891 5623 2032 5692 quod
2062 5623 2346 5692 habuerit,
2377 5631 2431 5678 et
2458 5625 2512 5678 in
2541 5638 2604 5679 eo
2634 5625 2829 5694 gaudet
2853 5629 2994 5696 quod
3018 5631 3274 5699 possidet.
3312 5629 3460 5688 Sicut

1967 5779 1995 5824 ιι
2023 5777 2106 5836 Ex
2133 5777 2192 5834 S.
2221 5778 2386 5858 Aug.,
2413 5737 2573 5838 tract.
2602 5793 2725 5850 clx,
2753 5797 2904 5838 num.
2934 5781 2986 5838 ί.
