4088 6340
631 382 735 442 967

1477 354 1540 422 Β.
1577 362 1643 421 F.
1680 355 1906 417 ALBINI
1942 353 2072 412 SEU
2108 349 2700 419 ALCUINIIOPERUM
2734 347 2913 407 PARS
2944 347 3007 404 ll.

3779 341 3888 402 968

630 505 681 552 et
707 504 763 549 tu
792 491 953 548 Pater
976 490 1032 545 in
1059 503 1171 554 me,
1198 491 1247 540 et
1274 497 1368 555 ego
1392 466 1449 535 in
1474 486 1540 533 te.
1571 477 1685 532 Hoc
1712 483 1797 530 est
1814 514 1829 539 ,
1860 470 2000 542 quod
2043 466 2201 540 paulo
2228 468 2277 526 Α
2302 467 2416 541 25.)
2441 468 2603 522 Pater
2620 466 2781 537 juste,
2812 463 3031 519 mundus
3060 470 3108 516 te
3133 476 3237 516 non
3262 459 3516 532 cognovit.
3545 455 3685 526 Quia
3703 455 3890 528 iustus

632 598 758 646 ante
782 586 917 643 dixit
940 600 954 638 :
986 582 1094 653 Ego
1120 580 1175 635 in
1204 574 1363 630 Patre
1385 615 1399 640 ,
1427 581 1474 627 et
1506 568 1669 623 Pater
1690 568 1745 621 in
1770 581 1870 619 me.
1901 562 2035 616 Nam
2060 567 2203 614 totus

633 679 796 736 Pater
820 677 874 731 in
897 649 1160 736 Filio'est,
1186 676 1242 724 et
1267 673 1411 721 totus
1433 661 1600 716 Filius
1624 660 1677 714 in
1700 657 1895 713 Patre:
1923 660 1979 709 et
2001 651 2093 721 qui
2116 649 2205 704 Fi-

634 773 765 829 lium
793 769 955 825 babet
971 806 985 832 ,
1010 764 1173 820 habet
1201 769 1256 816 et
1277 758 1494 814 Patrem
1519 771 1534 821 ;
1562 760 1617 808 et
1639 750 1730 821 qui
1757 748 1975 804 Patrem
2001 742 2164 798 habet
2188 782 2205 808 ,

635 864 800 920 habet
823 866 878 915 et
904 857 1118 912 Filium.
1151 851 1304 909 Unde
1331 846 1558 919 subjecit
1588 862 1601 898 :
1647 841 1713 896 Ut
1743 849 1793 895 et
1831 837 1929 909 ipsi
1967 836 2022 890 in
2061 832 2207 889 nobis

636 967 797 1007 unum
826 948 948 1003 sint.
971 946 1032 1001 1d
1055 952 1171 1011 est,
1195 956 1301 996 una
1325 939 1588 995 charitate
1611 950 1711 990 nos
1733 931 1989 1002 diligant,
2018 936 2074 983 et
2099 941 2208 982 una

637 1044 742 1100 ﬁde
774 1057 873 1097 nos
911 1038 1165 1103 credant,
1194 1043 1251 1091 et
1277 1034 1331 1089 in
1360 1047 1468 1087 una
1497 1044 1592 1100 spe
1620 1028 1676 1083 in
1704 1024 1858 1081 nobis
1899 1020 2204 1085 conﬁdant;

636 1144 698 1191 ut
742 1135 814 1190 sit
852 1132 1031 1188 unitas
1070 1127 1312 1200 corporis
1352 1127 1407 1180 in
1448 1122 1655 1193 capite,
1698 1127 1757 1174 et
1794 1116 1863 1172 sit
1903 1129 2042 1170 unus
2068 1113 2210 1169 Deus

637 1228 820 1286 omnia
847 1226 905 1280 in
930 1221 1197 1279 omnibus.
1227 1218 1330 1287 Qui
1357 1217 1502 1274 enim
1541 1222 1663 1269 orat
1701 1227 1797 1284 pro
1836 1209 2029 1273 nobis,
2068 1222 2213 1262 mor-

640 1329 764 1377 tuus
794 1325 878 1375 est
902 1331 1004 1388 pro
1032 1315 1186 1371 nobis
1205 1355 1219 1380 ,
1250 1321 1305 1369 et
1331 1311 1465 1367 vivit
1488 1325 1588 1380 pro
1615 1307 1768 1363 nobis
1790 1346 1804 1371 ,
1832 1312 1893 1360 ut
1930 1318 2029 1359 nos
2065 1302 2214 1357 viva-

640 1428 764 1469 mus
793 1410 848 1465 in
878 1408 968 1464 illo
997 1405 1170 1480 [Ms.,
1200 1420 1322 1460 cum
1351 1403 1441 1458 illo
1462 1401 1504 1475 ].
1540 1401 1724 1456 Potest
1751 1407 1806 1455 et
1834 1398 1908 1453 ita
1947 1396 2171 1467 intelligi
2196 1436 2212 1463 ,

639 1511 701 1563 ut
740 1505 793 1559 in
836 1501 992 1557 nobis
1029 1513 1195 1553 unum
1239 1496 1381 1561 sint,
1424 1493 1477 1549 id
1514 1502 1629 1558 est,
1670 1493 1725 1548 in
1753 1491 2020 1547 charitate
2048 1504 2214 1545 unum

640 1597 753 1654 sint
785 1596 941 1652 nobis
977 1593 1256 1665 templum.
1298 1591 1451 1647 Unde
1487 1589 1721 1645 dicitur:
1761 1586 1895 1654 Quia
1934 1585 2103 1655 factus
2141 1591 2217 1638 est

641 1689 698 1745 in
724 1705 850 1760 pace
877 1686 1023 1742 locus
1052 1686 1164 1755 ejus
1185 1725 1200 1750 ,
1248 1693 1295 1738 et
1333 1681 1585 1736 habitatio
1614 1679 1728 1750 ejus
1756 1677 1812 1731 in
1865 1675 1994 1731 Sion
2024 1674 2043 1746 (
2067 1671 2215 1728 Psal.

2303 575 2385 626 es,
2416 558 2534 615 ideo
2563 568 2616 614 te
2641 574 2748 613 non
2777 556 3045 628 cognovit.
3073 553 3301 609 Mundus
3326 567 3479 619 vero,
3501 551 3594 621 qui
3619 552 3891 608 damnan-

2305 652 2404 708 dus
2446 661 2530 707 est
2550 667 2647 721 per
2692 649 2978 719 justitiam,
3009 656 3063 705 te
3114 663 3222 703 non
3274 645 3556 719 cognovit;
3608 644 3711 700 ille
3736 661 3885 713 vero,

2305 744 2398 813 qui
2418 743 2702 799 salvandus
2742 749 2861 797 erat
2888 756 2987 810 per
3015 739 3462 803 misericordiam,
3491 745 3547 793 te
3573 738 3840 808 cognovit
3871 754 3888 794 :

2307 832 2539 889 mundus
2564 848 2714 899 vero,
2742 847 2902 903 quem
2938 846 3037 902 per
3066 830 3339 886 Christum
3363 829 3748 886 reconciliavit
3769 828 3889 896 sibi,

2306 939 2414 981 non
2437 925 2651 991 merito,
2678 925 2773 980 sed
2799 924 2971 995 gratia
3011 923 3278 994 cognovit.
3305 921 3445 990 Quid
3484 930 3569 978 est
3591 922 3752 978 enim
3773 937 3887 981 eum

2309 1031 2653 1088 cognoscere,
2684 1014 2789 1070 nisi
2817 1014 2927 1069 vita
2959 1014 3193 1069 aeterna?
3218 1028 3380 1084 quam
3400 1013 3605 1069 mundo
3637 1014 3890 1071 damnato

2308 1111 2493 1181 utique
2519 1124 2627 1165 non
2656 1108 2821 1174 dedit,
2844 1107 3211 1164 reconciliatio
3235 1106 3413 1173 dedit;
3434 1114 3490 1160 et
3509 1114 3568 1160 ut
3591 1120 3891 1177 cognosce-

2312 1208 2413 1266 ret,
2445 1215 2553 1256 non
2575 1200 2626 1255 ei
2652 1199 2865 1265 merito,
2890 1199 2983 1255 sed
3005 1198 3180 1270 gratia
3206 1197 3525 1254 subvenisti.
3543 1197 3891 1269 Deniquese-

2312 1294 2533 1364 quitur:
2566 1290 2674 1361 Ego
2721 1298 2896 1344 autem
2921 1298 2969 1343 te
2997 1291 3230 1361 cognovi.
3280 1287 3399 1359 Ipse
3438 1287 3560 1344 fons
3595 1289 3796 1360 gratia:
3816 1297 3890 1345 est

2311 1385 2455 1441 Deus
2488 1391 2708 1447 natura;
2740 1381 2901 1437 homo
2922 1388 3101 1437 autem
3148 1381 3215 1437 de
3252 1379 3456 1451 Spiritu
3487 1389 3686 1436 sancto
3705 1389 3765 1435 et
3788 1380 3888 1435 vir-

2315 1477 2455 1549 gine,
2484 1474 2739 1531 ineﬂ‘abili
2788 1474 2981 1545 gratia,
3020 1492 3040 1526 ι
3071 1472 3127 1528 in
3173 1472 3438 1543 unitatem
3482 1486 3741 1543 persona:
3781 1471 3889 1527 Filii

2314 1571 2412 1627 Dei
2437 1576 2746 1641 assumptus
2771 1576 2874 1624 est.
2901 1568 3007 1624 Per
3025 1567 3175 1623 illum
3201 1574 3571 1637 cognoverunt
3594 1566 3679 1631 hi,
3711 1576 3766 1621 et
3788 1582 3889 1621 om-

2316 1679 2415 1721 nes
2447 1678 2548 1734 per
2572 1678 2665 1718 eos
2708 1660 2987 1717 credituri.
3029 1659 3168 1726 Quia
3198 1668 3254 1714 tu
3275 1676 3356 1713 me
3375 1658 3587 1713 misisti.
3625 1676 3648 1709 ι
3685 1657 3816 1726 Quia
3840 1668 3887 1714 tu

639 1751 805 1845 intv,
830 1779 896 1851 ὅ)
918 1819 933 1845 ,
964 1751 1088 1847 quae
1111 1791 1211 1831 nos
1248 1788 1454 1829 sumus.
1496 1770 1566 1826 Et
1595 1768 1821 1824 mundus
1851 1766 2027 1821 credat
2048 1807 2064 1831 ,
2094 1765 2219 1836 quia
2253 1837 2293 1851 __
2318 1772 2408 1812 me
2452 1755 2671 1822 misisti,
2722 1754 2843 1834 ideo
2890 1758 3257 1825 cognoverunt
3290 1769 3303 1804 :
3335 1751 3500 1821 igitur
3525 1766 3631 1823 per
3675 1752 3887 1820 gratiam

643 1879 700 1925 tu
839 1837 1047 1923 misisti.
1078 1865 1296 1921 Duobus
1324 1862 1500 1919 modis
1522 1902 1536 1926 ,
1577 1870 1637 1915 ut
1676 1859 1909 1914 diximus
1933 1898 1948 1923 ,
1987 1855 2219 1911 mundus
2246 1837 2296 1899 Β
2320 1854 2706 1918 cognoverunt.
2741 1846 2927 1918 (Vens.
2956 1843 3069 1917 26.)
3114 1844 3185 1898 Et
3231 1852 3413 1897 notum
3452 1842 3555 1912 feci
3583 1844 3681 1909 eis,
3708 1843 3888 1913 inquit,

644 1960 997 2032 intelligitur:
1026 1956 1182 2011 aliter
1212 1956 1266 2011 in
1294 1952 1665 2025 peccatoribus
1684 1992 1699 2016 ,
1729 1950 1887 2004 aliter
1912 1948 1967 2002 in
1995 1946 2215 2002 sanctis.

644 2050 746 2106 Hic
776 2050 1018 2105 nominat
1043 2047 1333 2111 mundum,
1360 2060 1455 2101 eos
1485 2042 1573 2112 qui
1613 2039 1869 2096 credituri
1910 2047 2096 2103 erant,
2137 2036 2223 2093 vel

646 2145 738 2215 qui
780 2151 906 2198 tunc
942 2140 1237 2197 credebant
1273 2137 1548 2194 Christum
1582 2132 1776 2189 Filium
1822 2132 1919 2187 Dei
1956 2144 2076 2186 esse
2098 2170 2113 2196 ,
2158 2129 2225 2185 ad

645 2240 876 2298 salutem
926 2235 1147 2291 humani
1196 2233 1411 2307 generis
1453 2232 1676 2287 missum
1719 2240 1840 2283 esse
1881 2241 1913 2280 a
1960 2224 2123 2279 Patre
2167 2221 2225 2277 in

645 2329 925 2387 mundum.

720 2423 883 2478 Vens.
923 2408 1131 2475 22."'——
1165 2415 1271 2473 Sed
1303 2424 1351 2471 et
1388 2431 1479 2486 ego
1518 2414 1809 2468 claritatem
1843 2424 2001 2481 quam
2038 2404 2228 2460 dedisti

651 2513 815 2578 mihi,
846 2510 965 2566 dedi
994 2512 1087 2567 eis.
1120 2508 1250 2576 Qua:
1273 2515 1356 2562 est
1385 2507 1490 2562 ista
1519 2502 1869 2567 clariﬁcatio,
1897 2498 2002 2554 nisi
2035 2497 2125 2551 illa
2162 2497 2229 2551 de

646 2618 755 2675 qua
789 2602 948 2673 paulo
991 2609 1116 2657 ante
1155 2599 1322 2665 dixit,
1365 2596 1649 2667 clariﬁcavi
1690 2609 1878 2648 nomen
1903 2587 2229 2645 tuumtlsta

648 2693 986 2759 clarificatio,
1014 2691 1249 2764 cognitio
1274 2698 1358 2745 est
1383 2689 1620 2744 nominis
1647 2682 2031 2755 omnipotentis
2052 2678 2231 2735 Patris

650 2787 706 2843 in
732 2785 888 2840 Filio.
919 2784 1070 2839 Hanc
1100 2783 1402 2838 claritatem
1433 2781 1578 2836 dedit
1603 2778 1771 2834 Filius
1794 2777 1953 2849 621
1986 2771 2233 2828 ﬁdelibus

649 2879 764 2936 suis
785 2920 799 2944 ,
837 2878 893 2934 id
930 2885 1047 2943 est,
1083 2877 1225 2931 hanc
1262 2874 1699 2946 praedicationem
1726 2913 1742 2938 ,
1778 2877 1841 2925 ut
1873 2867 2235 2938 praedicarent

650 2985 776 3027 eum
801 2968 950 3024 Patri
978 2983 1097 3024 esse
1127 2965 1386 3037 aequalem
1413 2966 1469 3019 in
1497 2964 1776 3019 divinitate
1800 3002 1815 3027 ,
1845 2969 1899 3016 et
1927 2959 2089 3014 Patre
2112 2970 2234 3012 esse

646 3062 915 3118 minorem
951 3060 1008 3115 in
1044 3058 1221 3115 forma
1257 3056 1431 3123 servi,
1468 3056 1521 3110 in
1571 3070 1674 3125 qua
1721 3053 1897 3108 iactus
1943 3054 2027 3104 est
2069 3045 2235 3101 Filius

648 3155 907 3221 hominis,
933 3162 995 3210 ut
1021 3168 1121 3210 nos
1148 3166 1393 3209 essemus
1415 3149 1541 3205 Filii
1565 3148 1661 3203 Dei
1690 3166 1702 3201 :
1733 3147 1787 3201 in
1815 3160 1923 3216 qua
1952 3141 2235 3198 nativitate

2320 1955 2509 1996 nomen
2542 1948 2708 2003 tuum,
2736 1944 2784 1991 et
2824 1945 3004 1990 notum
3044 1934 3257 2005 faciam.
3284 1951 3304 1985 (
3327 1931 3527 1988 Notum
3565 1932 3669 1988 feci
3714 1949 3811 2003 per
3836 1932 3889 1986 ﬁ-

2322 2033 2465 2097 dem,
2494 2039 2681 2087 notum
2702 2028 2896 2085 faciam
2916 2042 3013 2100 per
3032 2028 3285 2098 speciem.
3326 2025 3524 2082 Notum
3542 2026 3644 2081 feci
3664 2026 3718 2080 in
3744 2024 3891 2098 [hoc]

2324 2122 2520 2179 saeculo
2544 2120 3029 2193 peregrinantibus,
3076 2126 3264 2173 notum
3314 2116 3501 2172 faciam
3543 2117 3595 2170 in
3634 2116 3774 2171 cado
3800 2130 3892 2170 re-

2324 2214 2629 2285 gnantibus.
2663 2210 2994 2275 Ut.dilectio,
3025 2226 3128 2281 qua
3159 2209 3392 2263 dilexisti
3426 2224 3520 2271 me,
3549 2208 3604 2260 in
3629 2207 3751 2276 ipsis
3793 2206 3885 2270 sit,

2324 2315 2375 2361 et
2407 2323 2499 2377 ego
2524 2307 2581 2360 in
2603 2305 2750 2376 ipsis.
2794 2301 3073 2370 Quomodo
3104 2310 3284 2357 autem
3310 2301 3545 2364 dilectio,
3583 2314 3689 2369 qua
3708 2299 3897 2354 dilexit
3918 2348 3951 2387 ο

2324 2395 2487 2452 Pater
2514 2394 2729 2459 Filium,
2758 2400 2917 2448 estet
2954 2392 3010 2446 in
3035 2392 3206 2457 nobis,
3237 2391 3340 2446 nisi
3371 2390 3498 2460 quia
3524 2390 3765 2445 membra
3786 2390 3895 2459 ejus

2329 2504 2532 2553 sumus,
2579 2495 2635 2542 et
2658 2486 2711 2542 in
2752 2486 2844 2541 illo
2868 2484 3159 2555 diligimur,
3190 2499 3314 2539 cum
3340 2483 3432 2538 ille
3469 2481 3715 2552 diligitur
3734 2490 3887 2545 totus,

2330 2581 2385 2636 id
2411 2588 2514 2645 est,
2547 2586 2709 2648 caput
2757 2587 2811 2632 et
2843 2576 3074 2646 corpus?
3111 2575 3234 2630 ideo
3282 2572 3567 2643 subjunxit
3596 2589 3613 2625 :
3639 2570 3708 2625 Et
3736 2571 3894 2641 ego'is

2330 2674 2476 2745 ipsis,
2512 2680 2767 2742 tanquam
2810 2669 3033 2735 diceret,
3074 2667 3319 2739 quoniam
3358 2681 3453 2727 ego
3486 2681 3611 2719 sum
3654 2672 3703 2718 ct
3738 2665 3791 2717 in
3819 2664 3894 2732 ip-

2331 2767 2424 2821 sis.
2474 2784 2493 2817 ι

2403 2854 2715 2911 Terminato
2738 2867 2933 2924 magno
2952 2850 3267 2921 prolixoque
3293 2833 3568 2912 sermone,
3606 2861 3766 2917 quem
3789 2854 3900 2914 post

2335 2962 2543 3003 ctenam
2591 2945 2851 3000 Dominus
2874 2945 2940 2999 de
2985 2941 3260 2998 fundendo
3306 2956 3407 3010 pro
3441 2939 3603 2995 nobis
3659 2938 3901 3008 sanguine

2333 3041 2611 3113 proximus
2633 3038 2871 3109 passioni
2901 3036 2969 3091 ad
2993 3035 3284 3106 discipulos
3302 3034 3512 3096 habuit,
3542 3032 3640 3102 qui
3676 3047 3796 3088 cum
3821 3031 3902 3085 illo

2336 3141 2468 3189 tunc
2491 3139 2665 3196 erant,
2690 3130 2939 3200 adjuncta
2981 3128 3244 3191 oratione,
3270 3140 3432 3195 quam
3480 3123 3691 3179 direxit
3723 3122 3788 3176 ad
3810 3121 3901 3176 Pa-

651 3261 817 3302 nnnm
864 3205 1121 3301 debemus
1166 3259 1317 3309 esse,
1359 3241 1427 3298 de
1464 3256 1569 3311 qua
1613 3247 1670 3295 et
1706 3205 1977 3293 subdidit:
2023 3231 2091 3288 Ut
2124 3231 2230 3287 sint
2256 3205 2304 3271 ο
2333 3233 2473 3284 trem
2504 3239 2603 3296 pro
2656 3224 2796 3289 suis;
2849 3222 3101 3289 deinceps
3155 3219 3271 3289 ejus
3320 3216 3636 3288 passionem
3686 3214 3903 3271 Joannes

651 3354 815 3393 unum
837 3378 852 3403 ,
884 3338 1017 3391 sicut
1046 3346 1095 3392 et
1133 3354 1227 3391 nos
1261 3352 1425 3391 unum
1460 3350 1660 3389 sumus.
1696 3331 1776 3385 Illi
1812 3330 1868 3385 in
1901 3344 1998 3385 sua
2034 3334 2230 3382 natura

651 3446 821 3485 unum
856 3429 912 3484 in
948 3430 1255 3494 charitate;
1296 3444 1396 3483 nos
1434 3428 1489 3482 in
1527 3433 1712 3480 nostra
1751 3439 1917 3478 unum
1955 3437 2140 3477 sumus
2176 3422 2233 3477 in

653 3524 862 3579 unitate
889 3522 1203 3577 substantiae
1230 3528 1287 3577 et
1313 3519 1516 3590 gloriae.
1550 3516 1736 3589 (Vens.
1764 3515 1877 3583 25.)
1910 3512 2022 3584 Ego
2050 3514 2105 3566 in
2135 3512 2233 3579 eis,

655 3624 704 3670 et
737 3624 794 3669 tu
818 3614 874 3668 in
902 3629 1004 3666 me.
1036 3613 1150 3683 Ego
1184 3612 1239 3666 in
1274 3610 1353 3665 eis
1375 3651 1390 3676 ,
1419 3608 1560 3664 sicut
1588 3614 1749 3677 caput
1776 3606 1830 3659 in
1858 3604 2149 3669 membris;
2181 3611 2238 3659 et

658 3716 715 3763 tu
752 3707 809 3761 in
840 3722 959 3771 me,
997 3706 1137 3761 sicut
1168 3703 1332 3758 Pater
1365 3702 1419 3756 in
1455 3700 1613 3756 Filio.
1654 3697 1721 3753 Ut
1757 3698 1859 3753 sint
1891 3695 2235 3751 consummati

655 3797 712 3852 in
740 3814 920 3853 unum.
949 3796 1007 3851 ld
1036 3803 1151 3861 est,
1180 3792 1440 3865 perfecti,
1466 3791 1608 3863 quod
1630 3789 1875 3861 perﬁciet
1898 3789 1991 3859 qui
2017 3803 2117 3843 nos
2143 3802 2237 3842 vo—

656 3890 756 3945 luit
781 3905 948 3944 unum
974 3904 1093 3945 esse
1122 3888 1175 3942 in
1201 3902 1260 3943 se
1283 3893 1340 3942 et
1366 3900 1464 3957 per
1489 3899 1566 3939 se.
1603 3882 1669 3938 Ut
1699 3891 1973 3953 cognoscat
2007 3880 2235 3935 mundus

656 3985 781 4057 quia
807 3994 862 4039 tu
893 4001 973 4039 me
1009 3982 1229 4048 misisti,
1265 3989 1313 4036 et
1350 3979 1580 4035 dilexisti
1616 3995 1702 4033 eos
1737 3977 1871 4031 sicut
1908 3985 1957 4031 et
1992 3992 2075 4030 me
2110 3973 2239 4029 dile-

655 4079 800 4133 xisti.
834 4077 1077 4132 Dilexisti
1104 4091 1198 4132 eos
1218 4116 1232 4141 ,
1263 4082 1324 4130 ut
1350 4081 1533 4131 essent
1561 4071 1703 4143 quod
1731 4086 1837 4125 non
1878 4076 2070 4134 erant;
2102 4067 2236 4122 dile-

656 4170 786 4225 xisti
812 4184 933 4235 me,
961 4176 1025 4223 ut
1056 4182 1233 4222 essem
1275 4166 1419 4236 quod
1460 4178 1674 4233 semper
1715 4160 1833 4227 fui;
1875 4158 2111 4214 dilexisti
2151 4171 2238 4211 me

659 4260 800 4316 sicut
828 4260 1043 4315 unicum
1068 4275 1083 4325 ;
1118 4258 1240 4313 illos
1267 4257 1450 4326 itaque
1481 4256 1621 4310 sicut
1649 4252 1948 4321 adoptivos.
1995 4249 2237 4305 Dilexisti

660 4370 753 4411 eos
772 4394 787 4419 ,
817 4360 877 4406 ut
902 4368 999 4422 per
1026 4365 1114 4406 me
1140 4350 1197 4404 in
1224 4358 1276 4402 te
1305 4356 1523 4403 essent:
1557 4347 1791 4401 dilexisti
1823 4361 1908 4399 me
1930 4385 1944 4409 ,
1975 4352 2036 4398 ut
2066 4356 2160 4413 per
2187 4349 2239 4396 te

660 4446 717 4499 in
746 4453 798 4499 te
824 4458 1016 4498 essem.
1049 4442 1306 4511 Sequitur
1346 4458 1358 4494 :
1397 4440 1599 4511 (Vens.
1628 4439 1735 4510 24)
1776 4438 1958 4501 Pater,
1989 4454 2116 4508 quos
2146 4436 2238 4489 de-

2334 3315 2659 3389 evangelista
2684 3314 2765 3371 sic
2792 3327 2948 3368 orsus
2983 3319 3104 3367 est:

2936 3423 3165 3479 CAPUT
3202 3421 3317 3478 XL.

2339 3527 2659 3584 Traditionis
2681 3543 2743 3582 ac
2778 3525 3037 3599 passionis
3077 3524 3190 3594 ejus
3227 3539 3320 3595 per
3355 3522 3595 3578 ordinem
3631 3532 3777 3579 aestu
3798 3536 3911 3580 Ila!-

3013 3603 3217 3650 rantur.

2406 3711 2585 3767 Carur
2618 3726 2772 3777 xvnr,
2799 3709 2965 3765 Vens.
3004 3707 3055 3761 l.
3078 3735 3150 3747 —
3179 3705 3312 3761 Haec
3337 3723 3455 3761 cum
3494 3706 3721 3761 dixisset
3748 3706 3911 3774 Iesus,

2336 3819 2569 3874 egressus
2598 3809 2673 3855 est
2701 3817 2820 3854 cum
2865 3796 3135 3869 discipulis
3183 3798 3292 3851 suis
3329 3805 3473 3850 trans
3504 3806 3793 3851 torrentem
3830 3795 3915 3852 Ce-

2337 3894 2471 3948 dron
2495 3890 2773 3965 [Cedron].
2796 3890 3077 3945 Genitivus
3098 3888 3319 3958 pluralis
3346 3887 3400 3941 in
3420 3887 3636 3953 Graeco,
3667 3889 3809 3958 quod
3830 3903 3914 3958 po-

2338 3994 2446 4042 test
2464 3985 2656 4039 Latine
2675 3982 2971 4039 Cedrorum
2996 3981 3122 4035 dici.
3146 3980 3298 4035 Tunc
3318 3980 3772 4050 appropinquavit
3790 3990 3916 4035 tem-

2336 4093 2457 4148 pus,
2496 4077 2563 4131 de
2584 4090 2690 4145 quo
2718 4073 2771 4128 in
2799 4073 3015 4128 Psalmo
3043 4071 3241 4142 legitur
3265 4090 3276 4124 :
3307 4071 3385 4124 De
3407 4080 3639 4125 torrente
3668 4073 3727 4126 in
3746 4073 3830 4126 via
3849 4071 3917 4123 bi-

2340 4169 2431 4223 bit.
2478 4169 2534 4223 ln
2561 4167 2647 4221 via
2678 4165 2836 4235 hujus
2882 4165 3008 4219 vitae
3037 4164 3103 4219 de
3150 4170 3389 4217 torrente
3432 4163 3713 4231 passionis
3752 4162 3916 4218 bibit:

2338 4270 2607 4332 prapterea
2627 4244 2874 4312 exultavit
2895 4263 3049 4326 caput
3075 4252 3246 4326 (Psal.
3277 4269 3383 4318 cu,
3416 4252 3470 4323 7)
3498 4271 3510 4304 :
3534 4252 3685 4322 quod
3706 4255 3920 4322 Aposto-

2340 4351 2423 4406 lus
2455 4351 2529 4404 ita
2564 4349 2812 4419 exposuit
2844 4365 2857 4400 :
2890 4343 3127 4399 Christus
3169 4342 3409 4397 obediens
3455 4340 3615 4396 Patri
3650 4360 3819 4415 usque
3860 4341 3923 4395 ad

2340 4450 2575 4502 mortem,
2602 4448 2820 4493 mortem
2844 4445 3017 4491 autem
3067 4435 3257 4489 crucis.
3287 4432 3515 4505 Propter
3546 4435 3693 4505 quod
3714 4445 3763 4488 et
3791 4433 3922 4498 Deus

662 4534 785 4589 diali
821 4533 946 4586 mihi
967 4573 981 4597 ,
1012 4532 1123 4586 volo
1159 4541 1214 4585 ut
1249 4531 1337 4585 ubi
1374 4548 1486 4587 sum
1524 4548 1649 4602 ego,
1682 4538 1729 4585 et
1766 4528 1843 4582 illi
1874 4529 1977 4583 sint
2016 4544 2235 4583 mecum.
2266 4553 2318 4612 ι)
2342 4534 2587 4591 exaltavit
2625 4531 2774 4585 illum
2798 4529 3016 4603 (Philip.
3046 4544 3107 4593 ιι,
3139 4529 3193 4593 8,
3223 4525 3301 4598 9).
3349 4524 3449 4580 Ubi
3481 4536 3595 4579 erat
3631 4528 3840 4591 hortus,
3875 4528 3925 4578 in

669 4642 689 4676 ι
719 4635 746 4665 α
767 4623 922 4678 Nunc
945 4639 1042 4695 per
1067 4622 1224 4678 ﬁdem
1242 4664 1256 4688 ,
1284 4631 1408 4679 tunc
1431 4637 1560 4692 ergo
1585 4621 1678 4676 ﬁet
1699 4637 1797 4691 per
1822 4620 2077 4690 speciem.
2105 4620 2241 4676 Cum

663 4717 910 4775 Christus
934 4718 1242 4789 apparuerit
1263 4718 1373 4771 vita
1402 4724 1585 4771 nostra
1604 4755 1618 4781 ,
1645 4726 1774 4769 tunc
1798 4721 1854 4768 et
1878 4728 1977 4768 nos
2000 4728 2122 4768 cum
2150 4713 2240 4769 illo

666 4809 1041 4881 apparebimus
1076 4810 1132 4864 in
1174 4808 1340 4880 gloria
1382 4806 1616 4880 (Coloss.
1647 4822 1708 4860 tn
1733 4846 1747 4870 ,
1776 4803 1867 4875 4).
1905 4823 1924 4856 ι
1963 4804 2114 4858 Tunc
2147 4818 2240 4874 ap-

645 4900 972 4974 parebimus
998 4900 1142 4970 quod
1173 4907 1303 4961 tunc.
1324 4899 1566 4964 erimus;
1612 4897 1736 4966 quia
1767 4904 1895 4949 tunc
1924 4893 2238 4963 apparebit,

666 5003 955 5065 antequam
981 5007 1221 5049 essemus
1241 5032 1255 5057 ,
1285 4991 1429 5061 quod
1458 4998 1588 5043 tunc
1613 4987 1817 5041 erimus
1834 4985 1863 5024 ι)

738 5085 805 5141 Ut
832 5087 1036 5141 videant
1076 5083 1368 5138 claritatem
1412 5096 1602 5144 meam,
1650 5094 1807 5149 quam
1856 5075 2046 5129 dedisti
2094 5075 2241 5130 mihi.

666 5179 937 5235 Fortassis
966 5192 1095 5248 ergo
1120 5177 1186 5230 de
1212 5174 1301 5228 illa
1326 5172 1573 5227 claritate
1608 5168 1757 5231 dicit,
1790 5168 1845 5222 in
1875 5182 1978 5237 qua
2006 5166 2155 5222 sedet
2178 5167 2247 5223 ad

648 5254 946 5326 'dexteram
981 5266 1077 5322 Dei
1131 5263 1328 5319 Patris.
1353 5260 1619 5316 Continuo
1645 5257 1917 5329 subiungit
1951 5277 1964 5311 :
1994 5257 2132 5322 Quia
2160 5258 2245 5312 di-

669 5359 843 5415 lexisti
873 5375 954 5412 me
994 5365 1115 5411 ante
1138 5353 1556 5409 constitutionem
1594 5349 1794 5403 mundi.
1830 5368 1849 5400 t
1894 5348 1953 5403 In
1990 5347 2080 5404 illo
2102 5349 2248 5403 enim

670 5451 860 5510 dilexit
898 5456 955 5506 et
993 5462 1095 5504 nos
1145 5453 1269 5500 ante
1310 5442 1749 5500 constitutionem
1790 5442 1998 5507 mundi,
2034 5449 2088 5495 et
2117 5449 2245 5497 tunc

669 5539 1075 5616 praedestinavit
1093 5537 1238 5608 quod
1259 5536 1313 5589 in
1327 5535 1433 5591 ﬁne
1456 5531 1700 5588 facturus
1724 5539 1810 5588 est
1827 5532 2029 5588 mundi.
2054 5531 2240 5606 (Vsus.

725 5673 777 5718 ἰ
797 5674 879 5730 Ex
902 5671 963 5730 S.
983 5671 1332 5743 Aug.,gtract.
1348 5684 1470 5743 gn,
1495 5682 1645 5723 num.
1669 5665 1785 5743 ιβ,

747 5744 967 5817 PAug.,
991 5736 1098 5817 loc:
1121 5736 1215 5797 cit.
1250 5760 1263 5797 :
1295 5757 1315 5791 ι
1348 5738 1503 5817 Tunc
1528 5736 2096 5817 .apparebimuquuod
2117 5743 2249 5817 tunc}

677 5808 931 5881 erimus?
952 5808 1088 5887 quia
1115 5819 1244 5867 tunc
1290 5808 1585 5887 apparebit,
1604 5808 1730 5865 non
1781 5808 2013 5867 inaniter
2053 5823 2154 5867 nos
2192 5809 2247 5868 id

2341 4644 2493 4699 quem
2522 4625 2753 4679 introivit
2773 4624 2881 4694 ipse
2900 4631 2947 4676 et
2974 4618 3218 4691 discipuli
3239 4620 3375 4691 ejus.
3403 4618 3548 4674 Bene
3572 4619 3627 4672 in
3654 4619 3813 4673 horto
3829 4617 3926 4671 mi—

2343 4720 2499 4775 serite
2526 4724 2723 4772 nostra:
2778 4713 3201 4783 comprehensus
3238 4719 3339 4772 est,
3371 4716 3431 4763 ut
3477 4725 3581 4766 nos
3611 4704 3673 4763 in‘
3706 4710 3925 4762 hortum

2342 4808 2687 4869 beatitudinis
2699 4822 2809 4863 sum
2829 4805 3125 4861 induceret.
3140 4802 3311 4873 Igitur
3330 4802 3384 4855 in
3406 4801 3569 4856 horto
3588 4800 3921 4861 deliciarum,

2339 4905 2393 4959 id
2406 4911 2509 4969 est,
2520 4904 2574 4958 in
2587 4901 2747 4974 622
2760 4898 3028 4969 paradiso,
3042 4896 3248 4966 primus
3261 4892 3467 4966 [Pater]
3481 4894 3703 4949 humani
3715 4891 3925 4963 generis

2342 4995 2608 5066 peccavit,
2640 5001 2694 5047 et
2716 4991 2839 5047 inde
2868 4989 3073 5058 ejectus
3100 4996 3183 5042 est
3204 4988 3256 5040 in
3278 4987 3420 5041 hanc
3439 4985 3635 5040 vallem
3663 4985 3923 5055 lacryms-

2346 5100 2487 5141 rum.
2520 5084 2641 5138 [deo
2669 5081 2916 5138 Christus
2941 5078 3207 5134 secundus
3229 5076 3398 5131 Adam
3421 5092 3481 5132 se
3507 5077 3562 5130 in
3588 5077 3752 5131 horto
3786 5089 3925 5131 com-

2346 5176 2606 5249 prehendi
2630 5174 2820 5238 voluit,
2842 5182 2902 5226 ut
2926 5177 3228 5242 peccatum,
3246 5170 3387 5239 quod
3408 5169 3463 5223 in
3489 5169 3651 5224 horto
3687 5165 3922 5238 paradisi

2348 5269 2496 5343 (nam
2520 5266 2801 5338 paradisus
2823 5265 3015 5337 hortus
3033 5262 3346 5317 deliciarum
3376 5258 3797 5330 interpretatur)
3820 5258 3926 5329 pri-

2347 5375 2467 5416 mus
2495 5356 2656 5413 homo
2685 5353 2974 5418 commisit,
3021 5352 3307 5408 deleretur.
3353 5350 3539 5422 (Vsus.
3585 5349 3668 5420 2.)
3716 5348 3926 5404 Sciebat

2352 5460 2524 5507 autem
2548 5457 2594 5503 et
2620 5447 2810 5511 ludas,
2839 5445 2929 5516 qui
2955 5444 3191 5497 tradebat
3235 5458 3371 5506 eum,
3419 5441 3606 5505 locum,
3649 5441 3784 5512 quia
3829 5438 3931 5509 frs-

2350 5549 2563 5615 quenter
2590 5536 2744 5592 Iesus
2769 5543 3078 5591 convenerat
3101 5533 3226 5588 illuc
3245 5550 3364 5589 cum
3386 5531 3677 5604 discipulis.
3706 5549 3726 5583 ι
3765 5543 3791 5571 ο
3818 5529 3933 5590 Hoc

2354 5672 2645 5732 credidisse
2668 5684 2735 5742 ac
2760 5682 3024 5742 sperasse,
3066 5673 3353 5738 antequam
3374 5676 3635 5742 essemus.
3659 5679 3686 5719 ι

2426 5756 2449 5786 ο
2476 5744 2563 5800 Ex
2579 5742 2637 5800 S.
2660 5734 2824 5813 Augf,
2853 5746 3013 5797 tract.
3041 5753 3177 5827 cru,
3203 5734 3352 5796 num.
3385 5734 3499 5796 1-6.
