  <div class='ocr_page' id='page_1' title='image "/cluster/home/n/w/nwhite01/storage/ocr_20150623/100/hvd.32044024239972/490.png"; bbox 0 0 4088 6340; ppageno 0'>
   <div class='ocr_carea' id='block_1_1' title="bbox 271 366 381 450">
    <p class='ocr_par' dir='ltr' id='par_1_1' title="bbox 271 366 381 450">
     <span class='ocr_line' id='line_1_1' title="bbox 271 366 381 450; baseline -0.036 0"><span class='ocrx_word' id='word_1_1' title='bbox 271 366 381 450; x_wconf 74' lang='lat' dir='ltr'><strong>oss</strong></span> 
     </span>
    </p>
   </div>
   <div class='ocr_carea' id='block_1_2' title="bbox 1086 356 2721 439">
    <p class='ocr_par' dir='ltr' id='par_1_2' title="bbox 1086 356 2721 439">
     <span class='ocr_line' id='line_1_2' title="bbox 1086 356 2721 439; baseline -0.01 0"><span class='ocrx_word' id='word_1_2' title='bbox 1086 378 1493 439; x_wconf 69' lang='lat' dir='ltr'><strong>EXEGETICA.</strong></span> <span class='ocrx_word' id='word_1_3' title='bbox 1531 409 1601 418; x_wconf 91' lang='lat'><strong>—</strong></span> <span class='ocrx_word' id='word_1_4' title='bbox 1637 372 1989 432; x_wconf 61' lang='lat' dir='ltr'><strong>COMMENT.</strong></span> <span class='ocrx_word' id='word_1_5' title='bbox 2024 372 2089 426; x_wconf 78' lang='lat' dir='ltr'><strong>IN</strong></span> <span class='ocrx_word' id='word_1_6' title='bbox 2129 369 2318 426; x_wconf 73' lang='lat' dir='ltr'><strong>JOAN.</strong></span> <span class='ocrx_word' id='word_1_7' title='bbox 2349 400 2420 410; x_wconf 85' lang='lat'><strong>--</strong></span> <span class='ocrx_word' id='word_1_8' title='bbox 2446 370 2571 424; x_wconf 82' lang='lat' dir='ltr'><strong>LIB.</strong></span> <span class='ocrx_word' id='word_1_9' title='bbox 2616 356 2721 424; x_wconf 64' lang='grc' dir='ltr'><strong>ΥΠ.</strong></span> 
     </span>
    </p>
   </div>
   <div class='ocr_carea' id='block_1_3' title="bbox 3387 350 3501 418">
    <p class='ocr_par' dir='ltr' id='par_1_3' title="bbox 3387 350 3501 418">
     <span class='ocr_line' id='line_1_3' title="bbox 3387 350 3501 418; baseline -0.061 -1"><span class='ocrx_word' id='word_1_10' title='bbox 3387 350 3501 418; x_wconf 69' lang='grc'>970³</span> 
     </span>
    </p>
   </div>
   <div class='ocr_carea' id='block_1_4' title="bbox 272 477 3501 576">
    <p class='ocr_par' dir='ltr' id='par_1_4' title="bbox 272 477 3501 576">
     <span class='ocr_line' id='line_1_4' title="bbox 272 477 3501 576; baseline -0.01 -15"><span class='ocrx_word' id='word_1_11' title='bbox 272 504 415 576; x_wconf 83' lang='lat' dir='ltr'><strong>quod</strong></span> <span class='ocrx_word' id='word_1_12' title='bbox 439 511 639 568; x_wconf 87' lang='lat' dir='ltr'><strong>narrat,</strong></span> <span class='ocrx_word' id='word_1_13' title='bbox 660 503 956 573; x_wconf 78' lang='lat' dir='ltr'><strong>ingressum</strong></span> <span class='ocrx_word' id='word_1_14' title='bbox 980 498 1260 552; x_wconf 80' lang='lat' dir='ltr'><strong>Dominum</strong></span> <span class='ocrx_word' id='word_1_15' title='bbox 1283 508 1403 549; x_wconf 81' lang='lat' dir='ltr'><strong>cum</strong></span> <span class='ocrx_word' id='word_1_16' title='bbox 1426 491 1701 562; x_wconf 81' lang='lat' dir='ltr'><strong>discipulis</strong></span> <span class='ocrx_word' id='word_1_17' title='bbox 1724 488 1833 544; x_wconf 84' lang='lat' dir='ltr'><strong>suis</strong></span> <span class='ocrx_word' id='word_1_18' title='bbox 1862 493 1908 546; x_wconf 82' lang='grc' dir='ltr'><strong>Α</strong></span> <span class='ocrx_word' id='word_1_19' title='bbox 1938 484 2049 556; x_wconf 82' lang='lat' dir='ltr'><strong>Ego</strong></span> <span class='ocrx_word' id='word_1_20' title='bbox 2091 500 2227 549; x_wconf 87' lang='lat' dir='ltr'><strong>sum,</strong></span> <span class='ocrx_word' id='word_1_21' title='bbox 2258 484 2406 576; x_wconf 82' lang='lat' dir='ltr'><strong>dicit,</strong></span> <span class='ocrx_word' id='word_1_22' title='bbox 2435 483 2717 576; x_wconf 76' lang='lat' dir='ltr'><strong>etimpios</strong></span> <span class='ocrx_word' id='word_1_23' title='bbox 2762 478 2971 576; x_wconf 53' lang='lat' dir='ltr'><strong>dejecit:</strong></span> <span class='ocrx_word' id='word_1_24' title='bbox 3159 477 3501 570; x_wconf 81' lang='lat' dir='ltr'><strong>judicaturtts</strong></span> 
     </span>
    </p>
   </div>
   <div class='ocr_carea' id='block_1_5' title="bbox 272 582 1834 657">
    <p class='ocr_par' dir='ltr' id='par_1_5' title="bbox 272 582 1834 657">
     <span class='ocr_line' id='line_1_5' title="bbox 272 582 1834 657; baseline -0.01 -7"><span class='ocrx_word' id='word_1_25' title='bbox 272 594 329 650; x_wconf 90' lang='lat' dir='ltr'><strong>in</strong></span> <span class='ocrx_word' id='word_1_26' title='bbox 355 595 592 657; x_wconf 90' lang='lat' dir='ltr'><strong>hortum,</strong></span> <span class='ocrx_word' id='word_1_27' title='bbox 623 608 731 646; x_wconf 91' lang='lat' dir='ltr'><strong>non</strong></span> <span class='ocrx_word' id='word_1_28' title='bbox 782 590 1032 645; x_wconf 74' lang='lat' dir='ltr'><strong>Continuo</strong></span> <span class='ocrx_word' id='word_1_29' title='bbox 1062 586 1260 641; x_wconf 87' lang='lat' dir='ltr'><strong>factum</strong></span> <span class='ocrx_word' id='word_1_30' title='bbox 1286 594 1389 647; x_wconf 88' lang='lat' dir='ltr'><strong>est,</strong></span> <span class='ocrx_word' id='word_1_31' title='bbox 1433 596 1555 637; x_wconf 84' lang='lat' dir='ltr'><strong>cum</strong></span> <span class='ocrx_word' id='word_1_32' title='bbox 1582 582 1695 651; x_wconf 82' lang='lat' dir='ltr'><strong>ejus</strong></span> <span class='ocrx_word' id='word_1_33' title='bbox 1741 582 1834 635; x_wconf 87' lang='lat' dir='ltr'><strong>illa</strong></span> 
     </span>
    </p>
   </div>
   <div class='ocr_carea' id='block_1_6' title="bbox 271 675 1837 749">
    <p class='ocr_par' dir='ltr' id='par_1_6' title="bbox 271 675 1837 749">
     <span class='ocr_line' id='line_1_6' title="bbox 271 675 1837 749; baseline -0.008 -9"><span class='ocrx_word' id='word_1_34' title='bbox 271 686 423 740; x_wconf 82' lang='lat' dir='ltr'><strong>ﬁnita</strong></span> <span class='ocrx_word' id='word_1_35' title='bbox 455 693 600 739; x_wconf 85' lang='lat' dir='ltr'><strong>esset</strong></span> <span class='ocrx_word' id='word_1_36' title='bbox 642 683 834 746; x_wconf 78' lang='lat' dir='ltr'><strong>oratio,</strong></span> <span class='ocrx_word' id='word_1_37' title='bbox 884 682 950 737; x_wconf 91' lang='lat' dir='ltr'><strong>de</strong></span> <span class='ocrx_word' id='word_1_38' title='bbox 997 679 1147 749; x_wconf 90' lang='lat' dir='ltr'><strong>cujus</strong></span> <span class='ocrx_word' id='word_1_39' title='bbox 1192 678 1371 733; x_wconf 78' lang='lat' dir='ltr'><strong>verbis</strong></span> <span class='ocrx_word' id='word_1_40' title='bbox 1411 678 1526 732; x_wconf 89' lang='lat' dir='ltr'><strong>ait:</strong></span> <span class='ocrx_word' id='word_1_41' title='bbox 1558 675 1686 730; x_wconf 75' lang='lat' dir='ltr'><strong>Ha&#39;c</strong></span> <span class='ocrx_word' id='word_1_42' title='bbox 1719 692 1837 729; x_wconf 81' lang='lat' dir='ltr'><strong>cum</strong></span> 
     </span>
    </p>
   </div>
   <div class='ocr_carea' id='block_1_7' title="bbox 271 767 1835 840">
    <p class='ocr_par' dir='ltr' id='par_1_7' title="bbox 271 767 1835 840">
     <span class='ocr_line' id='line_1_7' title="bbox 271 767 1835 840; baseline -0.005 -12"><span class='ocrx_word' id='word_1_43' title='bbox 271 774 486 829; x_wconf 71' lang='lat' dir='ltr'><strong>dixisset</strong></span> <span class='ocrx_word' id='word_1_44' title='bbox 527 772 717 839; x_wconf 72' lang='lat' dir='ltr'><strong>Iesus;</strong></span> <span class='ocrx_word' id='word_1_45' title='bbox 770 771 862 827; x_wconf 86' lang='lat' dir='ltr'><strong>sed</strong></span> <span class='ocrx_word' id='word_1_46' title='bbox 905 772 1009 826; x_wconf 90' lang='lat' dir='ltr'><strong>alia</strong></span> <span class='ocrx_word' id='word_1_47' title='bbox 1041 771 1282 840; x_wconf 68' lang='lat' dir='ltr'><strong>qumdam</strong></span> <span class='ocrx_word' id='word_1_48' title='bbox 1328 778 1452 824; x_wconf 91' lang='lat' dir='ltr'><strong>sunt</strong></span> <span class='ocrx_word' id='word_1_49' title='bbox 1503 767 1835 838; x_wconf 88' lang='lat' dir='ltr'><strong>interposita,</strong></span> 
     </span>
    </p>
   </div>
   <div class='ocr_carea' id='block_1_8' title="bbox 268 852 1836 935">
    <p class='ocr_par' dir='ltr' id='par_1_8' title="bbox 268 852 1836 935">
     <span class='ocr_line' id='line_1_8' title="bbox 268 852 1836 935; baseline -0.005 -17"><span class='ocrx_word' id='word_1_50' title='bbox 268 852 481 935; x_wconf 38' lang='lat' dir='ltr'><strong>&#39;quaa&#39;ab</strong></span> <span class='ocrx_word' id='word_1_51' title='bbox 510 864 612 918; x_wconf 87' lang='lat' dir='ltr'><strong>isto</strong></span> <span class='ocrx_word' id='word_1_52' title='bbox 647 863 1028 932; x_wconf 79' lang='lat' dir='ltr'><strong>praetermissa,</strong></span> <span class='ocrx_word' id='word_1_53' title='bbox 1058 861 1195 930; x_wconf 83' lang='lat' dir='ltr'><strong>apud</strong></span> <span class='ocrx_word' id='word_1_54' title='bbox 1220 860 1354 914; x_wconf 88' lang='lat' dir='ltr'><strong>alios</strong></span> <span class='ocrx_word' id='word_1_55' title='bbox 1380 857 1735 928; x_wconf 83' lang='lat' dir='ltr'><strong>evangelistas</strong></span> <span class='ocrx_word' id='word_1_56' title='bbox 1756 855 1836 910; x_wconf 86' lang='lat' dir='ltr'><strong>lc-</strong></span> 
     </span>
    </p>
   </div>
   <div class='ocr_carea' id='block_1_9' title="bbox 272 945 1839 1025">
    <p class='ocr_par' dir='ltr' id='par_1_9' title="bbox 272 945 1839 1025">
     <span class='ocr_line' id='line_1_9' title="bbox 272 945 1839 1025; baseline -0.006 -16"><span class='ocrx_word' id='word_1_57' title='bbox 272 965 475 1025; x_wconf 78' lang='lat' dir='ltr'><strong>guntur</strong></span> <span class='ocrx_word' id='word_1_58' title='bbox 499 974 510 1008; x_wconf 94' lang='lat'><strong>:</strong></span> <span class='ocrx_word' id='word_1_59' title='bbox 542 956 681 1010; x_wconf 88' lang='lat' dir='ltr'><strong>sicut</strong></span> <span class='ocrx_word' id='word_1_60' title='bbox 704 954 843 1023; x_wconf 89' lang='lat' dir='ltr'><strong>apud</strong></span> <span class='ocrx_word' id='word_1_61' title='bbox 872 955 1014 1008; x_wconf 91' lang='lat' dir='ltr'><strong>hunc</strong></span> <span class='ocrx_word' id='word_1_62' title='bbox 1042 950 1385 1006; x_wconf 88' lang='lat' dir='ltr'><strong>inveniuntur</strong></span> <span class='ocrx_word' id='word_1_63' title='bbox 1408 948 1591 1011; x_wconf 91' lang='lat' dir='ltr'><strong>multa,</strong></span> <span class='ocrx_word' id='word_1_64' title='bbox 1623 962 1741 1015; x_wconf 68' lang='lat' dir='ltr'><strong>qua:</strong></span> <span class='ocrx_word' id='word_1_65' title='bbox 1765 945 1839 999; x_wconf 83' lang='lat' dir='ltr'><strong>illi</strong></span> 
     </span>
    </p>
   </div>
   <div class='ocr_carea' id='block_1_10' title="bbox 274 1038 1840 1101">
    <p class='ocr_par' dir='ltr' id='par_1_10' title="bbox 274 1038 1840 1101">
     <span class='ocr_line' id='line_1_10' title="bbox 274 1038 1840 1101; baseline -0.006 -1"><span class='ocrx_word' id='word_1_66' title='bbox 274 1044 523 1101; x_wconf 82' lang='lat' dir='ltr'><strong>similiter</strong></span> <span class='ocrx_word' id='word_1_67' title='bbox 552 1045 605 1099; x_wconf 93' lang='lat' dir='ltr'><strong>in</strong></span> <span class='ocrx_word' id='word_1_68' title='bbox 640 1061 736 1099; x_wconf 90' lang='lat' dir='ltr'><strong>sua</strong></span> <span class='ocrx_word' id='word_1_69' title='bbox 782 1042 1089 1098; x_wconf 80' lang='lat' dir='ltr'><strong>narratione</strong></span> <span class='ocrx_word' id='word_1_70' title='bbox 1124 1048 1428 1096; x_wconf 83' lang='lat' dir='ltr'><strong>tacuerunt.</strong></span> <span class='ocrx_word' id='word_1_71' title='bbox 1479 1038 1560 1093; x_wconf 82' lang='lat' dir='ltr'><strong>Ad</strong></span> <span class='ocrx_word' id='word_1_72' title='bbox 1584 1039 1686 1093; x_wconf 89' lang='lat' dir='ltr'><strong>hoc</strong></span> <span class='ocrx_word' id='word_1_73' title='bbox 1711 1052 1840 1091; x_wconf 88' lang='lat' dir='ltr'><strong>vero</strong></span> 
     </span>
    </p>
   </div>
   <div class='ocr_carea' id='block_1_11' title="bbox 274 1127 1842 1205">
    <p class='ocr_par' dir='ltr' id='par_1_11' title="bbox 274 1127 1842 1205">
     <span class='ocr_line' id='line_1_11' title="bbox 274 1127 1842 1205; baseline -0.007 -15"><span class='ocrx_word' id='word_1_74' title='bbox 274 1136 435 1201; x_wconf 87' lang='lat' dir='ltr'><strong>valet,</strong></span> <span class='ocrx_word' id='word_1_75' title='bbox 464 1136 607 1205; x_wconf 93' lang='lat' dir='ltr'><strong>quod</strong></span> <span class='ocrx_word' id='word_1_76' title='bbox 642 1136 841 1190; x_wconf 87' lang='lat' dir='ltr'><strong>dictum</strong></span> <span class='ocrx_word' id='word_1_77' title='bbox 879 1139 963 1188; x_wconf 88' lang='lat' dir='ltr'><strong>est</strong></span> <span class='ocrx_word' id='word_1_78' title='bbox 993 1151 1005 1185; x_wconf 90' lang='lat'><strong>:</strong></span> <span class='ocrx_word' id='word_1_79' title='bbox 1042 1130 1169 1185; x_wconf 70' lang='lat' dir='ltr'><strong>Hice</strong></span> <span class='ocrx_word' id='word_1_80' title='bbox 1198 1147 1314 1183; x_wconf 87' lang='lat' dir='ltr'><strong>cum</strong></span> <span class='ocrx_word' id='word_1_81' title='bbox 1341 1128 1553 1182; x_wconf 75' lang='lat' dir='ltr'><strong>dixisset</strong></span> <span class='ocrx_word' id='word_1_82' title='bbox 1579 1127 1754 1190; x_wconf 68' lang='lat' dir='ltr'><strong>Iesus,</strong></span> <span class='ocrx_word' id='word_1_83' title='bbox 1782 1134 1842 1180; x_wconf 91' lang='lat' dir='ltr'><strong>ut</strong></span> 
     </span>
    </p>
   </div>
   <div class='ocr_carea' id='block_1_12' title="bbox 273 1215 1839 1293">
    <p class='ocr_par' dir='ltr' id='par_1_12' title="bbox 273 1215 1839 1293">
     <span class='ocr_line' id='line_1_12' title="bbox 273 1215 1839 1293; baseline -0.008 -12"><span class='ocrx_word' id='word_1_84' title='bbox 273 1240 382 1281; x_wconf 86' lang='lat' dir='ltr'><strong>non</strong></span> <span class='ocrx_word' id='word_1_85' title='bbox 405 1240 528 1280; x_wconf 86' lang='lat' dir='ltr'><strong>eum</strong></span> <span class='ocrx_word' id='word_1_86' title='bbox 548 1234 673 1280; x_wconf 84' lang='lat' dir='ltr'><strong>ante</strong></span> <span class='ocrx_word' id='word_1_87' title='bbox 701 1223 982 1293; x_wconf 80' lang='lat' dir='ltr'><strong>opinemur</strong></span> <span class='ocrx_word' id='word_1_88' title='bbox 1012 1221 1195 1276; x_wconf 88' lang='lat' dir='ltr'><strong>venire</strong></span> <span class='ocrx_word' id='word_1_89' title='bbox 1222 1221 1275 1273; x_wconf 89' lang='lat' dir='ltr'><strong>in</strong></span> <span class='ocrx_word' id='word_1_90' title='bbox 1303 1220 1536 1283; x_wconf 87' lang='lat' dir='ltr'><strong>hortum,</strong></span> <span class='ocrx_word' id='word_1_91' title='bbox 1567 1222 1728 1287; x_wconf 78' lang='lat' dir='ltr'><strong>quam</strong></span> <span class='ocrx_word' id='word_1_92' title='bbox 1753 1215 1839 1269; x_wconf 90' lang='lat' dir='ltr'><strong>illa</strong></span> 
     </span>
    </p>
   </div>
   <div class='ocr_carea' id='block_1_13' title="bbox 273 1306 1840 1379">
    <p class='ocr_par' dir='ltr' id='par_1_13' title="bbox 273 1306 1840 1379">
     <span class='ocr_line' id='line_1_13' title="bbox 273 1306 1840 1379; baseline -0.006 -12"><span class='ocrx_word' id='word_1_93' title='bbox 273 1314 440 1369; x_wconf 85' lang='lat' dir='ltr'><strong>verba</strong></span> <span class='ocrx_word' id='word_1_94' title='bbox 475 1312 674 1379; x_wconf 77' lang='lat' dir='ltr'><strong>ﬁniret,</strong></span> <span class='ocrx_word' id='word_1_95' title='bbox 708 1333 726 1365; x_wconf 72' lang='grc' dir='ltr'><strong><em>ι</em></strong></span> <span class='ocrx_word' id='word_1_96' title='bbox 757 1321 813 1367; x_wconf 90' lang='lat' dir='ltr'><strong>et</strong></span> <span class='ocrx_word' id='word_1_97' title='bbox 848 1312 989 1366; x_wconf 80' lang='lat' dir='ltr'><strong>illam</strong></span> <span class='ocrx_word' id='word_1_98' title='bbox 1014 1310 1332 1373; x_wconf 89' lang='lat' dir='ltr'><strong>orationem,</strong></span> <span class='ocrx_word' id='word_1_99' title='bbox 1374 1323 1493 1377; x_wconf 70' lang='lat' dir='ltr'><strong>qum</strong></span> <span class='ocrx_word' id='word_1_100' title='bbox 1516 1306 1766 1376; x_wconf 81' lang='lat' dir='ltr'><strong>leguntur</strong></span> <span class='ocrx_word' id='word_1_101' title='bbox 1787 1306 1840 1358; x_wconf 92' lang='lat' dir='ltr'><strong>in</strong></span> 
     </span>
    </p>
   </div>
   <div class='ocr_carea' id='block_1_14' title="bbox 272 1395 1840 1475">
    <p class='ocr_par' dir='ltr' id='par_1_14' title="bbox 272 1395 1840 1475">
     <span class='ocr_line' id='line_1_14' title="bbox 272 1395 1840 1475; baseline -0.006 -17"><span class='ocrx_word' id='word_1_102' title='bbox 272 1404 543 1475; x_wconf 84' lang='lat' dir='ltr'><strong>prioribus</strong></span> <span class='ocrx_word' id='word_1_103' title='bbox 584 1411 704 1473; x_wconf 89' lang='lat' dir='ltr'><strong>post</strong></span> <span class='ocrx_word' id='word_1_104' title='bbox 755 1416 964 1457; x_wconf 70' lang='lat' dir='ltr'><strong>cmnam</strong></span> <span class='ocrx_word' id='word_1_105' title='bbox 1011 1408 1250 1455; x_wconf 89' lang='lat' dir='ltr'><strong>sanctam</strong></span> <span class='ocrx_word' id='word_1_106' title='bbox 1300 1412 1422 1453; x_wconf 90' lang='lat' dir='ltr'><strong>eum</strong></span> <span class='ocrx_word' id='word_1_107' title='bbox 1468 1396 1704 1455; x_wconf 54' lang='lat' dir='ltr'><strong>dixisse.</strong></span> <span class='ocrx_word' id='word_1_108' title='bbox 1756 1395 1840 1448; x_wconf 89' lang='lat' dir='ltr'><strong>vel</strong></span> 
     </span>
    </p>
   </div>
   <div class='ocr_carea' id='block_1_15' title="bbox 270 1485 1840 1560">
    <p class='ocr_par' dir='ltr' id='par_1_15' title="bbox 270 1485 1840 1560">
     <span class='ocr_line' id='line_1_15' title="bbox 270 1485 1840 1560; baseline -0.008 -11"><span class='ocrx_word' id='word_1_109' title='bbox 270 1504 475 1550; x_wconf 75' lang='lat' dir='ltr'><strong>Orasse.</strong></span> <span class='ocrx_word' id='word_1_110' title='bbox 506 1512 524 1544; x_wconf 71' lang='grc' dir='ltr'>ς</span> <span class='ocrx_word' id='word_1_111' title='bbox 564 1493 766 1549; x_wconf 83' lang='lat' dir='ltr'><strong>Sciebat</strong></span> <span class='ocrx_word' id='word_1_112' title='bbox 793 1501 985 1558; x_wconf 84' lang='lat' dir='ltr'><strong>autem,</strong></span> <span class='ocrx_word' id='word_1_113' title='bbox 1016 1491 1209 1560; x_wconf 86' lang='lat' dir='ltr'><strong>inquit,</strong></span> <span class='ocrx_word' id='word_1_114' title='bbox 1238 1498 1288 1543; x_wconf 86' lang='lat' dir='ltr'><strong>et</strong></span> <span class='ocrx_word' id='word_1_115' title='bbox 1314 1487 1506 1550; x_wconf 84' lang='lat' dir='ltr'><strong>Judas,</strong></span> <span class='ocrx_word' id='word_1_116' title='bbox 1528 1486 1618 1557; x_wconf 86' lang='lat' dir='ltr'><strong>qui</strong></span> <span class='ocrx_word' id='word_1_117' title='bbox 1664 1485 1840 1538; x_wconf 85' lang='lat' dir='ltr'><strong>trade—</strong></span> 
     </span>
    </p>
   </div>
   <div class='ocr_carea' id='block_1_16' title="bbox 272 1575 1841 1648">
    <p class='ocr_par' dir='ltr' id='par_1_16' title="bbox 272 1575 1841 1648">
     <span class='ocr_line' id='line_1_16' title="bbox 272 1575 1841 1648; baseline -0.008 -10"><span class='ocrx_word' id='word_1_118' title='bbox 272 1584 361 1638; x_wconf 86' lang='lat' dir='ltr'><strong>bat</strong></span> <span class='ocrx_word' id='word_1_119' title='bbox 389 1600 526 1648; x_wconf 89' lang='lat' dir='ltr'><strong>eum,</strong></span> <span class='ocrx_word' id='word_1_120' title='bbox 554 1582 742 1638; x_wconf 88' lang='lat' dir='ltr'><strong>locum.</strong></span> <span class='ocrx_word' id='word_1_121' title='bbox 766 1582 909 1638; x_wconf 86' lang='lat' dir='ltr'><strong>Ordo</strong></span> <span class='ocrx_word' id='word_1_122' title='bbox 935 1581 1220 1635; x_wconf 84' lang='lat' dir='ltr'><strong>verborum</strong></span> <span class='ocrx_word' id='word_1_123' title='bbox 1257 1587 1341 1633; x_wconf 90' lang='lat' dir='ltr'><strong>est</strong></span> <span class='ocrx_word' id='word_1_124' title='bbox 1371 1595 1382 1630; x_wconf 88' lang='lat'><strong>:</strong></span> <span class='ocrx_word' id='word_1_125' title='bbox 1414 1577 1617 1632; x_wconf 83' lang='lat' dir='ltr'><strong>sciebat</strong></span> <span class='ocrx_word' id='word_1_126' title='bbox 1644 1575 1841 1639; x_wconf 89' lang='lat' dir='ltr'><strong>locum,</strong></span> 
     </span>
    </p>
   </div>
   <div class='ocr_carea' id='block_1_17' title="bbox 271 1665 1845 1743">
    <p class='ocr_par' dir='ltr' id='par_1_17' title="bbox 271 1665 1845 1743">
     <span class='ocr_line' id='line_1_17' title="bbox 271 1665 1845 1743; baseline -0.007 -16"><span class='ocrx_word' id='word_1_127' title='bbox 271 1674 366 1743; x_wconf 87' lang='lat' dir='ltr'><strong>qui</strong></span> <span class='ocrx_word' id='word_1_128' title='bbox 391 1672 640 1728; x_wconf 79' lang='lat' dir='ltr'><strong>tradebat</strong></span> <span class='ocrx_word' id='word_1_129' title='bbox 657 1688 801 1726; x_wconf 89' lang='lat' dir='ltr'><strong>eum.</strong></span> <span class='ocrx_word' id='word_1_130' title='bbox 832 1670 970 1736; x_wconf 86' lang='lat' dir='ltr'><strong>Quia</strong></span> <span class='ocrx_word' id='word_1_131' title='bbox 990 1670 1301 1740; x_wconf 79' lang='lat' dir='ltr'><strong>frequenter,</strong></span> <span class='ocrx_word' id='word_1_132' title='bbox 1333 1666 1523 1735; x_wconf 87' lang='lat' dir='ltr'><strong>inquit,</strong></span> <span class='ocrx_word' id='word_1_133' title='bbox 1547 1665 1702 1720; x_wconf 71' lang='lat' dir='ltr'><strong>Iesus</strong></span> <span class='ocrx_word' id='word_1_134' title='bbox 1722 1679 1845 1717; x_wconf 84' lang='lat' dir='ltr'><strong>cou-</strong></span> 
     </span>
    </p>
   </div>
   <div class='ocr_carea' id='block_1_18' title="bbox 268 1753 1842 1829">
    <p class='ocr_par' dir='ltr' id='par_1_18' title="bbox 268 1753 1842 1829">
     <span class='ocr_line' id='line_1_18' title="bbox 268 1753 1842 1829; baseline -0.006 -14"><span class='ocrx_word' id='word_1_135' title='bbox 268 1772 480 1815; x_wconf 73' lang='lat' dir='ltr'><strong>uenerat</strong></span> <span class='ocrx_word' id='word_1_136' title='bbox 500 1759 624 1814; x_wconf 85' lang='lat' dir='ltr'><strong>illuc</strong></span> <span class='ocrx_word' id='word_1_137' title='bbox 646 1778 764 1814; x_wconf 87' lang='lat' dir='ltr'><strong>cum</strong></span> <span class='ocrx_word' id='word_1_138' title='bbox 790 1758 1056 1829; x_wconf 73' lang='lat' dir='ltr'><strong>discipulis</strong></span> <span class='ocrx_word' id='word_1_139' title='bbox 1079 1761 1208 1811; x_wconf 85' lang='lat' dir='ltr'><strong>suis.</strong></span> <span class='ocrx_word' id='word_1_140' title='bbox 1227 1756 1301 1811; x_wconf 90' lang='lat' dir='ltr'><strong>lbi</strong></span> <span class='ocrx_word' id='word_1_141' title='bbox 1325 1771 1452 1824; x_wconf 78' lang='lat' dir='ltr'><strong>ergo</strong></span> <span class='ocrx_word' id='word_1_142' title='bbox 1478 1754 1654 1823; x_wconf 82' lang='lat' dir='ltr'><strong>lupus,</strong></span> <span class='ocrx_word' id='word_1_143' title='bbox 1684 1753 1842 1807; x_wconf 83' lang='lat' dir='ltr'><strong>ovina</strong></span> 
     </span>
    </p>
   </div>
   <div class='ocr_carea' id='block_1_19' title="bbox 1936 567 3499 647">
    <p class='ocr_par' dir='ltr' id='par_1_19' title="bbox 1936 567 3499 647">
     <span class='ocr_line' id='line_1_19' title="bbox 1936 567 3499 647; baseline -0.005 -18"><span class='ocrx_word' id='word_1_144' title='bbox 1936 576 2118 641; x_wconf 80' lang='lat' dir='ltr'><strong>faciet,</strong></span> <span class='ocrx_word' id='word_1_145' title='bbox 2158 576 2249 647; x_wconf 88' lang='lat' dir='ltr'><strong>qui</strong></span> <span class='ocrx_word' id='word_1_146' title='bbox 2290 574 2611 643; x_wconf 87' lang='lat' dir='ltr'><strong>judicandus</strong></span> <span class='ocrx_word' id='word_1_147' title='bbox 2650 574 2751 627; x_wconf 88' lang='lat' dir='ltr'><strong>hoc</strong></span> <span class='ocrx_word' id='word_1_148' title='bbox 2795 569 2964 625; x_wconf 87' lang='lat' dir='ltr'><strong>fecit?</strong></span> <span class='ocrx_word' id='word_1_149' title='bbox 2992 568 3132 635; x_wconf 89' lang='lat' dir='ltr'><strong>Quid</strong></span> <span class='ocrx_word' id='word_1_150' title='bbox 3179 567 3499 638; x_wconf 79' lang='lat' dir='ltr'><strong>regnaturus</strong></span> 
     </span>
    </p>
   </div>
   <div class='ocr_carea' id='block_1_20' title="bbox 1934 658 3502 735">
    <p class='ocr_par' dir='ltr' id='par_1_20' title="bbox 1934 658 3502 735">
     <span class='ocr_line' id='line_1_20' title="bbox 1934 658 3502 735; baseline -0.004 -15"><span class='ocrx_word' id='word_1_151' title='bbox 1934 667 2149 735; x_wconf 86' lang='lat' dir='ltr'><strong>poterit,</strong></span> <span class='ocrx_word' id='word_1_152' title='bbox 2195 666 2286 735; x_wconf 86' lang='lat' dir='ltr'><strong>qui</strong></span> <span class='ocrx_word' id='word_1_153' title='bbox 2311 665 2604 718; x_wconf 87' lang='lat' dir='ltr'><strong>moriturus</strong></span> <span class='ocrx_word' id='word_1_154' title='bbox 2640 658 2995 730; x_wconf 35' lang='lat' dir='ltr'><strong>hoc‘potuit?</strong></span> <span class='ocrx_word' id='word_1_155' title='bbox 3021 658 3087 713; x_wconf 85' lang='lat' dir='ltr'><strong>Et</strong></span> <span class='ocrx_word' id='word_1_156' title='bbox 3113 673 3255 712; x_wconf 89' lang='lat' dir='ltr'><strong>nunc</strong></span> <span class='ocrx_word' id='word_1_157' title='bbox 3301 658 3502 727; x_wconf 84' lang='lat' dir='ltr'><strong>ubique</strong></span> 
     </span>
    </p>
   </div>
   <div class='ocr_carea' id='block_1_21' title="bbox 1936 748 3502 825">
    <p class='ocr_par' dir='ltr' id='par_1_21' title="bbox 1936 748 3502 825">
     <span class='ocr_line' id='line_1_21' title="bbox 1936 748 3502 825; baseline -0.004 -15"><span class='ocrx_word' id='word_1_158' title='bbox 1936 768 2033 825; x_wconf 90' lang='lat' dir='ltr'><strong>per</strong></span> <span class='ocrx_word' id='word_1_159' title='bbox 2060 755 2424 825; x_wconf 80' lang='lat' dir='ltr'><strong>Evangelium,</strong></span> <span class='ocrx_word' id='word_1_160' title='bbox 2462 753 2574 822; x_wconf 83' lang='lat' dir='ltr'><strong>Ego</strong></span> <span class='ocrx_word' id='word_1_161' title='bbox 2609 766 2745 817; x_wconf 87' lang='lat' dir='ltr'><strong>sum,</strong></span> <span class='ocrx_word' id='word_1_162' title='bbox 2778 751 2908 806; x_wconf 86' lang='lat' dir='ltr'><strong>dicit</strong></span> <span class='ocrx_word' id='word_1_163' title='bbox 2940 749 3223 805; x_wconf 89' lang='lat' dir='ltr'><strong>Christus:</strong></span> <span class='ocrx_word' id='word_1_164' title='bbox 3252 756 3307 803; x_wconf 90' lang='lat' dir='ltr'><strong>et</strong></span> <span class='ocrx_word' id='word_1_165' title='bbox 3355 748 3502 803; x_wconf 50' lang='lat' dir='ltr'><strong>a‘Ju-</strong></span> 
     </span>
    </p>
   </div>
   <div class='ocr_carea' id='block_1_22' title="bbox 1937 839 3504 914">
    <p class='ocr_par' dir='ltr' id='par_1_22' title="bbox 1937 839 3504 914">
     <span class='ocr_line' id='line_1_22' title="bbox 1937 839 3504 914; baseline -0.005 -14"><span class='ocrx_word' id='word_1_166' title='bbox 1937 847 2066 900; x_wconf 67' lang='lat' dir='ltr'><strong>denis</strong></span> <span class='ocrx_word' id='word_1_167' title='bbox 2098 851 2440 914; x_wconf 76' lang='lat' dir='ltr'><strong>exSpectatur</strong></span> <span class='ocrx_word' id='word_1_168' title='bbox 2473 840 2854 904; x_wconf 83' lang='lat' dir='ltr'><strong>Antichristus,</strong></span> <span class='ocrx_word' id='word_1_169' title='bbox 2886 847 2947 894; x_wconf 90' lang='lat' dir='ltr'><strong>ut</strong></span> <span class='ocrx_word' id='word_1_170' title='bbox 2985 846 3130 893; x_wconf 89' lang='lat' dir='ltr'><strong>retro</strong></span> <span class='ocrx_word' id='word_1_171' title='bbox 3174 839 3415 902; x_wconf 85' lang='lat' dir='ltr'><strong>redeant,</strong></span> <span class='ocrx_word' id='word_1_172' title='bbox 3446 845 3504 892; x_wconf 85' lang='lat' dir='ltr'><strong>ct</strong></span> 
     </span>
    </p>
   </div>
   <div class='ocr_carea' id='block_1_23' title="bbox 1938 929 3504 1000">
    <p class='ocr_par' dir='ltr' id='par_1_23' title="bbox 1938 929 3504 1000">
     <span class='ocr_line' id='line_1_23' title="bbox 1938 929 3504 1000; baseline -0.002 -14"><span class='ocrx_word' id='word_1_173' title='bbox 1938 933 1994 986; x_wconf 90' lang='lat' dir='ltr'><strong>in</strong></span> <span class='ocrx_word' id='word_1_174' title='bbox 2027 941 2226 986; x_wconf 87' lang='lat' dir='ltr'><strong>terram</strong></span> <span class='ocrx_word' id='word_1_175' title='bbox 2255 932 2467 985; x_wconf 90' lang='lat' dir='ltr'><strong>cadant.</strong></span> <span class='ocrx_word' id='word_1_176' title='bbox 2500 950 2520 982; x_wconf 69' lang='grc' dir='ltr'><strong>ι</strong></span> <span class='ocrx_word' id='word_1_177' title='bbox 2554 930 2734 997; x_wconf 85' lang='lat' dir='ltr'><strong>Quare</strong></span> <span class='ocrx_word' id='word_1_178' title='bbox 2760 930 2850 999; x_wconf 89' lang='lat' dir='ltr'><strong>qui</strong></span> <span class='ocrx_word' id='word_1_179' title='bbox 2878 938 3138 984; x_wconf 89' lang='lat' dir='ltr'><strong>venerunt</strong></span> <span class='ocrx_word' id='word_1_180' title='bbox 3169 929 3235 984; x_wconf 83' lang='lat' dir='ltr'><strong>ad</strong></span> <span class='ocrx_word' id='word_1_181' title='bbox 3260 934 3504 1000; x_wconf 55' lang='lat' dir='ltr'><strong>compre.</strong></span> 
     </span>
    </p>
   </div>
   <div class='ocr_carea' id='block_1_24' title="bbox 1939 1016 3506 1091">
    <p class='ocr_par' dir='ltr' id='par_1_24' title="bbox 1939 1016 3506 1091">
     <span class='ocr_line' id='line_1_24' title="bbox 1939 1016 3506 1091; baseline -0.001 -12"><span class='ocrx_word' id='word_1_182' title='bbox 1939 1025 2298 1088; x_wconf 86' lang='lat' dir='ltr'><strong>hendendum,</strong></span> <span class='ocrx_word' id='word_1_183' title='bbox 2336 1039 2443 1079; x_wconf 89' lang='lat' dir='ltr'><strong>non</strong></span> <span class='ocrx_word' id='word_1_184' title='bbox 2490 1031 2772 1078; x_wconf 88' lang='lat' dir='ltr'><strong>tenuerunt</strong></span> <span class='ocrx_word' id='word_1_185' title='bbox 2805 1037 2985 1091; x_wconf 87' lang='lat' dir='ltr'><strong>quem,</strong></span> <span class='ocrx_word' id='word_1_186' title='bbox 3014 1022 3059 1075; x_wconf 91' lang='lat' dir='ltr'><strong>si</strong></span> <span class='ocrx_word' id='word_1_187' title='bbox 3114 1021 3374 1077; x_wconf 86' lang='lat' dir='ltr'><strong>noluisset</strong></span> <span class='ocrx_word' id='word_1_188' title='bbox 3414 1016 3506 1077; x_wconf 88' lang='lat' dir='ltr'><strong>ille</strong></span> 
     </span>
    </p>
   </div>
   <div class='ocr_carea' id='block_1_25' title="bbox 1940 1112 3504 1183">
    <p class='ocr_par' dir='ltr' id='par_1_25' title="bbox 1940 1112 3504 1183">
     <span class='ocr_line' id='line_1_25' title="bbox 1940 1112 3504 1183; baseline 0.001 -17"><span class='ocrx_word' id='word_1_189' title='bbox 1940 1114 2031 1183; x_wconf 91' lang='lat' dir='ltr'><strong>qui</strong></span> <span class='ocrx_word' id='word_1_190' title='bbox 2056 1114 2131 1167; x_wconf 91' lang='lat' dir='ltr'><strong>ait</strong></span> <span class='ocrx_word' id='word_1_191' title='bbox 2161 1112 2273 1182; x_wconf 82' lang='lat' dir='ltr'><strong>Ego</strong></span> <span class='ocrx_word' id='word_1_192' title='bbox 2292 1130 2426 1176; x_wconf 85' lang='lat' dir='ltr'><strong>sum,</strong></span> <span class='ocrx_word' id='word_1_193' title='bbox 2457 1128 2563 1168; x_wconf 90' lang='lat' dir='ltr'><strong>non</strong></span> <span class='ocrx_word' id='word_1_194' title='bbox 2593 1121 2836 1167; x_wconf 85' lang='lat' dir='ltr'><strong>tenerent</strong></span> <span class='ocrx_word' id='word_1_195' title='bbox 2862 1126 2909 1165; x_wconf 79' lang='grc' dir='ltr'><strong>ει.</strong></span> <span class='ocrx_word' id='word_1_196' title='bbox 2941 1112 3019 1165; x_wconf 81' lang='lat' dir='ltr'><strong>illi</strong></span> <span class='ocrx_word' id='word_1_197' title='bbox 3049 1114 3357 1181; x_wconf 74' lang='lat' dir='ltr'><strong>qurerebant</strong></span> <span class='ocrx_word' id='word_1_198' title='bbox 3380 1128 3504 1167; x_wconf 89' lang='lat' dir='ltr'><strong>eum</strong></span> 
     </span>
    </p>
   </div>
   <div class='ocr_carea' id='block_1_26' title="bbox 1940 1201 3505 1276">
    <p class='ocr_par' dir='ltr' id='par_1_26' title="bbox 1940 1201 3505 1276">
     <span class='ocr_line' id='line_1_26' title="bbox 1940 1201 3505 1276; baseline 0 -18"><span class='ocrx_word' id='word_1_199' title='bbox 1940 1203 2339 1273; x_wconf 86' lang='lat' dir='ltr'><strong>apprehendere</strong></span> <span class='ocrx_word' id='word_1_200' title='bbox 2367 1202 2442 1274; x_wconf 89' lang='lat' dir='ltr'><strong>[et</strong></span> <span class='ocrx_word' id='word_1_201' title='bbox 2465 1202 2762 1275; x_wconf 86' lang='lat' dir='ltr'><strong>occidere],</strong></span> <span class='ocrx_word' id='word_1_202' title='bbox 2799 1203 2887 1258; x_wconf 91' lang='lat' dir='ltr'><strong>ille</strong></span> <span class='ocrx_word' id='word_1_203' title='bbox 2910 1205 3185 1273; x_wconf 65' lang='lat' dir='ltr'><strong>quaarehat</strong></span> <span class='ocrx_word' id='word_1_204' title='bbox 3215 1214 3309 1257; x_wconf 86' lang='lat' dir='ltr'><strong>eos</strong></span> <span class='ocrx_word' id='word_1_205' title='bbox 3340 1201 3505 1276; x_wconf 88' lang='lat' dir='ltr'><strong>[redi-</strong></span> 
     </span>
    </p>
   </div>
   <div class='ocr_carea' id='block_1_27' title="bbox 1940 1283 3507 1364">
    <p class='ocr_par' dir='ltr' id='par_1_27' title="bbox 1940 1283 3507 1364">
     <span class='ocr_line' id='line_1_27' title="bbox 1940 1283 3507 1364; baseline 0.001 -16"><span class='ocrx_word' id='word_1_206' title='bbox 1940 1291 2110 1364; x_wconf 86' lang='lat' dir='ltr'><strong>mere]</strong></span> <span class='ocrx_word' id='word_1_207' title='bbox 2147 1300 2201 1347; x_wconf 95' lang='lat' dir='ltr'><strong>et</strong></span> <span class='ocrx_word' id='word_1_208' title='bbox 2224 1292 2515 1357; x_wconf 79' lang='lat' dir='ltr'><strong>viviﬁcare,</strong></span> <span class='ocrx_word' id='word_1_209' title='bbox 2546 1302 2769 1363; x_wconf 84' lang='lat' dir='ltr'><strong>propter</strong></span> <span class='ocrx_word' id='word_1_210' title='bbox 2809 1294 2951 1362; x_wconf 93' lang='lat' dir='ltr'><strong>quod</strong></span> <span class='ocrx_word' id='word_1_211' title='bbox 2978 1292 3125 1348; x_wconf 81' lang='lat' dir='ltr'><strong>venit</strong></span> <span class='ocrx_word' id='word_1_212' title='bbox 3146 1293 3212 1348; x_wconf 90' lang='lat' dir='ltr'><strong>ad</strong></span> <span class='ocrx_word' id='word_1_213' title='bbox 3248 1306 3365 1349; x_wconf 86' lang='lat' dir='ltr'><strong>nos.</strong></span> <span class='ocrx_word' id='word_1_214' title='bbox 3407 1283 3507 1349; x_wconf 81' lang='lat' dir='ltr'><strong>Os-</strong></span> 
     </span>
    </p>
   </div>
   <div class='ocr_carea' id='block_1_28' title="bbox 1941 1381 3504 1455">
    <p class='ocr_par' dir='ltr' id='par_1_28' title="bbox 1941 1381 3504 1455">
     <span class='ocr_line' id='line_1_28' title="bbox 1941 1381 3504 1455; baseline 0.003 -19"><span class='ocrx_word' id='word_1_215' title='bbox 1941 1381 2112 1436; x_wconf 75' lang='lat' dir='ltr'><strong>tendit</strong></span> <span class='ocrx_word' id='word_1_216' title='bbox 2154 1383 2517 1450; x_wconf 79' lang='lat' dir='ltr'><strong>quaerentibus</strong></span> <span class='ocrx_word' id='word_1_217' title='bbox 2552 1390 2894 1451; x_wconf 69' lang='lat' dir='ltr'><strong>potestatem,</strong></span> <span class='ocrx_word' id='word_1_218' title='bbox 2933 1385 3055 1453; x_wconf 86' lang='lat' dir='ltr'><strong>quia</strong></span> <span class='ocrx_word' id='word_1_219' title='bbox 3084 1384 3271 1439; x_wconf 84' lang='lat' dir='ltr'><strong>habuit</strong></span> <span class='ocrx_word' id='word_1_220' title='bbox 3303 1385 3357 1439; x_wconf 88' lang='lat' dir='ltr'><strong>in</strong></span> <span class='ocrx_word' id='word_1_221' title='bbox 3406 1400 3504 1455; x_wconf 86' lang='lat' dir='ltr'><strong>po—</strong></span> 
     </span>
    </p>
   </div>
   <div class='ocr_carea' id='block_1_29' title="bbox 1944 1474 3507 1545">
    <p class='ocr_par' dir='ltr' id='par_1_29' title="bbox 1944 1474 3507 1545">
     <span class='ocr_line' id='line_1_29' title="bbox 1944 1474 3507 1545; baseline 0.001 -17"><span class='ocrx_word' id='word_1_222' title='bbox 1944 1482 2136 1530; x_wconf 83' lang='lat' dir='ltr'><strong>testate</strong></span> <span class='ocrx_word' id='word_1_223' title='bbox 2162 1474 2395 1527; x_wconf 89' lang='lat' dir='ltr'><strong>animam</strong></span> <span class='ocrx_word' id='word_1_224' title='bbox 2429 1488 2580 1528; x_wconf 89' lang='lat' dir='ltr'><strong>suam</strong></span> <span class='ocrx_word' id='word_1_225' title='bbox 2605 1488 2820 1543; x_wconf 88' lang='lat' dir='ltr'><strong>ponere,</strong></span> <span class='ocrx_word' id='word_1_226' title='bbox 2848 1488 3007 1544; x_wconf 87' lang='lat' dir='ltr'><strong>quam</strong></span> <span class='ocrx_word' id='word_1_227' title='bbox 3042 1477 3220 1544; x_wconf 80' lang='lat' dir='ltr'><strong>posuit</strong></span> <span class='ocrx_word' id='word_1_228' title='bbox 3246 1477 3375 1531; x_wconf 90' lang='lat' dir='ltr'><strong>hora</strong></span> <span class='ocrx_word' id='word_1_229' title='bbox 3387 1482 3507 1545; x_wconf 81' lang='lat' dir='ltr'><strong>pas-</strong></span> 
     </span>
    </p>
   </div>
   <div class='ocr_carea' id='block_1_30' title="bbox 1944 1564 3509 1637">
    <p class='ocr_par' dir='ltr' id='par_1_30' title="bbox 1944 1564 3509 1637">
     <span class='ocr_line' id='line_1_30' title="bbox 1944 1564 3509 1637; baseline 0.001 -16"><span class='ocrx_word' id='word_1_230' title='bbox 1944 1567 2410 1632; x_wconf 88' lang='lat' dir='ltr'><strong>sionis;ostendit</strong></span> <span class='ocrx_word' id='word_1_231' title='bbox 2454 1564 2596 1635; x_wconf 89' lang='lat' dir='ltr'><strong>quod</strong></span> <span class='ocrx_word' id='word_1_232' title='bbox 2632 1564 2785 1637; x_wconf 74' lang='lat' dir='ltr'><strong>[Ms.,</strong></span> <span class='ocrx_word' id='word_1_233' title='bbox 2831 1565 2912 1636; x_wconf 70' lang='lat' dir='ltr'><strong>ut]</strong></span> <span class='ocrx_word' id='word_1_234' title='bbox 2960 1574 3157 1621; x_wconf 72' lang='lat' dir='ltr'><strong>nostra:</strong></span> <span class='ocrx_word' id='word_1_235' title='bbox 3191 1568 3509 1637; x_wconf 82' lang='lat' dir='ltr'><strong>redemptio-</strong></span> 
     </span>
    </p>
   </div>
   <div class='ocr_carea' id='block_1_31' title="bbox 1945 1657 3511 1731">
    <p class='ocr_par' dir='ltr' id='par_1_31' title="bbox 1945 1657 3511 1731">
     <span class='ocr_line' id='line_1_31' title="bbox 1945 1657 3511 1731; baseline 0.003 -21"><span class='ocrx_word' id='word_1_236' title='bbox 1945 1658 2028 1711; x_wconf 87' lang='lat' dir='ltr'><strong>nis</strong></span> <span class='ocrx_word' id='word_1_237' title='bbox 2056 1658 2364 1727; x_wconf 89' lang='lat' dir='ltr'><strong>impleretur</strong></span> <span class='ocrx_word' id='word_1_238' title='bbox 2379 1658 2711 1728; x_wconf 86' lang='lat' dir='ltr'><strong>mysterium.</strong></span> <span class='ocrx_word' id='word_1_239' title='bbox 2745 1657 2927 1728; x_wconf 74' lang='lat' dir='ltr'><strong>(Vsus.</strong></span> <span class='ocrx_word' id='word_1_240' title='bbox 2959 1657 3033 1728; x_wconf 89' lang='lat'><strong>7.)</strong></span> <span class='ocrx_word' id='word_1_241' title='bbox 3059 1657 3255 1713; x_wconf 84' lang='lat' dir='ltr'><strong>Iterum</strong></span> <span class='ocrx_word' id='word_1_242' title='bbox 3282 1676 3401 1731; x_wconf 88' lang='lat' dir='ltr'><strong>ergo</strong></span> <span class='ocrx_word' id='word_1_243' title='bbox 3424 1679 3511 1715; x_wconf 87' lang='lat' dir='ltr'><strong>eos</strong></span> 
     </span>
    </p>
   </div>
   <div class='ocr_carea' id='block_1_32' title="bbox 1943 1744 3510 1817">
    <p class='ocr_par' dir='ltr' id='par_1_32' title="bbox 1943 1744 3510 1817">
     <span class='ocr_line' id='line_1_32' title="bbox 1943 1744 3510 1817; baseline 0.004 -20"><span class='ocrx_word' id='word_1_244' title='bbox 1943 1745 2281 1815; x_wconf 81' lang='lat' dir='ltr'><strong>interrogavit</strong></span> <span class='ocrx_word' id='word_1_245' title='bbox 2302 1759 2321 1797; x_wconf 91' lang='lat'><strong>:</strong></span> <span class='ocrx_word' id='word_1_246' title='bbox 2343 1744 2508 1811; x_wconf 85' lang='lat' dir='ltr'><strong>Quem</strong></span> <span class='ocrx_word' id='word_1_247' title='bbox 2535 1747 2808 1817; x_wconf 75' lang='lat' dir='ltr'><strong>quwritis?</strong></span> <span class='ocrx_word' id='word_1_248' title='bbox 2841 1746 2896 1801; x_wconf 88' lang='lat' dir='ltr'><strong>Si</strong></span> <span class='ocrx_word' id='word_1_249' title='bbox 2919 1748 3180 1816; x_wconf 68' lang='lat' dir='ltr'><strong>quieritis,</strong></span> <span class='ocrx_word' id='word_1_250' title='bbox 3205 1763 3372 1817; x_wconf 86' lang='lat' dir='ltr'><strong>quare</strong></span> <span class='ocrx_word' id='word_1_251' title='bbox 3405 1754 3510 1804; x_wconf 91' lang='lat' dir='ltr'><strong>no&#39;n</strong></span> 
     </span>
    </p>
   </div>
   <div class='ocr_carea' id='block_1_33' title="bbox 269 1815 3514 1920">
    <p class='ocr_par' dir='ltr' id='par_1_33' title="bbox 269 1815 3514 1920">
     <span class='ocr_line' id='line_1_33' title="bbox 269 1815 3514 1920; baseline -0.001 -18"><span class='ocrx_word' id='word_1_252' title='bbox 269 1849 411 1920; x_wconf 84' lang='lat' dir='ltr'><strong>pelle</strong></span> <span class='ocrx_word' id='word_1_253' title='bbox 446 1856 741 1913; x_wconf 89' lang='lat' dir='ltr'><strong>contectus,</strong></span> <span class='ocrx_word' id='word_1_254' title='bbox 782 1815 933 1902; x_wconf 49' lang='lat' dir='ltr'><strong>inter.</strong></span> <span class='ocrx_word' id='word_1_255' title='bbox 957 1860 1083 1901; x_wconf 88' lang='lat' dir='ltr'><strong>oves</strong></span> <span class='ocrx_word' id='word_1_256' title='bbox 1123 1846 1231 1900; x_wconf 88' lang='lat' dir='ltr'><strong>alto</strong></span> <span class='ocrx_word' id='word_1_257' title='bbox 1257 1815 1429 1898; x_wconf 66' lang='lat' dir='ltr'><strong>Patris</strong></span> <span class='ocrx_word' id='word_1_258' title='bbox 1453 1815 1687 1897; x_wconf 78' lang='lat' dir='ltr'><strong>familias</strong></span> <span class='ocrx_word' id='word_1_259' title='bbox 1715 1857 1842 1896; x_wconf 90' lang='lat' dir='ltr'><strong>con-</strong></span> <span class='ocrx_word' id='word_1_260' title='bbox 1876 1815 1920 1874; x_wconf 74' lang='grc' dir='ltr'><strong><em>Β</em></strong></span> <span class='ocrx_word' id='word_1_261' title='bbox 1946 1835 2364 1904; x_wconf 86' lang='lat' dir='ltr'><strong>apprehenditis,</strong></span> <span class='ocrx_word' id='word_1_262' title='bbox 2401 1837 2505 1891; x_wconf 88' lang='lat' dir='ltr'><strong>nisi</strong></span> <span class='ocrx_word' id='word_1_263' title='bbox 2534 1815 2659 1906; x_wconf 83' lang='lat' dir='ltr'><strong>quia</strong></span> <span class='ocrx_word' id='word_1_264' title='bbox 2690 1839 2741 1891; x_wconf 90' lang='lat' dir='ltr'><strong>in</strong></span> <span class='ocrx_word' id='word_1_265' title='bbox 2781 1815 2958 1893; x_wconf 67' lang='lat' dir='ltr'><strong>vestra</strong></span> <span class='ocrx_word' id='word_1_266' title='bbox 2992 1853 3096 1893; x_wconf 86' lang='lat' dir='ltr'><strong>non</strong></span> <span class='ocrx_word' id='word_1_267' title='bbox 3131 1849 3214 1894; x_wconf 89' lang='lat' dir='ltr'><strong>est</strong></span> <span class='ocrx_word' id='word_1_268' title='bbox 3248 1851 3514 1909; x_wconf 88' lang='lat' dir='ltr'><strong>potestate</strong></span> 
     </span>
    </p>
   </div>
   <div class='ocr_carea' id='block_1_34' title="bbox 270 1934 1843 2007">
    <p class='ocr_par' dir='ltr' id='par_1_34' title="bbox 270 1934 1843 2007">
     <span class='ocr_line' id='line_1_34' title="bbox 270 1934 1843 2007; baseline -0.008 -10"><span class='ocrx_word' id='word_1_269' title='bbox 270 1938 395 1997; x_wconf 83' lang='lat' dir='ltr'><strong>sitio</strong></span> <span class='ocrx_word' id='word_1_270' title='bbox 420 1939 693 2007; x_wconf 88' lang='lat' dir='ltr'><strong>toleratus,</strong></span> <span class='ocrx_word' id='word_1_271' title='bbox 718 1939 902 1994; x_wconf 86' lang='lat' dir='ltr'><strong>didicit</strong></span> <span class='ocrx_word' id='word_1_272' title='bbox 927 1937 1015 1992; x_wconf 86' lang='lat' dir='ltr'><strong>ubi</strong></span> <span class='ocrx_word' id='word_1_273' title='bbox 1040 1937 1105 1991; x_wconf 90' lang='lat' dir='ltr'><strong>ad</strong></span> <span class='ocrx_word' id='word_1_274' title='bbox 1133 1944 1341 2006; x_wconf 84' lang='lat' dir='ltr'><strong>tempus</strong></span> <span class='ocrx_word' id='word_1_275' title='bbox 1364 1935 1616 2004; x_wconf 77' lang='lat' dir='ltr'><strong>exiguum</strong></span> <span class='ocrx_word' id='word_1_276' title='bbox 1638 1934 1843 2002; x_wconf 74' lang='lat' dir='ltr'><strong>disper-</strong></span> 
     </span>
    </p>
   </div>
   <div class='ocr_carea' id='block_1_35' title="bbox 269 2026 1560 2101">
    <p class='ocr_par' dir='ltr' id='par_1_35' title="bbox 269 2026 1560 2101">
     <span class='ocr_line' id='line_1_35' title="bbox 269 2026 1560 2101; baseline -0.005 -18"><span class='ocrx_word' id='word_1_277' title='bbox 269 2034 426 2101; x_wconf 58' lang='lat' dir='ltr'><strong>geret</strong></span> <span class='ocrx_word' id='word_1_278' title='bbox 449 2044 687 2100; x_wconf 70' lang='lat' dir='ltr'><strong>gregem,</strong></span> <span class='ocrx_word' id='word_1_279' title='bbox 714 2029 923 2083; x_wconf 88' lang='lat' dir='ltr'><strong>insidiis</strong></span> <span class='ocrx_word' id='word_1_280' title='bbox 950 2026 1245 2097; x_wconf 86' lang='lat' dir='ltr'><strong>appetendo</strong></span> <span class='ocrx_word' id='word_1_281' title='bbox 1270 2033 1560 2096; x_wconf 86' lang='lat' dir='ltr'><strong>pastorem.</strong></span> 
     </span>
    </p>
   </div>
   <div class='ocr_carea' id='block_1_36' title="bbox 344 2114 1841 2185">
    <p class='ocr_par' dir='ltr' id='par_1_36' title="bbox 344 2114 1841 2185">
     <span class='ocr_line' id='line_1_36' title="bbox 344 2114 1841 2185; baseline -0.004 -12"><span class='ocrx_word' id='word_1_282' title='bbox 344 2117 507 2173; x_wconf 74' lang='lat' dir='ltr'><strong>Vsus.</strong></span> <span class='ocrx_word' id='word_1_283' title='bbox 553 2117 607 2170; x_wconf 77' lang='lat'><strong>3.</strong></span> <span class='ocrx_word' id='word_1_284' title='bbox 650 2142 723 2157; x_wconf 76' lang='grc'><strong>--</strong></span> <span class='ocrx_word' id='word_1_285' title='bbox 751 2116 921 2171; x_wconf 75' lang='lat' dir='ltr'><strong>ludas</strong></span> <span class='ocrx_word' id='word_1_286' title='bbox 961 2132 1102 2185; x_wconf 84' lang='lat' dir='ltr'><strong>ergo,</strong></span> <span class='ocrx_word' id='word_1_287' title='bbox 1158 2115 1349 2183; x_wconf 89' lang='lat' dir='ltr'><strong>inquit,</strong></span> <span class='ocrx_word' id='word_1_288' title='bbox 1402 2130 1520 2167; x_wconf 86' lang='lat' dir='ltr'><strong>cum</strong></span> <span class='ocrx_word' id='word_1_289' title='bbox 1564 2114 1841 2183; x_wconf 76' lang='lat' dir='ltr'><strong>accepisset</strong></span> 
     </span>
    </p>
   </div>
   <div class='ocr_carea' id='block_1_37' title="bbox 272 2201 1841 2276">
    <p class='ocr_par' dir='ltr' id='par_1_37' title="bbox 272 2201 1841 2276">
     <span class='ocr_line' id='line_1_37' title="bbox 272 2201 1841 2276; baseline -0.003 -16"><span class='ocrx_word' id='word_1_290' title='bbox 272 2204 555 2270; x_wconf 65' lang='lat' dir='ltr'><strong>cohortem,</strong></span> <span class='ocrx_word' id='word_1_291' title='bbox 583 2214 632 2259; x_wconf 83' lang='lat' dir='ltr'><strong>et</strong></span> <span class='ocrx_word' id='word_1_292' title='bbox 662 2223 693 2259; x_wconf 91' lang='lat' dir='ltr'><strong>a</strong></span> <span class='ocrx_word' id='word_1_293' title='bbox 714 2205 1035 2276; x_wconf 78' lang='lat' dir='ltr'><strong>principibus</strong></span> <span class='ocrx_word' id='word_1_294' title='bbox 1060 2214 1106 2257; x_wconf 88' lang='lat' dir='ltr'><strong>et</strong></span> <span class='ocrx_word' id='word_1_295' title='bbox 1129 2201 1416 2256; x_wconf 63' lang='lat' dir='ltr'><strong>Pharisasis</strong></span> <span class='ocrx_word' id='word_1_296' title='bbox 1448 2204 1733 2267; x_wconf 80' lang='lat' dir='ltr'><strong>ministros,</strong></span> <span class='ocrx_word' id='word_1_297' title='bbox 1765 2220 1841 2255; x_wconf 85' lang='lat' dir='ltr'><strong>ve-</strong></span> 
     </span>
    </p>
   </div>
   <div class='ocr_carea' id='block_1_38' title="bbox 273 2290 1843 2361">
    <p class='ocr_par' dir='ltr' id='par_1_38' title="bbox 273 2290 1843 2361">
     <span class='ocr_line' id='line_1_38' title="bbox 273 2290 1843 2361; baseline -0.003 -11"><span class='ocrx_word' id='word_1_298' title='bbox 273 2296 355 2350; x_wconf 80' lang='lat' dir='ltr'><strong>nit</strong></span> <span class='ocrx_word' id='word_1_299' title='bbox 410 2294 538 2347; x_wconf 83' lang='lat' dir='ltr'><strong>illuc</strong></span> <span class='ocrx_word' id='word_1_300' title='bbox 592 2308 710 2347; x_wconf 68' lang='lat' dir='ltr'><strong>cum</strong></span> <span class='ocrx_word' id='word_1_301' title='bbox 762 2293 976 2347; x_wconf 75' lang='lat' dir='ltr'><strong>[uternis</strong></span> <span class='ocrx_word' id='word_1_302' title='bbox 1031 2302 1079 2345; x_wconf 91' lang='lat' dir='ltr'><strong>et</strong></span> <span class='ocrx_word' id='word_1_303' title='bbox 1124 2292 1333 2361; x_wconf 77' lang='lat' dir='ltr'><strong>facibus</strong></span> <span class='ocrx_word' id='word_1_304' title='bbox 1388 2300 1436 2344; x_wconf 92' lang='lat' dir='ltr'><strong>et</strong></span> <span class='ocrx_word' id='word_1_305' title='bbox 1491 2293 1673 2345; x_wconf 82' lang='lat' dir='ltr'><strong>armis.</strong></span> <span class='ocrx_word' id='word_1_306' title='bbox 1736 2290 1843 2345; x_wconf 86' lang='lat' dir='ltr'><strong>Co-</strong></span> 
     </span>
    </p>
   </div>
   <div class='ocr_carea' id='block_1_39' title="bbox 271 2381 1841 2451">
    <p class='ocr_par' dir='ltr' id='par_1_39' title="bbox 271 2381 1841 2451">
     <span class='ocr_line' id='line_1_39' title="bbox 271 2381 1841 2451; baseline -0.004 -9"><span class='ocrx_word' id='word_1_307' title='bbox 271 2384 409 2442; x_wconf 81' lang='lat' dir='ltr'><strong>hOrs</strong></span> <span class='ocrx_word' id='word_1_308' title='bbox 426 2394 529 2438; x_wconf 85' lang='lat' dir='ltr'><strong>non</strong></span> <span class='ocrx_word' id='word_1_309' title='bbox 552 2381 877 2448; x_wconf 66' lang='lat' dir='ltr'><strong>Judteorum,</strong></span> <span class='ocrx_word' id='word_1_310' title='bbox 905 2384 998 2437; x_wconf 84' lang='lat' dir='ltr'><strong>sed</strong></span> <span class='ocrx_word' id='word_1_311' title='bbox 1022 2382 1251 2436; x_wconf 85' lang='lat' dir='ltr'><strong>militum</strong></span> <span class='ocrx_word' id='word_1_312' title='bbox 1268 2381 1386 2435; x_wconf 89' lang='lat' dir='ltr'><strong>fuit.</strong></span> <span class='ocrx_word' id='word_1_313' title='bbox 1416 2382 1460 2435; x_wconf 82' lang='lat' dir='ltr'><strong>A</strong></span> <span class='ocrx_word' id='word_1_314' title='bbox 1479 2382 1706 2451; x_wconf 59' lang='lat' dir='ltr'><strong>prteside</strong></span> <span class='ocrx_word' id='word_1_315' title='bbox 1739 2382 1841 2436; x_wconf 88' lang='lat' dir='ltr'><strong>ita-</strong></span> 
     </span>
    </p>
   </div>
   <div class='ocr_carea' id='block_1_40' title="bbox 252 2472 1844 2543">
    <p class='ocr_par' dir='ltr' id='par_1_40' title="bbox 252 2472 1844 2543">
     <span class='ocr_line' id='line_1_40' title="bbox 252 2472 1844 2543; baseline -0.002 -15"><span class='ocrx_word' id='word_1_316' title='bbox 252 2480 385 2543; x_wconf 79' lang='lat' dir='ltr'><strong>que</strong></span> <span class='ocrx_word' id='word_1_317' title='bbox 437 2472 765 2542; x_wconf 75' lang='lat' dir='ltr'><strong>intelligatur</strong></span> <span class='ocrx_word' id='word_1_318' title='bbox 832 2481 1068 2542; x_wconf 82' lang='lat' dir='ltr'><strong>accepta,</strong></span> <span class='ocrx_word' id='word_1_319' title='bbox 1124 2480 1377 2541; x_wconf 84' lang='lat' dir='ltr'><strong>tanquam</strong></span> <span class='ocrx_word' id='word_1_320' title='bbox 1432 2472 1499 2526; x_wconf 91' lang='lat' dir='ltr'><strong>ad</strong></span> <span class='ocrx_word' id='word_1_321' title='bbox 1559 2472 1844 2526; x_wconf 88' lang='lat' dir='ltr'><strong>tenendum</strong></span> 
     </span>
    </p>
   </div>
   <div class='ocr_carea' id='block_1_41' title="bbox 276 2561 1846 2632">
    <p class='ocr_par' dir='ltr' id='par_1_41' title="bbox 276 2561 1846 2632">
     <span class='ocr_line' id='line_1_41' title="bbox 276 2561 1846 2632; baseline -0.001 -14"><span class='ocrx_word' id='word_1_322' title='bbox 276 2577 451 2628; x_wconf 80' lang='lat' dir='ltr'><strong>reum,</strong></span> <span class='ocrx_word' id='word_1_323' title='bbox 475 2572 686 2617; x_wconf 65' lang='lat' dir='ltr'><strong>servitio</strong></span> <span class='ocrx_word' id='word_1_324' title='bbox 722 2561 905 2617; x_wconf 78' lang='lat' dir='ltr'><strong>ordine</strong></span> <span class='ocrx_word' id='word_1_325' title='bbox 942 2562 1190 2631; x_wconf 74' lang='lat' dir='ltr'><strong>legitimae</strong></span> <span class='ocrx_word' id='word_1_326' title='bbox 1242 2562 1546 2632; x_wconf 81' lang='lat' dir='ltr'><strong>potestatis,</strong></span> <span class='ocrx_word' id='word_1_327' title='bbox 1577 2573 1636 2615; x_wconf 93' lang='lat' dir='ltr'><strong>ut</strong></span> <span class='ocrx_word' id='word_1_328' title='bbox 1668 2561 1846 2616; x_wconf 82' lang='lat' dir='ltr'><strong>nullus</strong></span> 
     </span>
    </p>
   </div>
   <div class='ocr_carea' id='block_1_42' title="bbox 274 2651 1847 2707">
    <p class='ocr_par' dir='ltr' id='par_1_42' title="bbox 274 2651 1847 2707">
     <span class='ocr_line' id='line_1_42' title="bbox 274 2651 1847 2707; baseline -0.001 -1"><span class='ocrx_word' id='word_1_329' title='bbox 274 2653 584 2707; x_wconf 79' lang='lat' dir='ltr'><strong>tenentibus</strong></span> <span class='ocrx_word' id='word_1_330' title='bbox 651 2651 873 2707; x_wconf 75' lang='lat' dir='ltr'><strong>auderet</strong></span> <span class='ocrx_word' id='word_1_331' title='bbox 941 2652 1225 2707; x_wconf 72' lang='lat' dir='ltr'><strong>obsistere.</strong></span> <span class='ocrx_word' id='word_1_332' title='bbox 1259 2671 1277 2703; x_wconf 72' lang='grc' dir='ltr'><strong><em>ι</em></strong></span> <span class='ocrx_word' id='word_1_333' title='bbox 1333 2652 1456 2706; x_wconf 84' lang='lat' dir='ltr'><strong>Ideo</strong></span> <span class='ocrx_word' id='word_1_334' title='bbox 1527 2660 1675 2706; x_wconf 85' lang='lat' dir='ltr'><strong>tanta</strong></span> <span class='ocrx_word' id='word_1_335' title='bbox 1738 2666 1847 2705; x_wconf 87' lang='lat' dir='ltr'><strong>ma-</strong></span> 
     </span>
    </p>
   </div>
   <div class='ocr_carea' id='block_1_43' title="bbox 272 2740 1890 2813">
    <p class='ocr_par' dir='ltr' id='par_1_43' title="bbox 272 2740 1890 2813">
     <span class='ocr_line' id='line_1_43' title="bbox 272 2740 1890 2813; baseline 0 -15"><span class='ocrx_word' id='word_1_336' title='bbox 272 2756 379 2798; x_wconf 87' lang='lat' dir='ltr'><strong>nus</strong></span> <span class='ocrx_word' id='word_1_337' title='bbox 398 2742 732 2797; x_wconf 86' lang='lat' dir='ltr'><strong>inimicorum</strong></span> <span class='ocrx_word' id='word_1_338' title='bbox 769 2750 1095 2813; x_wconf 71' lang='lat' dir='ltr'><strong>congregata</strong></span> <span class='ocrx_word' id='word_1_339' title='bbox 1122 2751 1225 2806; x_wconf 90' lang='lat' dir='ltr'><strong>est,</strong></span> <span class='ocrx_word' id='word_1_340' title='bbox 1250 2750 1310 2796; x_wconf 91' lang='lat' dir='ltr'><strong>ut</strong></span> <span class='ocrx_word' id='word_1_341' title='bbox 1336 2740 1513 2796; x_wconf 86' lang='lat' dir='ltr'><strong>nullus</strong></span> <span class='ocrx_word' id='word_1_342' title='bbox 1546 2741 1846 2810; x_wconf 86' lang='lat' dir='ltr'><strong>apprehen-</strong></span> <span class='ocrx_word' id='word_1_343' title='bbox 1880 2791 1890 2798; x_wconf 94' lang='lat'><strong>.</strong></span> 
     </span>
    </p>
   </div>
   <div class='ocr_carea' id='block_1_44' title="bbox 272 2824 1847 2897">
    <p class='ocr_par' dir='ltr' id='par_1_44' title="bbox 272 2824 1847 2897">
     <span class='ocr_line' id='line_1_44' title="bbox 272 2824 1847 2897; baseline -0.003 -9"><span class='ocrx_word' id='word_1_344' title='bbox 272 2832 527 2888; x_wconf 85' lang='lat' dir='ltr'><strong>dentibus</strong></span> <span class='ocrx_word' id='word_1_345' title='bbox 569 2831 652 2886; x_wconf 92' lang='lat' dir='ltr'><strong>vel</strong></span> <span class='ocrx_word' id='word_1_346' title='bbox 696 2824 1088 2897; x_wconf 74' lang='lat' dir='ltr'><strong>contradicere,</strong></span> <span class='ocrx_word' id='word_1_347' title='bbox 1120 2832 1202 2887; x_wconf 88' lang='lat' dir='ltr'><strong>vel</strong></span> <span class='ocrx_word' id='word_1_348' title='bbox 1231 2830 1519 2887; x_wconf 83' lang='lat' dir='ltr'><strong>defendere</strong></span> <span class='ocrx_word' id='word_1_349' title='bbox 1548 2830 1728 2886; x_wconf 84' lang='lat' dir='ltr'><strong>Jesum</strong></span> <span class='ocrx_word' id='word_1_350' title='bbox 1751 2844 1847 2884; x_wconf 89' lang='lat' dir='ltr'><strong>au-</strong></span> 
     </span>
    </p>
   </div>
   <div class='ocr_carea' id='block_1_45' title="bbox 271 2920 1842 2994">
    <p class='ocr_par' dir='ltr' id='par_1_45' title="bbox 271 2920 1842 2994">
     <span class='ocr_line' id='line_1_45' title="bbox 271 2920 1842 2994; baseline -0.003 -11"><span class='ocrx_word' id='word_1_351' title='bbox 271 2924 451 2983; x_wconf 78' lang='lat' dir='ltr'><strong>deret.</strong></span> <span class='ocrx_word' id='word_1_352' title='bbox 510 2943 529 2977; x_wconf 80' lang='lat' dir='ltr'><strong>s</strong></span> <span class='ocrx_word' id='word_1_353' title='bbox 559 2924 639 2979; x_wconf 89' lang='lat' dir='ltr'><strong>lta</strong></span> <span class='ocrx_word' id='word_1_354' title='bbox 670 2925 867 2994; x_wconf 79' lang='lat' dir='ltr'><strong>quippe</strong></span> <span class='ocrx_word' id='word_1_355' title='bbox 903 2920 1020 2991; x_wconf 78' lang='lat' dir='ltr'><strong>ejus</strong></span> <span class='ocrx_word' id='word_1_356' title='bbox 1086 2923 1518 2980; x_wconf 88' lang='lat' dir='ltr'><strong>abscondebatur</strong></span> <span class='ocrx_word' id='word_1_357' title='bbox 1582 2931 1842 2993; x_wconf 79' lang='lat' dir='ltr'><strong>potestas,</strong></span> 
     </span>
    </p>
   </div>
   <div class='ocr_carea' id='block_1_46' title="bbox 276 3014 1844 3089">
    <p class='ocr_par' dir='ltr' id='par_1_46' title="bbox 276 3014 1844 3089">
     <span class='ocr_line' id='line_1_46' title="bbox 276 3014 1844 3089; baseline -0.001 -19"><span class='ocrx_word' id='word_1_358' title='bbox 276 3014 383 3089; x_wconf 84' lang='lat' dir='ltr'><strong>[et]</strong></span> <span class='ocrx_word' id='word_1_359' title='bbox 407 3015 799 3072; x_wconf 81' lang='lat' dir='ltr'><strong>obtendebatur</strong></span> <span class='ocrx_word' id='word_1_360' title='bbox 825 3014 1130 3079; x_wconf 70' lang='lat' dir='ltr'><strong>inﬁrmitas,</strong></span> <span class='ocrx_word' id='word_1_361' title='bbox 1158 3024 1218 3069; x_wconf 86' lang='lat' dir='ltr'><strong>ut</strong></span> <span class='ocrx_word' id='word_1_362' title='bbox 1241 3016 1358 3071; x_wconf 65' lang='lat' dir='ltr'><strong>haec</strong></span> <span class='ocrx_word' id='word_1_363' title='bbox 1384 3016 1619 3070; x_wconf 86' lang='lat' dir='ltr'><strong>inimicis</strong></span> <span class='ocrx_word' id='word_1_364' title='bbox 1655 3030 1844 3070; x_wconf 50' lang='lat' dir='ltr'><strong>ncces-</strong></span> 
     </span>
    </p>
   </div>
   <div class='ocr_carea' id='block_1_47' title="bbox 272 3107 1843 3177">
    <p class='ocr_par' dir='ltr' id='par_1_47' title="bbox 272 3107 1843 3177">
     <span class='ocr_line' id='line_1_47' title="bbox 272 3107 1843 3177; baseline -0.003 -11"><span class='ocrx_word' id='word_1_365' title='bbox 272 3109 426 3166; x_wconf 74' lang='lat' dir='ltr'><strong>saria</strong></span> <span class='ocrx_word' id='word_1_366' title='bbox 460 3108 771 3163; x_wconf 77' lang='lat' dir='ltr'><strong>viderentur</strong></span> <span class='ocrx_word' id='word_1_367' title='bbox 819 3108 1079 3162; x_wconf 80' lang='lat' dir='ltr'><strong>adversus</strong></span> <span class='ocrx_word' id='word_1_368' title='bbox 1114 3120 1259 3172; x_wconf 73' lang='lat' dir='ltr'><strong>eum,</strong></span> <span class='ocrx_word' id='word_1_369' title='bbox 1290 3107 1346 3161; x_wconf 86' lang='lat' dir='ltr'><strong>in</strong></span> <span class='ocrx_word' id='word_1_370' title='bbox 1386 3122 1546 3177; x_wconf 87' lang='lat' dir='ltr'><strong>quem</strong></span> <span class='ocrx_word' id='word_1_371' title='bbox 1590 3122 1697 3162; x_wconf 89' lang='lat' dir='ltr'><strong>non</strong></span> <span class='ocrx_word' id='word_1_372' title='bbox 1751 3122 1843 3161; x_wconf 87' lang='lat' dir='ltr'><strong>va-</strong></span> 
     </span>
    </p>
   </div>
   <div class='ocr_carea' id='block_1_48' title="bbox 272 3174 1917 3269">
    <p class='ocr_par' dir='ltr' id='par_1_48' title="bbox 272 3174 1917 3269">
     <span class='ocr_line' id='line_1_48' title="bbox 272 3174 1917 3269; baseline 0.001 -18"><span class='ocrx_word' id='word_1_373' title='bbox 272 3197 528 3263; x_wconf 78' lang='lat' dir='ltr'><strong>luissem,</strong></span> <span class='ocrx_word' id='word_1_374' title='bbox 565 3196 668 3250; x_wconf 90' lang='lat' dir='ltr'><strong>nisi</strong></span> <span class='ocrx_word' id='word_1_375' title='bbox 699 3196 824 3265; x_wconf 87' lang='lat' dir='ltr'><strong>quia</strong></span> <span class='ocrx_word' id='word_1_376' title='bbox 856 3195 1008 3267; x_wconf 51' lang='lat' dir='ltr'><strong>[MM</strong></span> <span class='ocrx_word' id='word_1_377' title='bbox 1036 3195 1169 3251; x_wconf 77' lang='lat' dir='ltr'><strong>nihii</strong></span> <span class='ocrx_word' id='word_1_378' title='bbox 1207 3174 1506 3251; x_wconf 76' lang='lat' dir='ltr'><strong>valuissent</strong></span> <span class='ocrx_word' id='word_1_379' title='bbox 1541 3197 1646 3251; x_wconf 89' lang='lat' dir='ltr'><strong>nisi</strong></span> <span class='ocrx_word' id='word_1_380' title='bbox 1674 3196 1839 3269; x_wconf 83' lang='lat' dir='ltr'><strong>quod]</strong></span> <span class='ocrx_word' id='word_1_381' title='bbox 1871 3174 1917 3237; x_wconf 86' lang='lat' dir='ltr'><strong>C</strong></span> 
     </span>
    </p>
   </div>
   <div class='ocr_carea' id='block_1_49' title="bbox 273 3285 1847 3357">
    <p class='ocr_par' dir='ltr' id='par_1_49' title="bbox 273 3285 1847 3357">
     <span class='ocr_line' id='line_1_49' title="bbox 273 3285 1847 3357; baseline 0.001 -16"><span class='ocrx_word' id='word_1_382' title='bbox 273 3286 400 3357; x_wconf 84' lang='lat' dir='ltr'><strong>ipse</strong></span> <span class='ocrx_word' id='word_1_383' title='bbox 425 3285 718 3341; x_wconf 83' lang='lat' dir='ltr'><strong>voluisset:</strong></span> <span class='ocrx_word' id='word_1_384' title='bbox 747 3286 887 3341; x_wconf 84' lang='lat' dir='ltr'><strong>bene</strong></span> <span class='ocrx_word' id='word_1_385' title='bbox 919 3294 1077 3340; x_wconf 82' lang='lat' dir='ltr'><strong>utens</strong></span> <span class='ocrx_word' id='word_1_386' title='bbox 1118 3287 1292 3341; x_wconf 84' lang='lat' dir='ltr'><strong>bonus</strong></span> <span class='ocrx_word' id='word_1_387' title='bbox 1320 3286 1495 3353; x_wconf 88' lang='lat' dir='ltr'><strong>malis,</strong></span> <span class='ocrx_word' id='word_1_388' title='bbox 1541 3295 1597 3341; x_wconf 87' lang='lat' dir='ltr'><strong>et</strong></span> <span class='ocrx_word' id='word_1_389' title='bbox 1641 3285 1847 3343; x_wconf 84' lang='lat' dir='ltr'><strong>faciens</strong></span> 
     </span>
    </p>
   </div>
   <div class='ocr_carea' id='block_1_50' title="bbox 274 3377 1848 3450">
    <p class='ocr_par' dir='ltr' id='par_1_50' title="bbox 274 3377 1848 3450">
     <span class='ocr_line' id='line_1_50' title="bbox 274 3377 1848 3450; baseline -0.001 -13"><span class='ocrx_word' id='word_1_390' title='bbox 274 3381 427 3437; x_wconf 68' lang='lat' dir='ltr'><strong>Bona</strong></span> <span class='ocrx_word' id='word_1_391' title='bbox 447 3380 515 3435; x_wconf 87' lang='lat' dir='ltr'><strong>de</strong></span> <span class='ocrx_word' id='word_1_392' title='bbox 545 3379 720 3434; x_wconf 82' lang='lat' dir='ltr'><strong>malis.</strong></span> <span class='ocrx_word' id='word_1_393' title='bbox 753 3400 774 3431; x_wconf 76' lang='grc' dir='ltr'><strong><em>ι</em></strong></span> <span class='ocrx_word' id='word_1_394' title='bbox 806 3377 963 3434; x_wconf 84' lang='lat' dir='ltr'><strong>Jesus</strong></span> <span class='ocrx_word' id='word_1_395' title='bbox 984 3388 1182 3439; x_wconf 85' lang='lat' dir='ltr'><strong>autem,</strong></span> <span class='ocrx_word' id='word_1_396' title='bbox 1214 3380 1353 3435; x_wconf 89' lang='lat' dir='ltr'><strong>sicut</strong></span> <span class='ocrx_word' id='word_1_397' title='bbox 1387 3380 1716 3450; x_wconf 81' lang='lat' dir='ltr'><strong>evangelista</strong></span> <span class='ocrx_word' id='word_1_398' title='bbox 1763 3395 1848 3437; x_wconf 89' lang='lat' dir='ltr'><strong>se-</strong></span> 
     </span>
    </p>
   </div>
   <div class='ocr_carea' id='block_1_51' title="bbox 275 3469 1848 3543">
    <p class='ocr_par' dir='ltr' id='par_1_51' title="bbox 275 3469 1848 3543">
     <span class='ocr_line' id='line_1_51' title="bbox 275 3469 1848 3543; baseline 0.003 -17"><span class='ocrx_word' id='word_1_399' title='bbox 275 3479 444 3527; x_wconf 85' lang='lat' dir='ltr'><strong>cutus</strong></span> <span class='ocrx_word' id='word_1_400' title='bbox 489 3470 764 3542; x_wconf 81' lang='lat' dir='ltr'><strong>adjungit:</strong></span> <span class='ocrx_word' id='word_1_401' title='bbox 798 3471 987 3542; x_wconf 77' lang='lat' dir='ltr'><strong>(Vens.</strong></span> <span class='ocrx_word' id='word_1_402' title='bbox 1030 3471 1089 3542; x_wconf 71' lang='grc'><strong>4)</strong></span> <span class='ocrx_word' id='word_1_403' title='bbox 1127 3469 1307 3526; x_wconf 79' lang='lat' dir='ltr'><strong>Sciens</strong></span> <span class='ocrx_word' id='word_1_404' title='bbox 1332 3473 1527 3537; x_wconf 75' lang='lat' dir='ltr'><strong>omnia,</strong></span> <span class='ocrx_word' id='word_1_405' title='bbox 1559 3489 1679 3543; x_wconf 69' lang='lat' dir='ltr'><strong>qua:</strong></span> <span class='ocrx_word' id='word_1_406' title='bbox 1724 3491 1848 3530; x_wconf 82' lang='lat' dir='ltr'><strong>ven-</strong></span> 
     </span>
    </p>
   </div>
   <div class='ocr_carea' id='block_1_52' title="bbox 276 3561 1850 3637">
    <p class='ocr_par' dir='ltr' id='par_1_52' title="bbox 276 3561 1850 3637">
     <span class='ocr_line' id='line_1_52' title="bbox 276 3561 1850 3637; baseline 0.003 -20"><span class='ocrx_word' id='word_1_407' title='bbox 276 3573 409 3617; x_wconf 80' lang='lat' dir='ltr'><strong>tura</strong></span> <span class='ocrx_word' id='word_1_408' title='bbox 432 3572 579 3617; x_wconf 81' lang='lat' dir='ltr'><strong>erant</strong></span> <span class='ocrx_word' id='word_1_409' title='bbox 622 3579 779 3633; x_wconf 81' lang='lat' dir='ltr'><strong>super</strong></span> <span class='ocrx_word' id='word_1_410' title='bbox 803 3578 941 3617; x_wconf 87' lang='lat' dir='ltr'><strong>eum.</strong></span> <span class='ocrx_word' id='word_1_411' title='bbox 975 3561 1193 3618; x_wconf 88' lang='lat' dir='ltr'><strong>Sciebat</strong></span> <span class='ocrx_word' id='word_1_412' title='bbox 1223 3571 1280 3617; x_wconf 89' lang='lat' dir='ltr'><strong>et</strong></span> <span class='ocrx_word' id='word_1_413' title='bbox 1306 3562 1476 3618; x_wconf 79' lang='lat' dir='ltr'><strong>voluit</strong></span> <span class='ocrx_word' id='word_1_414' title='bbox 1518 3572 1579 3618; x_wconf 86' lang='lat' dir='ltr'><strong>ut</strong></span> <span class='ocrx_word' id='word_1_415' title='bbox 1600 3579 1850 3637; x_wconf 85' lang='lat' dir='ltr'><strong>compre-</strong></span> 
     </span>
    </p>
   </div>
   <div class='ocr_carea' id='block_1_53' title="bbox 276 3652 1853 3721">
    <p class='ocr_par' dir='ltr' id='par_1_53' title="bbox 276 3652 1853 3721">
     <span class='ocr_line' id='line_1_53' title="bbox 276 3652 1853 3721; baseline 0.002 -13"><span class='ocrx_word' id='word_1_416' title='bbox 276 3652 655 3717; x_wconf 80' lang='lat' dir='ltr'><strong>henderetur;</strong></span> <span class='ocrx_word' id='word_1_417' title='bbox 696 3653 824 3721; x_wconf 81' lang='lat' dir='ltr'><strong>quia</strong></span> <span class='ocrx_word' id='word_1_418' title='bbox 882 3652 951 3707; x_wconf 83' lang='lat' dir='ltr'><strong>ad</strong></span> <span class='ocrx_word' id='word_1_419' title='bbox 1001 3653 1106 3708; x_wconf 89' lang='lat' dir='ltr'><strong>hoc</strong></span> <span class='ocrx_word' id='word_1_420' title='bbox 1152 3652 1302 3707; x_wconf 85' lang='lat' dir='ltr'><strong>venit</strong></span> <span class='ocrx_word' id='word_1_421' title='bbox 1350 3653 1405 3707; x_wconf 92' lang='lat' dir='ltr'><strong>in</strong></span> <span class='ocrx_word' id='word_1_422' title='bbox 1458 3654 1737 3720; x_wconf 84' lang='lat' dir='ltr'><strong>mundum,</strong></span> <span class='ocrx_word' id='word_1_423' title='bbox 1792 3664 1853 3711; x_wconf 90' lang='lat' dir='ltr'><strong>ut</strong></span> 
     </span>
    </p>
   </div>
   <div class='ocr_carea' id='block_1_54' title="bbox 240 3743 1852 3817">
    <p class='ocr_par' dir='ltr' id='par_1_54' title="bbox 240 3743 1852 3817">
     <span class='ocr_line' id='line_1_54' title="bbox 240 3743 1852 3817; baseline 0.001 -16"><span class='ocrx_word' id='word_1_424' title='bbox 240 3779 247 3783; x_wconf 91' lang='lat'><strong>-</strong></span> <span class='ocrx_word' id='word_1_425' title='bbox 276 3745 395 3802; x_wconf 82' lang='lat' dir='ltr'><strong>hoc</strong></span> <span class='ocrx_word' id='word_1_426' title='bbox 420 3743 576 3799; x_wconf 80' lang='lat' dir='ltr'><strong>ﬁeret</strong></span> <span class='ocrx_word' id='word_1_427' title='bbox 600 3744 744 3813; x_wconf 89' lang='lat' dir='ltr'><strong>quod</strong></span> <span class='ocrx_word' id='word_1_428' title='bbox 779 3744 967 3809; x_wconf 87' lang='lat' dir='ltr'><strong>voluit,</strong></span> <span class='ocrx_word' id='word_1_429' title='bbox 1014 3753 1070 3799; x_wconf 88' lang='lat' dir='ltr'><strong>et</strong></span> <span class='ocrx_word' id='word_1_430' title='bbox 1104 3753 1235 3800; x_wconf 89' lang='lat' dir='ltr'><strong>tunc</strong></span> <span class='ocrx_word' id='word_1_431' title='bbox 1285 3745 1603 3815; x_wconf 83' lang='lat' dir='ltr'><strong>impleretur</strong></span> <span class='ocrx_word' id='word_1_432' title='bbox 1633 3748 1852 3817; x_wconf 87' lang='lat' dir='ltr'><strong>quando</strong></span> 
     </span>
    </p>
   </div>
   <div class='ocr_carea' id='block_1_55' title="bbox 276 3831 1850 3907">
    <p class='ocr_par' dir='ltr' id='par_1_55' title="bbox 276 3831 1850 3907">
     <span class='ocr_line' id='line_1_55' title="bbox 276 3831 1850 3907; baseline 0.003 -20"><span class='ocrx_word' id='word_1_433' title='bbox 276 3833 478 3889; x_wconf 75' lang='lat' dir='ltr'><strong>voluit.</strong></span> <span class='ocrx_word' id='word_1_434' title='bbox 528 3831 792 3889; x_wconf 76' lang='lat' dir='ltr'><strong>Processit</strong></span> <span class='ocrx_word' id='word_1_435' title='bbox 820 3846 871 3890; x_wconf 86' lang='lat' dir='ltr'><strong>ct</strong></span> <span class='ocrx_word' id='word_1_436' title='bbox 900 3834 1033 3889; x_wconf 72' lang='lat' dir='ltr'><strong>dixit</strong></span> <span class='ocrx_word' id='word_1_437' title='bbox 1080 3836 1176 3900; x_wconf 85' lang='lat' dir='ltr'><strong>eis,</strong></span> <span class='ocrx_word' id='word_1_438' title='bbox 1207 3850 1360 3906; x_wconf 81' lang='lat' dir='ltr'><strong>quem</strong></span> <span class='ocrx_word' id='word_1_439' title='bbox 1404 3837 1681 3907; x_wconf 57' lang='lat' dir='ltr'><strong>quaeritis?</strong></span> <span class='ocrx_word' id='word_1_440' title='bbox 1716 3836 1850 3893; x_wconf 83' lang='lat' dir='ltr'><strong>Pro-</strong></span> 
     </span>
    </p>
   </div>
   <div class='ocr_carea' id='block_1_56' title="bbox 276 3923 1855 3994">
    <p class='ocr_par' dir='ltr' id='par_1_56' title="bbox 276 3923 1855 3994">
     <span class='ocr_line' id='line_1_56' title="bbox 276 3923 1855 3994; baseline 0 -15"><span class='ocrx_word' id='word_1_441' title='bbox 276 3923 471 3986; x_wconf 80' lang='lat' dir='ltr'><strong>cessit,</strong></span> <span class='ocrx_word' id='word_1_442' title='bbox 493 3930 717 3992; x_wconf 85' lang='lat' dir='ltr'><strong>paratus</strong></span> <span class='ocrx_word' id='word_1_443' title='bbox 764 3923 835 3978; x_wconf 87' lang='lat' dir='ltr'><strong>ad</strong></span> <span class='ocrx_word' id='word_1_444' title='bbox 859 3924 1185 3994; x_wconf 87' lang='lat' dir='ltr'><strong>passionem,</strong></span> <span class='ocrx_word' id='word_1_445' title='bbox 1215 3932 1272 3978; x_wconf 86' lang='lat' dir='ltr'><strong>et</strong></span> <span class='ocrx_word' id='word_1_446' title='bbox 1324 3924 1667 3994; x_wconf 74' lang='lat' dir='ltr'><strong>interrogans</strong></span> <span class='ocrx_word' id='word_1_447' title='bbox 1693 3938 1855 3993; x_wconf 86' lang='lat' dir='ltr'><strong>quem</strong></span> 
     </span>
    </p>
   </div>
   <div class='ocr_carea' id='block_1_57' title="bbox 278 4015 1853 4084">
    <p class='ocr_par' dir='ltr' id='par_1_57' title="bbox 278 4015 1853 4084">
     <span class='ocr_line' id='line_1_57' title="bbox 278 4015 1853 4084; baseline 0.002 -16"><span class='ocrx_word' id='word_1_448' title='bbox 278 4021 629 4084; x_wconf 63' lang='lat' dir='ltr'><strong>quaterent;</strong></span> <span class='ocrx_word' id='word_1_449' title='bbox 682 4030 791 4069; x_wconf 88' lang='lat' dir='ltr'><strong>non</strong></span> <span class='ocrx_word' id='word_1_450' title='bbox 856 4015 1010 4084; x_wconf 87' lang='lat' dir='ltr'><strong>quasi</strong></span> <span class='ocrx_word' id='word_1_451' title='bbox 1068 4015 1287 4084; x_wconf 76' lang='lat' dir='ltr'><strong>ignarus</strong></span> <span class='ocrx_word' id='word_1_452' title='bbox 1356 4024 1546 4070; x_wconf 83' lang='lat' dir='ltr'><strong>eorum</strong></span> <span class='ocrx_word' id='word_1_453' title='bbox 1605 4017 1853 4071; x_wconf 85' lang='lat' dir='ltr'><strong>volunta-</strong></span> 
     </span>
    </p>
   </div>
   <div class='ocr_carea' id='block_1_58' title="bbox 280 4102 1853 4174">
    <p class='ocr_par' dir='ltr' id='par_1_58' title="bbox 280 4102 1853 4174">
     <span class='ocr_line' id='line_1_58' title="bbox 280 4102 1853 4174; baseline 0.001 -17"><span class='ocrx_word' id='word_1_454' title='bbox 280 4103 385 4169; x_wconf 77' lang='lat' dir='ltr'><strong>tis,</strong></span> <span class='ocrx_word' id='word_1_455' title='bbox 431 4102 525 4158; x_wconf 85' lang='lat' dir='ltr'><strong>sed</strong></span> <span class='ocrx_word' id='word_1_456' title='bbox 577 4113 637 4158; x_wconf 89' lang='lat' dir='ltr'><strong>ut</strong></span> <span class='ocrx_word' id='word_1_457' title='bbox 679 4105 881 4159; x_wconf 86' lang='lat' dir='ltr'><strong>scirent</strong></span> <span class='ocrx_word' id='word_1_458' title='bbox 929 4104 1102 4171; x_wconf 89' lang='lat' dir='ltr'><strong>ipsum</strong></span> <span class='ocrx_word' id='word_1_459' title='bbox 1158 4118 1279 4158; x_wconf 87' lang='lat' dir='ltr'><strong>esse</strong></span> <span class='ocrx_word' id='word_1_460' title='bbox 1329 4118 1488 4172; x_wconf 87' lang='lat' dir='ltr'><strong>quem</strong></span> <span class='ocrx_word' id='word_1_461' title='bbox 1527 4114 1853 4174; x_wconf 84' lang='lat' dir='ltr'><strong>quaererent.</strong></span> 
     </span>
    </p>
   </div>
   <div class='ocr_carea' id='block_1_59' title="bbox 279 4193 1858 4266">
    <p class='ocr_par' dir='ltr' id='par_1_59' title="bbox 279 4193 1858 4266">
     <span class='ocr_line' id='line_1_59' title="bbox 279 4193 1858 4266; baseline 0.001 -17"><span class='ocrx_word' id='word_1_462' title='bbox 279 4195 478 4266; x_wconf 70' lang='lat' dir='ltr'><strong>(Vsus.</strong></span> <span class='ocrx_word' id='word_1_463' title='bbox 509 4194 587 4264; x_wconf 87' lang='lat'><strong>5.)</strong></span> <span class='ocrx_word' id='word_1_464' title='bbox 620 4194 1011 4265; x_wconf 79' lang='lat' dir='ltr'><strong>Responderunt</strong></span> <span class='ocrx_word' id='word_1_465' title='bbox 1032 4213 1050 4248; x_wconf 80' lang='lat'><strong>.-</strong></span> <span class='ocrx_word' id='word_1_466' title='bbox 1079 4193 1261 4248; x_wconf 75' lang='lat' dir='ltr'><strong>Iesum</strong></span> <span class='ocrx_word' id='word_1_467' title='bbox 1304 4194 1661 4249; x_wconf 74' lang='lat' dir='ltr'><strong>Nazarenam.</strong></span> <span class='ocrx_word' id='word_1_468' title='bbox 1701 4194 1858 4251; x_wconf 80' lang='lat' dir='ltr'><strong>Jesus</strong></span> 
     </span>
    </p>
   </div>
   <div class='ocr_carea' id='block_1_60' title="bbox 280 4283 1855 4351">
    <p class='ocr_par' dir='ltr' id='par_1_60' title="bbox 280 4283 1855 4351">
     <span class='ocr_line' id='line_1_60' title="bbox 280 4283 1855 4351; baseline 0.001 -13"><span class='ocrx_word' id='word_1_469' title='bbox 280 4283 601 4339; x_wconf 78' lang='lat' dir='ltr'><strong>Nazarenus</strong></span> <span class='ocrx_word' id='word_1_470' title='bbox 627 4285 924 4349; x_wconf 81' lang='lat' dir='ltr'><strong>dicebatur,</strong></span> <span class='ocrx_word' id='word_1_471' title='bbox 955 4283 1080 4351; x_wconf 90' lang='lat' dir='ltr'><strong>quia</strong></span> <span class='ocrx_word' id='word_1_472' title='bbox 1113 4284 1167 4337; x_wconf 89' lang='lat' dir='ltr'><strong>in</strong></span> <span class='ocrx_word' id='word_1_473' title='bbox 1193 4283 1460 4338; x_wconf 82' lang='lat' dir='ltr'><strong>Nazareth</strong></span> <span class='ocrx_word' id='word_1_474' title='bbox 1491 4285 1723 4339; x_wconf 87' lang='lat' dir='ltr'><strong>nutritus</strong></span> <span class='ocrx_word' id='word_1_475' title='bbox 1751 4294 1855 4351; x_wconf 87' lang='lat' dir='ltr'><strong>est,</strong></span> 
     </span>
    </p>
   </div>
   <div class='ocr_carea' id='block_1_61' title="bbox 280 4372 1858 4445">
    <p class='ocr_par' dir='ltr' id='par_1_61' title="bbox 280 4372 1858 4445">
     <span class='ocr_line' id='line_1_61' title="bbox 280 4372 1858 4445; baseline 0.001 -16"><span class='ocrx_word' id='word_1_476' title='bbox 280 4382 354 4430; x_wconf 81' lang='lat' dir='ltr'><strong>ut</strong></span> <span class='ocrx_word' id='word_1_477' title='bbox 401 4374 715 4445; x_wconf 84' lang='lat' dir='ltr'><strong>impleretur</strong></span> <span class='ocrx_word' id='word_1_478' title='bbox 743 4374 1061 4444; x_wconf 86' lang='lat' dir='ltr'><strong>prophetia:</strong></span> <span class='ocrx_word' id='word_1_479' title='bbox 1093 4372 1353 4439; x_wconf 81' lang='lat' dir='ltr'><strong>Quoniam</strong></span> <span class='ocrx_word' id='word_1_480' title='bbox 1392 4375 1668 4430; x_wconf 80' lang='lat' dir='ltr'><strong>Nasareus</strong></span> <span class='ocrx_word' id='word_1_481' title='bbox 1706 4392 1858 4431; x_wconf 76' lang='lat' dir='ltr'><strong>voca-</strong></span> 
     </span>
    </p>
   </div>
   <div class='ocr_carea' id='block_1_62' title="bbox 1943 1923 3515 2000">
    <p class='ocr_par' dir='ltr' id='par_1_62' title="bbox 1943 1923 3515 2000">
     <span class='ocr_line' id='line_1_62' title="bbox 1943 1923 3515 2000; baseline 0.006 -23"><span class='ocrx_word' id='word_1_482' title='bbox 1943 1923 2342 1993; x_wconf 87' lang='lat' dir='ltr'><strong>apprchendere</strong></span> <span class='ocrx_word' id='word_1_483' title='bbox 2368 1924 2520 1995; x_wconf 72' lang='lat' dir='ltr'><strong>[Ms.,</strong></span> <span class='ocrx_word' id='word_1_484' title='bbox 2549 1927 2979 1994; x_wconf 83' lang='lat' dir='ltr'><strong>apprehendendi</strong></span> <span class='ocrx_word' id='word_1_485' title='bbox 3004 1926 3177 2000; x_wconf 88' lang='lat' dir='ltr'><strong>hora],</strong></span> <span class='ocrx_word' id='word_1_486' title='bbox 3205 1928 3297 1985; x_wconf 90' lang='lat' dir='ltr'><strong>scd</strong></span> <span class='ocrx_word' id='word_1_487' title='bbox 3320 1930 3375 1984; x_wconf 92' lang='lat' dir='ltr'><strong>in</strong></span> <span class='ocrx_word' id='word_1_488' title='bbox 3398 1929 3515 1999; x_wconf 84' lang='lat' dir='ltr'><strong>ejus</strong></span> 
     </span>
    </p>
   </div>
   <div class='ocr_carea' id='block_1_63' title="bbox 1941 2014 3017 2095">
    <p class='ocr_par' dir='ltr' id='par_1_63' title="bbox 1941 2014 3017 2095">
     <span class='ocr_line' id='line_1_63' title="bbox 1941 2014 3017 2095; baseline 0.005 -29"><span class='ocrx_word' id='word_1_489' title='bbox 1941 2014 2035 2084; x_wconf 86' lang='lat' dir='ltr'><strong>qui</strong></span> <span class='ocrx_word' id='word_1_490' title='bbox 2065 2015 2209 2068; x_wconf 86' lang='lat' dir='ltr'><strong>venit</strong></span> <span class='ocrx_word' id='word_1_491' title='bbox 2241 2022 2300 2068; x_wconf 91' lang='lat' dir='ltr'><strong>ut</strong></span> <span class='ocrx_word' id='word_1_492' title='bbox 2325 2016 2759 2084; x_wconf 85' lang='lat' dir='ltr'><strong>apprehendatur</strong></span> <span class='ocrx_word' id='word_1_493' title='bbox 3014 2092 3017 2095; x_wconf 16' lang='grc' dir='ltr'><strong>Δ</strong></span> 
     </span>
    </p>
   </div>
   <div class='ocr_carea' id='block_1_64' title="bbox 2009 2106 3513 2176">
    <p class='ocr_par' dir='ltr' id='par_1_64' title="bbox 2009 2106 3513 2176">
     <span class='ocr_line' id='line_1_64' title="bbox 2009 2106 3513 2176; baseline 0.005 -15"><span class='ocrx_word' id='word_1_494' title='bbox 2009 2106 2171 2176; x_wconf 80' lang='lat'><strong>623</strong></span> <span class='ocrx_word' id='word_1_495' title='bbox 2203 2108 2362 2161; x_wconf 74' lang='lat' dir='ltr'><strong>Vsus.</strong></span> <span class='ocrx_word' id='word_1_496' title='bbox 2391 2108 2445 2172; x_wconf 91' lang='lat'><strong>8,</strong></span> <span class='ocrx_word' id='word_1_497' title='bbox 2474 2108 2527 2162; x_wconf 87' lang='lat'><strong>9.</strong></span> <span class='ocrx_word' id='word_1_498' title='bbox 2568 2134 2638 2148; x_wconf 82' lang='lat'><strong>—-</strong></span> <span class='ocrx_word' id='word_1_499' title='bbox 2661 2107 2751 2161; x_wconf 85' lang='lat' dir='ltr'><strong>Illi</strong></span> <span class='ocrx_word' id='word_1_500' title='bbox 2796 2119 2969 2165; x_wconf 85' lang='lat' dir='ltr'><strong>autem</strong></span> <span class='ocrx_word' id='word_1_501' title='bbox 3017 2110 3302 2166; x_wconf 69' lang='lat' dir='ltr'><strong>dixerunt:</strong></span> <span class='ocrx_word' id='word_1_502' title='bbox 3329 2109 3513 2169; x_wconf 69' lang='lat' dir='ltr'><strong>Iesum</strong></span> 
     </span>
    </p>
   </div>
   <div class='ocr_carea' id='block_1_65' title="bbox 1947 2192 3518 2274">
    <p class='ocr_par' dir='ltr' id='par_1_65' title="bbox 1947 2192 3518 2274">
     <span class='ocr_line' id='line_1_65' title="bbox 1947 2192 3518 2274; baseline 0.008 -28"><span class='ocrx_word' id='word_1_503' title='bbox 1947 2192 2301 2249; x_wconf 74' lang='lat' dir='ltr'><strong>Nazarenam.</strong></span> <span class='ocrx_word' id='word_1_504' title='bbox 2350 2195 2634 2265; x_wconf 80' lang='lat' dir='ltr'><strong>Respondit</strong></span> <span class='ocrx_word' id='word_1_505' title='bbox 2671 2198 3021 2253; x_wconf 76' lang='lat' dir='ltr'><strong>Jesus:Dixi</strong></span> <span class='ocrx_word' id='word_1_506' title='bbox 3066 2198 3225 2266; x_wconf 80' lang='lat' dir='ltr'><strong>vobis,</strong></span> <span class='ocrx_word' id='word_1_507' title='bbox 3274 2205 3396 2273; x_wconf 85' lang='lat' dir='ltr'><strong>quia</strong></span> <span class='ocrx_word' id='word_1_508' title='bbox 3424 2210 3518 2274; x_wconf 77' lang='lat' dir='ltr'><strong>ego</strong></span> 
     </span>
    </p>
   </div>
   <div class='ocr_carea' id='block_1_66' title="bbox 1942 2282 3515 2357">
    <p class='ocr_par' dir='ltr' id='par_1_66' title="bbox 1942 2282 3515 2357">
     <span class='ocr_line' id='line_1_66' title="bbox 1942 2282 3515 2357; baseline 0.007 -22"><span class='ocrx_word' id='word_1_509' title='bbox 1942 2299 2078 2336; x_wconf 88' lang='lat' dir='ltr'><strong>sum.</strong></span> <span class='ocrx_word' id='word_1_510' title='bbox 2110 2282 2168 2336; x_wconf 87' lang='lat' dir='ltr'><strong>Si</strong></span> <span class='ocrx_word' id='word_1_511' title='bbox 2194 2300 2315 2354; x_wconf 83' lang='lat' dir='ltr'><strong>ergo</strong></span> <span class='ocrx_word' id='word_1_512' title='bbox 2349 2301 2432 2339; x_wconf 86' lang='lat' dir='ltr'><strong>me</strong></span> <span class='ocrx_word' id='word_1_513' title='bbox 2468 2287 2718 2357; x_wconf 73' lang='lat' dir='ltr'><strong>quwritis,</strong></span> <span class='ocrx_word' id='word_1_514' title='bbox 2748 2287 2901 2342; x_wconf 78' lang='lat' dir='ltr'><strong>sinite</strong></span> <span class='ocrx_word' id='word_1_515' title='bbox 2927 2288 3021 2342; x_wconf 85' lang='lat' dir='ltr'><strong>hos</strong></span> <span class='ocrx_word' id='word_1_516' title='bbox 3048 2289 3209 2343; x_wconf 87' lang='lat' dir='ltr'><strong>abire.</strong></span> <span class='ocrx_word' id='word_1_517' title='bbox 3245 2287 3309 2342; x_wconf 88' lang='lat' dir='ltr'><strong>Ut</strong></span> <span class='ocrx_word' id='word_1_518' title='bbox 3340 2292 3515 2345; x_wconf 80' lang='lat' dir='ltr'><strong>odim-&#39;-</strong></span> 
     </span>
    </p>
   </div>
   <div class='ocr_carea' id='block_1_67' title="bbox 1941 2370 3512 2449">
    <p class='ocr_par' dir='ltr' id='par_1_67' title="bbox 1941 2370 3512 2449">
     <span class='ocr_line' id='line_1_67' title="bbox 1941 2370 3512 2449; baseline 0.007 -26"><span class='ocrx_word' id='word_1_519' title='bbox 1941 2370 2170 2441; x_wconf 87' lang='lat' dir='ltr'><strong>plerelur</strong></span> <span class='ocrx_word' id='word_1_520' title='bbox 2201 2390 2390 2439; x_wconf 85' lang='lat' dir='ltr'><strong>sermo,</strong></span> <span class='ocrx_word' id='word_1_521' title='bbox 2414 2392 2564 2446; x_wconf 85' lang='lat' dir='ltr'><strong>quem</strong></span> <span class='ocrx_word' id='word_1_522' title='bbox 2609 2376 2745 2429; x_wconf 71' lang='lat' dir='ltr'><strong>dixit</strong></span> <span class='ocrx_word' id='word_1_523' title='bbox 2773 2391 2791 2427; x_wconf 83' lang='lat'><strong>.&#39;</strong></span> <span class='ocrx_word' id='word_1_524' title='bbox 2820 2376 2957 2442; x_wconf 87' lang='lat' dir='ltr'><strong>Quia</strong></span> <span class='ocrx_word' id='word_1_525' title='bbox 2986 2395 3113 2449; x_wconf 87' lang='lat' dir='ltr'><strong>quos</strong></span> <span class='ocrx_word' id='word_1_526' title='bbox 3144 2379 3332 2434; x_wconf 80' lang='lat' dir='ltr'><strong>dedisti</strong></span> <span class='ocrx_word' id='word_1_527' title='bbox 3361 2383 3512 2446; x_wconf 75' lang='lat' dir='ltr'><strong>mihi,</strong></span> 
     </span>
    </p>
   </div>
   <div class='ocr_carea' id='block_1_68' title="bbox 1944 2464 3516 2542">
    <p class='ocr_par' dir='ltr' id='par_1_68' title="bbox 1944 2464 3516 2542">
     <span class='ocr_line' id='line_1_68' title="bbox 1944 2464 3516 2542; baseline 0.007 -26"><span class='ocrx_word' id='word_1_528' title='bbox 1944 2479 2047 2516; x_wconf 84' lang='lat' dir='ltr'><strong>non</strong></span> <span class='ocrx_word' id='word_1_529' title='bbox 2069 2464 2275 2533; x_wconf 86' lang='lat' dir='ltr'><strong>perdidi</strong></span> <span class='ocrx_word' id='word_1_530' title='bbox 2303 2482 2368 2519; x_wconf 76' lang='lat' dir='ltr'><strong>ea:</strong></span> <span class='ocrx_word' id='word_1_531' title='bbox 2405 2467 2480 2519; x_wconf 85' lang='lat' dir='ltr'><strong>eis</strong></span> <span class='ocrx_word' id='word_1_532' title='bbox 2509 2483 2836 2539; x_wconf 79' lang='lat' dir='ltr'><strong>quemquam.</strong></span> <span class='ocrx_word' id='word_1_533' title='bbox 2874 2486 2892 2518; x_wconf 82' lang='grc'>‹</span> <span class='ocrx_word' id='word_1_534' title='bbox 2927 2466 2986 2523; x_wconf 85' lang='lat' dir='ltr'><strong>Si</strong></span> <span class='ocrx_word' id='word_1_535' title='bbox 3020 2486 3100 2524; x_wconf 86' lang='lat' dir='ltr'><strong>me</strong></span> <span class='ocrx_word' id='word_1_536' title='bbox 3147 2471 3400 2542; x_wconf 72' lang='lat' dir='ltr'><strong>quwritis,</strong></span> <span class='ocrx_word' id='word_1_537' title='bbox 3434 2475 3516 2527; x_wconf 85' lang='lat' dir='ltr'><strong>in-</strong></span> 
     </span>
    </p>
   </div>
   <div class='ocr_carea' id='block_1_69' title="bbox 1942 2552 3520 2635">
    <p class='ocr_par' dir='ltr' id='par_1_69' title="bbox 1942 2552 3520 2635">
     <span class='ocr_line' id='line_1_69' title="bbox 1942 2552 3520 2635; baseline 0.008 -30"><span class='ocrx_word' id='word_1_538' title='bbox 1942 2552 2078 2620; x_wconf 80' lang='lat' dir='ltr'><strong>quit,</strong></span> <span class='ocrx_word' id='word_1_539' title='bbox 2099 2554 2252 2607; x_wconf 82' lang='lat' dir='ltr'><strong>sinite</strong></span> <span class='ocrx_word' id='word_1_540' title='bbox 2287 2556 2382 2609; x_wconf 81' lang='lat' dir='ltr'><strong>hos</strong></span> <span class='ocrx_word' id='word_1_541' title='bbox 2428 2556 2590 2609; x_wconf 86' lang='lat' dir='ltr'><strong>abire.</strong></span> <span class='ocrx_word' id='word_1_542' title='bbox 2619 2557 2868 2613; x_wconf 81' lang='lat' dir='ltr'><strong>inimicos</strong></span> <span class='ocrx_word' id='word_1_543' title='bbox 2897 2557 3041 2613; x_wconf 87' lang='lat' dir='ltr'><strong>videt</strong></span> <span class='ocrx_word' id='word_1_544' title='bbox 3068 2560 3217 2632; x_wconf 69' lang='lat' dir='ltr'><strong>[llis.,</strong></span> <span class='ocrx_word' id='word_1_545' title='bbox 3243 2559 3437 2635; x_wconf 84' lang='lat' dir='ltr'><strong>jubet],</strong></span> <span class='ocrx_word' id='word_1_546' title='bbox 3462 2572 3520 2619; x_wconf 86' lang='lat' dir='ltr'><strong>et</strong></span> 
     </span>
    </p>
   </div>
   <div class='ocr_carea' id='block_1_70' title="bbox 1943 2640 3517 2722">
    <p class='ocr_par' dir='ltr' id='par_1_70' title="bbox 1943 2640 3517 2722">
     <span class='ocr_line' id='line_1_70' title="bbox 1943 2640 3517 2722; baseline 0.008 -27"><span class='ocrx_word' id='word_1_547' title='bbox 1943 2641 2049 2696; x_wconf 91' lang='lat' dir='ltr'><strong>hoc</strong></span> <span class='ocrx_word' id='word_1_548' title='bbox 2070 2640 2274 2697; x_wconf 74' lang='lat' dir='ltr'><strong>faciunt</strong></span> <span class='ocrx_word' id='word_1_549' title='bbox 2297 2645 2438 2712; x_wconf 89' lang='lat' dir='ltr'><strong>quod</strong></span> <span class='ocrx_word' id='word_1_550' title='bbox 2458 2643 2647 2713; x_wconf 86' lang='lat' dir='ltr'><strong>jubet:</strong></span> <span class='ocrx_word' id='word_1_551' title='bbox 2682 2645 2863 2702; x_wconf 90' lang='lat' dir='ltr'><strong>sinunt</strong></span> <span class='ocrx_word' id='word_1_552' title='bbox 2889 2648 2987 2703; x_wconf 89' lang='lat' dir='ltr'><strong>hos</strong></span> <span class='ocrx_word' id='word_1_553' title='bbox 3034 2649 3182 2704; x_wconf 73' lang='lat' dir='ltr'><strong>abire</strong></span> <span class='ocrx_word' id='word_1_554' title='bbox 3223 2666 3357 2722; x_wconf 87' lang='lat' dir='ltr'><strong>quos</strong></span> <span class='ocrx_word' id='word_1_555' title='bbox 3408 2668 3517 2707; x_wconf 88' lang='lat' dir='ltr'><strong>non</strong></span> 
     </span>
    </p>
   </div>
   <div class='ocr_carea' id='block_1_71' title="bbox 1943 2732 3519 2813">
    <p class='ocr_par' dir='ltr' id='par_1_71' title="bbox 1943 2732 3519 2813">
     <span class='ocr_line' id='line_1_71' title="bbox 1943 2732 3519 2813; baseline 0.01 -28"><span class='ocrx_word' id='word_1_556' title='bbox 1943 2732 2058 2786; x_wconf 89' lang='lat' dir='ltr'><strong>vult</strong></span> <span class='ocrx_word' id='word_1_557' title='bbox 2080 2734 2275 2803; x_wconf 67' lang='lat' dir='ltr'><strong>perire.</strong></span> <span class='ocrx_word' id='word_1_558' title='bbox 2308 2734 2555 2805; x_wconf 83' lang='lat' dir='ltr'><strong>Nunquid</strong></span> <span class='ocrx_word' id='word_1_559' title='bbox 2582 2747 2759 2793; x_wconf 88' lang='lat' dir='ltr'><strong>autem</strong></span> <span class='ocrx_word' id='word_1_560' title='bbox 2804 2755 2909 2794; x_wconf 92' lang='lat' dir='ltr'><strong>non</strong></span> <span class='ocrx_word' id='word_1_561' title='bbox 2960 2752 3113 2795; x_wconf 87' lang='lat' dir='ltr'><strong>erant</strong></span> <span class='ocrx_word' id='word_1_562' title='bbox 3138 2751 3321 2813; x_wconf 89' lang='lat' dir='ltr'><strong>postea</strong></span> <span class='ocrx_word' id='word_1_563' title='bbox 3351 2744 3519 2799; x_wconf 90' lang='lat' dir='ltr'><strong>mori-</strong></span> 
     </span>
    </p>
   </div>
   <div class='ocr_carea' id='block_1_72' title="bbox 1946 2821 3520 2901">
    <p class='ocr_par' dir='ltr' id='par_1_72' title="bbox 1946 2821 3520 2901">
     <span class='ocr_line' id='line_1_72' title="bbox 1946 2821 3520 2901; baseline 0.01 -26"><span class='ocrx_word' id='word_1_564' title='bbox 1946 2822 2092 2876; x_wconf 82' lang='lat' dir='ltr'><strong>turi?</strong></span> <span class='ocrx_word' id='word_1_565' title='bbox 2129 2821 2238 2878; x_wconf 89' lang='lat' dir='ltr'><strong>Cur</strong></span> <span class='ocrx_word' id='word_1_566' title='bbox 2270 2839 2420 2895; x_wconf 82' lang='lat' dir='ltr'><strong>ergo,</strong></span> <span class='ocrx_word' id='word_1_567' title='bbox 2460 2824 2505 2879; x_wconf 88' lang='lat' dir='ltr'><strong>si</strong></span> <span class='ocrx_word' id='word_1_568' title='bbox 2541 2834 2670 2881; x_wconf 85' lang='lat' dir='ltr'><strong>tunc</strong></span> <span class='ocrx_word' id='word_1_569' title='bbox 2699 2837 3068 2895; x_wconf 87' lang='lat' dir='ltr'><strong>morerentur,</strong></span> <span class='ocrx_word' id='word_1_570' title='bbox 3118 2833 3363 2901; x_wconf 74' lang='lat' dir='ltr'><strong>perderet</strong></span> <span class='ocrx_word' id='word_1_571' title='bbox 3394 2847 3520 2900; x_wconf 88' lang='lat' dir='ltr'><strong>eos,</strong></span> 
     </span>
    </p>
   </div>
   <div class='ocr_carea' id='block_1_73' title="bbox 1946 2914 3522 2993">
    <p class='ocr_par' dir='ltr' id='par_1_73' title="bbox 1946 2914 3522 2993">
     <span class='ocr_line' id='line_1_73' title="bbox 1946 2914 3522 2993; baseline 0.01 -26"><span class='ocrx_word' id='word_1_572' title='bbox 1946 2914 2050 2968; x_wconf 93' lang='lat' dir='ltr'><strong>nisi</strong></span> <span class='ocrx_word' id='word_1_573' title='bbox 2083 2914 2208 2985; x_wconf 90' lang='lat' dir='ltr'><strong>quia</strong></span> <span class='ocrx_word' id='word_1_574' title='bbox 2235 2917 2471 2971; x_wconf 88' lang='lat' dir='ltr'><strong>nondum</strong></span> <span class='ocrx_word' id='word_1_575' title='bbox 2511 2918 2565 2971; x_wconf 89' lang='lat' dir='ltr'><strong>in</strong></span> <span class='ocrx_word' id='word_1_576' title='bbox 2593 2931 2716 2973; x_wconf 90' lang='lat' dir='ltr'><strong>eum</strong></span> <span class='ocrx_word' id='word_1_577' title='bbox 2746 2920 2825 2976; x_wconf 91' lang='lat' dir='ltr'><strong>sic</strong></span> <span class='ocrx_word' id='word_1_578' title='bbox 2872 2921 3199 2987; x_wconf 87' lang='lat' dir='ltr'><strong>credebant,</strong></span> <span class='ocrx_word' id='word_1_579' title='bbox 3253 2925 3522 2993; x_wconf 85' lang='lat' dir='ltr'><strong>quomodo</strong></span> 
     </span>
    </p>
   </div>
   <div class='ocr_carea' id='block_1_74' title="bbox 1944 3006 3522 3085">
    <p class='ocr_par' dir='ltr' id='par_1_74' title="bbox 1944 3006 3522 3085">
     <span class='ocr_line' id='line_1_74' title="bbox 1944 3006 3522 3085; baseline 0.006 -24"><span class='ocrx_word' id='word_1_580' title='bbox 1944 3006 2174 3062; x_wconf 88' lang='lat' dir='ltr'><strong>credunt</strong></span> <span class='ocrx_word' id='word_1_581' title='bbox 2210 3006 2517 3078; x_wconf 86' lang='lat' dir='ltr'><strong>quicunque</strong></span> <span class='ocrx_word' id='word_1_582' title='bbox 2559 3024 2664 3065; x_wconf 89' lang='lat' dir='ltr'><strong>non</strong></span> <span class='ocrx_word' id='word_1_583' title='bbox 2689 3012 2955 3080; x_wconf 82' lang='lat' dir='ltr'><strong>pereunt?</strong></span> <span class='ocrx_word' id='word_1_584' title='bbox 2982 3010 3165 3084; x_wconf 71' lang='lat' dir='ltr'><strong>(Vsus.</strong></span> <span class='ocrx_word' id='word_1_585' title='bbox 3199 3013 3311 3085; x_wconf 70' lang='lat'><strong>10.)</strong></span> <span class='ocrx_word' id='word_1_586' title='bbox 3338 3014 3522 3070; x_wconf 73' lang='lat' dir='ltr'><strong>Simon</strong></span> 
     </span>
    </p>
   </div>
   <div class='ocr_carea' id='block_1_75' title="bbox 1948 3096 3524 3179">
    <p class='ocr_par' dir='ltr' id='par_1_75' title="bbox 1948 3096 3524 3179">
     <span class='ocr_line' id='line_1_75' title="bbox 1948 3096 3524 3179; baseline 0.007 -26"><span class='ocrx_word' id='word_1_587' title='bbox 1948 3114 2068 3169; x_wconf 82' lang='lat' dir='ltr'><strong>ergo</strong></span> <span class='ocrx_word' id='word_1_588' title='bbox 2100 3096 2290 3154; x_wconf 86' lang='lat' dir='ltr'><strong>Petrus</strong></span> <span class='ocrx_word' id='word_1_589' title='bbox 2313 3100 2504 3155; x_wconf 84' lang='lat' dir='ltr'><strong>habens</strong></span> <span class='ocrx_word' id='word_1_590' title='bbox 2527 3101 2764 3172; x_wconf 80' lang='lat' dir='ltr'><strong>gladium</strong></span> <span class='ocrx_word' id='word_1_591' title='bbox 2806 3105 2984 3160; x_wconf 71' lang='lat' dir='ltr'><strong>eduxit</strong></span> <span class='ocrx_word' id='word_1_592' title='bbox 3010 3121 3147 3173; x_wconf 83' lang='lat' dir='ltr'><strong>eum,</strong></span> <span class='ocrx_word' id='word_1_593' title='bbox 3179 3117 3226 3161; x_wconf 87' lang='lat' dir='ltr'><strong>et</strong></span> <span class='ocrx_word' id='word_1_594' title='bbox 3268 3110 3524 3179; x_wconf 81' lang='lat' dir='ltr'><strong>percussit</strong></span> 
     </span>
    </p>
   </div>
   <div class='ocr_carea' id='block_1_76' title="bbox 1946 3190 3523 3270">
    <p class='ocr_par' dir='ltr' id='par_1_76' title="bbox 1946 3190 3523 3270">
     <span class='ocr_line' id='line_1_76' title="bbox 1946 3190 3523 3270; baseline 0.008 -27"><span class='ocrx_word' id='word_1_595' title='bbox 1946 3190 2194 3261; x_wconf 83' lang='lat' dir='ltr'><strong>principis</strong></span> <span class='ocrx_word' id='word_1_596' title='bbox 2222 3207 2425 3246; x_wconf 80' lang='lat' dir='ltr'><strong>servum</strong></span> <span class='ocrx_word' id='word_1_597' title='bbox 2457 3192 2572 3264; x_wconf 86' lang='lat' dir='ltr'><strong>[Sic</strong></span> <span class='ocrx_word' id='word_1_598' title='bbox 2596 3202 2649 3249; x_wconf 87' lang='lat' dir='ltr'><strong>et</strong></span> <span class='ocrx_word' id='word_1_599' title='bbox 2674 3195 2730 3249; x_wconf 86' lang='lat' dir='ltr'><strong>in</strong></span> <span class='ocrx_word' id='word_1_600' title='bbox 2752 3210 2886 3262; x_wconf 87' lang='lat' dir='ltr'><strong>ms.;</strong></span> <span class='ocrx_word' id='word_1_601' title='bbox 2914 3195 3241 3263; x_wconf 69' lang='lat' dir='ltr'><strong>Al.,servum</strong></span> <span class='ocrx_word' id='word_1_602' title='bbox 3270 3200 3523 3270; x_wconf 84' lang='lat' dir='ltr'><strong>principis</strong></span> 
     </span>
    </p>
   </div>
   <div class='ocr_carea' id='block_1_77' title="bbox 1944 3279 3523 3354">
    <p class='ocr_par' dir='ltr' id='par_1_77' title="bbox 1944 3279 3523 3354">
     <span class='ocr_line' id='line_1_77' title="bbox 1944 3279 3523 3354; baseline 0.004 -19"><span class='ocrx_word' id='word_1_603' title='bbox 1944 3279 2293 3354; x_wconf 72' lang='lat' dir='ltr'><strong>iacerdotum]</strong></span> <span class='ocrx_word' id='word_1_604' title='bbox 2314 3291 2363 3335; x_wconf 87' lang='lat' dir='ltr'><strong>et</strong></span> <span class='ocrx_word' id='word_1_605' title='bbox 2378 3282 2597 3337; x_wconf 78' lang='lat' dir='ltr'><strong>abscidit</strong></span> <span class='ocrx_word' id='word_1_606' title='bbox 2613 3284 2727 3354; x_wconf 85' lang='lat' dir='ltr'><strong>ejus</strong></span> <span class='ocrx_word' id='word_1_607' title='bbox 2747 3284 3039 3341; x_wconf 75' lang='lat' dir='ltr'><strong>auriculam</strong></span> <span class='ocrx_word' id='word_1_608' title='bbox 3067 3288 3353 3342; x_wconf 76' lang='lat' dir='ltr'><strong>dexteram.</strong></span> <span class='ocrx_word' id='word_1_609' title='bbox 3370 3285 3523 3342; x_wconf 84' lang='lat' dir='ltr'><strong>&#39;Erat</strong></span> 
     </span>
    </p>
   </div>
   <div class='ocr_carea' id='block_1_78' title="bbox 1946 3364 3524 3452">
    <p class='ocr_par' dir='ltr' id='par_1_78' title="bbox 1946 3364 3524 3452">
     <span class='ocr_line' id='line_1_78' title="bbox 1946 3364 3524 3452; baseline 0.007 -27"><span class='ocrx_word' id='word_1_610' title='bbox 1946 3381 2118 3426; x_wconf 84' lang='lat' dir='ltr'><strong>autem</strong></span> <span class='ocrx_word' id='word_1_611' title='bbox 2147 3388 2328 3427; x_wconf 84' lang='lat' dir='ltr'><strong>nomen</strong></span> <span class='ocrx_word' id='word_1_612' title='bbox 2367 3388 2514 3429; x_wconf 79' lang='lat' dir='ltr'><strong>servo</strong></span> <span class='ocrx_word' id='word_1_613' title='bbox 2555 3364 2813 3431; x_wconf 75' lang='lat' dir='ltr'><strong>Malchus.</strong></span> <span class='ocrx_word' id='word_1_614' title='bbox 2859 3376 3017 3434; x_wconf 89' lang='lat' dir='ltr'><strong>Solus</strong></span> <span class='ocrx_word' id='word_1_615' title='bbox 3057 3380 3148 3434; x_wconf 89' lang='lat' dir='ltr'><strong>hic</strong></span> <span class='ocrx_word' id='word_1_616' title='bbox 3193 3379 3524 3452; x_wconf 78' lang='lat' dir='ltr'><strong>evangelista</strong></span> 
     </span>
    </p>
   </div>
   <div class='ocr_carea' id='block_1_79' title="bbox 1947 3462 3524 3539">
    <p class='ocr_par' dir='ltr' id='par_1_79' title="bbox 1947 3462 3524 3539">
     <span class='ocr_line' id='line_1_79' title="bbox 1947 3462 3524 3539; baseline 0.005 -19"><span class='ocrx_word' id='word_1_617' title='bbox 1947 3465 2113 3520; x_wconf 85' lang='lat' dir='ltr'><strong>etiam</strong></span> <span class='ocrx_word' id='word_1_618' title='bbox 2149 3479 2343 3520; x_wconf 84' lang='lat' dir='ltr'><strong>nomen</strong></span> <span class='ocrx_word' id='word_1_619' title='bbox 2375 3466 2517 3521; x_wconf 87' lang='lat' dir='ltr'><strong>servi</strong></span> <span class='ocrx_word' id='word_1_620' title='bbox 2542 3466 2703 3537; x_wconf 82' lang='lat' dir='ltr'><strong>hujus</strong></span> <span class='ocrx_word' id='word_1_621' title='bbox 2736 3470 3002 3539; x_wconf 77' lang='lat' dir='ltr'><strong>expressit</strong></span> <span class='ocrx_word' id='word_1_622' title='bbox 3029 3487 3042 3525; x_wconf 93' lang='lat'><strong>:</strong></span> <span class='ocrx_word' id='word_1_623' title='bbox 3077 3462 3217 3526; x_wconf 83' lang='lat' dir='ltr'><strong>sicut</strong></span> <span class='ocrx_word' id='word_1_624' title='bbox 3242 3470 3418 3528; x_wconf 86' lang='lat' dir='ltr'><strong>Lucas</strong></span> <span class='ocrx_word' id='word_1_625' title='bbox 3438 3480 3524 3530; x_wconf 75' lang='lat'><strong>80&#39;-</strong></span> 
     </span>
    </p>
   </div>
   <div class='ocr_carea' id='block_1_80' title="bbox 1948 3552 3528 3632">
    <p class='ocr_par' dir='ltr' id='par_1_80' title="bbox 1948 3552 3528 3632">
     <span class='ocr_line' id='line_1_80' title="bbox 1948 3552 3528 3632; baseline 0.008 -25"><span class='ocrx_word' id='word_1_626' title='bbox 1948 3552 2052 3619; x_wconf 91' lang='lat' dir='ltr'><strong>lus,</strong></span> <span class='ocrx_word' id='word_1_627' title='bbox 2075 3553 2218 3624; x_wconf 87' lang='lat' dir='ltr'><strong>quod</strong></span> <span class='ocrx_word' id='word_1_628' title='bbox 2257 3555 2376 3625; x_wconf 86' lang='lat' dir='ltr'><strong>ejus</strong></span> <span class='ocrx_word' id='word_1_629' title='bbox 2422 3557 2716 3612; x_wconf 89' lang='lat' dir='ltr'><strong>aurlculam</strong></span> <span class='ocrx_word' id='word_1_630' title='bbox 2754 3558 3012 3616; x_wconf 87' lang='lat' dir='ltr'><strong>Dominus</strong></span> <span class='ocrx_word' id='word_1_631' title='bbox 3034 3562 3269 3632; x_wconf 78' lang='lat' dir='ltr'><strong>tetigerit</strong></span> <span class='ocrx_word' id='word_1_632' title='bbox 3292 3570 3347 3618; x_wconf 89' lang='lat' dir='ltr'><strong>et</strong></span> <span class='ocrx_word' id='word_1_633' title='bbox 3366 3578 3528 3619; x_wconf 62' lang='lat' dir='ltr'><strong>sana-</strong></span> 
     </span>
    </p>
   </div>
   <div class='ocr_carea' id='block_1_81' title="bbox 1947 3644 3527 3723">
    <p class='ocr_par' dir='ltr' id='par_1_81' title="bbox 1947 3644 3527 3723">
     <span class='ocr_line' id='line_1_81' title="bbox 1947 3644 3527 3723; baseline 0.008 -24"><span class='ocrx_word' id='word_1_634' title='bbox 1947 3645 2089 3700; x_wconf 86' lang='lat' dir='ltr'><strong>verit</strong></span> <span class='ocrx_word' id='word_1_635' title='bbox 2108 3658 2253 3701; x_wconf 86' lang='lat' dir='ltr'><strong>eum.</strong></span> <span class='ocrx_word' id='word_1_636' title='bbox 2284 3646 2524 3703; x_wconf 81' lang='lat' dir='ltr'><strong>Malchus</strong></span> <span class='ocrx_word' id='word_1_637' title='bbox 2550 3657 2749 3705; x_wconf 74' lang='lat' dir='ltr'><strong>autem</strong></span> <span class='ocrx_word' id='word_1_638' title='bbox 2777 3649 3162 3721; x_wconf 82' lang='lat' dir='ltr'><strong>interpretatur</strong></span> <span class='ocrx_word' id='word_1_639' title='bbox 3187 3644 3527 3723; x_wconf 78' lang='lat' dir='ltr'><strong>regnaturus.</strong></span> 
     </span>
    </p>
   </div>
   <div class='ocr_carea' id='block_1_82' title="bbox 1950 3734 3527 3811">
    <p class='ocr_par' dir='ltr' id='par_1_82' title="bbox 1950 3734 3527 3811">
     <span class='ocr_line' id='line_1_82' title="bbox 1950 3734 3527 3811; baseline 0.005 -22"><span class='ocrx_word' id='word_1_640' title='bbox 1950 3734 2089 3802; x_wconf 85' lang='lat' dir='ltr'><strong>Quid</strong></span> <span class='ocrx_word' id='word_1_641' title='bbox 2113 3750 2242 3805; x_wconf 81' lang='lat' dir='ltr'><strong>ergo</strong></span> <span class='ocrx_word' id='word_1_642' title='bbox 2273 3738 2424 3794; x_wconf 87' lang='lat' dir='ltr'><strong>auris</strong></span> <span class='ocrx_word' id='word_1_643' title='bbox 2456 3753 2556 3808; x_wconf 88' lang='lat' dir='ltr'><strong>pro</strong></span> <span class='ocrx_word' id='word_1_644' title='bbox 2576 3738 2800 3796; x_wconf 90' lang='lat' dir='ltr'><strong>Domino</strong></span> <span class='ocrx_word' id='word_1_645' title='bbox 2839 3750 3129 3811; x_wconf 87' lang='lat' dir='ltr'><strong>amputata,</strong></span> <span class='ocrx_word' id='word_1_646' title='bbox 3165 3751 3218 3797; x_wconf 87' lang='lat' dir='ltr'><strong>et</strong></span> <span class='ocrx_word' id='word_1_647' title='bbox 3247 3758 3277 3797; x_wconf 89' lang='lat' dir='ltr'><strong>a</strong></span> <span class='ocrx_word' id='word_1_648' title='bbox 3301 3741 3527 3799; x_wconf 89' lang='lat' dir='ltr'><strong>Domino</strong></span> 
     </span>
    </p>
   </div>
   <div class='ocr_carea' id='block_1_83' title="bbox 1951 3828 3522 3904">
    <p class='ocr_par' dir='ltr' id='par_1_83' title="bbox 1951 3828 3522 3904">
     <span class='ocr_line' id='line_1_83' title="bbox 1951 3828 3522 3904; baseline 0.006 -24"><span class='ocrx_word' id='word_1_649' title='bbox 1951 3836 2138 3881; x_wconf 82' lang='lat' dir='ltr'><strong>sanata</strong></span> <span class='ocrx_word' id='word_1_650' title='bbox 2173 3828 2458 3898; x_wconf 81' lang='lat' dir='ltr'><strong>significat,</strong></span> <span class='ocrx_word' id='word_1_651' title='bbox 2496 3831 2600 3886; x_wconf 87' lang='lat' dir='ltr'><strong>nisi</strong></span> <span class='ocrx_word' id='word_1_652' title='bbox 2645 3833 2893 3891; x_wconf 80' lang='lat' dir='ltr'><strong>auditum</strong></span> <span class='ocrx_word' id='word_1_653' title='bbox 2932 3842 3204 3904; x_wconf 85' lang='lat' dir='ltr'><strong>amputata</strong></span> <span class='ocrx_word' id='word_1_654' title='bbox 3256 3845 3522 3890; x_wconf 81' lang='lat' dir='ltr'><strong>vetustate</strong></span> 
     </span>
    </p>
   </div>
   <div class='ocr_carea' id='block_1_84' title="bbox 1951 3919 3522 3990">
    <p class='ocr_par' dir='ltr' id='par_1_84' title="bbox 1951 3919 3522 3990">
     <span class='ocr_line' id='line_1_84' title="bbox 1951 3919 3522 3990; baseline 0.006 -19"><span class='ocrx_word' id='word_1_655' title='bbox 1951 3923 2285 3981; x_wconf 82' lang='lat' dir='ltr'><strong>renovatum,</strong></span> <span class='ocrx_word' id='word_1_656' title='bbox 2312 3926 2373 3971; x_wconf 91' lang='lat' dir='ltr'><strong>ut</strong></span> <span class='ocrx_word' id='word_1_657' title='bbox 2401 3919 2471 3971; x_wconf 88' lang='lat' dir='ltr'><strong>sit</strong></span> <span class='ocrx_word' id='word_1_658' title='bbox 2499 3920 2554 3973; x_wconf 90' lang='lat' dir='ltr'><strong>in</strong></span> <span class='ocrx_word' id='word_1_659' title='bbox 2580 3919 2817 3975; x_wconf 84' lang='lat' dir='ltr'><strong>novitate</strong></span> <span class='ocrx_word' id='word_1_660' title='bbox 2841 3921 3080 3990; x_wconf 83' lang='lat' dir='ltr'><strong>spiritus,</strong></span> <span class='ocrx_word' id='word_1_661' title='bbox 3107 3933 3162 3979; x_wconf 88' lang='lat' dir='ltr'><strong>et</strong></span> <span class='ocrx_word' id='word_1_662' title='bbox 3184 3940 3289 3978; x_wconf 91' lang='lat' dir='ltr'><strong>non</strong></span> <span class='ocrx_word' id='word_1_663' title='bbox 3335 3925 3387 3979; x_wconf 91' lang='lat' dir='ltr'><strong>in</strong></span> <span class='ocrx_word' id='word_1_664' title='bbox 3431 3941 3522 3980; x_wconf 88' lang='lat' dir='ltr'><strong>ve-</strong></span> 
     </span>
    </p>
   </div>
   <div class='ocr_carea' id='block_1_85' title="bbox 1952 4004 3518 4079">
    <p class='ocr_par' dir='ltr' id='par_1_85' title="bbox 1952 4004 3518 4079">
     <span class='ocr_line' id='line_1_85' title="bbox 1952 4004 3518 4079; baseline 0.008 -23"><span class='ocrx_word' id='word_1_665' title='bbox 1952 4011 2154 4059; x_wconf 88' lang='lat' dir='ltr'><strong>tustate</strong></span> <span class='ocrx_word' id='word_1_666' title='bbox 2171 4004 2397 4060; x_wconf 64' lang='lat' dir='ltr'><strong>litteras?</strong></span> <span class='ocrx_word' id='word_1_667' title='bbox 2440 4007 2590 4073; x_wconf 85' lang='lat' dir='ltr'><strong>Quod</strong></span> <span class='ocrx_word' id='word_1_668' title='bbox 2612 4007 2697 4062; x_wconf 91' lang='lat' dir='ltr'><strong>cui</strong></span> <span class='ocrx_word' id='word_1_669' title='bbox 2717 4010 3016 4079; x_wconf 64' lang='lat' dir='ltr'><strong>praestitum</strong></span> <span class='ocrx_word' id='word_1_670' title='bbox 3046 4010 3208 4067; x_wconf 92' lang='lat' dir='ltr'><strong>fuerit</strong></span> <span class='ocrx_word' id='word_1_671' title='bbox 3235 4029 3265 4067; x_wconf 91' lang='lat' dir='ltr'><strong>a</strong></span> <span class='ocrx_word' id='word_1_672' title='bbox 3286 4013 3518 4076; x_wconf 87' lang='lat' dir='ltr'><strong>Christo.</strong></span> 
     </span>
    </p>
   </div>
   <div class='ocr_carea' id='block_1_86' title="bbox 1955 4098 3524 4169">
    <p class='ocr_par' dir='ltr' id='par_1_86' title="bbox 1955 4098 3524 4169">
     <span class='ocr_line' id='line_1_86' title="bbox 1955 4098 3524 4169; baseline 0.006 -16"><span class='ocrx_word' id='word_1_673' title='bbox 1955 4099 2076 4169; x_wconf 89' lang='lat' dir='ltr'><strong>quis</strong></span> <span class='ocrx_word' id='word_1_674' title='bbox 2098 4098 2308 4154; x_wconf 88' lang='lat' dir='ltr'><strong>dubitet</strong></span> <span class='ocrx_word' id='word_1_675' title='bbox 2333 4108 2675 4168; x_wconf 80' lang='lat' dir='ltr'><strong>regnaturum</strong></span> <span class='ocrx_word' id='word_1_676' title='bbox 2701 4116 2821 4156; x_wconf 86' lang='lat' dir='ltr'><strong>esse</strong></span> <span class='ocrx_word' id='word_1_677' title='bbox 2847 4116 2969 4157; x_wconf 90' lang='lat' dir='ltr'><strong>cum</strong></span> <span class='ocrx_word' id='word_1_678' title='bbox 2991 4102 3244 4159; x_wconf 86' lang='lat' dir='ltr'><strong>Christo?</strong></span> <span class='ocrx_word' id='word_1_679' title='bbox 3277 4124 3294 4157; x_wconf 75' lang='grc' dir='ltr'><strong><em>ι</em></strong></span> <span class='ocrx_word' id='word_1_680' title='bbox 3326 4105 3524 4163; x_wconf 87' lang='lat' dir='ltr'><strong>Servus</strong></span> 
     </span>
    </p>
   </div>
   <div class='ocr_carea' id='block_1_87' title="bbox 1956 4190 3528 4269">
    <p class='ocr_par' dir='ltr' id='par_1_87' title="bbox 1956 4190 3528 4269">
     <span class='ocr_line' id='line_1_87' title="bbox 1956 4190 3528 4269; baseline 0.006 -24"><span class='ocrx_word' id='word_1_681' title='bbox 1956 4190 2133 4245; x_wconf 88' lang='lat' dir='ltr'><strong>dictus</strong></span> <span class='ocrx_word' id='word_1_682' title='bbox 2157 4197 2242 4244; x_wconf 91' lang='lat' dir='ltr'><strong>est</strong></span> <span class='ocrx_word' id='word_1_683' title='bbox 2282 4198 2504 4261; x_wconf 87' lang='lat' dir='ltr'><strong>propter</strong></span> <span class='ocrx_word' id='word_1_684' title='bbox 2561 4190 2870 4248; x_wconf 84' lang='lat' dir='ltr'><strong>servitutem</strong></span> <span class='ocrx_word' id='word_1_685' title='bbox 2901 4193 3148 4265; x_wconf 83' lang='lat' dir='ltr'><strong>legalem,</strong></span> <span class='ocrx_word' id='word_1_686' title='bbox 3179 4211 3342 4252; x_wconf 88' lang='lat' dir='ltr'><strong>sanus</strong></span> <span class='ocrx_word' id='word_1_687' title='bbox 3375 4196 3528 4269; x_wconf 67' lang='grc' dir='ltr'><strong>[Μεη</strong></span> 
     </span>
    </p>
   </div>
   <div class='ocr_carea' id='block_1_88' title="bbox 1957 4279 3535 4357">
    <p class='ocr_par' dir='ltr' id='par_1_88' title="bbox 1957 4279 3535 4357">
     <span class='ocr_line' id='line_1_88' title="bbox 1957 4279 3535 4357; baseline 0.008 -24"><span class='ocrx_word' id='word_1_688' title='bbox 1957 4279 2200 4352; x_wconf 84' lang='lat' dir='ltr'><strong>sanatus]</strong></span> <span class='ocrx_word' id='word_1_689' title='bbox 2233 4288 2409 4335; x_wconf 89' lang='lat' dir='ltr'><strong>autem</strong></span> <span class='ocrx_word' id='word_1_690' title='bbox 2438 4281 2635 4337; x_wconf 90' lang='lat' dir='ltr'><strong>dicitur</strong></span> <span class='ocrx_word' id='word_1_691' title='bbox 2678 4294 2896 4354; x_wconf 88' lang='lat' dir='ltr'><strong>propter</strong></span> <span class='ocrx_word' id='word_1_692' title='bbox 2924 4287 3281 4357; x_wconf 76' lang='lat' dir='ltr'><strong>evangelicam</strong></span> <span class='ocrx_word' id='word_1_693' title='bbox 3314 4283 3535 4345; x_wconf 76' lang='lat' dir='ltr'><strong>liberta—</strong></span> 
     </span>
    </p>
   </div>
   <div class='ocr_carea' id='block_1_89' title="bbox 1936 4364 3532 4447">
    <p class='ocr_par' dir='ltr' id='par_1_89' title="bbox 1936 4364 3532 4447">
     <span class='ocr_line' id='line_1_89' title="bbox 1936 4364 3532 4447; baseline 0.006 -23"><span class='ocrx_word' id='word_1_694' title='bbox 1936 4377 2088 4424; x_wconf 82' lang='lat' dir='ltr'><strong>tem.</strong></span> <span class='ocrx_word' id='word_1_695' title='bbox 2127 4387 2145 4418; x_wconf 75' lang='grc' dir='ltr'>ι</span> <span class='ocrx_word' id='word_1_696' title='bbox 2179 4368 2399 4423; x_wconf 75' lang='lat' dir='ltr'><strong>Factum</strong></span> <span class='ocrx_word' id='word_1_697' title='bbox 2433 4364 2612 4425; x_wconf 81' lang='lat' dir='ltr'><strong>tamen</strong></span> <span class='ocrx_word' id='word_1_698' title='bbox 2639 4371 2783 4427; x_wconf 87' lang='lat' dir='ltr'><strong>Petri</strong></span> <span class='ocrx_word' id='word_1_699' title='bbox 2813 4372 3071 4431; x_wconf 88' lang='lat' dir='ltr'><strong>Dominus</strong></span> <span class='ocrx_word' id='word_1_700' title='bbox 3094 4375 3532 4447; x_wconf 56' lang='lat' dir='ltr'><strong>improbavit,“</strong></span> 
     </span>
    </p>
   </div>
   <div class='ocr_carea' id='block_1_90' title="bbox 280 4460 3539 4541">
    <p class='ocr_par' dir='ltr' id='par_1_90' title="bbox 280 4460 3539 4541">
     <span class='ocr_line' id='line_1_90' title="bbox 280 4460 3539 4541; baseline 0.002 -22"><span class='ocrx_word' id='word_1_701' title='bbox 280 4464 452 4523; x_wconf 83' lang='lat' dir='ltr'><strong>bitur.</strong></span> <span class='ocrx_word' id='word_1_702' title='bbox 478 4462 620 4518; x_wconf 83' lang='lat' dir='ltr'><strong>Dicit</strong></span> <span class='ocrx_word' id='word_1_703' title='bbox 645 4465 720 4518; x_wconf 82' lang='lat' dir='ltr'><strong>eis</strong></span> <span class='ocrx_word' id='word_1_704' title='bbox 744 4480 762 4518; x_wconf 91' lang='lat'><strong>:</strong></span> <span class='ocrx_word' id='word_1_705' title='bbox 788 4463 901 4534; x_wconf 83' lang='lat' dir='ltr'><strong>Ego</strong></span> <span class='ocrx_word' id='word_1_706' title='bbox 924 4480 1059 4519; x_wconf 85' lang='lat' dir='ltr'><strong>sum.</strong></span> <span class='ocrx_word' id='word_1_707' title='bbox 1087 4462 1203 4517; x_wconf 88' lang='lat' dir='ltr'><strong>Non</strong></span> <span class='ocrx_word' id='word_1_708' title='bbox 1237 4464 1519 4520; x_wconf 86' lang='lat' dir='ltr'><strong>abscondit</strong></span> <span class='ocrx_word' id='word_1_709' title='bbox 1542 4481 1621 4529; x_wconf 87' lang='lat' dir='ltr'><strong>se,</strong></span> <span class='ocrx_word' id='word_1_710' title='bbox 1649 4468 1741 4521; x_wconf 88' lang='lat' dir='ltr'><strong>sed</strong></span> <span class='ocrx_word' id='word_1_711' title='bbox 1767 4481 1859 4521; x_wconf 89' lang='lat' dir='ltr'><strong>os-</strong></span> <span class='ocrx_word' id='word_1_712' title='bbox 1888 4525 1933 4541; x_wconf 53' lang='lat'>“</span> <span class='ocrx_word' id='word_1_713' title='bbox 1960 4460 2208 4535; x_wconf 61' lang='lat' dir='ltr'><strong>progredi</strong></span> <span class='ocrx_word' id='word_1_714' title='bbox 2246 4460 2384 4515; x_wconf 90' lang='lat' dir='ltr'><strong>ultra</strong></span> <span class='ocrx_word' id='word_1_715' title='bbox 2430 4461 2701 4530; x_wconf 86' lang='lat' dir='ltr'><strong>prohibuit</strong></span> <span class='ocrx_word' id='word_1_716' title='bbox 2752 4464 2935 4520; x_wconf 86' lang='lat' dir='ltr'><strong>dicens</strong></span> <span class='ocrx_word' id='word_1_717' title='bbox 2966 4484 2979 4520; x_wconf 90' lang='lat'><strong>:</strong></span> <span class='ocrx_word' id='word_1_718' title='bbox 3025 4467 3205 4537; x_wconf 77' lang='lat' dir='ltr'><strong>(Vsus.</strong></span> <span class='ocrx_word' id='word_1_719' title='bbox 3256 4470 3344 4541; x_wconf 77' lang='lat' dir='ltr'><strong>ll)</strong></span> <span class='ocrx_word' id='word_1_720' title='bbox 3382 4469 3539 4524; x_wconf 68' lang='lat' dir='ltr'><strong>Mitte</strong></span> 
     </span>
    </p>
   </div>
   <div class='ocr_carea' id='block_1_91' title="bbox 279 4525 3533 4628">
    <p class='ocr_par' dir='ltr' id='par_1_91' title="bbox 279 4525 3533 4628">
     <span class='ocr_line' id='line_1_91' title="bbox 279 4525 3533 4628; baseline 0.003 -21"><span class='ocrx_word' id='word_1_721' title='bbox 279 4554 505 4619; x_wconf 79' lang='lat' dir='ltr'><strong>tendit;</strong></span> <span class='ocrx_word' id='word_1_722' title='bbox 537 4555 663 4624; x_wconf 90' lang='lat' dir='ltr'><strong>quia</strong></span> <span class='ocrx_word' id='word_1_723' title='bbox 710 4555 801 4624; x_wconf 90' lang='lat' dir='ltr'><strong>qui</strong></span> <span class='ocrx_word' id='word_1_724' title='bbox 836 4525 1107 4609; x_wconf 69' lang='lat' dir='ltr'><strong>voluntate</strong></span> <span class='ocrx_word' id='word_1_725' title='bbox 1151 4568 1248 4608; x_wconf 88' lang='lat' dir='ltr'><strong>sua</strong></span> <span class='ocrx_word' id='word_1_726' title='bbox 1301 4556 1450 4609; x_wconf 87' lang='lat' dir='ltr'><strong>venit</strong></span> <span class='ocrx_word' id='word_1_727' title='bbox 1477 4556 1531 4609; x_wconf 92' lang='lat' dir='ltr'><strong>in</strong></span> <span class='ocrx_word' id='word_1_728' title='bbox 1584 4525 1859 4618; x_wconf 86' lang='lat' dir='ltr'><strong>mundum,</strong></span> <span class='ocrx_word' id='word_1_729' title='bbox 1888 4525 1938 4584; x_wconf 72' lang='grc' dir='ltr'>υ</span> <span class='ocrx_word' id='word_1_730' title='bbox 1963 4525 2269 4621; x_wconf 76' lang='lat' dir='ltr'><strong>gladiumin</strong></span> <span class='ocrx_word' id='word_1_731' title='bbox 2294 4554 2554 4623; x_wconf 77' lang='lat' dir='ltr'><strong>vaginam.</strong></span> <span class='ocrx_word' id='word_1_732' title='bbox 2585 4552 2810 4609; x_wconf 85' lang='lat' dir='ltr'><strong>Calicem</strong></span> <span class='ocrx_word' id='word_1_733' title='bbox 2842 4573 2990 4628; x_wconf 83' lang='lat' dir='ltr'><strong>quem</strong></span> <span class='ocrx_word' id='word_1_734' title='bbox 3030 4525 3171 4612; x_wconf 76' lang='lat' dir='ltr'><strong>dedit</strong></span> <span class='ocrx_word' id='word_1_735' title='bbox 3196 4525 3533 4625; x_wconf 46' lang='lat' dir='ltr'><strong>miltilPater.</strong></span> 
     </span>
    </p>
   </div>
   <div class='ocr_carea' id='block_1_92' title="bbox 279 4645 1859 4716">
    <p class='ocr_par' dir='ltr' id='par_1_92' title="bbox 279 4645 1859 4716">
     <span class='ocr_line' id='line_1_92' title="bbox 279 4645 1859 4716; baseline -0.001 -16"><span class='ocrx_word' id='word_1_736' title='bbox 279 4645 567 4701; x_wconf 81' lang='lat' dir='ltr'><strong>voluntate</strong></span> <span class='ocrx_word' id='word_1_737' title='bbox 618 4660 714 4700; x_wconf 90' lang='lat' dir='ltr'><strong>sua</strong></span> <span class='ocrx_word' id='word_1_738' title='bbox 769 4646 948 4716; x_wconf 92' lang='lat' dir='ltr'><strong>posuit</strong></span> <span class='ocrx_word' id='word_1_739' title='bbox 997 4646 1231 4699; x_wconf 87' lang='lat' dir='ltr'><strong>animam</strong></span> <span class='ocrx_word' id='word_1_740' title='bbox 1278 4661 1432 4700; x_wconf 88' lang='lat' dir='ltr'><strong>suam</strong></span> <span class='ocrx_word' id='word_1_741' title='bbox 1485 4661 1584 4715; x_wconf 91' lang='lat' dir='ltr'><strong>pro</strong></span> <span class='ocrx_word' id='word_1_742' title='bbox 1642 4646 1859 4700; x_wconf 86' lang='lat' dir='ltr'><strong>mundo.</strong></span> 
     </span>
    </p>
   </div>
   <div class='ocr_carea' id='block_1_93' title="bbox 280 4737 1861 4812">
    <p class='ocr_par' dir='ltr' id='par_1_93' title="bbox 280 4737 1861 4812">
     <span class='ocr_line' id='line_1_93' title="bbox 280 4737 1861 4812; baseline -0.001 -18"><span class='ocrx_word' id='word_1_743' title='bbox 280 4739 481 4812; x_wconf 68' lang='lat' dir='ltr'><strong>(Vens.</strong></span> <span class='ocrx_word' id='word_1_744' title='bbox 506 4738 584 4808; x_wconf 86' lang='lat'><strong>6.)</strong></span> <span class='ocrx_word' id='word_1_745' title='bbox 614 4737 797 4793; x_wconf 88' lang='lat' dir='ltr'><strong>Stabat</strong></span> <span class='ocrx_word' id='word_1_746' title='bbox 829 4749 1000 4793; x_wconf 82' lang='lat' dir='ltr'><strong>autem</strong></span> <span class='ocrx_word' id='word_1_747' title='bbox 1035 4748 1084 4794; x_wconf 83' lang='lat' dir='ltr'><strong>ct</strong></span> <span class='ocrx_word' id='word_1_748' title='bbox 1106 4737 1300 4803; x_wconf 78' lang='lat' dir='ltr'><strong>ludas,</strong></span> <span class='ocrx_word' id='word_1_749' title='bbox 1328 4741 1416 4810; x_wconf 87' lang='lat' dir='ltr'><strong>qui</strong></span> <span class='ocrx_word' id='word_1_750' title='bbox 1446 4740 1681 4794; x_wconf 82' lang='lat' dir='ltr'><strong>tradebat</strong></span> <span class='ocrx_word' id='word_1_751' title='bbox 1720 4756 1861 4805; x_wconf 83' lang='lat' dir='ltr'><strong>eum,</strong></span> 
     </span>
    </p>
   </div>
   <div class='ocr_carea' id='block_1_94' title="bbox 281 4828 1867 4901">
    <p class='ocr_par' dir='ltr' id='par_1_94' title="bbox 281 4828 1867 4901">
     <span class='ocr_line' id='line_1_94' title="bbox 281 4828 1867 4901; baseline -0.001 -15"><span class='ocrx_word' id='word_1_752' title='bbox 281 4845 413 4887; x_wconf 80' lang='lat' dir='ltr'><strong>cum</strong></span> <span class='ocrx_word' id='word_1_753' title='bbox 451 4831 598 4900; x_wconf 87' lang='lat' dir='ltr'><strong>ipsis.</strong></span> <span class='ocrx_word' id='word_1_754' title='bbox 647 4828 715 4884; x_wconf 88' lang='lat' dir='ltr'><strong>Ut</strong></span> <span class='ocrx_word' id='word_1_755' title='bbox 740 4845 860 4900; x_wconf 85' lang='lat' dir='ltr'><strong>ergo</strong></span> <span class='ocrx_word' id='word_1_756' title='bbox 893 4831 1025 4885; x_wconf 79' lang='lat' dir='ltr'><strong>dixit</strong></span> <span class='ocrx_word' id='word_1_757' title='bbox 1050 4833 1164 4885; x_wconf 88' lang='lat' dir='ltr'><strong>eis:</strong></span> <span class='ocrx_word' id='word_1_758' title='bbox 1192 4830 1305 4901; x_wconf 86' lang='lat' dir='ltr'><strong>Ego</strong></span> <span class='ocrx_word' id='word_1_759' title='bbox 1334 4847 1469 4896; x_wconf 86' lang='lat' dir='ltr'><strong>sum,-</strong></span> <span class='ocrx_word' id='word_1_760' title='bbox 1511 4831 1746 4885; x_wconf 87' lang='lat' dir='ltr'><strong>abierunt</strong></span> <span class='ocrx_word' id='word_1_761' title='bbox 1790 4848 1867 4885; x_wconf 79' lang='lat' dir='ltr'><strong>re-</strong></span> 
     </span>
    </p>
   </div>
   <div class='ocr_carea' id='block_1_95' title="bbox 280 4921 1864 4983">
    <p class='ocr_par' dir='ltr' id='par_1_95' title="bbox 280 4921 1864 4983">
     <span class='ocr_line' id='line_1_95' title="bbox 280 4921 1864 4983; baseline 0.003 -9"><span class='ocrx_word' id='word_1_762' title='bbox 280 4931 545 4983; x_wconf 83' lang='lat' dir='ltr'><strong>trorsum,</strong></span> <span class='ocrx_word' id='word_1_763' title='bbox 566 4929 614 4973; x_wconf 81' lang='lat' dir='ltr'><strong>et</strong></span> <span class='ocrx_word' id='word_1_764' title='bbox 636 4921 928 4975; x_wconf 87' lang='lat' dir='ltr'><strong>ceciderunt</strong></span> <span class='ocrx_word' id='word_1_765' title='bbox 956 4923 1010 4977; x_wconf 86' lang='lat' dir='ltr'><strong>in</strong></span> <span class='ocrx_word' id='word_1_766' title='bbox 1036 4932 1249 4977; x_wconf 87' lang='lat' dir='ltr'><strong>terram.</strong></span> <span class='ocrx_word' id='word_1_767' title='bbox 1280 4941 1297 4974; x_wconf 72' lang='grc' dir='ltr'>ι</span> <span class='ocrx_word' id='word_1_768' title='bbox 1335 4923 1435 4980; x_wconf 88' lang='lat' dir='ltr'><strong>Ubi</strong></span> <span class='ocrx_word' id='word_1_769' title='bbox 1467 4931 1609 4978; x_wconf 88' lang='lat' dir='ltr'><strong>nunc</strong></span> <span class='ocrx_word' id='word_1_770' title='bbox 1636 4924 1864 4979; x_wconf 84' lang='lat' dir='ltr'><strong>militum</strong></span> 
     </span>
    </p>
   </div>
   <div class='ocr_carea' id='block_1_96' title="bbox 284 5009 1865 5081">
    <p class='ocr_par' dir='ltr' id='par_1_96' title="bbox 284 5009 1865 5081">
     <span class='ocr_line' id='line_1_96' title="bbox 284 5009 1865 5081; baseline 0.001 -17"><span class='ocrx_word' id='word_1_771' title='bbox 284 5009 515 5072; x_wconf 87' lang='lat' dir='ltr'><strong>cohors,</strong></span> <span class='ocrx_word' id='word_1_772' title='bbox 588 5017 643 5064; x_wconf 92' lang='lat' dir='ltr'><strong>et</strong></span> <span class='ocrx_word' id='word_1_773' title='bbox 689 5010 919 5064; x_wconf 86' lang='lat' dir='ltr'><strong>ministri</strong></span> <span class='ocrx_word' id='word_1_774' title='bbox 961 5012 1263 5081; x_wconf 86' lang='lat' dir='ltr'><strong>principum</strong></span> <span class='ocrx_word' id='word_1_775' title='bbox 1314 5027 1379 5067; x_wconf 90' lang='lat' dir='ltr'><strong>ac</strong></span> <span class='ocrx_word' id='word_1_776' title='bbox 1428 5012 1865 5067; x_wconf 66' lang='lat' dir='ltr'><strong>Pharismorum?</strong></span> 
     </span>
    </p>
   </div>
   <div class='ocr_carea' id='block_1_97' title="bbox 235 5095 1865 5172">
    <p class='ocr_par' dir='ltr' id='par_1_97' title="bbox 235 5095 1865 5172">
     <span class='ocr_line' id='line_1_97' title="bbox 235 5095 1865 5172; baseline 0.002 -18"><span class='ocrx_word' id='word_1_777' title='bbox 235 5132 241 5135; x_wconf 93' lang='lat'><strong><em>-</em></strong></span> <span class='ocrx_word' id='word_1_778' title='bbox 286 5095 404 5154; x_wconf 81' lang='lat' dir='ltr'><strong>Ubi</strong></span> <span class='ocrx_word' id='word_1_779' title='bbox 450 5106 624 5153; x_wconf 81' lang='lat' dir='ltr'><strong>terror</strong></span> <span class='ocrx_word' id='word_1_780' title='bbox 649 5108 705 5152; x_wconf 91' lang='lat' dir='ltr'><strong>et</strong></span> <span class='ocrx_word' id='word_1_781' title='bbox 738 5100 1009 5154; x_wconf 89' lang='lat' dir='ltr'><strong>munimen</strong></span> <span class='ocrx_word' id='word_1_782' title='bbox 1038 5114 1311 5155; x_wconf 89' lang='lat' dir='ltr'><strong>armorum</strong></span> <span class='ocrx_word' id='word_1_783' title='bbox 1333 5103 1356 5155; x_wconf 89' lang='lat'><strong>?</strong></span> <span class='ocrx_word' id='word_1_784' title='bbox 1378 5101 1578 5172; x_wconf 84' lang='lat' dir='ltr'><strong>Nempe</strong></span> <span class='ocrx_word' id='word_1_785' title='bbox 1614 5118 1722 5156; x_wconf 88' lang='lat' dir='ltr'><strong>una</strong></span> <span class='ocrx_word' id='word_1_786' title='bbox 1762 5118 1865 5157; x_wconf 82' lang='lat' dir='ltr'><strong>vox</strong></span> 
     </span>
    </p>
   </div>
   <div class='ocr_carea' id='block_1_98' title="bbox 285 5186 1863 5258">
    <p class='ocr_par' dir='ltr' id='par_1_98' title="bbox 285 5186 1863 5258">
     <span class='ocr_line' id='line_1_98' title="bbox 285 5186 1863 5258; baseline 0.002 -14"><span class='ocrx_word' id='word_1_787' title='bbox 285 5188 565 5244; x_wconf 87' lang='lat' dir='ltr'><strong>dicentis:</strong></span> <span class='ocrx_word' id='word_1_788' title='bbox 593 5186 704 5258; x_wconf 86' lang='lat' dir='ltr'><strong>Ego</strong></span> <span class='ocrx_word' id='word_1_789' title='bbox 753 5204 889 5253; x_wconf 88' lang='lat' dir='ltr'><strong>sum,</strong></span> <span class='ocrx_word' id='word_1_790' title='bbox 937 5197 1140 5244; x_wconf 87' lang='lat' dir='ltr'><strong>tantam</strong></span> <span class='ocrx_word' id='word_1_791' title='bbox 1180 5191 1391 5246; x_wconf 89' lang='lat' dir='ltr'><strong>turbam</strong></span> <span class='ocrx_word' id='word_1_792' title='bbox 1436 5193 1574 5247; x_wconf 89' lang='lat' dir='ltr'><strong>odiis</strong></span> <span class='ocrx_word' id='word_1_793' title='bbox 1609 5192 1863 5258; x_wconf 85' lang='lat' dir='ltr'><strong>ferocem,</strong></span> 
     </span>
    </p>
   </div>
   <div class='ocr_carea' id='block_1_99' title="bbox 289 5279 1863 5353">
    <p class='ocr_par' dir='ltr' id='par_1_99' title="bbox 289 5279 1863 5353">
     <span class='ocr_line' id='line_1_99' title="bbox 289 5279 1863 5353; baseline 0.002 -18"><span class='ocrx_word' id='word_1_794' title='bbox 289 5279 576 5348; x_wconf 74' lang='lat' dir='ltr'><strong>armisque</strong></span> <span class='ocrx_word' id='word_1_795' title='bbox 614 5280 930 5345; x_wconf 88' lang='lat' dir='ltr'><strong>terribilem,</strong></span> <span class='ocrx_word' id='word_1_796' title='bbox 967 5282 1084 5336; x_wconf 87' lang='lat' dir='ltr'><strong>sine</strong></span> <span class='ocrx_word' id='word_1_797' title='bbox 1119 5282 1227 5336; x_wconf 92' lang='lat' dir='ltr'><strong>ullo</strong></span> <span class='ocrx_word' id='word_1_798' title='bbox 1255 5283 1362 5337; x_wconf 88' lang='lat' dir='ltr'><strong>telo</strong></span> <span class='ocrx_word' id='word_1_799' title='bbox 1389 5284 1674 5353; x_wconf 78' lang='lat' dir='ltr'><strong>percussit,</strong></span> <span class='ocrx_word' id='word_1_800' title='bbox 1705 5299 1863 5353; x_wconf 87' lang='lat' dir='ltr'><strong>repu-</strong></span> 
     </span>
    </p>
   </div>
   <div class='ocr_carea' id='block_1_100' title="bbox 289 5368 1866 5441">
    <p class='ocr_par' dir='ltr' id='par_1_100' title="bbox 289 5368 1866 5441">
     <span class='ocr_line' id='line_1_100' title="bbox 289 5368 1866 5441; baseline 0.004 -20"><span class='ocrx_word' id='word_1_801' title='bbox 289 5368 386 5433; x_wconf 84' lang='lat' dir='ltr'><strong>lit,</strong></span> <span class='ocrx_word' id='word_1_802' title='bbox 408 5368 623 5424; x_wconf 84' lang='lat' dir='ltr'><strong>stravit.</strong></span> <span class='ocrx_word' id='word_1_803' title='bbox 650 5369 796 5427; x_wconf 87' lang='lat' dir='ltr'><strong>Deus</strong></span> <span class='ocrx_word' id='word_1_804' title='bbox 820 5370 962 5424; x_wconf 89' lang='lat' dir='ltr'><strong>enim</strong></span> <span class='ocrx_word' id='word_1_805' title='bbox 989 5369 1192 5425; x_wconf 87' lang='lat' dir='ltr'><strong>latebat</strong></span> <span class='ocrx_word' id='word_1_806' title='bbox 1216 5372 1268 5425; x_wconf 90' lang='lat' dir='ltr'><strong>in</strong></span> <span class='ocrx_word' id='word_1_807' title='bbox 1295 5386 1482 5436; x_wconf 89' lang='lat' dir='ltr'><strong>carne,</strong></span> <span class='ocrx_word' id='word_1_808' title='bbox 1501 5380 1557 5426; x_wconf 92' lang='lat' dir='ltr'><strong>et</strong></span> <span class='ocrx_word' id='word_1_809' title='bbox 1584 5373 1866 5441; x_wconf 90' lang='lat' dir='ltr'><strong>sempiter-</strong></span> 
     </span>
    </p>
   </div>
   <div class='ocr_carea' id='block_1_101' title="bbox 292 5459 1867 5525">
    <p class='ocr_par' dir='ltr' id='par_1_101' title="bbox 292 5459 1867 5525">
     <span class='ocr_line' id='line_1_101' title="bbox 292 5459 1867 5525; baseline 0.003 -11"><span class='ocrx_word' id='word_1_810' title='bbox 292 5473 409 5514; x_wconf 86' lang='lat' dir='ltr'><strong>nus</strong></span> <span class='ocrx_word' id='word_1_811' title='bbox 454 5459 571 5514; x_wconf 86' lang='lat' dir='ltr'><strong>dies</strong></span> <span class='ocrx_word' id='word_1_812' title='bbox 595 5460 671 5514; x_wconf 87' lang='lat' dir='ltr'><strong>ita</strong></span> <span class='ocrx_word' id='word_1_813' title='bbox 716 5460 973 5514; x_wconf 90' lang='lat' dir='ltr'><strong>membris</strong></span> <span class='ocrx_word' id='word_1_814' title='bbox 1002 5462 1371 5517; x_wconf 87' lang='lat' dir='ltr'><strong>occultabatur</strong></span> <span class='ocrx_word' id='word_1_815' title='bbox 1394 5463 1664 5525; x_wconf 90' lang='lat' dir='ltr'><strong>humanis,</strong></span> <span class='ocrx_word' id='word_1_816' title='bbox 1704 5471 1764 5518; x_wconf 90' lang='lat' dir='ltr'><strong>ut</strong></span> <span class='ocrx_word' id='word_1_817' title='bbox 1791 5463 1867 5518; x_wconf 90' lang='lat' dir='ltr'><strong>la-</strong></span> 
     </span>
    </p>
   </div>
   <div class='ocr_carea' id='block_1_102' title="bbox 293 5541 1866 5618">
    <p class='ocr_par' dir='ltr' id='par_1_102' title="bbox 293 5541 1866 5618">
     <span class='ocr_line' id='line_1_102' title="bbox 293 5541 1866 5618; baseline 0 -14"><span class='ocrx_word' id='word_1_818' title='bbox 293 5549 477 5604; x_wconf 82' lang='lat' dir='ltr'><strong>sernis</strong></span> <span class='ocrx_word' id='word_1_819' title='bbox 521 5555 574 5603; x_wconf 88' lang='lat' dir='ltr'><strong>et</strong></span> <span class='ocrx_word' id='word_1_820' title='bbox 601 5547 808 5603; x_wconf 84' lang='lat' dir='ltr'><strong>facibus</strong></span> <span class='ocrx_word' id='word_1_821' title='bbox 835 5560 1166 5618; x_wconf 67' lang='lat' dir='ltr'><strong>quaereretur</strong></span> <span class='ocrx_word' id='word_1_822' title='bbox 1184 5541 1507 5607; x_wconf 77' lang='lat' dir='ltr'><strong>occidendus</strong></span> <span class='ocrx_word' id='word_1_823' title='bbox 1537 5567 1568 5605; x_wconf 90' lang='lat' dir='ltr'><strong>a</strong></span> <span class='ocrx_word' id='word_1_824' title='bbox 1594 5548 1866 5608; x_wconf 76' lang='lat' dir='ltr'><strong>tenebris.</strong></span> 
     </span>
    </p>
   </div>
   <div class='ocr_carea' id='block_1_103' title="bbox 379 5656 1870 5730">
    <p class='ocr_par' dir='ltr' id='par_1_103' title="bbox 379 5656 1870 5730">
     <span class='ocr_line' id='line_1_103' title="bbox 379 5656 1870 5730; baseline 0.002 -20"><span class='ocrx_word' id='word_1_825' title='bbox 379 5670 405 5698; x_wconf 76' lang='grc' dir='ltr'>ι</span> <span class='ocrx_word' id='word_1_826' title='bbox 437 5656 559 5712; x_wconf 67' lang='lat' dir='ltr'><strong>Ms:</strong></span> <span class='ocrx_word' id='word_1_827' title='bbox 589 5675 607 5706; x_wconf 71' lang='grc' dir='ltr'>ι</span> <span class='ocrx_word' id='word_1_828' title='bbox 643 5656 843 5723; x_wconf 87' lang='lat' dir='ltr'><strong>Quare,</strong></span> <span class='ocrx_word' id='word_1_829' title='bbox 872 5657 963 5725; x_wconf 88' lang='lat' dir='ltr'><strong>qui</strong></span> <span class='ocrx_word' id='word_1_830' title='bbox 1010 5666 1271 5713; x_wconf 88' lang='lat' dir='ltr'><strong>venerunt</strong></span> <span class='ocrx_word' id='word_1_831' title='bbox 1308 5660 1375 5714; x_wconf 87' lang='lat' dir='ltr'><strong>ad</strong></span> <span class='ocrx_word' id='word_1_832' title='bbox 1417 5661 1870 5730; x_wconf 83' lang='lat' dir='ltr'><strong>comprehenden-</strong></span> 
     </span>
    </p>
   </div>
   <div class='ocr_carea' id='block_1_104' title="bbox 1967 4644 3534 4724">
    <p class='ocr_par' dir='ltr' id='par_1_104' title="bbox 1967 4644 3534 4724">
     <span class='ocr_line' id='line_1_104' title="bbox 1967 4644 3534 4724; baseline 0.008 -27"><span class='ocrx_word' id='word_1_833' title='bbox 1967 4654 2069 4698; x_wconf 83' lang='lat' dir='ltr'><strong>non</strong></span> <span class='ocrx_word' id='word_1_834' title='bbox 2090 4644 2259 4698; x_wconf 87' lang='lat' dir='ltr'><strong>bibam</strong></span> <span class='ocrx_word' id='word_1_835' title='bbox 2284 4645 2474 4699; x_wconf 82' lang='lat' dir='ltr'><strong>illum?</strong></span> <span class='ocrx_word' id='word_1_836' title='bbox 2503 4668 2521 4699; x_wconf 76' lang='grc' dir='ltr'><strong><em>ι</em></strong></span> <span class='ocrx_word' id='word_1_837' title='bbox 2555 4645 2675 4700; x_wconf 79' lang='lat' dir='ltr'><strong>Non</strong></span> <span class='ocrx_word' id='word_1_838' title='bbox 2724 4647 2893 4702; x_wconf 81' lang='lat' dir='ltr'><strong>bibam</strong></span> <span class='ocrx_word' id='word_1_839' title='bbox 2920 4649 3066 4703; x_wconf 87' lang='lat' dir='ltr'><strong>illum</strong></span> <span class='ocrx_word' id='word_1_840' title='bbox 3086 4692 3101 4715; x_wconf 90' lang='lat'><strong>,</strong></span> <span class='ocrx_word' id='word_1_841' title='bbox 3153 4652 3534 4724; x_wconf 78' lang='lat' dir='ltr'><strong>interrogative</strong></span> 
     </span>
    </p>
   </div>
   <div class='ocr_carea' id='block_1_105' title="bbox 1965 4729 3533 4809">
    <p class='ocr_par' dir='ltr' id='par_1_105' title="bbox 1965 4729 3533 4809">
     <span class='ocr_line' id='line_1_105' title="bbox 1965 4729 3533 4809; baseline 0.008 -21"><span class='ocrx_word' id='word_1_842' title='bbox 1965 4735 2049 4788; x_wconf 85' lang='lat' dir='ltr'><strong>vel</strong></span> <span class='ocrx_word' id='word_1_843' title='bbox 2090 4735 2413 4803; x_wconf 88' lang='lat' dir='ltr'><strong>lncrepative</strong></span> <span class='ocrx_word' id='word_1_844' title='bbox 2441 4738 2716 4806; x_wconf 79' lang='lat' dir='ltr'><strong>legendum</strong></span> <span class='ocrx_word' id='word_1_845' title='bbox 2754 4747 2868 4802; x_wconf 90' lang='lat' dir='ltr'><strong>est,</strong></span> <span class='ocrx_word' id='word_1_846' title='bbox 2926 4729 3079 4809; x_wconf 82' lang='lat' dir='ltr'><strong>quasi</strong></span> <span class='ocrx_word' id='word_1_847' title='bbox 3122 4730 3382 4800; x_wconf 80' lang='lat' dir='ltr'><strong>dixisset:</strong></span> <span class='ocrx_word' id='word_1_848' title='bbox 3415 4747 3533 4801; x_wconf 79' lang='lat' dir='ltr'><strong>Non</strong></span> 
     </span>
    </p>
   </div>
   <div class='ocr_carea' id='block_1_106' title="bbox 1965 4824 3537 4897">
    <p class='ocr_par' dir='ltr' id='par_1_106' title="bbox 1965 4824 3537 4897">
     <span class='ocr_line' id='line_1_106' title="bbox 1965 4824 3537 4897; baseline 0.008 -19"><span class='ocrx_word' id='word_1_849' title='bbox 1965 4824 2144 4878; x_wconf 85' lang='lat' dir='ltr'><strong>bibam</strong></span> <span class='ocrx_word' id='word_1_850' title='bbox 2171 4824 2318 4879; x_wconf 89' lang='lat' dir='ltr'><strong>illum</strong></span> <span class='ocrx_word' id='word_1_851' title='bbox 2344 4826 2566 4881; x_wconf 86' lang='lat' dir='ltr'><strong>calicem</strong></span> <span class='ocrx_word' id='word_1_852' title='bbox 2592 4842 2751 4897; x_wconf 90' lang='lat' dir='ltr'><strong>quem</strong></span> <span class='ocrx_word' id='word_1_853' title='bbox 2775 4828 2940 4883; x_wconf 84' lang='lat' dir='ltr'><strong>Pater</strong></span> <span class='ocrx_word' id='word_1_854' title='bbox 2978 4830 3108 4886; x_wconf 89' lang='lat' dir='ltr'><strong>mihi</strong></span> <span class='ocrx_word' id='word_1_855' title='bbox 3147 4833 3289 4888; x_wconf 89' lang='lat' dir='ltr'><strong>dedit</strong></span> <span class='ocrx_word' id='word_1_856' title='bbox 3313 4835 3537 4890; x_wconf 85' lang='lat' dir='ltr'><strong>bibere?</strong></span> 
     </span>
    </p>
   </div>
   <div class='ocr_carea' id='block_1_107' title="bbox 1966 4915 3534 4992">
    <p class='ocr_par' dir='ltr' id='par_1_107' title="bbox 1966 4915 3534 4992">
     <span class='ocr_line' id='line_1_107' title="bbox 1966 4915 3534 4992; baseline 0.008 -24"><span class='ocrx_word' id='word_1_857' title='bbox 1966 4915 2144 4982; x_wconf 86' lang='lat' dir='ltr'><strong>Quare</strong></span> <span class='ocrx_word' id='word_1_858' title='bbox 2173 4917 2423 4971; x_wconf 84' lang='lat' dir='ltr'><strong>resistere</strong></span> <span class='ocrx_word' id='word_1_859' title='bbox 2466 4917 2549 4971; x_wconf 89' lang='lat' dir='ltr'><strong>vis</strong></span> <span class='ocrx_word' id='word_1_860' title='bbox 2577 4918 2837 4974; x_wconf 88' lang='lat' dir='ltr'><strong>voluntati</strong></span> <span class='ocrx_word' id='word_1_861' title='bbox 2900 4923 3279 4992; x_wconf 87' lang='lat' dir='ltr'><strong>omnipotentis</strong></span> <span class='ocrx_word' id='word_1_862' title='bbox 3326 4923 3534 4989; x_wconf 85' lang='lat' dir='ltr'><strong>Patris,</strong></span> 
     </span>
    </p>
   </div>
   <div class='ocr_carea' id='block_1_108' title="bbox 1972 5006 3538 5084">
    <p class='ocr_par' dir='ltr' id='par_1_108' title="bbox 1972 5006 3538 5084">
     <span class='ocr_line' id='line_1_108' title="bbox 1972 5006 3538 5084; baseline 0.006 -22"><span class='ocrx_word' id='word_1_863' title='bbox 1972 5007 2080 5062; x_wconf 92' lang='lat' dir='ltr'><strong>lmo</strong></span> <span class='ocrx_word' id='word_1_864' title='bbox 2116 5014 2172 5061; x_wconf 89' lang='lat' dir='ltr'><strong>et</strong></span> <span class='ocrx_word' id='word_1_865' title='bbox 2193 5006 2381 5062; x_wconf 88' lang='lat' dir='ltr'><strong>salutis</strong></span> <span class='ocrx_word' id='word_1_866' title='bbox 2402 5015 2507 5062; x_wconf 77' lang='lat' dir='ltr'><strong>tua:</strong></span> <span class='ocrx_word' id='word_1_867' title='bbox 2527 5007 2714 5084; x_wconf 81' lang='lat' dir='ltr'><strong>calici?</strong></span> <span class='ocrx_word' id='word_1_868' title='bbox 2736 5008 2792 5064; x_wconf 89' lang='lat' dir='ltr'><strong>In</strong></span> <span class='ocrx_word' id='word_1_869' title='bbox 2833 5026 2931 5065; x_wconf 85' lang='lat' dir='ltr'><strong>suo</strong></span> <span class='ocrx_word' id='word_1_870' title='bbox 2965 5014 3159 5082; x_wconf 87' lang='lat' dir='ltr'><strong>quippe</strong></span> <span class='ocrx_word' id='word_1_871' title='bbox 3188 5012 3329 5068; x_wconf 87' lang='lat' dir='ltr'><strong>facto</strong></span> <span class='ocrx_word' id='word_1_872' title='bbox 3348 5013 3436 5068; x_wconf 89' lang='lat' dir='ltr'><strong>ille</strong></span> <span class='ocrx_word' id='word_1_873' title='bbox 3456 5014 3538 5070; x_wconf 52' lang='lat' dir='ltr'><strong>di-</strong></span> 
     </span>
    </p>
   </div>
   <div class='ocr_carea' id='block_1_109' title="bbox 1969 5088 3539 5167">
    <p class='ocr_par' dir='ltr' id='par_1_109' title="bbox 1969 5088 3539 5167">
     <span class='ocr_line' id='line_1_109' title="bbox 1969 5088 3539 5167; baseline 0.006 -15"><span class='ocrx_word' id='word_1_874' title='bbox 1969 5096 2203 5165; x_wconf 88' lang='lat' dir='ltr'><strong>scipulus</strong></span> <span class='ocrx_word' id='word_1_875' title='bbox 2234 5098 2544 5166; x_wconf 82' lang='lat' dir='ltr'><strong>magistrum</strong></span> <span class='ocrx_word' id='word_1_876' title='bbox 2598 5098 2883 5156; x_wconf 80' lang='lat' dir='ltr'><strong>defendere</strong></span> <span class='ocrx_word' id='word_1_877' title='bbox 2907 5101 3091 5167; x_wconf 88' lang='lat' dir='ltr'><strong>voluit,</strong></span> <span class='ocrx_word' id='word_1_878' title='bbox 3117 5103 3329 5157; x_wconf 88' lang='lat' dir='ltr'><strong>nescius</strong></span> <span class='ocrx_word' id='word_1_879' title='bbox 3361 5088 3539 5161; x_wconf 74' lang='lat' dir='ltr'><strong>adhuc</strong></span> 
     </span>
    </p>
   </div>
   <div class='ocr_carea' id='block_1_110' title="bbox 1968 5175 3533 5267">
    <p class='ocr_par' dir='ltr' id='par_1_110' title="bbox 1968 5175 3533 5267">
     <span class='ocr_line' id='line_1_110' title="bbox 1968 5175 3533 5267; baseline 0.005 -25"><span class='ocrx_word' id='word_1_880' title='bbox 1968 5186 2423 5256; x_wconf 87' lang='lat' dir='ltr'><strong>dispensationem</strong></span> <span class='ocrx_word' id='word_1_881' title='bbox 2470 5196 2708 5257; x_wconf 67' lang='lat' dir='ltr'><strong>paternas</strong></span> <span class='ocrx_word' id='word_1_882' title='bbox 2744 5191 3034 5246; x_wconf 81' lang='lat' dir='ltr'><strong>voluntatis</strong></span> <span class='ocrx_word' id='word_1_883' title='bbox 3084 5189 3234 5264; x_wconf 77' lang='lat' dir='ltr'><strong>[Ms.,</strong></span> <span class='ocrx_word' id='word_1_884' title='bbox 3258 5175 3533 5267; x_wconf 85' lang='lat' dir='ltr'><strong>pietatis].</strong></span> 
     </span>
    </p>
   </div>
   <div class='ocr_carea' id='block_1_111' title="bbox 1967 5278 3532 5350">
    <p class='ocr_par' dir='ltr' id='par_1_111' title="bbox 1967 5278 3532 5350">
     <span class='ocr_line' id='line_1_111' title="bbox 1967 5278 3532 5350; baseline 0.004 -17"><span class='ocrx_word' id='word_1_885' title='bbox 1967 5281 2095 5349; x_wconf 86' lang='lat' dir='ltr'><strong>quid</strong></span> <span class='ocrx_word' id='word_1_886' title='bbox 2115 5293 2181 5333; x_wconf 81' lang='lat' dir='ltr'><strong>ex</strong></span> <span class='ocrx_word' id='word_1_887' title='bbox 2216 5278 2319 5334; x_wconf 89' lang='lat' dir='ltr'><strong>hoc</strong></span> <span class='ocrx_word' id='word_1_888' title='bbox 2341 5279 2454 5334; x_wconf 81' lang='lat' dir='ltr'><strong>fieri</strong></span> <span class='ocrx_word' id='word_1_889' title='bbox 2477 5290 2757 5337; x_wconf 88' lang='lat' dir='ltr'><strong>venturum</strong></span> <span class='ocrx_word' id='word_1_890' title='bbox 2806 5282 3081 5337; x_wconf 82' lang='lat' dir='ltr'><strong>voluisset.</strong></span> <span class='ocrx_word' id='word_1_891' title='bbox 3117 5300 3136 5332; x_wconf 72' lang='grc' dir='ltr'><strong><em>ε</em></strong></span> <span class='ocrx_word' id='word_1_892' title='bbox 3171 5282 3321 5350; x_wconf 77' lang='lat' dir='ltr'><strong>Quod</strong></span> <span class='ocrx_word' id='word_1_893' title='bbox 3350 5295 3532 5340; x_wconf 87' lang='lat' dir='ltr'><strong>autem</strong></span> 
     </span>
    </p>
   </div>
   <div class='ocr_carea' id='block_1_112' title="bbox 1968 5368 3532 5444">
    <p class='ocr_par' dir='ltr' id='par_1_112' title="bbox 1968 5368 3532 5444">
     <span class='ocr_line' id='line_1_112' title="bbox 1968 5368 3532 5444; baseline 0.005 -21"><span class='ocrx_word' id='word_1_894' title='bbox 1968 5386 1998 5423; x_wconf 91' lang='lat' dir='ltr'><strong>a</strong></span> <span class='ocrx_word' id='word_1_895' title='bbox 2017 5368 2178 5423; x_wconf 89' lang='lat' dir='ltr'><strong>Patre</strong></span> <span class='ocrx_word' id='word_1_896' title='bbox 2212 5369 2313 5423; x_wconf 91' lang='lat' dir='ltr'><strong>sibi</strong></span> <span class='ocrx_word' id='word_1_897' title='bbox 2341 5369 2471 5424; x_wconf 90' lang='lat' dir='ltr'><strong>dicit</strong></span> <span class='ocrx_word' id='word_1_898' title='bbox 2500 5371 2679 5426; x_wconf 90' lang='lat' dir='ltr'><strong>datum</strong></span> <span class='ocrx_word' id='word_1_899' title='bbox 2708 5372 2927 5427; x_wconf 80' lang='lat' dir='ltr'><strong>calic&#39;em</strong></span> <span class='ocrx_word' id='word_1_900' title='bbox 2954 5372 3250 5441; x_wconf 89' lang='lat' dir='ltr'><strong>passionis,</strong></span> <span class='ocrx_word' id='word_1_901' title='bbox 3289 5374 3532 5444; x_wconf 88' lang='lat' dir='ltr'><strong>profecto</strong></span> 
     </span>
    </p>
   </div>
   <div class='ocr_carea' id='block_1_113' title="bbox 1967 5456 3533 5534">
    <p class='ocr_par' dir='ltr' id='par_1_113' title="bbox 1967 5456 3533 5534">
     <span class='ocr_line' id='line_1_113' title="bbox 1967 5456 3533 5534; baseline 0.004 -22"><span class='ocrx_word' id='word_1_902' title='bbox 1967 5456 2096 5512; x_wconf 89' lang='lat' dir='ltr'><strong>illud</strong></span> <span class='ocrx_word' id='word_1_903' title='bbox 2118 5464 2200 5511; x_wconf 88' lang='lat' dir='ltr'><strong>est</strong></span> <span class='ocrx_word' id='word_1_904' title='bbox 2225 5457 2367 5526; x_wconf 88' lang='lat' dir='ltr'><strong>quod</strong></span> <span class='ocrx_word' id='word_1_905' title='bbox 2388 5458 2464 5511; x_wconf 87' lang='lat' dir='ltr'><strong>ait</strong></span> <span class='ocrx_word' id='word_1_906' title='bbox 2507 5458 2823 5527; x_wconf 82' lang='lat' dir='ltr'><strong>Apostolus:</strong></span> <span class='ocrx_word' id='word_1_907' title='bbox 2853 5459 2915 5515; x_wconf 89' lang='lat' dir='ltr'><strong>Si</strong></span> <span class='ocrx_word' id='word_1_908' title='bbox 2944 5460 3080 5515; x_wconf 85' lang='lat' dir='ltr'><strong>Deus</strong></span> <span class='ocrx_word' id='word_1_909' title='bbox 3107 5479 3199 5532; x_wconf 88' lang='lat' dir='ltr'><strong>pro</strong></span> <span class='ocrx_word' id='word_1_910' title='bbox 3229 5463 3391 5526; x_wconf 83' lang='lat' dir='ltr'><strong>nobis,</strong></span> <span class='ocrx_word' id='word_1_911' title='bbox 3416 5456 3533 5534; x_wconf 84' lang='lat' dir='ltr'><strong>quis</strong></span> 
     </span>
    </p>
   </div>
   <div class='ocr_carea' id='block_1_114' title="bbox 1968 5546 3536 5625">
    <p class='ocr_par' dir='ltr' id='par_1_114' title="bbox 1968 5546 3536 5625">
     <span class='ocr_line' id='line_1_114' title="bbox 1968 5546 3536 5625; baseline 0.003 -24"><span class='ocrx_word' id='word_1_912' title='bbox 1968 5555 2149 5601; x_wconf 90' lang='lat' dir='ltr'><strong>contra</strong></span> <span class='ocrx_word' id='word_1_913' title='bbox 2178 5547 2309 5600; x_wconf 80' lang='lat' dir='ltr'><strong>nos?</strong></span> <span class='ocrx_word' id='word_1_914' title='bbox 2347 5548 2437 5617; x_wconf 86' lang='lat' dir='ltr'><strong>qui</strong></span> <span class='ocrx_word' id='word_1_915' title='bbox 2466 5546 2606 5602; x_wconf 84' lang='lat' dir='ltr'><strong>Filio</strong></span> <span class='ocrx_word' id='word_1_916' title='bbox 2632 5549 2841 5625; x_wconf 86' lang='lat' dir='ltr'><strong>proprio</strong></span> <span class='ocrx_word' id='word_1_917' title='bbox 2883 5566 2986 5605; x_wconf 90' lang='lat' dir='ltr'><strong>non</strong></span> <span class='ocrx_word' id='word_1_918' title='bbox 3029 5554 3269 5623; x_wconf 65' lang='lat' dir='ltr'><strong>pepercit,</strong></span> <span class='ocrx_word' id='word_1_919' title='bbox 3301 5552 3392 5609; x_wconf 80' lang='lat' dir='ltr'><strong>sed</strong></span> <span class='ocrx_word' id='word_1_920' title='bbox 3441 5569 3536 5623; x_wconf 84' lang='lat' dir='ltr'><strong>pro</strong></span> 
     </span>
    </p>
   </div>
   <div class='ocr_carea' id='block_1_115' title="bbox 1968 5658 3534 5733">
    <p class='ocr_par' dir='ltr' id='par_1_115' title="bbox 1968 5658 3534 5733">
     <span class='ocr_line' id='line_1_115' title="bbox 1968 5658 3534 5733; baseline 0.004 -21"><span class='ocrx_word' id='word_1_921' title='bbox 1968 5658 2137 5733; x_wconf 85' lang='lat' dir='ltr'><strong>Quia_</strong></span> <span class='ocrx_word' id='word_1_922' title='bbox 2159 5668 2285 5712; x_wconf 89' lang='lat' dir='ltr'><strong>ante</strong></span> <span class='ocrx_word' id='word_1_923' title='bbox 2329 5674 2437 5733; x_wconf 89' lang='lat' dir='ltr'><strong>non</strong></span> <span class='ocrx_word' id='word_1_924' title='bbox 2485 5667 2790 5730; x_wconf 89' lang='lat' dir='ltr'><strong>potuerunt,</strong></span> <span class='ocrx_word' id='word_1_925' title='bbox 2817 5676 2978 5730; x_wconf 90' lang='lat' dir='ltr'><strong>quam</strong></span> <span class='ocrx_word' id='word_1_926' title='bbox 3004 5661 3262 5718; x_wconf 76' lang='lat' dir='ltr'><strong>voluisset</strong></span> <span class='ocrx_word' id='word_1_927' title='bbox 3286 5662 3392 5729; x_wconf 80' lang='lat' dir='ltr'><strong>ille,</strong></span> <span class='ocrx_word' id='word_1_928' title='bbox 3438 5664 3534 5733; x_wconf 81' lang='lat' dir='ltr'><strong>qui</strong></span> 
     </span>
    </p>
   </div>
   <div class='ocr_carea' id='block_1_116' title="bbox 297 5726 2425 5800">
    <p class='ocr_par' dir='ltr' id='par_1_116' title="bbox 297 5726 2425 5800">
     <span class='ocr_line' id='line_1_116' title="bbox 297 5726 2425 5800; baseline -0.001 -17"><span class='ocrx_word' id='word_1_929' title='bbox 297 5727 457 5791; x_wconf 79' lang='lat' dir='ltr'><strong>duin,</strong></span> <span class='ocrx_word' id='word_1_930' title='bbox 510 5741 616 5782; x_wconf 92' lang='lat' dir='ltr'><strong>non</strong></span> <span class='ocrx_word' id='word_1_931' title='bbox 661 5735 962 5791; x_wconf 82' lang='lat' dir='ltr'><strong>tenuerunt,</strong></span> <span class='ocrx_word' id='word_1_932' title='bbox 1014 5743 1045 5781; x_wconf 82' lang='lat' dir='ltr'><strong>a</strong></span> <span class='ocrx_word' id='word_1_933' title='bbox 1093 5744 1198 5798; x_wconf 91' lang='lat' dir='ltr'><strong>quo</strong></span> <span class='ocrx_word' id='word_1_934' title='bbox 1223 5730 1503 5784; x_wconf 86' lang='lat' dir='ltr'><strong>audierunt</strong></span> <span class='ocrx_word' id='word_1_935' title='bbox 1533 5726 1687 5800; x_wconf 68' lang='lat' dir='ltr'><strong>{Ego</strong></span> <span class='ocrx_word' id='word_1_936' title='bbox 1713 5747 1823 5783; x_wconf 88' lang='lat' dir='ltr'><strong>sum</strong></span> <span class='ocrx_word' id='word_1_937' title='bbox 1847 5732 1873 5785; x_wconf 72' lang='lat'><em>7</em></span> <span class='ocrx_word' id='word_1_938' title='bbox 1971 5728 2045 5783; x_wconf 80' lang='lat' dir='ltr'><strong>ait</strong></span> <span class='ocrx_word' id='word_1_939' title='bbox 2071 5727 2203 5798; x_wconf 75' lang='lat' dir='ltr'><strong>:Ego</strong></span> <span class='ocrx_word' id='word_1_940' title='bbox 2233 5732 2368 5782; x_wconf 79' lang='lat' dir='ltr'><strong>sunt.</strong></span> <span class='ocrx_word' id='word_1_941' title='bbox 2406 5749 2425 5780; x_wconf 72' lang='grc' dir='ltr'><strong><em>ι</em></strong></span> 
     </span>
    </p>
   </div>
   <div class='ocr_carea' id='block_1_117' title="bbox 551 5816 943 5880">
    <p class='ocr_par' dir='ltr' id='par_1_117' title="bbox 551 5816 943 5880">
     <span class='ocr_line' id='line_1_117' title="bbox 551 5816 943 5880; baseline 0.008 -3"><span class='ocrx_word' id='word_1_942' title='bbox 551 5817 823 5878; x_wconf 66' lang='grc' dir='ltr'><strong>Ριτιωι..</strong></span> <span class='ocrx_word' id='word_1_943' title='bbox 870 5816 943 5880; x_wconf 87' lang='lat' dir='ltr'><strong>C.</strong></span> 
     </span>
    </p>
   </div>
   <div class='ocr_carea' id='block_1_118' title="bbox 3024 5822 3096 5882">
    <p class='ocr_par' dir='ltr' id='par_1_118' title="bbox 3024 5822 3096 5882">
     <span class='ocr_line' id='line_1_118' title="bbox 3024 5822 3096 5882; baseline 0 0"><span class='ocrx_word' id='word_1_944' title='bbox 3024 5822 3096 5882; x_wconf 77' lang='grc'><strong>31</strong></span> 
     </span>
    </p>
   </div>
  </div>
