4074 6464
560 371 656 428 9'“

1401 373 1458 426 Β.
1501 373 1561 426 π.
1593 372 1814 427 ALBINI
1853 370 1982 426 SEU
2021 364 2295 423 ALCCINI
2331 361 2611 421 OPERUM
2648 359 2826 415 PARS
2859 359 2922 415 11.

3695 350 3811 407 9ῗ2

559 486 706 548 nobis
741 487 979 542 omnibus
1007 485 1222 540 tradidit
1252 502 1368 540 eum
1392 485 1564 558 (Rom.
1606 501 1723 549 VIII,
1751 485 1842 549 5|,
1864 482 1976 554 52).
2021 482 2124 537 Vc—
2153 487 2197 540 Α
2227 477 2462 532 missima
2491 476 2558 530 ad
2583 475 2741 529 unius
2794 489 2938 528 aurae
2981 471 3267 542 impulsum
3309 477 3419 525 tota
3448 467 3803 558 contremuit.

471 575 478 580 ’
561 593 681 642 rum
711 586 899 634 auctor
923 579 1103 634 calicis
1125 578 1282 647 hujus
1306 585 1422 641 est,
1470 577 1633 631 etiam
1686 576 1799 646 ipse
1827 576 1918 646 qui
1970 573 2124 628 bibit.

564 666 869 724 Undeidem
888 666 1173 737 Apostolus
1193 665 1318 718 item
1339 664 1469 718 dicit
1494 679 1508 717 :
1533 662 1771 717 Christus
1799 662 1977 715 dilexit
2013 677 2124 723 nos,

561 768 611 817 et
635 760 854 813 tradidit
887 760 1212 830 semetipsum
1253 773 1347 828 pro
1391 758 1558 822 nobis,
1587 758 1900 810 oblationem
1945 765 1991 808 et
2038 755 2131 806 ho-

561 849 717 904 stiam
733 849 837 903 Deo
852 848 904 901 in
922 849 1128 900 odorem
1141 848 1430 902 suavitatis.
1451 846 1728 916 (Ephes.v,
1743 845 1798 916 ἓ)
1816 846 1998 917 (Vens.
2019 842 2129 913 12.)

564 937 762 997 Cohors
786 955 926 1008 ergo,
957 949 1004 992 et
1036 937 1290 1001 tribunus,
1330 948 1378 992 et
1408 939 1632 991 ministri
1659 937 1969 991 Judrcorum
1994 951 2133 988 com-

562 1026 940 1096 prehenderunt
951 1025 987 1079 J
990 1043 1154 1091 esum,
1166 1037 1212 1080 et
1232 1026 1519 1098 ligaverunt
1545 1043 1684 1080 eum.
1697 1025 2126 1095 Comprehende-

563 1125 708 1180 runt,
738 1117 805 1170 ad
829 1131 988 1186 quem
1031 1132 1137 1171 non
1166 1124 1515 1172 accesserunt
1563 1116 1838 1187 [quoniam
1867 1117 1980 1170 dies
2008 1115 2095 1168 ille
2115 1152 2131 1179 ,

565 1204 638 1258 illi
678 1220 806 1259 vero
862 1207 1097 1262 tenebrae
1150 1207 1615 1278 permanserunt];
1672 1223 1768 1262 nec
1813 1207 2130 1260 audierunt:

563 1295 804 1352 Accedite
832 1297 900 1350 ad
943 1313 1082 1364 eum,
1111 1307 1159 1352 et
1202 1297 1574 1352 illuminamini
1606 1295 1777 1368 (Psal.
1823 1313 2016 1362 xxxiii,
2057 1295 2132 1367 6).

565 1385 716 1442 Nunc
742 1397 923 1443 autem
963 1389 1176 1458 quando
1204 1405 1327 1444 eum
1380 1389 1472 1444 illo
1515 1389 1674 1444 modo
1722 1391 2138 1458 comprehende—

567 1488 712 1544 runt,
746 1489 874 1535 tunc
909 1481 976 1536 ab
1001 1495 1065 1536 eo
1094 1481 1303 1552 longius
1353 1491 1689 1536 recesserunt
1717 1500 1728 1537 :
1762 1491 1816 1536 et
1841 1471 2140 1552 ligaverunt

567 1587 714 1638 eum,
745 1588 776 1627 a
805 1587 914 1643 quo
947 1573 1077 1628 solvi
1109 1574 1285 1643 potius
1310 1573 1445 1628 velle
1474 1573 1790 1628 debuerunt.
1832 1592 1850 1624 ι

644 1682 662 1715 ι
693 1677 720 1706 ι
740 1663 1096 1733 Posteaquam
1149 1672 1524 1734 persecutores
1549 1663 1792 1718 tradente
1829 1661 1962 1716 Juda
1995 1677 2141 1716 com—

567 1752 895 1820 prehensum
924 1752 1208 1808 Dominum
1238 1752 1558 1824 ligaverunt,
1583 1753 1674 1822 qui
1710 1768 1807 1806 nos
1843 1751 2048 1814 dilexit,
2087 1758 2142 1804 et

2231 568 2332 626 Ubi
2370 575 2452 623 est
2472 566 2563 620 illa
2592 562 2956 636 promittentis
2975 563 3220 626 audacia,
3243 569 3293 616 et
3318 560 3384 614 de
3415 574 3472 613 se
3513 557 3810 628 plurimum

2228 654 2633 727 prtesumentis?
2662 652 2761 708 Ubi
2783 661 2908 706 sunt
2928 653 3087 706 verba
3114 652 3220 716 illa,
3244 649 3456 721 quando
3478 647 3591 701 ait:
3629 645 3815 712 Quare

2231 762 2332 799 non
2352 759 2560 814 possunt
2583 743 2725 812 sequi
2747 751 2794 794 te
2820 741 3013 794 modo?
3048 741 3288 794 Animam
3311 754 3480 792 meam
3507 751 3601 806 pro
3624 745 3674 788 te
3712 751 3812 804 po-

2231 851 2352 888 nam
2380 833 2558 905 (Joan.
2584 849 2702 896 xui,
2726 831 2848 901 57);
2897 832 2999 886 hoc
3048 847 3154 884 non
3183 840 3263 884 est
3293 829 3443 898 sequi
3467 828 3812 897 magistrum.

2231 923 2406 978 sedse
2450 935 2644 989 negare
2679 918 2997 988 discipulum
3036 933 3174 973 esse.
3221 917 3382 972 Sicne
3435 931 3532 987 pro
3583 915 3818 969 Domino

2233 1015 2409 1070 anima
2438 1014 2672 1082 ponitur,
2697 1020 2755 1066 ut
2793 1013 2895 1067 hoc
2924 1028 2991 1066 ne
3015 1011 3106 1066 ﬁat
3131 1053 3146 1077 ,
3194 1027 3297 1065 vox
3326 1009 3532 1064 ancillas
3558 1009 3819 1064 formide-

2236 1105 2356 1160 tur?
2390 1124 2408 1156 ι
2443 1103 2584 1157 Sane
2613 1103 2668 1156 in
2709 1103 2812 1157 hoc
2835 1101 3000 1174 [loco]
3026 1102 3475 1158 considerandum
3507 1109 3612 1165 est,
3645 1116 3818 1170 quam

2233 1194 2584 1268 periculosum
2616 1194 2686 1248 sit
2727 1193 3036 1248 Christiano
3073 1208 3131 1247 se
3161 1190 3527 1247 Christianum
3555 1207 3679 1244 esse
3718 1207 3818 1245 ne-

2235 1302 2382 1357 gare.
2411 1283 2526 1338 Non
2555 1284 2696 1338 enim
2717 1283 2908 1339 Petrus
2933 1283 2988 1337 in
3011 1283 3112 1338 hoc
3139 1281 3258 1337 loco
3283 1281 3418 1336 dixit
3451 1296 3510 1335 sc
3535 1280 3820 1335 Christum

2237 1392 2450 1448 negare,
2483 1375 2578 1431 sed
2625 1375 2946 1446 discipulum
2988 1375 3232 1430 Christi:
3268 1382 3445 1428 tamen
3500 1374 3617 1442 ipse
3662 1372 3823 1428 Chri-

2237 1477 2353 1522 stus
2382 1476 2504 1522 ante
2532 1467 2814 1537 prmdixit:
2850 1465 2952 1520 Ter
2991 1481 3072 1518 me
3115 1473 3394 1534 negaturus
3423 1480 3498 1516 es.
3526 1461 3631 1528 Qui
3675 1462 3820 1516 enim

2239 1556 2556 1626 discipulum
2583 1571 2639 1610 se
2660 1554 2860 1609 Christi
2905 1553 3119 1623 negavit
3153 1567 3272 1607 esse
3301 1551 3671 1605 Christianum
3721 1549 3821 1621 [se]

2240 1647 2486 1716 negavit:
2538 1644 2788 1698 similiter
2843 1643 2934 1713 qui
2975 1657 3032 1696 se
3081 1641 3445 1697 Christianum
3497 1650 3662 1710 negat
3707 1655 3823 1695 esse

2240 1744 2461 1806 propter
2507 1733 2736 1802 aliquem
2783 1732 3069 1794 timorem,
3117 1730 3277 1784 etiam
3315 1727 3594 1782 Christum
3645 1737 3819 1799 negat.

571 1815 790 1896 tradidit
811 1842 1154 1911 semetipsum
1183 1815 1467 1912 provnobis
1495 1815 1760 1905 omnibus,
1787 1850 1841 1896 et
1861 1843 1946 1897 cui
1983 1841 2142 1894 Pater

2249 1827 2430 1899 (Vens.
2463 1826 2574 1896 18.)
2606 1823 2824 1878 Stabant
2845 1833 3017 1877 autem
3038 1824 3168 1876 servi
3190 1815 3239 1874 et
3265 1821 3490 1874 ministri
3512 1820 3584 1874 ad
3604 1838 3819 1890 prunas,

570 1945 676 1984 non
716 1931 974 2001 pepercit,
998 1931 1091 1986 sed
1122 1946 1219 2002 pro
1264 1933 1420 1987 nobis
1463 1932 1713 1986 omnibus
1752 1931 1970 1986 tradidit
2023 1947 2146 1986 eum

571 2021 752 2092 (Rom.
779 2039 900 2089 vin,
931 2024 1044 2093 32),
1101 2025 1284 2096 (Vens.
1314 2025 1400 2096 i3)
1440 2026 1780 2080 Adduxerunt
1804 2043 1921 2080 eum
1943 2024 2011 2078 ad
2036 2025 2147 2078 An-

573 2128 697 2167 nam
734 2113 979 2184 primum.
1031 2112 1142 2169 Nec
1183 2114 1326 2168 enim
1374 2114 1608 2169 Joannes
1652 2115 1808 2169 istam
1837 2123 1977 2168 tacet
2023 2129 2149 2167 cau-

567 2217 709 2270 sam,
734 2217 903 2272 quare
927 2202 1030 2258 hoc
1059 2204 1131 2256 ita
1158 2203 1358 2258 factum
1379 2204 1450 2259 sit
1489 2203 1640 2276 [Ms.,
1672 2219 1837 2272 quare
1867 2205 1968 2258 hoc
1993 2201 2151 2257 fecis-

574 2289 737 2362 sent],
773 2290 990 2346 dicens:
1021 2290 1151 2345 Erat
1177 2293 1336 2359 enim,
1365 2291 1560 2364 inquit,
1598 2308 1746 2346 socer
1771 2291 2015 2363 Caiphre,
2060 2291 2150 2362 qui

573 2392 686 2437 erat
712 2382 946 2452 pontifex
971 2384 1095 2438 anni
1121 2383 1283 2438 illius.
1323 2404 1342 2436 ι

647 2471 807 2526 Vens.
823 2471 909 2526 M.
931 2503 1001 2512 —
1016 2472 1146 2527 Erat
1161 2483 1330 2528 autem
1344 2472 1590 2545 Caipltas,
1606 2476 1695 2546 qui
1716 2473 1985 2529 consilium
2011 2473 2153 2526 dedit

573 2561 802 2627 Iudicis,
827 2563 950 2633 quia
972 2564 1176 2634 expedit
1199 2582 1359 2618 unum
1387 2566 1646 2621 hominem
1673 2569 1806 2620 mori
1825 2583 1919 2636 pro
1937 2566 2147 2636 populo.

578 2651 778 2708 Ductus
800 2660 882 2708 est
905 2653 1198 2730 ad‘Annam
1227 2655 1481 2724 primum,
1501 2666 1555 2711 et
1577 2667 1759 2727 postea
1781 2657 1848 2711 ad
1870 2656 2147 2725 Caipham,

567 2748 635 2813 ut
657 2741 905 2810 cognatio
925 2743 1204 2813 sanguinis
1228 2751 1283 2798 et
1313 2744 1532 2800 sceleris
1559 2761 1654 2801 eos
1689 2745 1892 2802 faceret
1934 2762 2154 2801 consor-

575 2843 678 2888 tes.
706 2832 915 2904 Moyses
936 2834 1045 2888 Deo
1075 2834 1296 2904 jubente
1323 2848 1651 2907 praeceperat
1671 2847 1729 2893 ut
1754 2839 2033 2908 pontiﬁces
2053 2854 2149 2907 pa-

581 2926 756 2981 tribus
786 2928 1154 2994 succederent,
1187 2939 1246 2983 ut
1273 2931 1633 2999 generationis
1673 2916 1736 2985 in
1788 2933 2154 2987 sacerdotibus

577 3017 746 3073 series
768 3028 1200 3073 conservaretur.
1217 3019 1404 3074 Refert
1421 3019 1685 3091 Iosephus
1711 3023 1870 3076 istum
1897 3021 2152 3091 Caipham

578 3108 738 3163 unius
754 3114 960 3162 tantum
984 3109 1110 3162 anni
1137 3110 1203 3163 ab
1224 3109 1432 3164 Herode
1453 3111 1628 3179 pretio
1645 3111 1934 3166 redemisse
1965 3126 2150 3166 sacer-

580 3195 807 3251 dotium.
839 3197 955 3253 Non
985 3213 1112 3269 ergo
1136 3198 1353 3264 mirum,
1383 3199 1428 3254 si
1466 3200 1680 3269 iniquus
1705 3199 1941 3270 pontifex
1971 3200 2151 3270 inique

573 3287 937 3357 judicaverit.--
957 3287 1109 3358 Smpe
1149 3289 1238 3358 qui
1267 3305 1364 3360 per
1395 3290 1674 3344 avaritiam
1700 3291 1767 3344 ad
1796 3290 2154 3345 sacerdotium

575 3378 807 3442 accedit,
839 3393 935 3448 per
990 3377 1305 3447 iniustitiam
1331 3388 1577 3434 versatur
1619 3380 1674 3434 in
1723 3387 1886 3445 eo,ct
1927 3379 2157 3434 scelera-

570 3475 695 3540 tum
729 3467 944 3523 initium
969 3467 1180 3524 funesto
1208 3471 1312 3525 ﬁne
1334 3472 1684 3527 consumitur.

567 3628 576 3634 _
653 3556 815 3612 Vens.
845 3557 931 3611 15.
964 3588 1034 3599 -
1059 3557 1380 3630 Sequebatur
1417 3570 1613 3624 autem,
1645 3561 1836 3631 inquit,
1857 3560 2040 3616 Iesum
2067 3561 2155 3616 Si-

580 3662 702 3700 mon
732 3644 921 3701 Petrus
963 3657 1012 3702 et
1055 3649 1192 3703 alius
1240 3649 1544 3720 discipulus.
1596 3668 1614 3701 ‹
1652 3650 1908 3717 Quisnam
1959 3653 2028 3706 sit
2058 3653 2158 3706 iste

582 3737 893 3808 discipulus,
923 3753 1028 3794 non
1066 3745 1267 3796 temere
1294 3739 1663 3796 allirmandum
1717 3751 1817 3806 est,
1846 3744 1970 3813 quia
2016 3752 2158 3798 tace-

572 3835 693 3900 tur.
723 3827 871 3886 Solet
899 3837 1078 3883 autem
1107 3843 1165 3884 se
1197 3829 1335 3885 idem
1363 3829 1598 3886 Joannes
1626 3833 1700 3886 ita
1721 3833 2022 3903 signiﬁcare
2049 3873 2063 3898 ,
2104 3842 2160 3887 et

583 3915 781 3972 addere
809 3934 820 3970 :
848 3934 1000 3988 quem
1027 3918 1272 3990 diligebat
1300 3919 1476 3974 Jesus.
1530 3921 1796 3977 Fortassis
1827 3938 1953 3991 ergo
1975 3932 2028 3976 et
2072 3924 2159 3978 hic

582 4007 697 4076 ipse
717 4015 819 4072 est,
850 4026 868 4059 ι
903 4009 994 4078 qui
1014 4007 1168 4077 juxta
1192 4025 1408 4065 crucem
1441 4011 1566 4066 .Iesu
1604 4013 1802 4076 stabat,
1827 4014 1912 4067 cui
1935 4013 2023 4069 ille
2047 4029 2159 4068 ma—

584 4098 684 4153 tris
706 4101 1102 4156 commendavit
1147 4104 1463 4158 custodiam.
1514 4103 1653 4162 Dicit
1679 4114 1734 4159 et
1761 4105 2041 4161 Matthaeus
2096 4107 2162 4161 de

579 4185 782 4243 Petro:
822 4186 1014 4245 Petrus
1037 4193 1346 4263 sequebatur
1368 4211 1486 4248 eum
1512 4211 1544 4248 a
1585 4193 1733 4266 longe
1763 4195 1978 4266 (Matth.
2011 4214 2159 4262 xxvi,

583 4277 695 4350 58).
719 4279 764 4334 Α
789 4280 948 4352 longe
983 4284 1310 4352 sequebatur
1334 4283 1699 4356 [Dominum],
1756 4285 1848 4354 qui
1876 4294 1994 4340 erat
2039 4302 2163 4342 eum

562 4359 872 4440 negaturus
896 4413 911 4439 ,
945 4381 1002 4425 ut
1037 4373 1226 4427 videret
1248 4374 1424 4443 ﬁnem,
1457 4374 1539 4429 vel
1570 4390 1754 4429 amore
1792 4377 2056 4447 magistri,
2080 4377 2162 4432 vel

2245 1919 2368 1989 quia
2397 1917 2563 1987 frigus
2588 1925 2719 1977 erat,
2750 1924 2797 1968 et
2835 1913 3206 1984 calefacicbant
3237 1929 3309 1965 se.
3341 1912 3538 1981 Frigus
3559 1921 3680 1966 erat
3709 1913 3824 1966 inii.

2246 2006 2482 2061 delitatis
2503 2005 2554 2057 in
2578 2003 2829 2058 cordibus
2854 2003 3080 2064 illorum,
3117 2002 3170 2055 in
3202 2009 3410 2055 tantum
3439 2001 3607 2055 etiam
3639 2009 3699 2055 ut
3738 2001 3826 2056 ille

2245 2097 2493 2166 princeps
2529 2093 2891 2163 apostolorum
2927 2093 2979 2146 in
3002 2107 3066 2146 eo
3095 2091 3291 2161 frigore
3319 2098 3664 2160 torpesceret,
3692 2091 3785 2161 qui
3795 2108 3817 2144 ,ι

2246 2185 2473 2240 necdum
2507 2183 2686 2238 calore
2716 2182 2885 2237 sancti
2923 2180 3157 2250 Spiritus
3200 2178 3554 2233 inﬂammatus
3595 2177 3734 2232 fuit:
3765 2179 3822 2233 in

2248 2290 2356 2345 quo
2395 2290 2500 2330 non
2545 2273 2716 2328 solum
2772 2272 2884 2340 ipse
2915 2270 3109 2325 iterum
3163 2278 3284 2339 post
3322 2277 3594 2339 acceptum
3642 2267 3818 2322 sancti

2250 2368 2483 2438 Spiritus
2508 2367 2704 2421 donum
2743 2379 2848 2418 non
2881 2363 3056 2418 timuit
3083 2361 3357 2416 Christum
3392 2377 3575 2416 coram
3594 2362 3826 2430 impera-

2250 2470 2365 2514 tore
2382 2467 2434 2513 et
2453 2457 2647 2528 populo
2670 2455 2910 2510 Romano
2931 2453 3207 2518 conﬁteri;
3239 2453 3331 2508 sed
3355 2452 3524 2507 etiam
3551 2452 3704 2522 pueri
3735 2453 3832 2506 im-

2248 2549 2442 2602 berbes
2464 2556 2518 2601 ct
2546 2546 2754 2614 puellae,
2788 2544 2959 2598 sancti
2983 2543 3214 2612 Spiritus
3252 2542 3431 2598 calore
3457 2541 3829 2605 inﬂammatae,

2250 2636 2521 2692 Christum
2545 2635 2759 2705 publice
2780 2648 2951 2702 usque
2981 2633 3047 2686 ad
3071 2641 3295 2687 mortem
3331 2632 3757 2697 conﬁtebantur,
3782 2641 3834 2687 et

2244 2745 2348 2798 pro
2367 2742 2433 2781 eo
2457 2725 2590 2780 mori
2615 2741 2720 2779 non
2748 2725 3071 2786 metuebant,
3100 2737 3258 2792 quem
3289 2723 3528 2792 claviger
3557 2723 3689 2777 εαξιὶ
3710 2740 3834 2779 con-

2254 2819 2392 2875 ﬁteri
2431 2817 2499 2872 ad
2527 2817 2684 2871 unius
2710 2815 2915 2870 ancilla:
2935 2829 3122 2869 vocem
3151 2812 3475 2868 formidavit.

2324 2949 2486 3004 Vens.
2519 2945 2604 2998 l9.
2628 2975 2699 2986 --
2729 2941 2979 3014 Pontifex
3010 2951 3180 2996 autem
3211 2942 3547 3011 interrogauit
3567 2940 3758 2996 Iesum
3779 2943 3838 2997 de

2253 3039 2523 3109 discipulis
2552 3037 2688 3106 ejus,
2720 3045 2768 3088 et
2797 3035 2859 3088 de
2881 3034 3121 3088 doctrina
3147 3034 3280 3103 ejus.
3305 3032 3420 3086 Non
3449 3036 3839 3103 cognoscenda!

2180 3162 2224 3222 ρ
2255 3129 2499 3184 veritatis
2536 3140 2718 3182 amore
2749 3125 3116 3194 interrogavit,
3143 3124 3236 3178 sed
3273 3131 3333 3178 ut
3370 3138 3594 3178 causam
3633 3125 3840 3179 inveni-

2257 3227 2340 3273 ret
2359 3232 2464 3287 qua
2485 3217 2646 3271 etiam
2673 3229 2796 3269 eum
2820 3229 3074 3269 accusare
3100 3215 3379 3283 potuisset,
3406 3221 3463 3268 et
3483 3213 3710 3269 tradere
3728 3214 3834 3268 Ro-

2257 3324 2418 3362 mano
2439 3306 2652 3378 prtesidi
2674 3306 2741 3360 ad
2777 3304 3161 3360 damnandum.
3201 3304 3385 3376 (Vens.
3407 3305 3524 3376 20.)
3554 3303 3839 3375 Respondit

2253 3396 2410 3451 Iesus
2437 3409 2454 3446 :
2485 3395 2598 3465 Ego
2613 3393 2786 3463 palum
2811 3392 3011 3447 locutus
3034 3410 3148 3446 sunt
3164 3394 3387 3448 mundo:
3411 3411 3504 3464 ego
3530 3395 3839 3464 semperde-

2257 3488 2408 3541 cuiin
2431 3499 2694 3556 synagoga
2722 3493 2768 3536 et
2795 3483 2852 3536 in
2877 3483 3085 3552 templo.
3113 3500 3214 3554 quo
3244 3500 3420 3538 carnes
3447 3483 3630 3538 Iudici
3651 3501 3835 3538 cont-e-

2259 3577 2427 3638 niunt,
2455 3583 2500 3628 et
2525 3573 2578 3626 in
2609 3569 2809 3625 occulto
2844 3570 3048 3625 locutus
3089 3589 3206 3626 sum
3237 3572 3388 3627 nihil.
3413 3573 3553 3640 Quid
3588 3583 3677 3628 est
3701 3576 3841 3644 quod

2257 3667 2434 3736 palam
2465 3681 2522 3720 se
2549 3666 2680 3720 dicit
2703 3664 2941 3735 loqui,et
2963 3665 3016 3718 in
3043 3664 3252 3719 occulto
3281 3665 3413 3719 nihil
3439 3666 3608 3735 loqui,
3634 3668 3763 3720 dum
3785 3667 3838 3720 in

2259 3757 2365 3809 alio
2388 3755 2504 3810 loco
2530 3754 2787 3823 apostolis
2813 3753 2964 3819 dicit,
2991 3753 3114 3808 dum
3143 3769 3238 3823 per
3258 3755 3542 3823 parabolas
3568 3757 3747 3810 turbis
3767 3755 3839 3810 lo-

2258 3835 2476 3914 quitur:
2510 3844 2664 3898 Vobis
2684 3844 2865 3898 datum
2901 3853 2974 3898 est
3018 3861 3165 3899 nosse
3193 3846 3492 3914 mysterium
3515 3847 3663 3915 regni
3701 3846 3801 3901 Dei
3825 3886 3841 3912 ,

2243 3935 2457 3991 caeteris
2482 3944 2656 3988 autem
2692 3935 2744 3988 in
2791 3934 3092 4004 parabolis?
3125 3954 3144 3986 ι
3187 3935 3595 4005 Intelligendum
3638 3947 3728 3992 est
3770 3939 3843 3993 ita

2245 4040 2382 4081 eum
2413 4024 2635 4090 dixisse,
2655 4023 2831 4094 palam
2866 4022 3069 4079 locutus
3093 4042 3208 4079 sum
3232 4027 3443 4090 mundo,
3477 4042 3542 4083 ac
3584 4029 3632 4083 si
3679 4029 3845 4086 dixis-

2245 4122 2344 4173 .set
2375 4131 2388 4167 :
2421 4113 2568 4168 Multi
2599 4128 2684 4172 me
2726 4113 3031 4182 loquentem
3080 4115 3384 4170 audierunt.
3433 4115 3613 4185 Ipsum
3661 4129 3845 4174 autem

2260 4202 2435 4274 palam
2457 4242 2472 4265 ,
2507 4201 2904 4271 quodammodo
2930 4211 3047 4256 erat
3084 4203 3283 4272 palam,
3315 4205 3715 4274 quodammodo
3753 4223 3848 4262 au-

2265 4299 2370 4345 tem
2401 4306 2506 4345 non
2543 4298 2662 4344 erat
2687 4290 2886 4360 palam.
2919 4289 3100 4345 Palam
3123 4307 3318 4362 qunppe
3345 4300 3482 4356 erat,
3509 4294 3638 4363 quia
3694 4296 3848 4351 multi

2263 4395 2386 4436 eum
2408 4381 2728 4436 audiebant:
2755 4388 2810 4434 et
2828 4396 3016 4436 rursus
3041 4397 3149 4436 non
3186 4389 3302 4436 erat
3326 4383 3501 4453 palam
3522 4424 3540 4450 ,
3589 4386 3718 4454 quia
3743 4401 3848 4440 non

583 4463 816 4562 humana
838 4464 1152 4562 curiositate
1178 4466 1318 4519 scire
1345 4466 1584 4562 cupiens,
1611 4467 1743 4562 quid
1767 4469 2002 4562 pontifex
2020 4469 2164 4537 judi-
2197 4501 2244 4562 υ
2269 4475 2654 4545 intelligebant.
2692 4473 2758 4528 Et
2771 4473 2916 4543 quod
2935 4489 3175 4528 seorsum
3197 4474 3472 4544 discipulis
3500 4475 3846 4544 loquebatur,
3869 4509 3876 4516 -

583 4564 734 4612 caret
762 4555 850 4627 [de
871 4555 1018 4622 Jesu,
1041 4565 1219 4612 utrum
1231 4573 1357 4614 eum
1378 4560 1496 4614 neci
1520 4559 1836 4632 addiceret],
1861 4577 1928 4614 an
1949 4560 2169 4632 ﬂagellis

582 4661 780 4701 caesum
804 4647 1116 4704 dimitteret.
1145 4648 1330 4721 (Vens.
1349 4649 1458 4722 l6.)
1477 4651 1776 4722 Discipulus
1789 4664 1960 4708 autem
1975 4654 2079 4720 ille,
2097 4656 2173 4710 in.

582 4737 722 4808 quit,
748 4749 857 4792 erat
884 4751 1032 4795 notus
1053 4742 1306 4812 pontifici,
1329 4751 1376 4797 et
1398 4743 1595 4798 introiit
1621 4762 1738 4800 cum
1756 4745 1884 4800 Iesu
1904 4748 1958 4802 in
1976 4749 2168 4803 atrium

583 4827 865 4897 pontiﬁcis.
891 4827 1082 4885 Petrus
1122 4841 1295 4886 autem
1317 4833 1488 4887 stabat
1533 4833 1601 4888 ad
1623 4836 1812 4889 ostium
1836 4836 1986 4906 foris.
2015 4837 2171 4892 Foris

584 4923 762 4971 autem
777 4918 974 4982 stabat,
991 4920 1114 4990 quia
1137 4931 1427 4992 negaturus
1450 4925 1864 4980 eratDominum
1893 4941 1908 4981 :
1940 4941 2038 4982 nec
2051 4936 2168 4988 erat

584 5005 638 5061 in
655 5005 888 5073 Christo,
903 5008 996 5078 qui
1015 5008 1291 5067 Christum
1309 5013 1553 5069 conﬁteri
1568 5030 1672 5070 non
1687 5014 1852 5086 624
1863 5015 1965 5070 fuit
1979 5031 2164 5071 ausus.

569 5093 772 5166 (Vens.
796 5096 910 5169 17.)
937 5097 1085 5154 Είείἱι
1109 5116 1230 5171 ergo
1247 5101 1536 5174 discipulus
1562 5103 1722 5169 alius,
1750 5105 1839 5175 qui
1874 5114 1986 5159 erat
2013 5115 2166 5160 notus

581 5186 838 5255 pontiﬁci,
861 5197 910 5242 et
935 5188 1067 5243 dixit
1088 5192 1339 5257 ostiarite,
1366 5204 1412 5248 et
1439 5195 1727 5248 introduxit
1756 5192 1990 5249 Petrum.
2021 5195 2166 5251 Dixit

580 5289 702 5343 ergo
724 5271 881 5329 Petro
903 5277 1097 5332 ancilla
1119 5279 1370 5333 ostiaria:
1396 5280 1650 5352 Nunquid
1672 5292 1721 5337 et
1744 5292 1799 5336 tu
1820 5299 1884 5336 ex
1895 5283 2163 5353 discipulis

579 5377 633 5414 es
656 5360 883 5416 hominis
912 5365 1102 5420 istius?
1126 5366 1268 5420 Dicit
1281 5365 1369 5420 ille
1391 5380 1409 5418 :
1441 5365 1496 5419 Ν
1499 5384 1565 5420 on
1588 5385 1725 5422 sum.
1745 5369 1842 5424 Hic
1858 5372 2168 5438 agnoscitur

583 5464 748 5518 quam
777 5465 965 5508 verum
998 5454 1070 5508 sit
1102 5455 1243 5524 quod
1266 5455 1378 5524 ipsa
1405 5456 1616 5511 Veritas
1643 5457 1805 5528 paulo
1828 5467 1955 5514 ante
1997 5461 2171 5515 dixit:

595 5541 734 5608 Quia
753 5544 867 5600 sine
892 5560 975 5600 me
997 5547 1128 5600 nihil
1149 5548 1360 5617 potestis
1381 5548 1575 5618 facere.
1611 5568 1629 5602 ι
1652 5550 1791 5608 Ecce
1817 5552 2063 5609 columna
2080 5553 2174 5615 ﬁr-

574 5724 581 5732 -
650 5713 679 5744 ι
717 5703 801 5759 Ex
825 5703 884 5760 S.
916 5705 1076 5778 Aug.,
1104 5713 1268 5764 tract.
1299 5722 1452 5775 cxm,
1479 5695 1629 5765 num.
1660 5709 1771 5802 1:6.

2270 4580 2376 4619 non
2398 4565 2451 4618 in
2480 4564 2690 4620 occulto
2712 4565 2894 4634 utique
2918 4565 3257 4634 loquebatur.
3281 4566 3410 4632 Quis
3433 4582 3669 4636 namque
3695 4569 3751 4622 in
3764 4584 3851 4623 oc-

2270 4655 2413 4711 culto
2429 4656 2683 4725 loquitur,
2699 4655 2789 4725 qui
2818 4670 3000 4710 coram
3017 4664 3095 4711 tot
3107 4657 3412 4712 hominibus
3435 4657 3700 4726 loquitur,
3727 4676 3847 4715 cum

2269 4748 2528 4816 scriptum
2551 4747 2662 4801 sit:
2698 4746 2766 4800 In
2793 4762 2881 4801 ore
2901 4747 3127 4801 duorum
3153 4746 3232 4801 vel
3267 4749 3425 4801 trium
3451 4750 3666 4802 testium
3693 4752 3848 4804 stabit

2268 4856 2418 4894 omne
2449 4838 2669 4892 Verbum
2693 4837 2869 4908 (Deut.
2894 4853 3010 4900 ιιι,
3042 4837 3130 4908 15)
3160 4855 3174 4894 :
3202 4839 3500 4907 praesertim
3521 4838 3567 4894 si
3595 4838 3726 4912 [sic]
3752 4841 3851 4896 hoc

2268 4929 2505 4998 loquitur
2550 4928 2755 4996 paucis,
2785 4927 2928 4996 quod
2967 4943 3066 4997 per
3100 4943 3195 4982 eos
3219 4927 3378 4982 vellet
3417 4929 3765 4984 innotescere
3800 4939 3852 4984 et

2267 5015 2486 5071 multis?
2519 5015 2662 5084 Ergo
2680 5015 2862 5070 ethoc
2898 5015 3071 5084 ipsum
3087 5055 3101 5079 ,
3150 5017 3293 5086 quod
3316 5017 3382 5072 ab
3407 5032 3472 5072 eo
3498 5017 3606 5073 dici
3631 5019 3850 5074 videba-

2267 5115 2355 5162 tur
2376 5105 2884 5174 occultc,quomodo
2910 5105 3090 5176 (Ang.,
3108 5105 3527 5177 quodammodo]
3568 5123 3681 5163 non
3709 5109 3848 5163 dice-

2264 5196 2424 5251 batur
2468 5195 2524 5248 in
2583 5194 2828 5250 occulto?
2875 5193 3011 5260 Quia
3061 5209 3169 5249 nou
3215 5195 3290 5250 ita
3327 5195 3633 5260 dicebatur,
3675 5206 3740 5251 ut
3785 5197 3848 5250 ab

2264 5289 2344 5343 eis
2393 5287 2588 5358 quibus
2632 5287 2832 5341 dictum
2891 5285 3067 5341 fuerat
3120 5295 3427 5352 taceretur,
3491 5288 3585 5342 sed
3637 5289 3714 5343 ita
3758 5302 3848 5358 po-

2273 5378 2395 5440 tius,
2434 5384 2494 5430 ut
2549 5389 2928 5444 usquequaque
2983 5375 3386 5443 prmdicaretur.
3446 5395 3466 5428 ι
3517 5375 3710 5447 (Vens.
3737 5373 3850 5449 21.)

2274 5463 2413 5529 Quid
2463 5480 2542 5518 me
2591 5463 2918 5533 interrogas?
2973 5461 3248 5532 Interroga
3293 5479 3381 5518 eos
3426 5465 3516 5535 qui
3566 5466 3851 5521 audierunt

2272 5552 2397 5608 auid
2433 5551 2637 5608 locutus
2673 5568 2790 5609 sum
2837 5551 3003 5624 ipsis:
3027 5567 3142 5608 ecce
3167 5552 3222 5607 hi
3245 5552 3416 5608 sciunt
3458 5570 3578 5623 qua
3626 5553 3852 5613 disertus
