4088 6340
309 400 417 460 973

309 609 474 656 tatem
502 603 687 657 audire
714 617 819 657 non
865 601 1156 667 desideras,
1183 605 1278 658 sed
1298 619 1455 673 quem
1485 606 1741 659 damnare
1783 619 1872 658 cu.

303 694 422 763 pis?
448 694 714 764 interroga
742 695 910 764 magis
935 709 1027 749 eos
1075 695 1141 748 de
1187 710 1414 765 quorum
1445 695 1600 750 dictis
1645 710 1750 750 non
1777 695 1872 749 ha-

310 784 443 839 beas
465 785 735 840 invidiam.
759 785 834 838 lta
864 784 1176 853 temperavit
1197 787 1450 840 Dominus
1473 786 1869 856 responsionem

299 890 481 939 suam,
503 883 563 929 ut
591 891 688 930 nec
719 876 995 930 veritatem
1028 885 1248 938 taceret.
1273 891 1372 930 nec
1393 892 1450 931 se
1478 875 1761 931 defendere
1788 878 1868 930 vi-

303 964 540 1018 deretur.
569 965 754 1034 (Vt-:ns.
783 964 895 1034 22.)
945 963 1074 1019 IIrrc
1107 978 1279 1019 autem
1303 981 1420 1019 cum
1445 965 1690 1030 dixisset,
1735 984 1868 1020 unus

303 1054 548 1108 assistens
577 1055 930 1108 ministrorum
956 1054 1096 1108 dedit
1122 1054 1328 1125 alapam
1363 1053 1491 1109 Iesu
1519 1056 1693 1109 dicens
1724 1069 1742 1106 :
1782 1055 1868 1110 Sic

302 1144 578 1214 respondes
599 1144 865 1214 ponti/ici?
893 1144 990 1197 llic
1019 1145 1286 1212 impletur,
1319 1145 1459 1213 quod
1495 1145 1868 1223 proohgtalum

299 1233 472 1287 estde
496 1247 599 1287 eo:
638 1232 772 1285 Dedi
799 1232 1072 1286 maxillam
1101 1250 1266 1286 meant
1299 1235 1716 1303 percutientibus.
1742 1234 1868 1289 Per-
1902 1283 1905 1285 _

299 1324 468 1380 cussit
489 1338 612 1378 eum
633 1324 784 1392 quasi
816 1338 964 1378 reum
995 1325 1378 1392 responsionis,
1418 1325 1512 1379 sed
1546 1324 1632 1379 ille
1672 1323 1867 1392 injuste

297 1429 601 1484 percussus,
630 1421 906 1467 mansuete
948 1413 1220 1482 respondit
1248 1431 1260 1466 :
1291 1413 1474 1484 (Vens.
1508 1412 1596 1484 25)
1631 1411 1688 1466 Si
1731 1413 1867 1466 male

296 1504 500 1559 locutus
531 1520 667 1568 sum,
705 1504 1052 1558 testimonium
1100 1504 1307 1574 perhibe
1354 1505 1420 1558 de
1468 1504 1627 1558 malo.
1678 1505 1864 1560 Omnis

295 1593 476 1664 itaque
507 1595 599 1664 qui
633 1602 824 1649 contra
870 1595 1153 1649 veritatem
1193 1595 1449 1664 loquitur,
1501 1595 1641 1651 male
1684 1596 1860 1666 loqui-

291 1690 383 1736 tur
418 1699 434 1735 :
471 1683 515 1736 si
555 1692 734 1738 autem
765 1684 1045 1738 veritatem
1083 1700 1188 1739 non
1217 1685 1347 1749 dixi,
1397 1685 1462 1738 da
1501 1687 1862 1741 testimonium

291 1783 478 1828 contra
507 1789 612 1840 me,
654 1777 706 1830 in
739 1791 847 1846 quo
879 1777 1215 1831 mendacium
1261 1777 1546 1842 dixissem;
1593 1781 1641 1833 si
1688 1788 1859 1834 autem

1077 401 1484 472 EXEGETICA.
1523 433 1590 448 --
1627 402 1960 460 COMMENT
2024 402 2091 457 IN
2130 400 2318 458 JOAN.
2357 431 2429 444 --
2460 402 2586 457 LIB.
2631 402 2718 457 γη

307 527 422 580 ego.
447 507 608 577 Quasi
639 510 860 566 dixisset
885 528 898 565 :
929 509 1066 576 Quid
1105 528 1184 566 me
1209 513 1516 584 interrogas,
1548 530 1576 568 a
1603 529 1708 584 quo
1730 513 1868 567 veri-
1895 519 1942 576 Α
1973 512 2219 582 xm,58),
2249 512 2342 567 sed
2371 511 2565 566 factum
2597 523 2679 568 est
2703 554 2720 579 ,
2771 513 2913 583 quod
2934 513 3022 568 ille
3047 514 3399 583 praedixerat:
3437 514 3537 568 Ter
3637 529 3645 538 ‘

3433 401 3538 458 97‘

1971 597 2053 654 me
2079 601 2308 670 negabis.
2343 621 2361 654 ι
2389 601 2494 657 Sed
2538 603 2654 657 haec
2686 603 2826 657 trina
2851 604 3067 675 negatio
3101 605 3344 668 timoris.
3391 603 3535 664 trina

1969 690 2302 762 confessione
2327 693 2527 746 amoris
2569 693 2809 747 diluitur.
2865 692 3097 748 Necdum
3141 693 3242 749 fuit
3285 709 3438 749 amor
3478 695 3535 752 in

1968 794 2054 840 eo,
2093 781 2181 848 qui
2210 780 2354 834 foras
2402 781 2640 835 mitteret
2695 783 3102 837 timorem:sed
3155 783 3538 840 adhuctimor

1968 869 2178 922 servilis
2200 869 2366 923 valuit
2407 871 2460 923 in
2507 873 2668 926 corde
2693 872 2829 941 ejus,
2881 873 2972 928 sed
3025 873 3251 927 necdum
3298 875 3536 944 respexit

1967 971 2090 1010 eum
2119 959 2208 1026 qui
2237 959 2347 1013 haec.
2370 960 2615 1027 praedixit
2643 963 2713 1015 ei.
2747 962 2853 1018 Sed
2895 973 2950 1018 et
2973 963 3074 1017 hoc
3100 978 3291 1034 magna
3315 964 3406 1018 Dei
3426 963 3538 1020 dis-

1967 1049 2278 1114 pensatione
2307 1057 2515 1117 gestum
2551 1065 2671 1104 esse
2709 1051 2930 1106 credere
2958 1051 3233 1116 debemus,
3270 1060 3535 1120 quatenus

1967 1138 2074 1202 ille,
2097 1139 2182 1192 cui
2203 1154 2332 1194 oves
2359 1155 2483 1195 suas
2516 1142 2586 1196 ad
2624 1141 2840 1196 Patrem
2868 1143 3080 1197 rediens
3102 1142 3348 1197 Christus
3391 1158 3535 1197 com-

1967 1231 2314 1285 mendaturus
2335 1239 2472 1295 erat,
2501 1248 2599 1302 per
2624 1249 2776 1288 suam
2799 1234 3028 1289 disceret
3051 1233 3393 1304 fragilitatem
3414 1233 3536 1288 aliis

1965 1319 2300 1384 misereri,et
2327 1319 2555 1375 fratrum
2583 1321 2768 1390 culpas
2792 1323 3085 1394 ignoscere,
3111 1325 3235 1379 dum
3258 1340 3412 1380 suum
3448 1341 3535 1381 re-

1964 1413 2278 1467 cordaretur
2299 1421 2598 1481 peccatum,
2620 1423 2672 1468 et
2689 1415 2916 1470 aliorum
2939 1417 3173 1486 compati
3215 1424 3396 1486 posset
3421 1416 3520 1471 fra-

1963 1499 2283 1570 gilitati,qui
2308 1502 2389 1556 sui
2418 1517 2576 1557 casus
2604 1503 2826 1572 ignarus
2865 1518 2969 1558 non
2994 1512 3158 1559 esset.
3187 1503 3411 1559 Peracta
3434 1505 3534 1559 ita-

1963 1605 2068 1658 que
2091 1591 2227 1644 trina
2249 1591 2350 1646 hac
2369 1593 2649 1661 negatione
2668 1591 2829 1659 Petri,
2849 1608 3095 1649 reversus
3109 1602 3191 1650 est
3211 1593 3534 1665 evangelista

1963 1685 2030 1739 ad
2054 1684 2294 1738 ordinem
2339 1685 2664 1740 narrationis
2710 1701 2860 1751 suae,
2910 1685 3001 1739 ubi
3050 1700 3168 1740 eam
3219 1684 3529 1760 reliquerat.

2038 1775 2198 1830 Vens.
2221 1776 2311 1830 28.
2332 1807 2404 1818 —
2423 1777 2701 1831 Adducunt
2725 1794 2867 1847 ergo,
2901 1777 3092 1846 inquit,
3121 1775 3301 1832 Jesum
3324 1777 3391 1830 ad
3413 1775 3533 1830 Cai-

287 1863 436 1928 bene,
471 1864 523 1918 id
551 1871 652 1929 est,
680 1879 825 1929 vere,
857 1865 982 1935 quid
1007 1881 1086 1918 me
1113 1865 1311 1921 credis?
1337 1866 1473 1931 Quid
1499 1865 1601 1921 ista
1631 1882 1855 1936 respon-
1889 1853 1931 1912 Β
1958 1863 2114 1934 pham
2141 1865 2194 1917 in
2217 1866 2538 1934 praetorium.
2575 1885 2592 1916 ‹
2623 1878 2647 1906 ιι
2680 1865 2761 1920 Ad
2790 1865 3049 1936 Caipham
3071 1869 3264 1935 quippe
3289 1865 3357 1919 ab
3374 1864 3529 1918 Anna

289 1951 440 2005 sione
467 1951 667 2018 verius,
708 1952 1038 2006 mansuetius
1066 1991 1079 2016 ,
1125 1951 1357 2021 justius?
1411 1971 1430 2003 ι
1463 1952 1520 2007 Si
1561 1954 1856 2024 cogitemus

287 2042 410 2110 quis
431 2043 699 2113 acceperit
724 2043 952 2111 alapam,
981 2057 1156 2097 nonne
1184 2043 1441 2098 vellemus
1462 2059 1586 2098 eum
1623 2046 1713 2114 qui
1739 2060 1860 2115 per-

288 2134 477 2198 cussit,
510 2142 603 2188 aut
632 2133 834 2188 caelesti
887 2134 1009 2201 igne
1051 2135 1329 2196 consumi,
1382 2143 1476 2188 aut
1523 2143 1663 2190 terra
1702 2138 1857 2191 dehi-

288 2234 472 2280 scente
523 2226 748 2287 sorberi,
793 2234 885 2279 aut
935 2234 1239 2293 correptum
1289 2224 1551 2280 dmmonio
1597 2226 1860 2282 volutari?

288 2315 428 2383 Quid
462 2317 602 2370 enim
633 2316 824 2370 horum
853 2329 948 2383 per
975 2316 1272 2383 potentiam
1293 2314 1484 2382 jubere
1520 2331 1624 2370 non
1651 2318 1856 2386 potuis-

288 2413 391 2467 set,
417 2420 696 2475 perqnem
734 2404 906 2459 factus
956 2412 1038 2458 est
1072 2406 1302 2458 mundus
1327 2443 1342 2468 ,
1396 2405 1499 2458 nisi
1545 2405 1857 2473 patientiam

290 2515 389 2554 nos
414 2501 605 2554 docere
629 2499 927 2563 maluisset,
947 2514 980 2552 a
1023 2513 1128 2568 quo
1155 2498 1389 2552 vincitur
1415 2498 1643 2552 mundus
1673 2497 1854 2569 [.4ug.,

288 2606 394 2660 qua
427 2591 657 2645 vincitur
682 2589 974 2660 mundus]?
1009 2608 1028 2640 ι
1068 2588 1229 2644 Forte
1259 2588 1452 2658 aliquis
1481 2588 1640 2660 625
1667 2591 1753 2644 hic
1780 2591 1858 2644 di-

285 2681 382 2743 cit,
413 2696 578 2750 quare
623 2680 844 2735 alteram
880 2680 1150 2735 maxillam
1202 2681 1522 2750 percutienti
1551 2697 1656 2736 non
1703 2683 1859 2737 daret

288 2768 579 2822 secundum
606 2777 930 2838 praeceptum
961 2784 1114 2822 suum
1149 2767 1360 2839 (Matth.
1392 2785 1442 2833 v,
1475 2769 1602 2840 39)?
1626 2769 1742 2826 Non
1769 2785 1857 2827 so-

287 2856 398 2911 lum
419 2857 598 2927 itaque
623 2858 843 2913 alteram
893 2860 1038 2914 dedit
1073 2861 1342 2915 maxillam
1368 2864 1724 2930 percutienti,
1762 2865 1859 2921 sed

284 2945 448 3000 etiam
478 2953 645 3000 totum
670 2961 861 3017 corpus
885 2962 1036 3002 suum
1074 2949 1138 3003 ad
1161 2950 1578 3022 crucifigendum
1607 2953 1852 3018 tradidit,

285 3043 342 3089 et
369 3036 539 3106 magis
565 3036 678 3090 vult
723 3047 987 3109 praecepta
1027 3053 1122 3092 sua
1144 3039 1401 3095 Dominus
1426 3041 1479 3096 in
1506 3043 1682 3097 cordis
1709 3052 1853 3097 tran-

283 3127 550 3196 quillitate
601 3143 853 3196 servare,
911 3145 1069 3201 quam
1111 3132 1162 3185 in
1209 3133 1450 3202 corporis
1495 3137 1853 3191 ostentatione

284 3218 667 3273 demonstrare.
1215 3208 1227 3235 ⁵

358 3306 517 3362 Vens.
543 3306 633 3361 24.
655 3338 725 3348 —-
763 3307 829 3362 Et
856 3310 994 3364 misit
1037 3326 1152 3364 eum
1184 3310 1361 3366 Annus
1389 3311 1605 3382 ligatum
1634 3313 1703 3367 ad
1732 3311 1852 3368 Cai-

280 3397 439 3467 pham
475 3397 784 3467 pontiﬁcem.
816 3397 880 3452 lli
903 3399 1008 3453 duo
1033 3399 1214 3454 Annas
1234 3409 1289 3455 et
1315 3401 1545 3470 Caiphas
1578 3402 1852 3472 principes

1876 3186 1927 3250 Ο

1961 1953 2164 2024 collega
2187 1962 2241 2008 et
2259 1969 2448 2009 socero
2480 1953 2596 2022 ejus
2623 1954 2831 2008 dixerat
2853 1955 3098 2009 missum.
3123 1955 3229 2009 Sed
3253 1954 3298 2008 si
3320 1954 3387 2008 ad
3406 1953 3530 2008 Cai-

1958 2043 2144 2113 pham,
2175 2060 2272 2099 cur
2301 2045 2355 2100 in
2397 2046 2741 2114 praetorium?
2779 2045 2932 2112 Quod
2957 2046 3090 2100 nihil
3117 2046 3261 2101 aliud
3294 2045 3409 2099 vult
3456 2045 3532 2100 in-

1956 2136 2147 2207 telligi,
2178 2153 2338 2206 quam
2401 2137 2493 2192 ubi
2539 2152 2737 2206 przeses
2783 2137 2985 2192 Pilatus
3037 2137 3347 2192 habitabat:
3387 2155 3405 2187 ι
3441 2145 3535 2190 aut

1957 2227 2317 2281 damnationis
2346 2241 2508 2282 causa
2533 2227 2731 2282 Christi
2779 2227 3011 2296 Caipbas
3046 2228 3282 2296 perrexit
3308 2228 3358 2280 in
3388 2241 3528 2295 pnn-

1957 2315 2155 2368 torium
2180 2317 2247 2369 ad
2261 2315 2488 2369 Pilatum
2517 2333 2530 2368 :
2563 2325 2653 2369 aut
2673 2315 2876 2372 Pilatus
2900 2317 2952 2370 in
2977 2317 3136 2370 domo
3158 2317 3372 2385 Caiphae
3393 2332 3531 2384 pra:-

1957 2405 2154 2458 torium
2175 2405 2423 2469 habebat,
2451 2415 2505 2460 et
2530 2414 2678 2460 tanta
2723 2405 2821 2460 fuit
2851 2407 3168 2476 amplitudo,
3194 2416 3253 2460 ut
3272 2418 3532 2477 utrosque

1957 2509 2153 2563 capere
2189 2495 2466 2564 potuisset,
2494 2505 2549 2550 et
2586 2511 2828 2550 seorsum
2869 2497 3200 2552 habitantem
3245 2492 3528 2554 Dominum

1956 2602 2132 2651 suum,
2155 2602 2397 2642 seorsum
2425 2585 2662 2656 judicem
2691 2587 2874 2644 ferret.
2901 2588 3036 2643 Ecce
3062 2597 3260 2659 quanta
3279 2597 3358 2644 est
3383 2588 3531 2645 solli.

1955 2679 2138 2734 citudo
2159 2680 2492 2735 sacerdotum
2516 2681 2571 2734 in
2601 2681 2798 2735 malum
2831 2680 2983 2753 [Ms.,
3017 2681 3068 2735 in
3108 2682 3301 2754 malo]!
3337 2701 3354 2734 ι
3394 2683 3526 2740 Tota

1953 2779 2114 2825 nocte
2134 2770 2440 2840 vigilarunt,
2471 2780 2532 2826 ut
2552 2772 2894 2827 homicidium
2920 2771 3175 2828 facerent.
3203 2771 3332 2827 Erat
3351 2783 3525 2834 autem

1954 2875 2128 2924 mane,
2150 2870 2195 2914 et
2215 2861 2333 2930 ipsi,
2367 2860 2419 2915 id
2441 2871 2542 2925 est,
2563 2862 2653 2930 qui
2681 2860 3162 2927 ducebantlesum,
3191 2878 3295 2916 non
3314 2863 3529 2917 introie.

1956 2959 2076 3002 runt
2101 2949 2157 3002 in
2193 2950 2516 3018 praztorium.
2548 2950 2660 3007 Hoc
2686 2959 2768 3006 est
2812 2953 2867 3006 in
2917 2967 3038 3006 eam
3086 2960 3292 3020 partem
3335 2952 3527 3007 domus

1953 3055 2117 3109 quam
2137 3039 2340 3097 Pilatus
2367 3041 2622 3107 tenebat,
2667 3042 2713 3096 si
2740 3042 2855 3111 ipsa
2901 3051 3016 3097 erat
3054 3042 3244 3096 domus
3287 3041 3524 3112 Caipha.

1955 3129 2065 3186 Cur
2091 3137 2272 3188 autem
2316 3145 2422 3186 non
2446 3131 2769 3185 introierunt
2795 3131 2848 3186 in
2875 3130 3218 3201 praetorium?
3246 3130 3500 3200 Exponen

1956 3239 2194 3300 causam,
2222 3235 2278 3278 ut
2307 3240 2414 3279 non
2437 3228 2930 3286 contaminarentur,
2956 3223 3150 3292 inquit,
3175 3223 3266 3277 sed
3300 3223 3524 3278 mandu-

1953 3328 2128 3370 carent
2160 3313 2386 3369 Pascha.
2417 3314 2546 3371 Dies
2563 3315 2706 3370 enim
2737 3314 2823 3383 agi
2851 3321 3126 3384 coeperant
3171 3329 3483 3384 azymorum
3509 3332 3524 3366 :

1952 3406 2147 3475 quibus
2175 3405 2364 3460 diebus
2393 3404 2775 3462 contaminatio
2811 3403 2917 3460 illis
2936 3412 3053 3459 erat
3082 3404 3135 3458 in
3161 3404 3394 3459 alienum
3423 3403 3524 3458 ha-
3588 3405 3596 3412 '

283 3485 502 3541 fuerunt
523 3487 879 3550 sacerdotum,
905 3494 959 3541 et
986 3502 1081 3556 per
1102 3489 1247 3544 vices
1265 3504 1472 3544 annuas
1495 3491 1851 3546 sacerdotium
1947 3497 2245 3552 bitaculum
2271 3497 2492 3552 intrare.
2531 3497 2576 3553 Ο
2597 3497 2764 3567 impia
2807 3503 2862 3552 et
2882 3495 3042 3551 stulta
3067 3495 3303 3552 caecitas!
3339 3504 3398 3550 ut
3422 3494 3522 3549 ba-

278 3577 700 3643 ministrabant;
728 3586 786 3634 et
818 3587 936 3632 erat
963 3587 1088 3634 tunc
1111 3594 1284 3634 annus
1303 3580 1538 3650 Caiphze,
1570 3597 1692 3636 cum
1725 3597 1851 3652 pas—

279 3681 377 3722 sus
403 3675 485 3722 est
505 3665 768 3722 Christus.
798 3667 864 3722 Et
893 3668 1217 3723 credendum
1243 3678 1327 3724 est
1354 3671 1643 3726 secundum
1666 3671 1854 3726 volun-

276 3763 448 3810 tatem
471 3753 685 3825 Caipha:
706 3753 904 3810 factum
927 3771 1045 3812 esse
1065 3766 1124 3811 ut
1150 3758 1300 3827 prius
1333 3759 1618 3814 duceretur
1640 3757 1707 3821 ad
1743 3758 1854 3814 An-

278 3863 428 3911 nam,
452 3855 512 3902 ut
551 3847 774 3903 minoris
799 3848 969 3918 culpa:
993 3849 1282 3912 videretur,
1312 3849 1358 3905 si
1387 3850 1608 3906 alterius
1637 3866 1852 3921 quoque

275 3939 678 3995 consacerdotis
728 3941 808 3994 sui
837 3941 1180 3995 damnaretur
1206 3941 1489 3996 sententia.
1522 3959 1540 3992 ι
1575 3942 1682 3996 Sed
1727 3956 1849 3996 cum

276 4031 505 4087 dixisset
539 4032 864 4101 evangelista
889 4033 1178 4100 quodcum
1228 4031 1446 4102 ligatum
1493 4032 1639 4086 misit
1667 4032 1850 4087 Annas

275 4123 349 4177 ad
375 4121 654 4192 Caipham,
681 4135 928 4177 reversus
962 4129 1044 4176 est
1070 4122 1135 4176 ad
1167 4121 1339 4176 locum
1378 4121 1725 4186 narrationis,
1755 4121 1847 4176 ubi

275 4212 569 4283 reliquerat
593 4213 832 4278 Petrum,
849 4224 906 4268 ut
928 4213 1237 4283 explicaret,
1260 4215 1400 4284 quod
1428 4214 1481 4268 in
1505 4214 1661 4268 domo
1680 4213 1848 4269 Anna:

274 4306 347 4361 de
375 4305 516 4360 trina
542 4304 656 4374 ejus
683 4306 968 4376 negatione
1021 4305 1337 4376 contigerat.
1364 4305 1548 4376 (Vens.
1576 4304 1691 4375 25.)
1718 4305 1846 4358 Erat

272 4403 473 4460 autem,
502 4395 696 4463 inquit,
721 4393 905 4449 Simon
949 4392 1137 4450 Petrus
1181 4405 1325 4450 stans
1354 4406 1402 4449 et
1436 4393 1745 4464 calefacicns
1770 4413 1841 4450 se.

272 4483 393 4539 Hoc
447 4484 765 4554 recapitulat
807 4487 950 4555 quod
999 4493 1122 4540 ante
1159 4487 1321 4540 etiam
1371 4486 1598 4541 dixerat.
1645 4486 1845 4543 Deinde

270 4588 396 4643 qua:
423 4581 607 4629 secuta
626 4583 770 4639 sunt,
796 4571 971 4646 jungit
1000 4593 1012 4627 :
1042 4574 1297 4628 Dixerunt
1319 4591 1438 4645 ergo
1467 4576 1514 4628 ei
1543 4588 1560 4626 :
1591 4572 1842 4646 Nunquid

268 4671 321 4716 et
346 4673 402 4716 tu
437 4679 501 4718 ex
519 4662 787 4735 discipulis
812 4665 926 4734 ejus
964 4665 1060 4719 es?
1088 4663 1306 4734 Negavit
1330 4665 1418 4719 ille
1452 4675 1500 4719 et
1530 4665 1694 4720 dixit:
1720 4651 1840 4720 Non

267 4768 410 4806 sum.
440 4751 560 4808 Jam
605 4754 770 4810 semel
807 4763 1092 4824 negaverat
1120 4756 1186 4810 ad
1223 4755 1430 4810 ancillae
1461 4771 1647 4810 vocem
1674 4774 1686 4810 :
1716 4771 1843 4812 ecce

269 4845 468 4900 iterum
496 4845 682 4900 eodem
711 4846 901 4901 timore
928 4846 1245 4915 perterritus
1273 4847 1507 4918 negavit.
1534 4847 1758 4912 Deinde,
1784 4857 1843 4903 ut

267 4938 434 4992 tertia
454 4953 666 5008 quoque
688 4939 899 5009 negatio
915 4939 1281 5007 perficeretur,
1304 4950 1358 4993 et
1373 4939 1608 4994 Verbum
1630 4939 1842 4996 Domini

264 5029 609 5102 prtedicentis
631 5030 964 5100 impleretur,
991 5031 1174 5101 (Vrns.
1203 5032 1289 5095 26,
1314 5033 1428 5100 27.)
1454 5032 1591 5086 Dicit
1621 5050 1756 5087 unus
1781 5049 1845 5087 ea:

266 5120 431 5173 servis
455 5119 712 5190 pontiﬁcis
731 5161 745 5183 ,
789 5130 1036 5189 cognatus
1063 5121 1198 5190 ejus,
1230 5123 1379 5190 cujus
1409 5122 1628 5176 abscidit
1656 5121 1844 5177 Petrus

268 5210 608 5264 auriculam:
639 5209 826 5264 Nonne
871 5227 964 5280 ego
1025 5205 1074 5265 te
1128 5213 1234 5265 vidi
1278 5214 1332 5267 in
1358 5214 1506 5267 horto
1542 5231 1657 5266 cum
1714 5213 1846 5268 illo?

269 5299 474 5353 Iterum
501 5301 640 5356 sicut
665 5309 823 5356 antea
863 5303 1062 5372 negarit
1105 5299 1292 5356 Petrus
1315 5343 1328 5367 ,
1377 5316 1420 5358 et
1455 5306 1628 5358 statim
1673 5305 1843 5376 gallus

265 5391 517 5444 cantavit.
546 5391 684 5447 Ecce
713 5393 902 5448 medici
929 5402 1011 5448 cst
1045 5394 1308 5462 completa
1337 5396 1631 5464 prmdictio,
1657 5399 1840 5468 aegroti

263 5480 513 5535 convicta
547 5485 908 5552 praesumptio.
943 5483 1056 5537 Non
1088 5485 1230 5539 enim
1275 5484 1475 5542 factum
1521 5496 1603 5542 est
1632 5527 1645 5550 ,
1701 5489 1846 5557 quod

265 5569 375 5626 iste
427 5571 672 5627 dixerat:
702 5573 942 5628 Animam
976 5591 1142 5628 meam
1199 5591 1292 5644 pro
1337 5585 1386 5628 te
1431 5593 1620 5646 ponam
1661 5575 1842 5647 (Joan.

341 5698 368 5758 ξ
409 5686 486 5758 Ex
511 5684 568 5742 S.
600 5687 918 5758 Augustino,
947 5695 1102 5741 tract.
1140 5702 1285 5750 cxtv,
1327 5704 1474 5742 num.
1508 5689 1622 5743 l-E‘i.

343 5757 372 5796 δ
411 5755 534 5812 Ms.:
567 5775 586 5810 ι
623 5755 936 5813 llabitaculo
966 5758 1210 5812 videlicet
1234 5759 1407 5813 alieno
1437 5775 1494 5815 se
1526 5758 1712 5814 violari
1743 5775 1842 5831 pu-

1874 4532 1921 4594 D

1951 3587 2186 3643 bitaculo
2205 3586 2454 3642 videlicet
2474 3587 2967 3642 contaminarentur
2988 3585 3182 3650 alieno,
3196 3594 3372 3640 etnon
3395 3599 3523 3640 con-

1951 3677 2348 3733 taminarentur
2386 3677 2608 3748 proprio
2641 3676 2842 3732 scelere
2879 3677 2928 3730 b.
2965 3676 3291 3748 Alienigente
3326 3674 3526 3744 iudicis

1952 3771 2112 3825 domo
2142 3769 2495 3824 contaminari
2526 3769 2821 3831 timebant,
2875 3777 2931 3823 et
2986 3767 3168 3824 fratris
3224 3767 3526 3826 innocentis

1951 3857 2211 3926 sanguine
2231 3873 2336 3910 non
2361 3856 2656 3910 timebant?
2701 3876 2720 3908 ›
2759 3855 3046 3912 Sciendum
3067 3865 3151 3910 est
3184 3855 3312 3924 quid
3346 3855 3417 3909 sit
3439 3855 3521 3908 in-

1951 3955 2036 4001 ter
2056 3947 2261 4001 Pascha
2294 3955 2350 3999 et
2379 3945 2494 3999 dies
2521 3958 2851 4015 azymorum.
2870 3944 3069 3999 Pascha
3098 3943 3377 4000 dicebatur
3394 3957 3521 4013 pro-

1949 4037 2066 4107 prie
2087 4038 2202 4092 dies
2229 4037 2317 4090 illa
2347 4052 2452 4106 qua
2479 4051 2648 4106 agnus
2675 4035 2742 4090 ad
2779 4049 3058 4106 vesperam
3081 4044 3288 4105 quarta
3313 4035 3519 4091 decima

1948 4126 2072 4180 luna
2095 4125 2470 4190 occidebatur;
2498 4133 2700 4194 septem
2735 4139 2866 4180 vero
2910 4125 3024 4178 dies
3043 4132 3326 4193 sequentes
3350 4161 3365 4187 ,
3402 4123 3522 4181 dies

1947 4231 2257 4288 azymorum
2281 4216 2616 4272 dicebantur.
2650 4215 2776 4270 Dies
2820 4229 3128 4284 azymorum
3155 4212 3370 4269 fuerunt
3397 4254 3413 4279 ,
3463 4215 3519 4270 in

1947 4311 2143 4380 quibus
2181 4308 2313 4363 nihil
2340 4307 2646 4364 fermentati
2693 4307 2746 4361 in
2791 4305 3040 4362 domibus
3075 4305 3288 4362 ihorum
3333 4305 3520 4362 debuit

1948 4401 2204 4466 inveniri;
2232 4402 2325 4456 sed
2373 4408 2549 4456 tamen
2599 4400 2716 4456 dies
2743 4399 3018 4455 Paschalis
3067 4399 3340 4454 invenitur
3382 4401 3522 4455 inter

1947 4491 2063 4547 dies
2089 4507 2404 4563 azymorum
2454 4489 2740 4555 nominari,
2763 4499 2821 4545 ut
2846 4490 2901 4545 in
2929 4489 3034 4544 alio
3058 4489 3347 4560 Evangelio
3389 4491 3519 4560 legi-

1952 4593 2040 4639 tur
2066 4602 2094 4637 :
2116 4582 2296 4638 Prima
2325 4593 2498 4637 autem
2538 4581 2622 4636 die
2645 4597 2947 4651 azymorum
2973 4589 3298 4635 accesserunt
3337 4582 3405 4636 ad
3430 4581 3524 4635 Je-

1948 4690 2064 4728 sum
2080 4673 2324 4743 discipuli
2350 4672 2571 4724 dicentes
2590 4684 2608 4721 :
2638 4668 2736 4723 Ubi
2763 4671 2838 4724 vis
2861 4709 2876 4733 ,
2917 4685 3160 4739 paremus
3201 4670 3294 4724 tibi
3316 4666 3523 4724 Pascha

1947 4763 2266 4817 manducare
2295 4760 2508 4828 (Matth.
2534 4775 2682 4825 xxvi,
2711 4759 2831 4828 l7)?

2015 4851 2180 4922 626
2203 4850 2364 4904 Vens.
2389 4848 2477 4912 29,
2507 4849 2597 4902 50.
2626 4878 2696 4899 -.-
2733 4848 2908 4902 Exivit
2941 4864 3062 4919 ergo
3105 4847 3313 4902 Pilatus
3339 4847 3407 4900 ad
3435 4863 3520 4900 eos

1949 4939 2113 5010 foras,
2135 4947 2181 4992 et
2205 4937 2336 4991 dixit
2366 4950 2383 4988 :
2414 4936 2585 5003 Quam
2610 4927 2992 4992 accusationem
3020 4941 3243 5010 _a/fertis
3273 4939 3520 4992 adversus

1949 5007 2206 5083 hominem
2234 5026 2410 5080 hunc?
2438 5025 2503 5080 Et
2539 5027 2943 5097 responderunt,
2987 5007 3034 5082 ei
3063 5007 3305 5082 dixerunt
3335 5027 3385 5080 ei
3411 5040 3427 5076 :
3458 5025 3520 5079 Si

1949 5136 2054 5173 non
2077 5128 2206 5172 esset
2230 5119 2312 5172 hic
2338 5117 2663 5187 malefactor,
2689 5136 2791 5174 non
2817 5120 2908 5174 tibi
2946 5120 3336 5180 tradidissemus
3376 5136 3515 5173 eum.

1949 5207 2104 5261 llunc
2138 5207 2282 5261 enim
2303 5207 2569 5261 habebant
2608 5224 2813 5264 morem
2833 5209 3026 5272 Judaei,
3066 5218 3123 5263 ut
3153 5225 3312 5278 quem
3344 5221 3517 5266 morte

1949 5300 2165 5370 dignum
2180 5297 2551 5369 dijudicarent,
2567 5299 2804 5354 vinctum
2830 5315 2952 5354 eum
2980 5301 3194 5368 praesidi
3222 5301 3512 5356 traderent.

1953 5408 1972 5439 ‹
2002 5390 2403 5459 lnterrogentur
2417 5396 2577 5457 atque
2597 5390 2950 5459 respondeant
2993 5391 3061 5444 ab
3091 5391 3382 5447 immundis
3408 5395 3519 5463 spi-

1947 5481 2142 5535 ritibus
2189 5482 2423 5545 liberati,
2456 5481 2690 5552 languidi
2745 5483 2951 5548 sanati,
2999 5483 3201 5552 .leprusi
3253 5487 3515 5550 mundati,

1947 5573 2094 5627 surdi
2116 5573 2415 5637 audientes,
2436 5573 2569 5626 muti
2593 5573 2891 5640 loquentes,
2908 5575 3035 5629 emci
3062 5575 3304 5630 videntes
3319 5617 3333 5640 ,
3374 5591 3517 5631 mor-

1947 5696 2216 5812 ﬁwcrlml,
2246 5698 2297 5745 et
2325 5705 2428 5746 non
2457 5689 2672 5760 proprio
2708 5687 2910 5745 scelere
2943 5690 3233 5761 inquinari
3274 5706 3332 5747 se
3367 5693 3524 5749 vide?

1985 5768 2092 5811 ειη.
2130 5781 2146 5812 t

1985 5768 2092 5811 aut.
2130 5781 2146 5812 ι
