4088 6340
574 364 680 430 θῖε

1423 370 1480 425 n.
1524 371 1584 425 ν.
1625 368 1848 425 ALBlNl
1889 367 2019 424 seu
2058 365 2329 423 ALCL'lN'l
2368 367 2643 425 orsae.“
2683 367 2860 423 rans
2902 325 2995 424 ιιί

575 484 651 540 tui
677 491 1033 553 resurgentes,
1064 491 1242 536 utrum
1271 482 1342 535 s't
1370 481 1684 535 maleiactor
1711 478 1886 535 Jesus.
1905 480 2010 535 Sed
2038 480 2139 535 ista
2167 483 2216 542 Α
2244 477 2431 548 (Vens.
2460 476 2561 548 35)’
2606 478 2744 544 Quid
2777 480 2986 549 fecisti!
3020 482 3150 537 satis
3191 483 3425 538 ostendit
3463 484 3592 538 illud
3630 486 3681 539 ci
3714 501 3818 557 pro

574 577 846 639 dicebant,
870 574 936 628 de
957 573 1149 643 quibus
1169 587 1263 643 per
1285 571 1603 641 Prophetam
1642 572 1757 640 ipse
1779 571 2099 642 praedixerat
2123 587 2137 623 :

576 662 946 719 Retribuebant
972 661 1097 716 mihi
1122 660 1262 715 mala
1282 677 1376 732 pro
1398 660 1544 716 bonis
1565 658 1735 732 (Psal.
1760 675 1948 723 xxxiv,
1968 659 2077 729 l2).
2115 678 2135 711 ι

574 752 761 822 (Vens.
786 750 900 820 3t.)
930 751 1078 804 Dixit
1116 765 1238 820 ergo
1263 750 1337 804 eis
1369 747 1616 804 Pilatus:
1639 749 1869 820 Accipite
1891 760 2008 804 eum
2032 766 2139 813 vos,

571 849 625 893 et
655 838 937 895 secundum
964 838 1124 908 legem
1146 847 1365 892 vestram
1381 839 1621 909 judicate
1641 855 1777 892 eum.
1812 837 2016 893 Iustior
2043 837 2144 892 fuit

572 932 682 987 illis
692 929 856 1001 iudex
882 930 1116 1000 gentilis,
1142 931 1297 999 quasi
1329 931 1531 985 diceret
1559 947 1573 983 :
1610 930 1806 999 Legem
1837 928 2066 991 habetis,
2087 936 2143 983 et

574 1024 867 1080 secundum
898 1022 1070 1091 legem
1118 1030 1350 1077 vestram
1373 1022 1613 1092 judicate
1641 1036 1763 1075 eum
1790 1038 1803 1072 :
1835 1034 1931 1073 vos
1953 1019 2144 1075 melius

571 1116 748 1173 nostis
790 1115 919 1183 quid
944 1114 1010 1168 de
1034 1115 1233 1169 talibus
1256 1123 1433 1169 vestra
1466 1113 1551 1169 lex
1578 1112 1814 1181 iudicet;
1846 1113 2141 1167 secundum

546 1205 713 1278 quod
734 1206 939 1276 justum
965 1204 1169 1270 sciatis,
1190 1202 1446 1272 iudicate.
1495 1202 1753 1256 Dixerunt
1793 1218 1917 1272 ergo
1964 1200 2012 1254 ei
2037 1200 2142 1254 Iu-

570 1297 719 1351 dtri:
752 1294 916 1348 Nobis
954 1310 1055 1348 non
1081 1293 1197 1349 licet
1234 1293 1523 1362 interficere
1565 1309 1896 1364 quamquam.
1930 1311 1950 1343 ς
2006 1292 2143 1355 Quid

571 1395 655 1441 est
687 1386 828 1457 quod
856 1387 1092 1456 loquitur
1117 1385 1301 1439 insana
1345 1384 1668 1440 crudelitas?
1690 1384 1773 1437 An
1800 1399 1907 1437 non
1934 1381 2142 1437 interli-

569 1478 807 1542 ciebant,
833 1480 992 1548 quem
1044 1476 1467 1531 interﬁciendum
1500 1474 1831 1531 oll‘erebant?
1858 1495 1876 1526 ι
1906 1476 1987 1529 An
2035 1490 2141 1529 non

571 1558 712 1622 amb
736 1565 1151 1630 lnterliciehant,
1166 1565 1291 1620 dum
1316 1565 1651 1621 clamabant:
1682 1564 1960 1636 Cruci/iga,
1976 1565 2146 1619 cruci-

568 1642 708 1730 ﬁge?
734 1657 871 1724 Quid
894 1665 978 1712 est
1005 1657 1147 1726 quod
1183 1657 1455 1719 dixerunt,
1483 1653 1645 1709 Nobis
1679 1672 1779 1709 non
1805 1654 1921 1709 licet
1947 1654 2145 1722 inter/i-

561 1736 684 1804 cere
707 1765 1037 1821 quamquam,
1061 1747 1188 1803 dum
1221 1747 1307 1803 lex
1335 1746 1553 1802 mandat
1595 1747 1914 1810 homicidas,
1940 1746 2144 1801 adulte-

2240 566 2466 620 crimine
2492 565 2783 636 objectum,
2801 577 3056 639 tanquam
3079 571 3281 626 diceret
3311 589 3322 624 :
3350 571 3405 626 Si
3438 587 3620 644 regem
3648 583 3700 628 te
3725 589 3823 632 no-

2241 672 2337 728 gas
2360 695 2375 721 ,
2420 658 2549 726 quid
2579 656 2751 713 fecisti
2786 667 2846 714 ut
2878 660 3170 719 tradereris
3202 664 3372 719 mihi?
3408 663 3572 731 Quasi
3618 666 3821 724 mirum

2240 763 2348 802 non
2380 756 2545 813 esset,
2582 749 2627 803 si
2648 749 3130 820 puniendusjudici
3154 755 3481 819 traderetur,
3497 755 3628 825 quid
3655 771 3717 811 se
3738 756 3820 813 di-

2242 845 2388 892 ceret
2426 853 2605 908 regem
2632 853 2751 894 esse
2776 857 2790 893 :
2820 840 2865 894 si
2891 850 3072 897 autem
3104 844 3209 899 hoc
3237 859 3343 899 non
3392 846 3628 913 diceret,
3662 863 3819 918 qua:-

2243 928 2464 982 rendum
2505 929 2574 982 ab
2604 929 2696 984 illo
2720 939 2861 985 esset
2897 934 3025 1001 quid
3061 934 3203 990 aliud
3253 935 3395 992 forte
3417 937 3657 1004 fecisset,
3680 941 3825 996 unde

2242 1018 2381 1072 tradi
2405 1017 2571 1087 judici
2602 1020 2796 1091 dignus
2816 1031 2977 1077 esset.

2314 1108 2475 1164 V'r-zns.
2523 1108 2612 1163 56.
2666 1138 2740 1150 —
2782 1108 3065 1181 Respondit
3114 1113 3271 1168 Iesus
3306 1130 3324 1167 :
3364 1115 3602 1187 Regnum
3650 1137 3825 1175 meum

2245 1211 2348 1250 non
2374 1206 2448 1251 est
2484 1197 2548 1251 de
2567 1198 2663 1252 hoc
2687 1199 2900 1253 mundo.
2928 1199 2988 1256 Si
3025 1218 3090 1256 ex
3117 1205 3213 1255 hoc
3242 1205 3435 1259 mundo
3454 1217 3584 1260 esset
3607 1225 3829 1278 regnum

2242 1301 2437 1351 meum,
2465 1286 2690 1340 ministri
2720 1289 2822 1342 mei
2861 1290 3037 1361 utique
3063 1291 3408 1356 decertarent,
3429 1303 3485 1347 ut
3517 1312 3621 1349 non
3643 1298 3826 1351 trade-

2245 1390 2330 1428 rer
2352 1373 2578 1430 Iudaeis.
2607 1374 2761 1430 Nunc
2781 1387 2956 1432 autem
2984 1395 3155 1433 meum
3184 1397 3396 1451 regnum
3440 1400 3544 1438 non
3572 1394 3651 1439 est
3678 1386 3825 1440 hinc.

2243 1468 2358 1525 Hoc
2385 1477 2470 1524 est
2500 1471 2641 1538 quod
2665 1472 2838 1527 bonus
2885 1473 3139 1543 magister
3176 1475 3316 1530 scire
3354 1492 3457 1533 nos
3480 1478 3685 1544 voluit;
3733 1481 3828 1535 sed

2243 1558 2394 1627 prius
2431 1560 2589 1614 nobis
2609 1559 3022 1618 demonstranda
3052 1561 3227 1619 fuerat
3270 1580 3408 1621 vana
3445 1567 3733 1622 hominum
3763 1570 3829 1625 de

2244 1664 2411 1720 regno
2439 1651 2557 1720 ejus
2580 1651 2786 1719 opinio,
2808 1652 2921 1706 sive
2964 1651 3237 1718 Gentium,
3267 1655 3380 1711 sive
3403 1655 3715 1714 Iudaeorum
3736 1699 3753 1723 ,
3796 1676 3827 1713 a

2243 1741 2440 1809 quibus
2465 1742 2518 1798 id
2568 1742 2774 1799 Pilatus
2806 1744 3267 1814 audieratzquasi
3294 1756 3584 1817 propterea
3636 1749 3830 1807 fuisset

569 1858 683 1909 τος,
706 1818 763 1897 (ξι
796 1818 981 1897 unum
1031 1854 1154 1895 reos
1181 1840 1443 1895 scelerum
1472 1840 1719 1895 occidere
1747 1839 1828 1892 νει
1873 1838 2144 1908 lapidare?
2175 1818 2220 1879 Β
2245 1837 2418 1885 morte
2433 1830 2917 1902 plcclcndus,quod
2946 1832 3189 1889 illicitum
3208 1834 3542 1893 affectaverlt
3564 1853 3822 1907 regnum;

568 1934 675 1989 nisi
701 1932 840 1988 forte
866 1933 970 1987 hoc
1017 1931 1137 1984 ideo
1182 1930 1477 1993 dixissent,
1528 1935 1749 1997 propter
1801 1926 2141 1981 sanctitatem

568 2024 677 2079 diei
699 2021 823 2077 festi
847 2022 922 2094 [et
948 2015 1392 2089 venerationem],
1423 2027 1482 2072 ut
1510 2033 1617 2071 non
1642 2018 1825 2073 liceret
1846 2017 1926 2071 eis
1952 2031 2145 2070 secun-

567 2113 697 2168 dum
730 2112 901 2181 legem
927 2110 982 2165 in
1011 2110 1099 2165 die
1127 2108 1266 2165 festo
1299 2109 1545 2163 occidere
1573 2107 1869 2171 hominem,
1897 2105 1967 2161 ob
1990 2106 2144 2175 cujus

566 2205 676 2261 diei
702 2204 823 2259 festi
854 2202 1276 2266 venerationem,
1297 2201 1458 2256 etiam
1495 2200 1807 2270 praetorium
1838 2197 2037 2266 judicis
2062 2199 2144 2253 in-

566 2304 716 2351 trare
765 2295 1073 2350 noluerunt.
1110 2290 1412 2359 Quomodo,
1449 2306 1484 2345 ο
1528 2290 1721 2356 Judaei,
1749 2305 1785 2345 o
1820 2289 1940 2345 falsi
1972 2290 2144 2344 Israe-

556 2385 700 2450 Tum,
717 2399 829 2440 non
852 2382 1126 2439 occidistis
1151 2397 1297 2445 eum,
1321 2396 1479 2451 quem
1514 2380 1960 2449 apprehendiStis,
1982 2392 2144 2450 quem

569 2475 833 2538 duxistis,
871 2489 1030 2544 quem
1082 2472 1293 2542 prmsidi
1327 2471 1655 2537 tradidistis,
1694 2486 1853 2541 quem
1905 2469 2144 2540 crnciligi

567 2563 922 2644 poposcistis?
955 2582 973 2614 ι
1025 2562 1240 2626 Audite,
1265 2561 1406 2630 quod
1454 2568 1642 2615 contra
1683 2576 1779 2615 vos
1817 2560 1979 2613 etiam
2010 2557 2144 2611 Pro.

567 2656 730 2726 pheta
755 2654 990 2710 clamat:
1024 2651 1151 2707 Filii
1170 2651 1459 2715 hominum,
1502 2651 1678 2705 dentes
1701 2666 1879 2704 eorum
1902 2667 2054 2703 arma
2097 2657 2146 2702 et

568 2743 795 2813 sagittas,
842 2752 891 2796 et
929 2741 1110 2811 lingua
1137 2755 1317 2793 eorum
1347 2740 1610 2793 mactuera
1638 2749 1793 2793 acuta
1829 2736 2002 2809 (Psal.
2036 2754 2143 2802 Lvr,

566 2833 648 2905 5).
676 2833 814 2888 Ecce
833 2832 1029 2901 quibus
1055 2829 1242 2893 armis,
1266 2827 1461 2896 quibus
1491 2827 1720 2897 sagittis,
1748 2842 1849 2895 qua
1880 2828 2145 2881 machaera

566 2924 769 2995 justum
818 2918 1182 2975 interfecistis.
1236 2917 1436 2973 Deinde
1482 2918 1727 2987 sequitur
1770 2934 1782 2969 :
1818 2915 2001 2986 (Vens.
2050 2913 2143 2985 52)

568 3010 687 3065 Hoc
709 3019 883 3064 autem
903 3008 1170 3072 dixerunt,
1197 3015 1255 3059 ut
1290 3022 1459 3060 sermo
1492 3005 1622 3061 Iesu
1649 3004 1967 3077 impleretur,
1995 3020 2146 3075 quem

568 3102 725 3166 dixit,
760 3100 1061 3170 signiﬁcem
1092 3115 1196 3170 qua
1220 3106 1352 3152 esset
1378 3106 1545 3151 morte
1568 3095 1872 3151 moriturus.
1910 3113 1929 3147 ι
1962 3094 2146 3164 Itaque

2245 1918 2326 1973 vel
2357 1920 2612 1988 quoniam
2671 1922 2841 1975 solent
2890 1924 3192 1992 regnaturis
3233 1925 3474 1980 invidere
3518 1938 3823 1998 regnantes.

2244 2007 2466 2063 Poterat
2490 2018 2667 2064 autem
2699 2010 2961 2067 Dominus
2984 2052 3000 2075 ,
3054 2013 3195 2081 quod
3222 2014 3297 2067 ait
3324 2031 3335 2066 :
3369 2013 3603 2085 Regnum
3650 2033 3824 2071 naeuius

2245 2115 2349 2152 non
2374 2108 2449 2153 est
2473 2099 2538 2153 de
2563 2100 2755 2154 "tundo
2781 2101 2876 2155 hoc
2902 2141 2917 2164 ,
2977 2102 3042 2156 ad
3079 2103 3308 2171 primam
3350 2103 3821 2175 interrogationem

2246 2190 2490 2258 praesidis
2515 2191 3114 2260 respondere,ubidixit
3138 2212 3152 2246 :
3184 2194 3261 2247 Tu
3286 2212 3341 2249 es
3373 2197 3764 2251 rexluda'oruns
3786 2201 3818 2251 .’

2246 2277 2353 2334 Sed
2383 2295 2507 2335 eum
2532 2280 2769 2335 vicissim
2799 2281 3116 2352 interrogat,
3153 2291 3336 2338 utrum
3367 2286 3464 2340 hoc
3485 2287 3642 2355 δεῖ
3670 2303 3701 2340 a
3727 2303 3816 2342 sc-

2244 2369 2473 2439 metipso
2528 2369 2749 2435 diceret,
2782 2386 2849 2426 an
2894 2373 3130 2427 audisset
3150 2374 3220 2428 ab
3254 2373 3406 2439 aliis;
3460 2374 3551 2429 illo
3595 2390 3824 2446 respon-

2245 2458 2425 2521 dente,
2458 2459 2739 2513 ostendere
2765 2459 2955 2524 voluit,
2979 2461 3081 2514 hoc
3106 2460 3206 2515 sibi
3235 2461 3373 2530 apud
3409 2462 3558 2516 illum
3602 2462 3772 2519 fuisse
3794 2481 3826 2519 ι

2243 2544 2443 2601 Iudaeis
2493 2546 2639 2601 velut
2685 2548 2891 2602 crimen
2932 2548 3242 2616 obiectum:
3300 2551 3638 2621 patefaciens
3675 2554 3830 2610 nobis

2246 2640 2601 2708 cogitationes
2654 2639 2930 2694 hominum
2985 2657 3120 2710 quas
3154 2641 3266 2713 ipse
3311 2651 3539 2698 noverat
3575 2646 3828 2714 quoniam

2246 2747 2397 2787 vanae
2431 2740 2576 2787 sunt.
2628 2751 2645 2784 ι
2673 2731 2825 2799 Quod
2864 2748 2994 2787 vero
3018 2734 3129 2788 ait:
3161 2732 3393 2804 Regnum
3428 2751 3605 2789 meum
3634 2745 3825 2791 nonest

2244 2823 2310 2878 de
2334 2823 2429 2877 hoc
2462 2823 2681 2889 mundo,
2708 2823 2763 2878 id
2789 2831 2907 2888 est,
2952 2824 3005 2877 in
3034 2824 3138 2880 hoc
3164 2825 3383 2880 mundo.
3411 2824 3615 2881 Audite
3645 2841 3824 2881 onum

2248 2928 2402 2982 reges
2424 2920 2609 2977 terrm;
2660 2928 2767 2968 non
2794 2913 2938 2968 venit
2962 2912 3210 2969 Christus
3236 2928 3461 2984 regnum
3490 2913 3712 2980 tollere,
3734 2915 3827 2970 sed

2247 3006 2405 3068 dare;
2434 3022 2541 3062 non
2564 3007 2826 3073 minuere,
2855 3008 2947 3063 sed
2984 3021 3214 3076 augere;
3247 3022 3426 3075 regem
3455 3022 3517 3063 se
3547 3024 3660 3063 non
3697 3023 3825 3063 eon-

2249 3095 2491 3161 tradixit,
2516 3096 2610 3152 sed
2636 3097 2929 3153 carnaliter
2954 3098 3007 3151 in
3035 3098 3136 3153 hoc
3157 3096 3356 3152 mundo
3381 3111 3441 3151 se
3466 3112 3701 3168 regnare
3722 3114 3827 3152 non

569 3155 972 3262 intelligenddm
994 3197 1077 3244 est
1104 3155 1390 3244 Dominum
1418 3188 1506 3243 hic
1530 3187 1833 3257 signiﬁcare
1868 3202 1972 3242 non
1998 3201 2142 3240 mor-
2172 3155 2217 3216 Ο
2248 3187 2404 3242 dixit.
2437 3186 2589 3253 Quod
2612 3193 2696 3241 est
2720 3185 2836 3255 ejus
2862 3202 3110 3257 regnum,
3142 3186 3244 3245 nisi
3270 3155 3557 3245 credente;
3584 3187 3646 3245 in
3682 3201 3828 3250 eum.

569 3290 678 3334 tem
702 3278 901 3342 crucis,
917 3279 1010 3332 sed
1030 3277 1174 3331 illam
1195 3285 1419 3331 mortem
1448 3292 1554 3347 qna
1567 3274 1734 3332 Judaei
1750 3290 1872 3331 eum
1900 3276 2146 3347 gentibus

564 3368 854 3426 tradebant
877 3367 945 3424 ad
975 3366 1323 3424 occidendum
1350 3407 1365 3431 ,
1414 3369 1518 3423 hoc
1541 3377 1646 3431 est,
1677 3366 1965 3431 Romanis;
2020 3381 2144 3425 nam

570 3465 772 3521 Pilatus
790 3464 1067 3519 Romanus
1091 3465 1229 3520 civis
1276 3460 1416 3531 fuit,
1477 3462 1601 3521 licet
1658 3477 1862 3537 genere
1889 3462 2142 3533 Pontius,

570 3553 802 3625 eumque
838 3554 891 3608 ln
920 3552 1155 3608 Judaeum
1186 3554 1414 3608 Romani
1443 3555 1726 3623 praesidem
1764 3558 2047 3611 miserant.
2077 3556 2143 3611 Ut

569 3658 704 3716 ergo
727 3646 828 3700 iste
855 3659 1027 3699 sermo
1047 3643 1177 3699 Iesu
1199 3644 1519 3716 impleretur,
1542 3646 1595 3701 id
1640 3655 1744 3711 est,
1772 3655 1833 3701 ut
1874 3664 1995 3702 eum
2043 3648 2144 3703 sibi

554 3734 832 3792 etraditum
860 3735 1065 3792 Gentes
1114 3736 1498 3802 interﬁcerent,
1528 3738 1673 3807 quod
1728 3736 1884 3793 Iesus
1907 3737 2144 3794 futurum

573 3840 695 3881 esse
718 3825 1063 3897 pradixerat,
1089 3827 1191 3881 hoc
1228 3826 1505 3896 impletum
1534 3836 1637 3893 est,
1673 3827 1798 3882 dum
1822 3826 1989 3882 Judtei
2019 3844 2142 3883 eum

560 3916 835 3974 'Gentibns
898 3917 1232 3974 tradiderunt
1281 3919 1664 3991 occidendum;
1710 3922 1919 3975 minore
1967 3929 2144 3977 tamen

558 4008 796 4073 scelere,
824 4024 985 4079 quam
1013 4008 1204 4075 Judaei,
1236 4010 1327 4079 qui
1382 4024 1442 4064 se
1480 4010 1584 4065 isto
1613 4011 1774 4065 modo
1816 4012 1886 4065 ab
1911 4011 2027 4082 ejus
2066 4011 2146 4066 in-

554 4097 892 4155 teriectione
927 4098 1074 4153 velut
1099 4098 1301 4156 alienos
1350 4098 1528 4154 facere
1568 4100 1891 4165 voluerunt,
1935 4116 2042 4155 non
2086 4108 2146 4155 ut

558 4200 757 4243 eorum
785 4187 1109 4248 innocentia,
1139 4188 1234 4244 sed
1261 4196 1320 4242 ut
1364 4188 1634 4244 dementia
1667 4198 2077 4244 monstraretur.
2119 4209 2138 4241 ι

643 4277 804 4332 Vens.
835 4277 924 4332 35.
961 4306 1032 4317 --
1057 4276 1293 4331 Introivit
1333 4277 1522 4330 iterum
1562 4279 1616 4331 in
1641 4278 1963 4347 praetorium
1992 4276 2144 4333 Pila-

558 4378 678 4432 tus,
702 4378 752 4422 et
785 4368 982 4422 vocavit
1006 4367 1186 4421 Iesum
1213 4407 1227 4431 ,
1271 4377 1321 4421 et
1345 4368 1476 4422 dixit
1502 4369 1584 4422 ei:
1612 4369 1688 4423 Tu
1715 4386 1769 4425 es
1812 4387 1904 4424 rex
1929 4369 2146 4425 Iudico-

573 4459 732 4512 mm?
759 4457 819 4512 ln'
837 4458 923 4512 bis
943 4458 1121 4510 verbis
1150 4458 1382 4511 ostendit
1408 4457 1612 4512 Pilatus
1633 4459 1735 4514 hoc
1757 4457 1971 4515 Iudaeos
1999 4458 2151 4527 obje-

2246 3290 2382 3346 quos
2402 3276 2581 3335 tradet
2608 3291 2835 3351 regnum
2864 3275 2976 3337 Deo
2997 3280 3145 3335 Patri
3183 3281 3237 3337 in
3276 3279 3383 3335 ﬁne
3408 3279 3590 3336 βεβαιιί
3620 3280 3677 3349 (1
3702 3279 3825 3334 Cor.

2247 3364 2471 3441 ωλι),
2498 3371 2553 3426 id
2580 3380 2693 3435 est,
2741 3371 2967 3426 adducet
3022 3372 3090 3426 ad
3116 3372 3282 3427 Deum
3312 3372 3526 3427 Patrem
3550 3412 3568 3436 ,
3622 3380 3684 3427 ut
3712 3374 3831 3428 sine

2245 3463 2351 3518 line
2373 3468 2596 3532 regnent
2618 3476 2742 3517 cum
2778 3462 2903 3516 illo?
2951 3460 3058 3516 Sed
3087 3472 3147 3517 ut
3168 3462 3271 3517 hoc
3293 3462 3547 3532 probaret
3568 3502 3585 3526 ,
3638 3470 3699 3516 ut
3738 3476 3830 3517 re—

2245 3566 2408 3621 gnum
2432 3553 2550 3623 ejus
2573 3551 2641 3607 de
2666 3552 2769 3607 hoc
2797 3551 2999 3607 mundo
3030 3567 3140 3607 non
3194 3560 3360 3617 esset,
3387 3551 3589 3620 adjecit
3616 3570 3630 3602 :
3664 3550 3727 3607 Si
3765 3552 3835 3606 de

2246 3643 2343 3696 hoc
2366 3642 2560 3697 mundo
2582 3650 2712 3696 esset
2738 3656 2953 3711 regnum
2976 3657 3170 3707 meum,
3197 3642 3421 3696 ministri
3456 3642 3559 3696 mei
3594 3640 3836 3696 decerta-

2249 3741 2361 3786 rent
2403 3739 2460 3784 ut
2491 3749 2594 3787 non
2620 3732 2857 3787 traderer
2887 3730 3115 3787 Iudwis.
3162 3731 3277 3787 Non
3307 3733 3383 3786 ait
3426 3750 3439 3784 :
3468 3731 3628 3787 Nunc
3648 3741 3837 3788 autem

2248 3837 2471 3892 regnum
2510 3837 2687 3877 meum
2711 3838 2818 3878 non
2841 3831 2927 3878 est
2951 3823 3033 3876 hic
3056 3863 3072 3888 ,
3101 3823 3193 3878 sed
3220 3837 3327 3878 non
3348 3830 3433 3878 est
3457 3823 3613 3887 hinc;
3646 3823 3840 3880 hicest

2246 3912 2390 3967 enim
2422 3926 2643 3983 regnum
2661 3913 2984 3983 ejus,usque
3004 3913 3232 3969 inlinere
3262 3913 3464 3975 saeculi,
3496 3914 3593 3969 sed
3622 3914 3679 3968 in
3706 3929 3840 3969 san-

2246 4004 2352 4059 ctis
2381 4005 2514 4070 suis,
2542 4004 2610 4059 de
2631 4005 2826 4073 quibus
2858 4005 2992 4059 dixit
3011 4004 3066 4059 in
3101 4004 3208 4059 alio
3234 4005 3527 4076 Evangelio
3550 4023 3562 4058 :
3589 4003 3838 4075 Regum

2252 4093 2347 4148 Dei
2376 4093 2514 4148 intra
2541 4110 2630 4149 vos
2657 4105 2733 4149 est
2755 4093 2906 4163 (Luc.
2938 4110 3084 4159 xvu,
3134 4095 3246 4164 2i).
3279 4094 3413 4150 Nam
3451 4110 3684 4166 regnum
3718 4096 3843 4165 ejus

2248 4194 2432 4241 sancta
2455 4186 2691 4242 Ecclesia
2714 4195 2818 4241 est.
2843 4186 2996 4243 Unde
3012 4193 3068 4241 et
3094 4186 3160 4241 ad
3186 4186 3408 4241 Mariam
3437 4186 3712 4257 virginem
3734 4203 3844 4242 an-

2248 4278 2399 4348 gelus
2424 4279 2535 4333 ait:
2569 4278 2635 4332 Et
2662 4277 2893 4347 regnabit
2921 4279 2975 4332 in
3004 4278 3157 4332 domo
3182 4277 3348 4332 Iacob
3370 4278 3426 4332 in
3448 4287 3750 4343 murteum,
3794 4289 3848 4334 et

2251 4370 2396 4439 regni
2422 4369 2536 4437 ejus
2561 4385 2665 4423 non
2698 4368 2794 4422 erit
2815 4368 2937 4436 ﬁnis
2968 4366 3117 4439 (Luc.
3146 4385 3188 4434 ι,
3210 4369 3303 4432 52,
3333 4368 3449 4438 53),
3475 4369 3728 4437 spiritale
3755 4385 3856 4425 re.

2250 4472 2411 4527 mum
2426 4472 2533 4527 quo
2562 4456 2616 4512 in
2642 4458 2842 4514 sanctis
2868 4467 3056 4527 regnat
3077 4457 3450 4515 demonstrare
3470 4458 3696 4525 volens,
3712 4476 3853 4515 non

573 4546 715 4600 cisse
741 4547 791 4599 ei
836 4546 1102 4609 criminis,
1130 4554 1189 4599 ut
1234 4546 1435 4603 diceret
1469 4563 1529 4602 se
1567 4563 1743 4619 regem
1787 4563 1907 4605 esse
1936 4549 2147 4606 Judazo-
2178 4546 2223 4562 ν
2249 4547 2465 4603 carnale
2492 4548 2633 4617 quod
2662 4563 2804 4618 stupe
2850 4548 3001 4618 impii
3028 4547 3226 4604 habent
3260 4548 3315 4604 in
3344 4549 3446 4605 hoc
3474 4551 3703 4605 mundo.
3762 4550 3854 4605 De

550 4648 716 4689 Arum.
754 4633 938 4704 (Vens.
971 4633 1086 4706 34.)
1130 4634 1408 4705 Respondit
1434 4634 1591 4691 Iesus
1622 4650 1640 4688 :
1674 4635 1718 4689 A
1746 4638 2013 4707 temetipso
2049 4639 2147 4693 hoc
2250 4650 2417 4707 regno
2456 4636 2656 4707 quippe
2687 4653 2786 4693 suo
2825 4638 2956 4693 dicit
2992 4639 3152 4708 paulo
3178 4647 3340 4694 ante:
3367 4639 3445 4695 De
3482 4641 3691 4695 mundo
3730 4658 3854 4696 non

573 4724 727 4789 dicis,
755 4740 824 4778 an
848 4723 941 4779 alii
970 4725 1061 4780 tibi
1094 4726 1338 4780 dixerunt
1367 4726 1432 4781 de
1455 4742 1535 4781 me
1553 4728 1579 4781 .’
1609 4745 1627 4778 ι
1663 4739 1689 4769 α
1722 4726 1940 4783 Sciebat
1962 4729 2148 4799 utique
2248 4729 2395 4793 estis,
2417 4730 2507 4784 sed
2534 4745 2626 4800 ego
2649 4746 2739 4784 vos
2758 4728 2823 4784 de
2854 4730 3048 4785 mundo
3073 4729 3225 4800 elegi.

573 4812 854 4878 Dominus,
882 4820 939 4868 et
955 4816 1097 4883 quod
1119 4816 1235 4886 ipse
1278 4816 1666 4887 interrogabat,
1695 4828 1750 4872 et
1770 4818 1912 4887 quod
1936 4818 2026 4875 ille
2064 4835 2151 4873 re-
2319 4818 2482 4873 Vans.
2506 4818 2681 4873 37.-
2701 4817 2845 4873 Dixit
2880 4819 2927 4873 ei
2952 4821 3125 4888 itaque
3161 4817 3368 4875 Pilatus
3394 4834 3415 4872 :
3455 4819 3596 4891 Ergo
3630 4836 3729 4874 rex
3786 4838 3853 4875 es

573 4917 871 4974 sponsurus
914 4902 1013 4960 fuit
1036 4903 1179 4982 μὴ.
1210 4906 1399 4960 addit:
1429 4916 1484 4961 et
1526 4908 1657 4976 quid
1710 4906 1783 4961 illi
1812 4907 2018 4965 Pilatus
2065 4923 2151 4965 re-
2250 4916 2305 4962 tu
2323 4907 2348 4961 7
2366 4906 2651 4976 Respondit
2669 4906 2826 4961 Iesus
2848 4921 2867 4959 .'
2891 4906 2968 4961 Tu
2989 4908 3145 4972 dicis,
3167 4908 3290 4979 quia
3315 4924 3407 4962 rea:
3425 4925 3544 4962 sum
3567 4926 3687 4978 εςο.
3719 4908 3865 4968 Non

572 5008 873 5065 sponsorus
895 5006 1033 5051 erat.
1096 4995 1197 5050 Sed
1223 4997 1320 5051 hoc
1376 4996 1653 5070 redundat]
1682 5016 1694 5051 :
1719 5008 1774 5053 et
1821 5009 2000 5054 tamen
2045 5000 2150 5056 diei
2252 4996 2376 5064 quia
2398 5011 2456 5050 se
2485 5011 2664 5066 regem
2687 4997 2865 5052 timuit
2900 4996 3169 5061 confiteri,
3191 4999 3303 5060 sed,
3326 5007 3381 5050 tu
3411 4998 3563 5060 dicis.
3592 4999 3700 5053 ait.
3759 5000 3866 5056 Sic

553 5086 765 5154 Noluit,
795 5102 901 5143 non
942 5095 1160 5159 propter
1187 5100 1247 5142 se
1280 5088 1375 5157 qui
1406 5090 1585 5144 omnia
1636 5092 1859 5157 sciebat,
1888 5092 1983 5147 sed
2025 5107 2153 5163 pro-
2252 5083 2547 5153 respondit,
2577 5092 2638 5138 ut
2662 5098 2846 5138 verum
2874 5084 3095 5150 diceret,
3126 5093 3180 5140 et
3200 5099 3379 5139 sermo
3398 5084 3519 5151 ejus
3544 5087 3867 5146 calumnia:

550 5184 699 5247 .ptcr
721 5191 841 5242 nos,
869 5187 931 5232 ut
977 5175 1305 5232 scriberetur
1330 5178 1473 5246 quod
1523 5192 1623 5233 nos
1652 5180 1792 5235 scire
1831 5181 2021 5235 voluit.
2051 5179 2152 5234 Re-

556 5266 783 5338 spondit
828 5264 1079 5322 Pilatus:
1111 5265 1364 5338 Nunquid
1411 5283 1502 5338 ego
1548 5266 1771 5324 Indicus
1809 5272 1972 5325 sum?
2012 5270 2149 5327 Gens

576 5370 671 5415 tua
692 5369 742 5416 et
762 5360 1029 5431 pontiﬁces
1048 5360 1378 5414 tradiderunt
1392 5369 1442 5415 te
1457 5360 1603 5415 mihi.
1633 5359 1773 5426 Quid
1789 5363 1996 5430 fecisti?
2012 5366 2150 5421 Abs-

554 5490 557 5497 .
577 5450 702 5505 tulit
725 5466 757 5504 a
780 5465 838 5505 se
864 5450 1222 5520 suspicionem
1244 5463 1354 5520 qua
1378 5458 1561 5520 posset
1588 5452 1764 5520 putari
1798 5467 1828 5505 a
1861 5455 2151 5525 semetipso

548 5567 555 5574 -
578 5539 778 5597 dixisse
802 5539 943 5608 quod
965 5538 1147 5593 Iesum
1176 5553 1358 5608 regem
1407 5539 1619 5594 dixerat
1658 5554 1778 5594 esse
1802 5538 2106 5596 Iudaeorum
2132 5558 2147 5606 ;

554 5628 649 5686 .id.
678 5645 744 5685 se
786 5645 818 5684 a
861 5627 1060 5685 Iudaeis
1110 5631 1380 5700 accepisse
1426 5632 1816 5685 demonstrans.
1870 5630 2144 5686 Dicenda:

653 5752 678 5779 ⁸
716 5738 796 5797 Et
823 5738 880 5795 S.
901 5738 1061 5811 Aug,
1086 5747 1240 5794 tract.
1267 5754 1387 5806 cxv,
1412 5755 1557 5793 num.
1587 5739 1639 5805 i,
1664 5737 1718 5804 4,
1742 5737 1792 5792 5.

2252 5192 2356 5232 non
2378 5186 2602 5247 pateret.
2625 5176 2836 5232 Dictum
2862 5185 2968 5239 est,
2989 5186 3045 5231 tu
3078 5178 3228 5241 dicis,
3259 5178 3496 5232 carnalis
3536 5182 3869 5238 carnaliter

2250 5267 2405 5322 dicis.
2434 5265 2635 5321 Deinde
2677 5267 2990 5337 subjungit:
3024 5264 3134 5337 Ego
3175 5269 3232 5321 in
3281 5268 3377 5322 hoc
3407 5278 3563 5324 natus
3590 5286 3757 5338 sum,
3813 5283 3870 5328 et

2249 5355 2320 5409 ad
2367 5355 2464 5409 hoc
2488 5355 2606 5410 veni
2627 5356 2683 5409 in
2725 5357 2997 5421 mundum,
3038 5367 3096 5410 ut
3140 5358 3490 5412 testimonium
3522 5361 3870 5429 perhibent

2249 5443 2472 5497 veritati.
2507 5461 2526 5494 ς
2562 5442 2677 5497 Non
2701 5451 2781 5498 est
2811 5445 3152 5513 producenda
3174 5442 3334 5513 huius
3354 5447 3711 5516 pronominis
3743 5450 3875 5524 syl-

2247 5532 2393 5597 laba,
2423 5532 2565 5602 quod
2591 5534 2702 5588 ait:
2731 5532 2797 5589 In
2821 5535 2918 5588 hoc
2962 5544 3117 5589 natus
3144 5551 3279 5600 sum,
3327 5545 3579 5605 tanquam
3625 5539 3877 5600 dixerit

2251 5619 2328 5692 [in
2353 5622 2453 5676 hac
2479 5637 2537 5678 re
2579 5632 2735 5678 natus
2758 5638 2908 5693 sum;
2941 5622 3034 5681 sed
3069 5624 3425 5704 corripienda,
3454 5634 3749 5696 tanquam
3779 5632 3878 5689 di-
