4088 6340
559 421 665 482 979

1364 412 1451 466 'B.
1486 411 1548 466 Ρ.
1588 406 1813 465 Αιιιικι
1851 402 1982 460 SEU
2017 395 2293 456 ALCClNl
2331 393 2611 453 OPERL'M
2644 391 2823 447 PARS
2860 392 2924 445 li.

3694 386 3801 441 980

560 534 641 592 ἀίι
662 545 724 599 ις
765 546 873 588 non
907 529 1047 586 sicut
1079 541 1202 582 reus
1230 524 1342 580 sive
1369 523 1604 585 dolosas,
1642 519 1735 575 sed
1770 517 1911 572 sicut
1937 528 2122 584 agnus,
2154 508 2205 571 Δ
2229 507 2336 562 nali
2376 506 2601 561 sedisset
2627 503 2853 566 Pilatus,
2880 500 3007 599 dicit
3045 499 3249 555 Judwis
3276 515 3295 551 :
3323 495 3458 553 Ecce
3496 513 3588 553 res:
3614 508 3796 554 mter.

552 624 666 683 ‘boc
700 632 807 689 est,
841 622 980 677 sicut
1016 616 1239 688 simplex
1272 622 1434 683 atque
1474 613 1753 673 innocens,
1783 621 1889 661 non
1919 602 2127 673 aperuit

561 714 832 770 esSuum.
875 708 1105 764 Proinde
1148 705 1239 760 ubi
1287 714 1395 757 non
1438 698 1814 769 respondebat,
1845 695 1984 749 sicut
2011 690 2128 746 ovis

563 802 786 867 silebat;
820 799 912 855 ubi
949 794 1323 867 respondebat,
1364 791 1503 846 sicut
1530 797 1715 859 pastor
1748 787 1993 841 docebat.
2034 781 2128 838 Di-

562 906 780 950 seamus
805 903 932 961 ergo
956 884 1099 957 quod
1131 883 1285 949 dixit,
1315 883 1456 952 quod
1488 889 1542 936 et
1573 894 1670 951 per
1691 873 2003 946 Apostolum
2030 872 2128 926 do-

565 984 695 1048 cuit,
721 979 845 1050 quia
873 960 981 1032 uon
1009 984 1093 1031 est
1113 982 1352 1046 potestas
1374 973 1474 1027 nisi
1502 987 1532 1025 a
1557 970 1666 1025 Deo
1693 967 1867 1040 (Rom.
1894 980 2015 1027 mi,
2041 960 2126 1034 i):

554 1079 624 1129 'et
653 1070 779 1141 quia
804 1068 925 1140 plus
956 1074 1145 1138 peccat
1180 1064 1272 1135 qui
1305 1060 1558 1134 potestati
1606 1059 1943 1115 innocentem
1989 1051 2133 1109 occi-

568 1162 800 1218 dendum
838 1158 1007 1214 livore
1044 1156 1230 1220 tradit,
1277 1168 1438 1223 quam
1478 1156 1718 1221 potestas
1762 1146 1897 1216 ipsa,
1931 1143 1976 1198 si
2008 1155 2133 1196 eum

567 1265 691 1306 eum
716 1238 908 1306 timore
929 1246 1149 1302 alterius
1175 1242 1396 1314 majoris
1426 1238 1707 1311 potestatis
1731 1233 2133 1292 occidit.Talem

566 1341 765 1410 quippe
805 1339 947 1393 Deus
989 1337 1164 1392 Pilato
1214 1334 1438 1390 dederat
1483 1337 1827 1402 potestatem,
1884 1335 1942 1381 ut
1992 1332 2137 1381 esset

566 1428 729 1483 etiam
754 1428 853 1483 sub
880 1426 1106 1482 Caesaris
1129 1426 1416 1495 petestate.
1456 1422 1812 1490 Quapropter,
1844 1432 1947 1471 non
1981 1416 2137 1471 habe-

569 1533 671 1581 res,
719 1517 912 1586 inquit,
964 1520 1236 1571 adversum
1269 1531 1351 1569 me
1392 1520 1695 1583 potestatem
1736 1508 1918 1573 ullam,
1952 1508 2004 1563 id
2031 1516 2133 1573 est,

566 1606 1093 1677 quantulumcunque
1131 1605 1318 1667 habes,
1361 1603 1463 1656 nisi
1502 1600 1605 1655 hoc
1651 1599 1843 1668 ipsum,
1881 1595 2137 1666 quidquid

570 1705 673 1760 est,
728 1696 820 1749 tibi
875 1705 1005 1751 esset
1061 1694 1242 1750 datum
1294 1691 1532 1762 desuper.
1587 1688 1695 1744 Sed
1737 1688 1988 1761 quoniam
2026 1687 2139 1742 scio

2225 595 2409 666 (Vsus.
2429 592 2539 664 i5.)
2561 591 2653 645 Illi
2663 599 2834 644 autem
2849 586 3144 641 clamabant
3163 605 3185 643 :
3208 585 3372 650 Tolle,
3390 584 3531 650 tolle,
3555 586 3802 656 cruciﬁge

2224 702 2363 740 eum.
2387 683 2523 737 Dicit
2536 682 2608 737 eis
2627 680 2863 736 Pilatus:
2879 677 3067 749 Regem
3082 684 3308 731 vestrum
3328 675 3637 745 cruciﬁgam
3651 674 3677 727 .’
3696 674 3803 730 Ad-

2225 776 2331 832 huc
2360 784 2619 831 terrorem
2644 787 2805 843 quem
2832 771 2901 827 de
2927 769 3138 825 Caesare
3168 768 3507 839 ingesserunt
3543 780 3803 837 superare

2225 873 2475 927 conatur,
2502 864 2570 917 de
2594 859 2880 933 ignominia
2909 873 3097 914 eorum
3121 857 3308 912 volens
3333 871 3429 912 eos
3450 855 3707 928 frangere
3723 857 3805 912 di-

2228 958 2396 1012 cendo
2417 972 2428 1007 :
2450 954 2640 1023 Regem
2658 960 2882 1006 uestrum
2894 948 3195 1018 cruciﬁgam
3211 948 3236 1000 .’
3254 946 3400 1014 Quos
3418 947 3486 1001 de
3506 946 3805 1016 ignominia

2228 1046 2429 1103 Christi
2449 1045 2696 1114 mitigare
2718 1056 2822 1096 non
2842 1041 3048 1111 potuit:
3072 1040 3165 1095 sed
3189 1039 3385 1093 timore
3397 1052 3523 1092 mox
3548 1036 3804 1114 vincitur.

2299 1138 2462 1193 Vens.
2492 1108 2669 1189 i6:—
2690 1108 3088 1202 Responderunt
3121 1137 3295 1183 autem
3333 1126 3604 1197 pontiﬁces
3635 1140 3656 1178 :
3680 1108 3809 1180 Non

2230 1229 2478 1283 habemus
2507 1240 2675 1296 regem
2710 1221 2808 1276 nisi
2833 1220 3114 1276 Cit-sarem.
3154 1217 3300 1273 Tunc
3325 1233 3448 1287 ergo
3481 1215 3706 1270 tradidit
3733 1216 3811 1270 eis

2230 1318 2401 1383 illum,
2446 1325 2501 1371 ut
2528 1314 2933 1384 crucifigeretur.
2972 1311 3326 1381 Apertissime
3374 1308 3576 1379 quippe
3618 1315 3811 1362 contra

2232 1410 2501 1466 Caesarem
2529 1406 2714 1461 venire
2748 1404 3045 1469 videretur,
3079 1402 3125 1457 si
3154 1415 3339 1472 regem
3378 1415 3439 1456 se
3463 1414 3575 1453 non
3604 1397 3813 1455 habere

2233 1500 2336 1555 nisi
2361 1498 2629 1553 Caesarem
2655 1492 3056 1565 proﬁtentibus,
3100 1491 3265 1546 alium
3306 1502 3489 1561 regem
3526 1488 3695 1543 vellet
3730 1488 3813 1542 in-

2237 1589 2477 1659 telligere
2520 1584 2707 1658 [.-iug.,
2738 1581 3029 1654 ingerere],
3085 1581 3402 1638 dimittendo
3458 1579 3811 1649 impunitum,

2237 1696 2394 1753 quem
2421 1686 2641 1751 propter
2667 1678 2767 1731 hos
2795 1691 2959 1731 ausus
2982 1675 3029 1729 ei
3058 1672 3395 1729 tradiderant
3431 1671 3811 1727 occidendum.

568 1798 830 1861 quantum
865 1790 955 1855 sit,
1002 1787 1131 1860 (non
1169 1786 1315 1843 enim
1359 1759 1567 1839 tantum
1610 1790 1712 1848 est,
1754 1759 1813 1835 ut
1854 1780 1950 1835 tibi
1991 1780 2135 1834 omni
2165 1840 2212 1861 ﬁ
2239 1770 2478 1827 Tradidit
2505 1785 2623 1840 ergo
2652 1766 2801 1821 illum
2841 1767 2950 1828 eis,
2989 1773 3044 1818 ut
3079 1763 3488 1833 cruciﬁgeretur.
3538 1759 3649 1814 Sed
3676 1772 3815 1813 nun-

1177 1840 1464 1951 propterea
1503 1877 1592 1947 qui
1640 1840 1856 1929 tradidit
1895 1889 1978 1927 me
2021 1873 2134 1938 tibi,
2164 1840 2214 1901 Β
2242 1861 2372 1932 quid
2407 1859 2551 1913 aliud
2581 1866 2636 1912 et
2668 1865 2793 1953 ante
2828 1854 3096 1953 cupiebat,
3120 1867 3255 1953 ‘cum
3289 1852 3503 1953 dicebat
3534 1867 3549 1902 :

569 1973 744 2044 majus
771 1982 1036 2043 peccatum
1062 1970 1232 2024 habet.
1282 1968 1375 2023 ille
1399 1969 1596 2038 quippe
1636 1981 1721 2020 me
1759 1974 1863 2019 tuae
1885 1962 2138 2034 potestati

568 2064 794 2122 tradidit
836 2063 1142 2126 invidendo,
1185 2072 1241 2115 tu
1280 2075 1407 2114 vero
1445 2057 1685 2113 eamdem
1722 2063 2042 2126 potestatem
2085 2054 2139 2109 in

568 2170 662 2214 me
697 2154 1032 2212 exercitum
1069 2167 1129 2209 es
1163 2150 1448 2207 metuendo
1516 2148 1618 2207 Nec
1657 2148 1890 2201 timendo
1924 2146 2138 2223 quidem

570 2253 871 2324 praesertim
900 2249 1063 2321 629
1087 2251 1445 2313 innocentem,
1477 2247 1639 2301 homo
1675 2245 1944 2299 hominem
1985 2243 2143 2299 debet

569 2341 856 2399 occidere:
887 2340 981 2395 sed
1010 2348 1185 2395 tamen
1221 2339 1272 2394 id
1302 2337 1524 2393 zelando
1548 2337 1747 2402 facere,
1778 2338 1946 2391 multo
1973 2337 2143 2406 magis

571 2429 775 2488 malum
808 2436 892 2485 est
930 2444 1092 2499 quam
1132 2427 1390 2483 timendo.
1438 2428 1507 2482 Et
1549 2428 1669 2482 ideo
1716 2442 1821 2482 non
1868 2427 1943 2481 ait
1981 2441 2142 2482 verax

568 2522 865 2592 magister:
892 2520 993 2589 Qui
1018 2536 1105 2575 me
1130 2520 1227 2576 tibi
1255 2519 1492 2585 tradidit,
1521 2519 1632 2590 ipse
1657 2520 1817 2574 habet
1841 2531 2140 2590 peccatum,

571 2622 832 2682 tanquam
860 2611 951 2666 ilic
978 2626 1085 2665 non
1111 2610 1332 2666 haberet
1358 2628 1371 2664 :
1402 2609 1493 2665 sed
1523 2610 1620 2675 ait,
1650 2611 1823 2680 majus
1849 2609 1999 2665 habet
2026 2626 2147 2682 pec-

573 2714 772 2770 catum,
803 2712 864 2758 ut
888 2702 1052 2759 etiam
1078 2716 1137 2756 se
1162 2702 1362 2757 habere
1402 2701 1740 2771 intelligeret.
1791 2699 1974 2771 Neque
1999 2700 2142 2756 enim

571 2804 858 2871 propterea
892 2793 1022 2849 illud
1049 2792 1253 2849 nullum
1280 2799 1384 2857 est,
1414 2792 1539 2861 quia
1567 2792 1670 2846 hoc
1697 2807 1776 2845 ιιιξι
1781 2789 1872 2860 jus
1901 2799 2001 2845 est.

646 2887 810 2945 Vens.
852 2884 937 2938 12.
966 2914 1037 2928 --
1076 2884 1283 2940 Exinde
1330 2885 1591 2955 quturebat
1632 2880 1840 2937 Pilatus
1888 2882 2147 2938 dimittere

578 2995 715 3060 eum.
765 2976 903 3045 Quid
949 2976 1160 3032 esthoc
1204 2976 1345 3046 quod
1375 2976 1576 3031 dictum
1609 2984 1710 3040 est,
1742 2976 1948 3041 exinde,
1992 2978 2147 3046 quasi

579 3078 739 3125 antea
785 3082 893 3122 non
940 3063 1246 3137 quzerebat?
1280 3065 1421 3135 Lege
1455 3066 1751 3135 superiora,
1801 3074 1857 3121 et
1908 3066 2148 3122 invenies

572 3162 686 3231 jam
713 3159 911 3216 dudum
950 3173 1072 3213 eum
1099 3171 1340 3227 quaerere
1389 3157 1661 3211 dimittere
1684 3155 1887 3212 Jcsum.
1938 3154 2147 3211 Exinde
2176 3177 2221 3241 ο

578 3253 761 3321 itaque
790 3247 1194 3318 intelligendum
1220 3253 1323 3311 est,
1349 3257 1557 3317 propter
1577 3247 1697 3312 hoc,
1725 3247 1779 3301 id
1817 3254 1921 3312 est,
1950 3262 2015 3302 ex
2046 3247 2149 3302 hac

578 3356 763 3407 causa,
809 3356 879 3398 ne
914 3341 1140 3395 haberet
1164 3346 1443 3408 peccatum
1485 3338 1776 3394 occidendo
1810 3339 2149 3397 innocentem

579 3430 684 3487 sibi
721 3428 979 3484 traditum
998 3467 1012 3493 ,
1043 3427 1287 3499 quamvis
1319 3428 1495 3481 minus
1534 3442 1766 3496 peccans
1791 3441 1951 3497 quam
1980 3426 2149 3486 Judasi

581 3520 671 3593 qui
704 3519 852 3578 illum
880 3522 929 3573 ei
961 3517 1291 3574 tradiderant
1335 3516 1705 3573 occidendum.
1748 3516 1955 3571 Exinde
1997 3533 2148 3588 ergo,

580 3608 639 3665 id
662 3618 766 3676 est,
794 3609 936 3673 ideo,
967 3623 1034 3664 ne
1072 3608 1175 3663 hoc
1215 3615 1494 3676 peccatum
1544 3607 1743 3663 iaceret
1772 3604 1925 3679 [Ms.,
1951 3607 2149 3679 ﬁeret],

584 3704 697 3761 non
743 3715 886 3758 nunc
925 3699 1120 3769 primo,
1165 3696 1259 3753 sed
1289 3696 1357 3751 ab
1410 3695 1564 3751 initio
1592 3697 1865 3767 quaerebat
1916 3713 2037 3753 eum
2073 3698 2155 3753 div

583 3791 820 3851 mittere.
852 3788 1031 3850 Judazi
1060 3797 1235 3843 autem
1261 3786 1577 3855 clamabant,
1621 3786 1846 3842 dicentes
1876 3801 1894 3840 :
1927 3786 1988 3843 Si
2014 3788 2154 3844 hunc

585 3883 830 3946 dimittis.
857 3898 961 3937 non
985 3898 1039 3937 es
1072 3881 1271 3935 amicus
1298 3876 1523 3934 Ca'saris
1547 3896 1566 3934 :
1608 3879 1775 3933 omnis
1800 3881 1958 3943 enim,
1989 3882 2077 3952 qui
2100 3899 2155 3936 se

585 3988 757 4044 regem
803 3971 955 4045 facit,
1005 3968 1329 4034 contradicit
1363 3968 1580 4024 διεβίω-ἱ.
1615 3966 1870 4039 Maiorem
1905 3970 2156 4029 timorem

587 4079 650 4121 se
693 4063 941 4134 ingerere
982 4066 1304 4131 putaverunt
1331 4058 1522 4123 Pilato,
1552 4060 1803 4113 terrendo
1831 4059 1895 4113 de
1921 4059 2153 4126 Ctesarc,

587 4162 649 4211 ut
668 4153 941 4209 occideret
966 4151 1259 4217 Christum,
1290 4165 1451 4223 quam
1467 4148 1731 4218 superius,
1758 4149 1847 4203 ubi
1876 4149 2152 4205 dixerant:

588 4241 708 4299 'Nos
738 4241 900 4315 legem
953 4241 1219 4306 habemus,
1246 4249 1293 4293 et
1319 4236 1602 4295 secundum
1630 4235 1789 4307 legem
1817 4237 1961 4292 debet
2001 4239 2155 4304 mori,

590 4335 716 4414 quia
742 4331 792 4386 F
794 4331 945 4387 ilium
983 4329 1079 4387 Dei
1113 4345 1169 4383 se
1204 4328 1345 4403 fecit.
1383 4327 1580 4381 Eorum
1629 4325 1822 4401 quippe
1859 4326 2029 4397 legem
2071 4327 2159 4383 ille

593 4438 704 4479 non
732 4420 910 4477 timuit
928 4425 989 4473 ut
1006 4416 1299 4481 occideret,
1323 4415 1416 4469 sed
1441 4414 1610 4484 magis
1640 4414 1829 4473 Filium
1855 4414 1954 4471 Dei
1980 4416 2159 4473 timuit

2238 1966 2356 2004 eum
2386 1965 2499 2014 eos,
2525 1956 2575 2001 et
2605 1945 2923 2014 cruciﬁgite;
2952 1944 3037 1998 vel
3062 1944 3226 1999 etiam
3267 1941 3555 2011 superius:
3580 1938 3815 2009 Accipite

2238 2056 2355 2096 eum
2392 2055 2499 2103 eos,
2530 2046 2577 2091 et
2614 2036 2896 2091 secundum
2932 2033 3093 2105 legem
3132 2042 3352 2088 restrain
3383 2032 3621 2101 judicate
3652 2030 3851 2085 eum!-

2240 2130 2350 2185 Cur
2376 2136 2553 2190 autem
2582 2126 2656 2184 illi
2685 2133 2964 2201 tantopere
3009 2122 3317 2191 nutamine,
3341 2122 3569 2180 dicentes
3592 2137 3608 2174 :
3631 2117 3805 2177 Nobis

2242 2242 2346 2281 non
2393 2224 2511 2278 licet
2555 2221 2844 2290 interﬁcere
2883 2232 3210 2290 quemquam,
3256 2223 3314 2270 et
3350 2214 3492 2270 omni
3528 2211 3683 2266 modo
3712 2213 3795 2266 in-

2243 2326 2473 2380 stantes,
2506 2322 2566 2370 ut
2603 2328 2709 2368 non
2749 2313 2815 2367 ab
2856 2311 2966 2375 eis,
3004 2309 3098 2364 sed
3134 2324 3166 2362 a
3192 2308 3421 2377 praeside
3453 2304 3804 2366 occideretur,

2241 2418 2297 2465 et
2344 2409 2463 2464 ideo
2508 2420 2632 2462 cum
2681 2400 3029 2458 occidendum
3079 2400 3323 2468 accipere
3377 2404 3715 2460 recusantes,
3764 2395 3813 2450 si

2243 2516 2386 2557 nunc
2433 2513 2556 2552 eum
2597 2495 2869 2564 accipiunt
2913 2489 3298 2547 occidendum?
3340 2488 3449 2543 Aut
3489 2488 3537 2543 si
3570 2488 3678 2542 hoc
3709 2500 3817 2541 non

2244 2591 2325 2655 ﬁt,
2356 2605 2453 2645 cur
2477 2589 2681 2644 dictum
2710 2592 2793 2640 est
2819 2602 2832 2637 :
2858 2582 3005 2636 Tunc
3035 2598 3154 2651 ergo
3184 2580 3399 2634 tradidit
3425 2581 3500 2634 eis
3539 2578 3718 2641 illum,
3757 2584 3814 2630 ut

2244 2676 2673 2748 cruciﬁgeretur?
2718 2673 2800 2729 An
2844 2671 3045 2742 aliquid
3092 2670 3350 2724 interest?
3372 2668 3540 2723 Plane
3570 2668 3818 2729 interest,

2245 2785 2349 2825 non
2382 2776 2467 2823 est
2484 2767 2628 2822 enim
2653 2764 2894 2819 dictum:
2922 2760 3065 2815 Tunc
3089 2776 3208 2829 ergo
3234 2758 3449 2812 tradidit
3467 2758 3545 2811 eis
3565 2755 3740 2819 illum,
3765 2764 3819 2810 ut

2246 2857 2607 2927 cruciﬁgerent
2649 2869 2796 2918 eum;
2844 2852 2939 2906 sed
2975 2858 3035 2903 ut
3081 2850 3492 2919 cruciﬁgeretur,
3538 2844 3592 2900 id
3628 2854 3735 2911 est,
3764 2853 3822 2900 ut

2241 2948 2447 3018 judicio
2515 2955 2571 3002 et
2615 2951 2881 3016 potestate
2927 2941 3173 3013 prmsidis
3220 2938 3654 3008 cruciﬁgeretur.
3719 2934 3827 2991 Sed

2246 3042 2369 3097 ideo
2400 3041 2507 3095 illis
2532 3038 2789 3093 traditum
2823 3035 2958 3091 dixit
2982 3032 3341 3103 Evangelista,
3378 3039 3437 3084 ut
3462 3044 3560 3085 eos
3586 3029 3821 3084 crimine

2250 3133 2569 3202 implicatos,
2608 3145 2638 3183 a
2673 3143 2781 3197 quo
2819 3125 2979 3180 alieni
3014 3139 3135 3179 esse
3177 3122 3535 3185 conabantur,
3567 3118 3824 3174 ostende~

2253 3234 2335 3280 ret
2360 3241 2373 3277 :
2404 3240 2510 3277 non
2547 3222 2689 3277 enim
2714 3218 2921 3274 Pilatus
2957 3217 3060 3272 hoc
3090 3214 3312 3279 iaceret,
3342 3213 3445 3268 nisi
3490 3219 3553 3267 ut
3596 3211 3655 3267 id
3681 3207 3826 3280 quod

2250 3329 2345 3370 eos
2375 3326 2570 3382 cupere
2594 3311 2872 3374 cernebat,
2902 3307 3166 3377 impleret.
3198 3305 3351 3372 Quod
3389 3318 3519 3374 ergo
3546 3302 3824 3372 sequitur:

2252 3404 2600 3477 Susceperunt
2642 3411 2815 3455 autem
2848 3397 3067 3464 Iesum,
3108 3406 3157 3451 et
3200 3396 3516 3458 eduxerunt,
3541 3399 3722 3463 potest
3758 3390 3829 3446 ad

2250 3493 2448 3549 milites
2464 3491 2578 3560 jam
2608 3489 2798 3545 referri
2821 3487 3153 3558 apparitores
3177 3484 3440 3555 praesidis.
3470 3481 3607 3536 Nam
3633 3489 3825 3551 postea

2250 3583 2548 3640 evidentius
2578 3581 2774 3636 dicitur
2811 3595 2825 3633 :
2874 3576 3067 3632 Milites
3106 3590 3230 3648 ergo
3275 3590 3394 3629 cum
3438 3572 3829 3642 cruciﬁn'ssent

2251 3691 2370 3729 eum
2411 3690 2430 3729 :
2469 3672 2715 3742 quamvis
2757 3670 3105 3740 evangelista,
3149 3666 3360 3722 etiamsi
3407 3672 3578 3721 totum
3626 3661 3834 3718 ludatis

2252 3764 2462 3829 tribuit,
2507 3763 2699 3819 merito
2739 3759 2896 3826 facit;
2946 3759 3048 3830 ipsi
3095 3758 3238 3813 enim
3284 3764 3639 3827 susceperunt
3682 3752 3832 3823 quod

2255 3853 2563 3912 avidissime
2605 3851 3002 3923 ﬂagitaverunt,
3048 3856 3102 3904 et
3144 3847 3245 3918 ipsi
3290 3845 3533 3901 fecerunt
3561 3841 3834 3915 quidquid

2254 3952 2316 4000 ut
2340 3944 2492 3998 ﬁeret
2521 3948 2884 3998 extorscrunt.
2917 3959 2936 3991 ι

2330 4055 2487 4110 Vsus.
2531 4050 2616 4106 i7.
2636 4082 2694 4093 -
2732 4068 2750 4101 ι
2780 4049 2810 4089 ὐ
2832 4045 3113 4105 Judicante
3146 4053 3306 4115 atque
3334 4042 3625 4098 damnante
3652 4039 3836 4095 Pilato

2256 4163 2353 4218 pro
2380 4141 2631 4199 tribunali
2658 4140 2943 4196 Dominum
2967 4136 3150 4193 Jesum
3176 4135 3472 4198 Christum,
3499 4133 3636 4186 hora
3670 4130 3841 4199 quasi

2257 4247 2406 4293 sexta
2454 4240 2803 4303 susceperunt
2847 4243 2971 4284 eum
3021 4239 3076 4283 et
3120 4226 3439 4281 eduxerunt.
3479 4221 3548 4275 Et
3574 4220 3840 4291 bajulaus

2257 4328 2353 4383 sibi
2372 4340 2597 4387 crucem,
2618 4321 2771 4376 exivit
2796 4319 2851 4374 in
2870 4335 3006 4381 cum,
3030 4316 3118 4388 qui
3135 4315 3328 4369 dicitur
3347 4311 3603 4366 Calmriae
3633 4308 3841 4375 locum,

2260 4416 2513 4475 Hebraice
2552 4410 2826 4484 Golgotha,
2867 4407 2955 4462 ubi
2983 4423 3100 4462 cum
3137 4404 3525 4473 cruci/iurant.
3565 4399 3718 4468 Quid
3755 4409 3845 4456 est

591 4522 666 4569 ue
705 4502 994 4566 accideret.
1043 4504 1197 4560 Nunc
1234 4518 1364 4558 vero
1388 4518 1491 4581 non
1520 4505 1598 4560 sic
1625 4506 1796 4578 potuit
1822 4514 2162 4564 contemnere
2189 4506 2239 4573 Β
2264 4522 2412 4575 ergo,
2439 4504 2581 4577 quod
2608 4486 2818 4556 Marcus
2853 4496 3175 4568 evangelista
3204 4495 3301 4559 ait,
3330 4492 3460 4549 Erat
3496 4500 3679 4545 autem
3705 4492 3846 4545 hora

595 4599 902 4663 Marem,
960 4603 1235 4651 auctorem
1282 4594 1562 4664 potestatis
1611 4608 1758 4660 suae,
1814 4597 2163 4665 quemadmo-

596 4692 729 4748 dum
773 4688 943 4760 legem
992 4686 1165 4758 gentis
1204 4685 1409 4741 alienas.
1461 4686 1646 4757 (Vens.
1690 4686 1778 4751 i3,
1815 4685 1927 4758 ii.)
1977 4687 2162 4744 Adhuc

597 4782 830 4849 Pilatus,
877 4796 996 4835 cum
1023 4768 1250 4836 audisset
1284 4778 1379 4834 hos
1415 4794 1674 4837 sermones
1695 4820 1709 4846 ,
1749 4779 1972 4837 adduxit
2018 4781 2162 4851 foras

596 4871 804 4938 Iesum,
827 4879 878 4925 et
895 4868 1029 4927 sedit
1048 4884 1143 4941 pro
1171 4868 1422 4923 tribunali
1450 4870 1505 4922 in
1530 4868 1665 4934 loco,
1686 4870 1775 4940 qui
1798 4870 1993 4924 dicitur
2011 4871 2166 4926 litho-

597 4970 823 5026 strotos,
866 4959 1122 5015 Hebraice
1180 4966 1355 5012 autem
1405 4957 1630 5027 gabatha
1676 4956 1825 5030 [Ms.,
1862 4956 2160 5031 Golgotha].

599 5049 736 5106 Erat
772 5058 946 5109 autem
980 5061 1253 5117 parasceue
1294 5043 1516 5102 Pascha:
1535 5044 1665 5100 hora
1689 5045 1839 5117 quasi
1858 5055 2026 5103 sexta.
2049 5044 2165 5115 Qua

601 5142 733 5199 hora
780 5141 853 5196 sit
893 5139 1151 5196 Dominus
1195 5136 1513 5201 cruciﬁxus,
1557 5145 1779 5207 propter
1825 5138 2167 5208 evangelistas

600 5231 824 5288 alterius
868 5230 1255 5293 testimonium,
1288 5228 1401 5299 [qui
1432 5228 1589 5300 dixit]
1614 5246 1626 5282 :
1653 5228 1786 5282 Erat
1825 5237 1998 5283 autem
2037 5229 2166 5285 hora

600 5320 776 5385 tertia,
815 5331 863 5375 et
899 5320 1271 5389 cruciﬁxerunt
1298 5335 1449 5383 eum;
1475 5316 1726 5387 quoniam
1768 5335 1960 5390 magna
1995 5322 2166 5376 disce-

600 5411 771 5487 ptatio
793 5409 932 5465 solet
957 5408 1159 5465 oborlri
1181 5449 1196 5473 ,
1231 5423 1353 5463 cum
1387 5409 1453 5463 ad
1484 5408 1659 5478 ipsum
1703 5408 1901 5474 locum,
1926 5410 2019 5466 ubi
2046 5427 2169 5466 erue

603 5499 797 5555 ciﬁxus
838 5505 1114 5563 narratur,
1154 5504 1375 5552 ventum
1423 5495 1615 5559 fuerit,
1648 5504 1708 5549 ut
1740 5497 2094 5566 potuerimus,
2122 5496 2167 5553 si

606 5586 867 5645 Dominus
892 5586 1145 5652 voluerit,
1179 5585 1533 5641 disseremus;
1557 5584 1691 5641 Cum
1720 5600 1848 5656 ergo
1874 5600 1972 5655 pro
2000 5584 2171 5641 tribu-

680 5712 705 5740 ι
744 5698 922 5770 Aug.:
961 5716 991 5770 ι
1009 5698 1149 5753 Ecce
1193 5696 1485 5770 respondit,
1536 5703 1592 5752 ct
1642 5704 1822 5752 tamen
1865 5694 2170 5769 ubicunque

609 5778 720 5827 non
747 5767 1042 5840 respondit,
1071 5782 1177 5825 non
1212 5767 1350 5827 sicut
1378 5781 1521 5835 mus,
1545 5775 1648 5823 etc.
1688 5785 1711 5820 ι

2263 4596 2436 4659 tertia,
2463 4602 2510 4646 et
2543 4590 2912 4660 crucifixerunt
2945 4603 3060 4641 eum
3087 4582 3277 4654 (Marc.
3307 4598 3396 4648 xv,
3425 4580 3541 4652 25),
3567 4580 3679 4634 nisi
3710 4580 3846 4649 quia

2261 4686 2393 4743 liora
2442 4684 2599 4742 tertia
2647 4680 2939 4737 cruciﬁxus
2971 4686 3055 4733 cst
3084 4675 3340 4731 Dominus
3382 4673 3578 4743 linguis
3613 4671 3840 4727 Iudaeo-

2262 4790 2404 4843 rum,
2447 4777 2581 4831 hora
2608 4780 2759 4829 sexta
2789 4769 3039 4827 manibus
3064 4766 3334 4821 militum?
3365 4764 3438 4820 Ut
3466 4764 3844 4832 intelligamus

2262 4868 2450 4923 horam
2477 4865 2720 4940 quintam
2742 4859 2855 4930 jam
2890 4856 3053 4915 fuisse
3088 4862 3435 4916 transactam,
3461 4852 3631 4924 630
3656 4860 3713 4908 et
3739 4850 3848 4905 an-

2264 4956 2393 5027 quid
2435 4956 2501 5010 de
2547 4959 2697 5008 sexta
2742 4954 3000 5019 emptum,
3028 4944 3243 5016 quando
3280 4943 3417 4998 sedit
3446 4956 3545 5011 pro
3573 4940 3854 4996 tribunali

2265 5044 2497 5109 Pilatus;
2528 5059 2647 5113 quze
2674 5041 2813 5099 dicta
2845 5045 2928 5094 est
2967 5052 2999 5091 a
3030 5035 3234 5091 Joanne
3272 5034 3406 5091 hora
3450 5031 3603 5102 quasi
3649 5040 3851 5098 sexta;

2265 5144 2465 5193 etcum
2492 5135 2778 5191 duceretur
2805 5139 2865 5184 ut
2896 5129 2950 5183 in
2979 5127 3124 5198 ligno
3151 5140 3274 5180 cum
3303 5124 3509 5181 duobus
3534 5121 3859 5177 latronibus

2265 5226 2641 5295 conﬁgeretur,
2669 5229 2724 5277 et
2752 5218 2907 5288 juxta
2946 5230 3159 5274 crucem
3194 5214 3311 5283 eius
3340 5219 3683 5284 gererentur,
3724 5225 3860 5281 qum

2267 5326 2416 5391 gesta
2456 5321 2761 5378 narrantur,
2802 5310 2937 5365 hora
2984 5315 3133 5364 sexta
3183 5303 3391 5376 integra
3438 5301 3858 5371 compleretur:

2266 5424 2332 5466 ex
2361 5422 2465 5476 qua
2507 5406 2639 5459 hora
2681 5417 2851 5470 usque
2892 5400 2957 5453 ad
2984 5412 3176 5453 non-im
3210 5394 3323 5449 sole
3358 5395 3646 5449 obscurato
3688 5400 3866 5446 tene-

2265 5499 2392 5554 bras
2438 5495 2622 5555 iactas,
2653 5493 2815 5546 trium
2857 5486 3327 5558 cvangelistarum,
3374 5481 3630 5546 Matthzei,
3665 5479 3864 5536 Marci

2266 5596 2322 5644 et
2353 5587 2511 5643 Luca:
2539 5589 2868 5640 contestatur
2893 5578 3205 5635 auctoritas.
3235 5576 3343 5631 Sed
3376 5573 3628 5645 quoniam
3662 5570 3869 5629 Judai

2273 5740 2277 5744 »
2339 5702 2368 5747 ιι
2405 5700 2481 5758 Et
2516 5698 2574 5755 S.
2605 5698 2766 5770 Aug.,
2799 5704 2955 5752 tract.
2987 5710 3151 5761 cxvii,
3181 5708 3330 5749 num.
3358 5692 3468 5747 i-5.
