4088 6340
284 401 384 460 981

1061 394 1460 452 EXEGETICA.
1499 426 1567 436 --
1603 385 1954 452 COMMENT.
1994 397 2063 454 ΙΝ
2100 395 2289 457 ΙΟΑιΝ.
2328 430 2400 440 —
2433 397 2560 454 LIB.
2602 398 2704 455 VII.

3409 401 3515 459 982

282 513 494 570 facinus
537 507 804 566 interfecti
841 507 1036 564 Christi
1080 523 1112 561 a
1153 523 1213 563 se
1254 508 1310 562 in
1335 507 1622 572 Romanos,
1653 507 1709 563 id
1733 515 1835 573 est,
1864 511 1911 570 Α
1938 508 2026 596 qui
2044 507 2142 578 ﬁlii
2167 509 2359 575 carnis,
2385 507 2785 578 aitApostolus,
2815 509 2867 564 lu
2900 512 2998 566 tuti
3022 504 3119 565 Dei
3141 524 3159 562 :
3185 511 3276 566 sed
3301 513 3392 582 qui
3413 513 3514 582 ﬁlii

280 603 512 659 Pilatum
536 611 593 657 et
627 601 742 670 ejus
766 599 967 654 milites
1005 597 1300 653 transferre
1329 597 1507 653 conati
1533 606 1675 660 sunt,
1714 612 1842 666 pro-

279 701 465 762 pterea
513 691 724 746 Marcus
767 688 1053 759 subpressa
1096 703 1162 743 ea
1206 689 1358 753 hora,
1403 703 1508 757 qua
1535 687 1780 742 Chrts'tus
1813 703 1845 742 a

278 784 539 840 militibus
569 781 856 838 cruciﬁxus
881 787 984 845 est,
1014 794 1132 848 quae
1159 779 1244 847 agi
1272 786 1421 833 sexta
1443 777 1556 845 jam
1584 784 1844 846 coeperat,

277 875 495 930 tertiam
541 873 720 943 potius
768 874 960 926 horam
1023 871 1337 924 recordatus
1398 868 1692 938 expressit,
1740 884 1846 935 qua

275 965 412 1021 hora
449 963 818 1031 intelliguntur
854 959 992 1029 apud
1025 958 1257 1013 Pilatum
1303 957 1540 1012 clamare
1584 956 1842 1026 potuiSSe,

277 1053 556 1125 Cruciﬁge,
593 1052 836 1122 cruci/ige
862 1065 880 1103 :
902 1057 964 1104 ut
1004 1064 1111 1103 non
1153 1048 1229 1103 illi
1267 1055 1473 1101 tantum
1511 1046 1848 1116 reperiantur

279 1144 612 1200 cruciﬁxisse
657 1141 858 1205 Iesum,
911 1140 964 1194 id
1017 1147 1118 1204 est,
1170 1138 1366 1193 milites
1409 1137 1500 1206 qui
1541 1151 1662 1190 eum
1702 1136 1847 1204 ligno

277 1241 431 1289 sexta
473 1233 604 1287 hora
645 1228 1062 1298 suspenderunt,
1096 1241 1286 1284 verum
1323 1225 1484 1279 etiam
1511 1223 1700 1288 Judaei,
1731 1224 1843 1292 qui,

278 1330 338 1379 ut
366 1321 788 1392 crucifigeretur,
818 1320 952 1373 hora
977 1317 1135 1372 tertia
1168 1315 1568 1370 clamaverunt.
1584 1313 1846 1382 Bajulans

275 1427 396 1482 ergo
425 1410 523 1464 sibi
561 1425 791 1473 crucem,
824 1406 978 1461 exivit
1022 1406 1075 1460 in
1112 1421 1230 1460 eum
1256 1405 1344 1476 qui
1371 1404 1566 1457 dicitur
1593 1401 1850 1456 Calvario

274 1503 464 1563 locum,
490 1501 748 1556 Hebraice
775 1508 950 1554 autent
981 1496 1256 1569 Golgotha,
1301 1497 1388 1550 ubi
1417 1512 1535 1550 eum
1576 1494 1848 1562 cruciﬁxe-

277 1600 418 1645 runt.
451 1590 519 1644 Et
557 1606 676 1644 cunt
714 1604 772 1642 eo
801 1588 933 1642 duos
988 1587 1106 1640 hinc
1149 1595 1196 1639 et
1228 1585 1368 1650 hinc,
1406 1583 1631 1638 medium
1674 1592 1848 1636 autem

277 1681 480 1738 Iesum.
542 1681 635 1736 lsti
696 1681 802 1734 duo
855 1679 1091 1733 latrones
1158 1685 1355 1741 erant,
1420 1675 1560 1729 sicut
1621 1673 1847 1726 aliorum

274 1771 724 1841 evangelistarum
772 1767 1081 1822 narratione
1126 1765 1440 1828 didicimus,
1495 1777 1617 1817 cum
1653 1760 1848 1830 quibus

275 1862 565 1918 cruciﬁxus
590 1869 672 1916 est
694 1861 971 1924 Christus;
1007 1867 1062 1913 et
1089 1857 1230 1911 inter
1253 1872 1388 1926 quos
1418 1855 1556 1909 ﬁxus
1582 1863 1666 1909 est
1693 1852 1848 1908 Chri-

275 1961 412 2018 stus,
457 1953 522 2006 de
548 1967 657 2021 quo
691 1950 969 2020 prtemissa
1012 1949 1223 2003 dixerat
1267 1947 1585 2016 prophetia:
1617 1945 1685 1999 Et
1714 1945 1848 1999 inter

250 2042 480 2112 ,iniquos
501 2040 778 2111 deputatus
805 2049 878 2093 est
897 2038 1032 2108 (Isa.
1062 2053 1176 2102 un,
1205 2037 1313 2105 12).

346 2133 509 2188 Vens.
537 2132 623 2197 19,
652 2131 741 2185 20.
763 2161 835 2171 --
854 2130 1074 2200 Scripsit
1102 2139 1274 2183 autent
1306 2137 1354 2182 et
1381 2126 1591 2181 titulum
1617 2125 1845 2191 Pilatus,

275 2232 326 2277 et
357 2221 527 2292 posuit
561 2237 719 2292 super
749 2237 976 2275 crucem.
1015 2218 1148 2272 Erat
1181 2227 1353 2271 autem
1381 2217 1629 2286 scriptum
1651 2229 1669 2266 :
1692 2215 1848 2270 Jesus

279 2308 594 2366 Nazarenus
629 2324 720 2362 rea:
747 2309 1078 2362 Judazorum.
1118 2305 1273 2359 Hunc
1309 2321 1430 2374 ergo
1461 2303 1667 2356 titulum
1699 2303 1848 2357 multi

276 2400 509 2470 legerunt
531 2396 864 2461 Iudaeorum,
894 2397 1016 2468 quia
1043 2412 1199 2466 prope
1234 2395 1490 2450 civitatem
1529 2402 1638 2446 erat
1679 2393 1845 2458 locus,

279 2490 368 2543 ubi
404 2497 480 2542 est
520 2488 802 2556 cruciﬁxus
829 2487 1004 2541 Jesus.
1042 2486 1110 2540 Et
1155 2495 1267 2540 erat
1301 2485 1550 2554 scripturn
1574 2483 1844 2548 Ilebraice,

277 2578 478 2646 erce,
527 2590 576 2636 et
615 2581 817 2636 Latine.
878 2582 972 2636 Hae
1013 2581 1209 2651 quippe
1249 2588 1359 2635 tres
1400 2579 1600 2648 linguze
1632 2578 1705 2632 ibi
1739 2594 1850 2648 pne

277 2670 494 2724 caeteris
517 2671 826 2725 eminebant
857 2689 870 2724 :
904 2670 1146 2733 Hebrzna,
1179 2678 1397 2740 propter
1416 2668 1630 2724 Judaeos
1656 2669 1710 2722 in
1735 2668 1850 2738 lege

279 2760 604 2832 gloriantes;
634 2761 841 2829 Graeca,
888 2771 1106 2833 propter
1133 2763 1371 2833 gentium
1406 2762 1700 2831 sapientes;
1746 2760 1849 2814 La-

279 2848 416 2914 tina,
443 2857 661 2918 propter
684 2850 973 2916 Romanos,
1006 2851 1187 2906 multis
1213 2867 1276 2906 ac
1301 2866 1438 2921 pene
1464 2851 1712 2906 omnibus
1733 2849 1848 2918 jam

279 2944 413 2992 tunc
454 2938 704 3006 gentibus
745 2940 1090 3009 imperantes.
1123 2941 1309 3008 (Vens.
1335 2939 1426 3004 21,
1451 2938 1567 3010 22.)
1596 2939 1845 2995 Dicebant

277 3047 403 3100 ergo
424 3029 598 3086 Pilato
637 3033 903 3102 pontiﬁces
929 3032 1238 3090 Judazorunt
1264 3052 1284 3091 :
1313 3033 1440 3088 Noli
1472 3035 1714 3098 scribere,
1755 3050 1847 3088 rea:

277 3118 625 3188 Iudaeorum;
647 3123 737 3176 sed
765 3125 887 3195 quia
913 3124 1042 3176 dixit
1065 3125 1170 3193 ipse
1195 3137 1212 3174 :
1233 3123 1344 3176 Rex
1372 3141 1486 3177 sum
1512 3123 1840 3177 Judarorum.

283 3212 570 3284 Respondit
608 3187 818 3269 man.
846 3228 863 3266 .-
893 3214 1044 3280 Quod
1082 3187 1285 3284 scripsi,
1329 3215 1532 3286 scripsi.
1574 3213 1617 3268 0
1661 3212 1847 3269 inelfa-
1873 3187 1917 3250 Ο

279 3305 450 3362 bilem
492 3307 600 3361 vim
649 3307 843 3362 divinae
882 3306 1210 3376 operationis
1238 3345 1252 3372 ,
1299 3307 1460 3360 etiam
1506 3306 1560 3359 in
1602 3304 1854 3361 cordibus

283 3402 683 3473 ignorantium!
725 3402 912 3458 Nonne
937 3403 1145 3458 occulta
1170 3418 1275 3457 vox
1303 3402 1544 3472 quadam
1571 3402 1742 3457 Pilato
1772 3403 1854 3457 in-

285 3503 376 3548 tus
400 3494 651 3562 quodam,
693 3494 739 3548 si
781 3493 886 3548 dici
923 3501 1121 3562 potest,
1147 3493 1382 3549 clamore
1425 3492 1638 3550 silentio
1669 3491 1850 3564 [Aug.,

282 3581 523 3637 clamoso
562 3581 798 3653 silentio]
847 3584 1197 3651 personabat,
1243 3582 1386 3652 quod
1435 3590 1583 3636 tanto
1629 3591 1752 3636 ante
1799 3583 1852 3636 in

281 3669 621 3728 Psalmorum
666 3671 861 3725 litteris
900 3671 1275 3741 prophetatum
1301 3677 1406 3736 est,
1434 3669 1516 3724 Ne
1547 3686 1853 3740 corrumpas

281 3762 427 3820 tituli
461 3765 841 3836 inscriptionem
881 3764 1007 3836 (Tit.
1059 3763 1208 3819 Psal.
1256 3763 1386 3838 va).
1426 3763 1675 3834 Nunquid
1707 3766 1854 3821 enim

282 3865 568 3929 propterea
583 3871 689 3912 non
712 3857 815 3912 erit
835 3872 1038 3920 verum,
1061 3857 1186 3926 quia
1211 3854 1364 3929 [Ms.,
1382 3855 1546 3926 quod]
1568 3855 1724 3910 Iesus
1743 3857 1851 3911 ait:

285 3946 407 4003 Rea:
429 3965 544 4003 sum
566 3947 919 4002 Judaorum?
954 3945 1013 4002 Si
1038 3947 1308 4016 corrumpi
1345 3963 1450 4002 non
1495 3953 1673 4016 potest
1711 3947 1854 4016 quod

283 4037 492 4096 Pilatus
520 4038 755 4107 scripsit,
780 4037 1049 4106 corrumpi
1076 4045 1252 4106 potest
1280 4037 1422 4106 quod
1448 4036 1660 4093 Veritas
1686 4037 1854 4092 dixit?

288 4126 400 4182 Sed
423 4125 726 4197 Judteorum
770 4133 977 4180 tantum
1019 4139 1114 4179 rex
1143 4133 1226 4180 est
1253 4125 1520 4188 Christus,
1557 4139 1626 4178 an
1652 4133 1706 4179 et
1728 4139 1857 4194 gen-

287 4216 462 4271 tium?
502 4216 610 4270 imo
651 4223 708 4270 et
734 4215 994 4285 gentium.
1026 4213 1160 4268 Cum
1195 4213 1341 4267 enim
1371 4213 1596 4268 dixisset
1641 4214 1697 4268 in
1724 4212 1858 4268 Pro-

284 4302 471 4374 phetia
497 4321 512 4356 :
545 4301 658 4372 Ego
706 4311 881 4356 autem
921 4301 1231 4360 constitutus
1268 4318 1385 4356 sum
1413 4318 1504 4356 rex
1528 4303 1592 4356 ab
1618 4319 1678 4356 eo
1702 4318 1858 4372 super

287 4390 425 4446 Sion
473 4400 696 4444 montem
742 4398 981 4445 sanctum
1028 4389 1162 4459 ejus,
1207 4389 1498 4462 pradicans
1543 4399 1856 4461 prteceptum

1939 599 2314 667 promissionis,
2355 599 2674 669 deputantur
2712 600 2766 653 in
2806 600 2996 654 sentine
3039 599 3214 670 (Rom.
3239 616 3317 664 rx,
3344 601 3398 664 7,
3427 603 3508 670 8).

1941 688 2010 742 Et
2036 699 2222 760 gentes
2258 699 2432 753 erant,
2462 689 2658 758 quibus
2685 690 2896 744 dicebat
2921 707 2933 742 :
2963 688 3021 743 Si
3047 698 3219 743 autem
3245 707 3330 744 eos
3357 687 3513 746 Citri-

1941 779 2030 842 sti,
2055 795 2175 848 ergo
2195 779 2419 833 Abralta:
2446 796 2620 834 semen
2645 782 2787 846 estis,
2811 780 3094 834 secundum
3119 781 3513 851 promissionem

1942 870 2172 925 ltazredes
2200 868 2397 943 (Colat.
2436 888 2516 933 ιιι,
2546 870 2658 942 29).
2707 872 2820 926 Rex
2859 887 2988 941 ergo
3021 870 3327 928 Iudaeorum
3356 873 3515 928 Chrie

1943 969 2088 1025 stus,
2134 963 2230 1016 sed
2265 959 2570 1016 Judzeorum
2599 963 3010 1034 circumcisione
3038 963 3246 1030 cordis;
3297 964 3512 1033 spiritu.

1943 1067 2049 1106 non
2079 1051 2258 1107 littera
2290 1071 2302 1105 :
2332 1069 2562 1122 quorum
2595 1053 2710 1109 laus
2737 1070 2845 1109 non
2872 1071 2939 1110 ex
2967 1055 3294 1122 hominibus,
3324 1057 3418 1111 sed
3448 1070 3514 1112 ex

1943 1142 2052 1196 Deo
2079 1150 2190 1207 est;
2215 1144 2597 1210 pertinentium
2624 1145 2688 1199 ad
2711 1144 3007 1201 Jerusalem
3035 1146 3261 1202 liberam
3286 1155 3516 1203 matrem
3545 1190 3553 1198 .

1944 1239 2182 1286 nostram
2211 1229 2354 1302 (Gal.
2382 1248 2456 1296 tv,
2481 1233 2594 1303 26),
2623 1243 2878 1290 aeternam
2911 1236 2962 1290 in
2986 1236 3160 1301 caelis,
3185 1236 3378 1294 Saram
3407 1238 3517 1308 spi-

1944 1320 2175 1386 ritalem,
2224 1322 2473 1377 ancillam
2519 1331 2574 1377 et
2599 1323 2738 1379 ﬁlios
2783 1323 2897 1392 ejus
2939 1326 3004 1380 de
3047 1325 3206 1380 domo
3249 1325 3517 1382 libertatis

1945 1409 2263 1479 ejicien‘tem.
2297 1413 2421 1468 Ideo
2443 1414 2588 1468 enim
2618 1413 2820 1468 Pilatus
2843 1415 2985 1484 quod
3011 1415 3245 1486 scripsit,
3274 1416 3516 1486 scripsit,

1944 1503 2067 1572 quia
2091 1504 2345 1558 Dominus
2373 1503 2548 1568 Jesus,
2577 1507 2720 1574 quod
2743 1506 2899 1570 dixit,
2929 1507 3082 1560 dixit.

2017 1593 2178 1648 Vens.
2209 1592 2297 1646 25.
2319 1623 2389 1632 ——
2415 1593 2605 1647 Milites
2642 1611 2784 1663 ergo,
2814 1611 2933 1649 cunt
2967 1595 3344 1663 cruci/ixissent
3371 1612 3520 1660 eum,

1946 1693 2254 1755 acceperunt
2298 1685 2597 1740 vestimenta
2626 1685 2762 1755 ejus.
2801 1695 2850 1739 et
2889 1685 3119 1754 fecerunt
3149 1698 3374 1759 quatuor
3396 1704 3521 1758 par-

1948 1785 2044 1839 tes,
2090 1775 2370 1845 unicuique
2415 1775 2568 1828 militi
2611 1785 2830 1845 partent,
2879 1787 2928 1831 et
2972 1778 3221 1834 tunicam.
3272 1777 3521 1834 (κυηόο

1878 1853 1921 1913 Β
1950 1871 2174 1932 apparet
2219 1871 2450 1932 quatuor
2492 1863 2658 1919 fuisse
2703 1865 2921 1930 milites,
2972 1867 3064 1934 qui
3112 1867 3166 1921 in
3208 1882 3274 1922 eo
3303 1867 3520 1922 cruciﬁ-

1947 1953 2119 2022 gendo
2143 1952 2356 2024 praesidi
2383 1960 2700 2025 paruerunt.
2742 1953 3021 2009 Manifesta
3055 1955 3249 2024 quippe
3273 1956 3347 2009 ait
3373 1971 3385 2007 :
3413 1953 3524 2008 Mi-

1947 2041 2062 2096 lites
2105 2057 2226 2113 ergo
2282 2058 2398 2095 cum
2439 2041 2817 2110 cruci/ixissent
2848 2059 2994 2106 eum,
3029 2053 3332 2113 acceperunt
3365 2043 3524 2104 vesti--~

1945 2145 2119 2190 ntenta
2146 2135 2279 2204 ejus,
2312 2145 2359 2188 et
2390 2134 2621 2204 fecerunt
2649 2144 2876 2207 quatuor
2894 2145 3088 2205 partes,
3116 2136 3396 2206 unicuique
3421 2137 3524 2196 mis

1947 2223 2027 2278 liti
2063 2232 2286 2294 portent,
2314 2231 2363 2276 et
2407 2223 2669 2288 tunicam;
2713 2225 3139 2280 subaudiendum
3167 2231 3270 2289 est,
3298 2239 3534 2297 accepe-._

1948 2323 2099 2371 runt:
2125 2323 2184 2369 ut
2213 2316 2314 2369 iste
2337 2315 2406 2368 sit
2432 2329 2620 2369 sensus
2646 2332 2658 2366 :
2682 2322 3009 2384 acceperunt
3034 2314 3354 2370 vestimenta
3381 2312 3530 2382 ejus,

1946 2413 2002 2460 et
2023 2404 2265 2460 fecerunt
2286 2412 2516 2474 quatuor
2538 2412 2720 2474 partes
2739 2443 2755 2468 ,
2779 2403 3068 2474 unicuique
3093 2402 3249 2458 militi
3275 2412 3528 2472 partem;

1948 2503 2271 2566 acceperunt
2297 2503 2352 2549 et
2379 2493 2638 2548 tunicam.
2680 2493 2748 2547 Et
2772 2493 2850 2548 sic
2879 2493 3088 2549 locutus
3113 2501 3197 2550 est
3233 2503 3294 2549 ut
3317 2494 3383 2550 de
3417 2509 3530 2556 etes

1949 2587 2077 2642 teris
2094 2585 2252 2656 631
2273 2584 2606 2640 vestimentis
2627 2583 2826 2638 nullam
2848 2592 3045 2638 sortem
3067 2584 3288 2640 missam
3307 2598 3427 2638 esse
3441 2585 3524 2635 ιιι-ε

1947 2676 2170 2731 deamus
2196 2688 2210 2727 :
2245 2672 2338 2727 sed
2363 2674 2427 2727 de
2455 2672 2635 2726 tunica
2665 2686 2828 2742 quam
2857 2671 3018 2726 simul
3043 2687 3166 2725 cum
3193 2671 3403 2726 caeteris
3427 2685 3517 2725 ac-

1946 2771 2221 2835 ceperunt,
2253 2762 2348 2818 sed
2378 2776 2485 2817 non
2517 2761 2675 2816 simul
2717 2760 2868 2834 [Ms.,
2896 2759 3162 2832 similiter]
3193 2761 3534 2818 diviserunt.,

1946 2855 2023 2910 De
2049 2855 2149 2909 hac
2175 2853 2320 2908 enim
2351 2853 2592 2924 sequitur
2615 2864 2887 2920 exponens
2914 2870 2926 2904 ;
2962 2851 3094 2905 Erat
3123 2860 3298 2904 autent
3338 2850 3529 2904 tunica.

1945 2943 2298 3008 inconsutilis,
2335 2943 2554 3012 desuper
2575 2952 2816 2997 contexta
2855 2959 2949 3013 per
2983 2952 3169 2995 totunt.
3209 2942 3318 2996 Cur
3343 2949 3530 3006 autem

1945 3035 2012 3089 de
2053 3033 2142 3088 illa
2171 3041 2372 3088 sortem
2409 3033 2655 3087 miserint
2681 3048 2910 3087 narrans
2942 3050 2955 3084 :
3001 3032 3188 3102 (Vsus.
3219 3031 3310 3103 24)
3359 3031 3522 3086 Diae-

1947 3133 2068 3178 runt
2098 3139 2218 3192 ergo
2249 3122 2317 3174 ad
2363 3122 2601 3186 invicem,
2645 3121 2852 3191 inquit,
2885 3120 3009 3175 Non
3041 3121 3340 3175 scindamus
3381 3137 3520 3186 eam,

1949 3214 2039 3271 sed
2074 3215 2358 3268 sortiantur
2389 3213 2452 3270 de
2492 3213 2618 3279 illa,
2661 3215 2813 3284 cujus
2840 3215 2928 3268 sit.
2969 3213 3205 3284 Apparet
3244 3214 3426 3283 itaque
3469 3214 3533 3277 in,

1951 3303 2072 3358 aliis
2095 3303 2334 3357 vestibus.
2354 3302 2586 3371 aequales
2611 3318 2705 3358 eos
2733 3303 2985 3357 habuisse
3012 3311 3223 3372 partes,
3254 3310 3314 3356 ut
3339 3303 3529 3366 sortiri

1951 3407 2170 3448 necesse
2191 3407 2296 3446 non
2327 3391 2490 3446 fuerit
2521 3409 2534 3443 :
2562 3391 2614 3445 in
2641 3391 2732 3446 illa
2759 3407 2889 3446 vero
2909 3407 3017 3445 una
3056 3407 3164 3446 non
3206 3405 3301 3446 eos
3323 3391 3527 3446 habere

1951 3483 2191 3554 potuisse
2215 3482 2451 3552 singulas
2475 3490 2677 3553 partes.
2715 3501 2734 3532 ι
2770 3481 2987 3549 Quaerat
3013 3483 3150 3538 forte
3177 3482 3374 3552 aliquis
3395 3483 3536 3552 quid,

1953 3573 2217 3644 signiﬁcet
2243 3575 2298 3628 in
2341 3580 2418 3628 tot
2441 3581 2626 3642 partes
2661 3573 3108 3629 vestimentorum
3139 3572 3280 3629 facta
3308 3572 3531 3640 divisio,

1951 3677 2006 3724 et
2030 3667 2096 3722 de
2113 3666 2293 3722 tunica
2314 3666 2400 3720 illa
2423 3667 2669 3721 sortitio?
2691 3665 3093 3737 Quadripartita
3115 3666 3281 3722 vestis
3311 3664 3535 3721 Domini.

1952 3759 2122 3814 nostri
2151 3757 2276 3816 Jesu
2307 3759 2506 3814 Christi
2530 3758 2976 3828 quadripartitam
3011 3756 3128 3825 ejus
3151 3757 3403 3832 ﬁguravit
3424 3757 3532 3814 Ec-.

1952 3848 2191 3914 clesiam,
2229 3858 2341 3903 toto
2381 3849 2588 3903 scilicet
2634 3848 2726 3917 qui
2765 3857 2994 3917 quatuor
3038 3848 3284 3918 partibus
3313 3856 3534 3903 constat

1955 3951 2218 3997 terrarum
2242 3943 2372 3996 orbe
2400 3940 2672 4006 diﬁ‘usam,
2709 3949 2766 3995 et
2782 3941 3032 4030 qmnibus
3054 3941 3258 3996 eisdem
3285 3940 3535 4009 partibus

1953 4031 2251 4102 aequaliter,
2281 4031 2335 4084 id
2365 4038 2470 4094 est,
2515 4029 2855 4085 concorditer
2888 4029 3249 4084 distributam.
3295 4029 3537 4098 Propter.

1954 4120 2098 4190 quod
2118 4119 2244 4174 alibi
2266 4119 2483 4186 dicitur,
2506 4119 2796 4174 missurum
2817 4133 2876 4174 se
2901 4119 3134 4188 Angelos
3160 4135 3308 4184 suos,
3331 4127 3392 4175 ut
3415 4119 3537 4174 col—4

1955 4209 2120 4280 ligant
2142 4209 2341 4264 electos
2364 4223 2489 4264 suos
2515 4224 2544 4263 a
2567 4218 2801 4279 quatuor
2836 4210 3014 4264 ventis
3038 4208 3230 4279 (Marc.
3249 4208 3477 4279 1111,27)
3508 4227 3538 4262 :.

1953 4299 2098 4370 quod
2123 4299 2378 4368 quidest,
2401 4298 2502 4353 nisi
2534 4313 2566 4354 a
2591 4307 2822 4368 quatuor
2849 4298 3096 4369 partibus
3116 4299 3324 4365 mundi,
3343 4299 3536 4358 orien-.

1956 4400 2010 4447 te
2026 4432 2042 4456 ,
2080 4391 2378 4457 occidente,
2402 4390 2670 4460 aquilone,
2695 4399 2751 4446 et
2772 4390 3034 4445 meridie?
3059 4389 3262 4446 Tunica
3287 4406 3414 4448 vero
3437 4391 3538 4449 illa.

285 4480 500 4536 Domini
529 4482 700 4554 (Psal.
742 4500 804 4550 ιι,
847 4483 902 4556 6)
935 4501 950 4538 :
979 4498 1047 4538 ne
1075 4492 1295 4554 prepter
1322 4484 1451 4540 Sion
1477 4493 1734 4550 montem,
1762 4500 1855 4540 so-
1879 4517 1927 4582 ο
1957 4483 2147 4540 sortita
2188 4484 2431 4539 omnium
2485 4485 2720 4554 partium
2753 4483 3024 4554 signiﬁcat
3068 4483 3328 4541 unitatem
3353 4525 3370 4550 ,
3407 4500 3538 4554 quas;

284 4572 359 4630 lis
378 4571 575 4630 Iudaeis
607 4590 730 4630 eum
764 4591 944 4647 regem
974 4575 1304 4648 [quisquam]
1348 4577 1554 4632 diceret
1597 4579 1859 4634 constitu-

284 4673 427 4730 tum,
456 4667 707 4722 continuo
735 4666 961 4734 subjecit
984 4685 998 4722 :
1022 4667 1275 4722 Dominus
1299 4668 1429 4722 dixit
1459 4669 1528 4722 ad
1553 4683 1663 4723 me:
1685 4667 1857 4724 Filius

285 4772 437 4812 meus
460 4773 512 4811 es
541 4767 620 4823 tu,
645 4774 737 4827 ego
763 4758 914 4812 hodie
935 4759 1088 4828 genui
1113 4767 1160 4812 te
1185 4773 1202 4810 .'
1232 4758 1440 4830 postula
1469 4777 1502 4813 a
1532 4776 1631 4824 me,
1654 4769 1703 4814 et
1722 4759 1858 4814 dabo

285 4845 385 4900 tibi
406 4855 598 4915 gentes,
622 4857 679 4902 et
700 4854 914 4904 caetera.
947 4847 1056 4903 Cur
1081 4864 1209 4920 ergo
1230 4865 1482 4919 magnum
1506 4849 1753 4905 volumus
1776 4851 1859 4905 in-

288 4933 459 5006 telligi
498 4935 552 4990 in
583 4936 685 4992 hoc
723 4937 876 4992 titulo
913 4947 1328 5005 sacramentum,
1367 4941 1420 4994 in
1457 4955 1562 5010 quo
1597 4941 1855 5010 scriptum

287 5034 432 5092 erat,
459 5043 549 5082 rea:
568 5027 899 5094 Judworum,
922 5029 967 5084 si
1001 5045 1092 5084 rex
1119 5038 1202 5085 est
1220 5030 1466 5086 Christus
1489 5040 1543 5085 et
1570 5031 1854 5087 Gentium?

289 5117 432 5184 Quia
477 5117 680 5174 scilicet
721 5118 954 5174 oleaster
980 5117 1153 5174 factus
1179 5128 1262 5175 est
1289 5122 1556 5190 particeps
1581 5122 1859 5192 pinguedia

290 5208 384 5265 nis
430 5207 582 5263 olivae
631 5206 816 5279 [Aug.,
851 5207 1026 5279 oleae],
1079 5223 1187 5262 non
1239 5208 1358 5262 olea
1403 5209 1672 5278 particeps
1713 5209 1856 5265 facta

291 5301 668 5359 amaritudinis
712 5299 965 5356 oleastri?
1020 5297 1156 5354 Nam
1191 5299 1245 5353 in
1275 5313 1339 5354 eo
1380 5299 1521 5369 quod
1549 5300 1614 5354 de
1639 5298 1858 5355 Christo

293 5398 564 5454 veraciter
606 5395 840 5465 scriptus
890 5400 977 5448 est
1027 5391 1232 5456 titulus,
1278 5407 1370 5446 rex
1405 5389 1736 5454 Judworum,
1765 5391 1857 5461 qui

293 5494 428 5548 sunt
467 5485 794 5557 intelligendi
817 5482 1005 5546 Judaei,
1032 5482 1137 5537 nisi
1165 5495 1346 5535 semen
1374 5480 1626 5545 Abrahre,
1655 5480 1748 5535 ﬁlii
1773 5495 1862 5536 re-

293 5576 688 5651 promissionis,
718 5574 811 5645 qui
839 5579 964 5629 sunt
988 5572 1150 5627 etiam
1181 5569 1273 5626 ﬁlii
1296 5570 1430 5625 Dei?
1464 5569 1725 5637 Quoniam
1756 5587 1858 5626 non

368 5749 393 5778 ⁸
433 5740 598 5796 ειδ.
627 5740 784 5812 Aug,
811 5747 968 5798 tract.
994 5755 1174 5807 cxvm,
1204 5753 1348 5794 num.
1381 5738 1445 5792 2--

1957 4573 2236 4629 charitatis
2279 4572 2496 4628 vinculo
2548 4573 2874 4628 continetur.
2911 4572 2988 4628 De
3035 4573 3302 4630 charitate
3345 4583 3538 4630 autem

1955 4667 2235 4722 locuturus
2292 4665 2579 4735 Apostolus
2609 4683 2623 4720 :
2654 4665 3213 4736 Supereminentiorem
3237 4708 3254 4734 ,
3309 4669 3523 4740 inquit,

1955 4757 2092 4810 niam
2135 4756 2275 4811 vobis
2311 4755 2605 4809 demonstro
2640 4754 2704 4827 (1
2727 4754 2849 4810 Cor.
2876 4772 2982 4819 xu,
3012 4756 3124 4827 51).
3153 4757 3221 4813 Et
3259 4759 3364 4814 alio
3407 4759 3534 4814 loco.

1957 4843 2034 4898 ait
2064 4862 2077 4898 :
2107 4843 2424 4913 Cognoscere
2451 4844 2608 4900 etiam
2642 4844 3104 4912 supereminentem
3144 4847 3373 4901 scientia
3397 4848 3523 4902 clla-

1959 4935 2165 4988 ritatem
2189 4931 2382 4987 Christi
2415 4929 2629 5003 (Ephes.
2659 4947 2756 4997 ιιι,
2788 4931 2883 5004 19),
2909 4951 2923 4987 :
2955 4933 3193 5004 Itemque
3213 4935 3340 4990 alibi
3371 4953 3386 4989 :
3416 4935 3526 4990 Su-

1959 5041 2052 5095 per
2084 5025 2259 5079 omnia
2287 5033 2460 5078 autem
2489 5023 2599 5079 hac
2641 5025 2947 5079 cltaritatem
2964 5066 2980 5092 ,
3007 5041 3124 5096 qua:
3147 5034 3222 5079 est
3263 5025 3535 5080 uinculum.

1959 5115 2288 5186 perfectionis
2305 5112 2522 5184 (Coloss.
2547 5114 2756 5185 111,14).
2778 5113 2838 5170 Si
2857 5129 2986 5186 ergo
3007 5114 3242 5170 charitas
3264 5123 3320 5170 et
3341 5129 3526 5184 super-

1960 5206 2366 5262 eminentiorem
2394 5205 2555 5261 habet
2581 5206 2742 5273 viam,
2777 5213 2833 5262 et
2874 5206 3234 5276 supereminet
3265 5207 3524 5272 scientiae,

1961 5305 2018 5352 et
2054 5311 2216 5368 super
2239 5296 2418 5350 omnia
2446 5305 2714 5368 praecepta
2741 5304 2844 5362 est,
2869 5296 3063 5376 mprito
3087 5296 3272 5363 vestis,
3305 5313 3412 5367 qua
3447 5297 3526 5353 si—

1960 5385 2264 5458 gniﬁcatur,
2301 5385 2530 5455 desuper
2553 5393 2802 5441 contexta
2827 5385 3160 5454 perhibetur.
3184 5384 3530 5442 lnconsutilis

1960 5485 2164 5542 autem,
2189 5491 2259 5532 ne
2291 5476 2575 5547 aliquando
2617 5477 2915 5541 dissuatur;
2955 5482 3010 5529 et
3049 5475 3118 5530 ad
3146 5489 3311 5531 unum
3339 5488 3530 5544 perves

1959 5569 2059 5637 nit,
2083 5569 2207 5640 quia
2234 5569 2288 5626 in
2331 5585 2496 5626 unum
2523 5583 2710 5625 omnes
2740 5566 2970 5638 colligit;
3006 5567 3146 5624 sicut
3172 5568 3226 5624 in
3268 5566 3526 5639 apostolis
