4088 6340
592 405 699 462 083

1430 405 1489 460 Β.
1531 405 1593 460 F.
1632 399 2028 459 ALBINI‘SEU
2064 397 2339 454 ALCUINI
2376 398 2657 456 OPERUM
2694 397 2872 455 PARS
2907 398 2975 453 li;

3732 403 3841 459 εει

592 531 718 572 eum
746 523 889 571 esset
911 512 1076 569 etiam
1117 513 1231 583 ipse
1258 524 1511 568 numerus
1551 511 1930 576 duodenarius,
1963 508 2018 565 id
2057 516 2160 572 est,
2191 510 2238 569 Α
2266 517 2373 574 tur,
2402 509 2536 564 nihil
2564 524 2750 565 eorum
2804 510 2910 565 rite
2938 510 3234 580 perﬁcitur.
3271 510 3552 579 Quomodo
3574 528 3705 586 ergo
3741 531 3841 586 per

594 607 1017 680 quadripartitus
1046 608 1099 660 in
1135 614 1340 669 ternos,
1383 613 1438 659 et
1481 619 1668 659 omnes
1708 611 1889 659 essent
1936 603 2165 655 interro-

592 697 735 765 gati,
775 697 919 752 solus
958 696 1148 750 Petrus
1170 696 1488 765 reSpondit:
1524 693 1601 748 Tu
1630 711 1684 749 es
1726 694 1965 758 Christus
1996 690 2165 746 Filius

592 788 693 843 Dei
716 787 835 850 "civi,
862 796 918 841 et
941 787 991 841 ei
1026 786 1225 841 dicitur
1260 803 1273 838 :
1320 784 1433 839 Tibi
1461 784 1598 838 dabo
1632 784 1797 837 claves
1833 782 1977 852 regni
2014 779 2167 835 caelo—

590 895 711 934 rum
742 877 957 948 (Matth.
991 893 1102 940 3m,
1144 876 1235 941 16,
1267 874 1387 946 19)’;
1424 884 1682 945 tanquam
1726 874 1924 945 ligandi
1968 880 2024 926 et
2059 870 2165 927 sol-

590 969 747 1025 vendi
777 968 922 1025 solus
952 968 1223 1036 acciperet
1264 964 1417 1037 (Ma,
1464 962 1752 1034 acceperit)
1801 968 2159 1032 potestatem:

588 1072 713 1114 eum
769 1066 826 1112 et
872 1055 1008 1111 illud
1062 1070 1202 1111 unus
1241 1070 1339 1126 pro
1385 1054 1636 1110 omnibus
1664 1054 1902 1117 dixerit,
1957 1060 2012 1106 et
2061 1051 2165 1105 hoc

587 1166 712 1208 wm
773 1150 1024 1206 omnibus
1083 1157 1338 1218 tanquam
1400 1160 1687 1215 personam
1743 1159 1936 1214 gerens
1994 1142 2163 1212 ipsius

586 1240 811 1296 unitatis
869 1240 1175 1308 acceperit;
1229 1238 1349 1293 ideo
1401 1252 1541 1291 unus
1592 1251 1692 1305 pro
1727 1235 1997 1299 omnibus,
2035 1233 2161 1302 quia

585 1334 767 1389 unitas
811 1341 894 1387 est
944 1332 999 1386 in
1046 1331 1316 1385 omnibus.
1370 1329 1521 1385 Unde
1562 1337 1618 1382 et
1673 1328 1761 1382 hic
1819 1342 1943 1382 cum
1995 1325 2162 1381 dixis-

585 1433 703 1488 set,
756 1424 976 1494 desuper
1023 1430 1284 1485 contexta,
1334 1419 1561 1483 addidit,
1627 1433 1720 1489 per
1770 1425 1955 1470 totum.
2007 1414 2161 1481 Quod

584 1515 631 1569 si
667 1514 968 1569 referamus
1010 1513 1078 1569 ad
1108 1512 1161 1567 id
1207 1512 1350 1582 quod
1387 1510 1675 1581 signiﬁcat,
1719 1523 1878 1563 nemo
1912 1514 1995 1562 est
2043 1505 2159 1574 ejus

583 1618 806 1674 expers,
838 1605 930 1674 qui
977 1603 1245 1673 pertinere
1287 1601 1594 1656 inveniatur
1621 1600 1689 1653 ad
1738 1606 1911 1652 totum
1946 1615 1959 1649 ε
1990 1611 2021 1650 a
2051 1610 2159 1665 quo

580 1703 713 1758 toto,
747 1696 887 1750 sicut
934 1694 1123 1750 Graeca
1168 1693 1371 1748 indicat
1413 1692 1626 1763 lingua,
1669 1689 1945 1745 Catholica
1995 1703 2158 1743 voca-

581 1793 673 1838 tur
701 1781 959 1839 Ecclesia.
1008 1783 1066 1839 In
1116 1792 1263 1838 sorte
1299 1790 1478 1837 autem
1507 1780 1669 1851 quid,
1708 1781 1813 1835 nisi
1859 1781 1950 1835 Dei
1982 1781 2154 1850 gratia

2266 600 2319 655 id
2347 602 2490 671 quod
2521 602 2642 656 mali
2665 601 2888 666 faciunt,
2920 602 3056 656 nihil
3086 603 3209 657 boni
3241 604 3600 674 significatur,
3622 607 3841 675 quando

2262 704 2360 759 per
2381 706 2595 745 crucem
2617 691 2815 745 Christi
2843 706 3003 761 quam
3033 691 3275 746 fecerunt
3303 693 3465 757 mali,
3497 695 3552 748 in
3591 696 3841 751 celebra.

2264 779 2407 834 tione
2453 790 2912 835 sacramentorum
2956 781 3073 836 eius
3121 782 3321 836 bonum
3360 783 3521 838 nobis
3556 797 3720 840 omne
3758 787 3840 840 sio

2262 872 2488 940 gnatur?
2532 891 2551 923 ι

2337 979 2357 1012 ‹
2394 973 2418 1002 ι
2458 961 2726 1017 Crucilixo
2748 962 2991 1029 Domino,
3017 972 3300 1034 postquam
3326 965 3519 1021 divisio
3536 967 3839 1023 vestimen-

2263 1061 2438 1108 torum
2483 1052 2599 1121 ejus
2644 1055 2808 1108 etiam
2849 1056 3012 1109 missa
3067 1065 3211 1111 sorte
3255 1058 3517 1127 completa
3568 1069 3687 1125 est,
3716 1076 3842 1131 qua

2261 1142 2453 1196 deinde
2481 1152 2664 1197 narret
2692 1142 2925 1199 Joannes
2949 1146 3295 1215 evangelista,
3319 1149 3617 1204 videamus.
3646 1151 3839 1222 (Vens.

2257 1230 2444 1301 25-27)
2486 1231 2554 1285 Et
2597 1232 2786 1287 milites
2812 1234 3018 1304 quidem
3055 1235 3166 1289 lure
3192 1236 3443 1305 fecerunt.
3478 1237 3705 1294 Stabant
3738 1259 3842 1295 att-

2259 1331 2359 1375 tem
2390 1324 2551 1392 juxta
2602 1341 2805 1378 crucem
2849 1324 2979 1379 Iesu
3027 1322 3201 1381 mater”
3235 1328 3386 1399 ejus,
3421 1340 3469 1383 et
3523 1348 3679 1385 soror
3729 1349 3845 1386 ma-

2256 1413 2351 1466 tris
2388 1413 2503 1482 ejus
2550 1412 2725 1467 Maria
2754 1412 2995 1485 Cleophis
3038 1425 3086 1468 et
3133 1415 3307 1471 Maria
3340 1417 3675 1488 Magdalene.
3706 1419 3843 1475 Cum

2257 1503 2465 1556 uidisset
2532 1519 2652 1575 ergo
2711 1502 2868 1558 Iesus
2924 1516 3141 1559 matrem
3206 1517 3256 1560 et
3310 1509 3629 1578 discipulum
3686 1521 3840 1566 stan-

2257 1602 2386 1659 tem,
2434 1610 2583 1665 quem
2647 1594 2929 1665 diligebat,
2987 1597 3114 1650 dicit
3180 1600 3336 1651 matri
3387 1616 3500 1653 suae
3544 1614 3564 1651 :
3620 1600 3841 1671 Mulier,

2255 1700 2319 1737 en
2354 1682 2497 1752 ﬁlius
2548 1692 2685 1737 tuus.
2747 1683 2948 1739 Deinde
2993 1685 3118 1739 dicit
3168 1686 3425 1757 discipulo
3476 1701 3495 1739 :
3553 1686 3694 1743 Ecce
3729 1708 3843 1746 mae

2256 1781 2336 1825 ter
2369 1782 2480 1826 tua.
2539 1770 2608 1826 Et
2643 1788 2708 1827 ex
2751 1772 2843 1827 illa
2883 1775 3011 1829 liora
3058 1777 3254 1846 accepit
3291 1792 3408 1830 eam
3444 1778 3741 1850 discipulus
3786 1781 3841 1835 in

580 1875 951 1929 commendata
982 1876 1101 1929 est?
1130 1874 1222 1929 Sic
1246 1875 1441 1944 quippe
1484 1874 1539 1928 in
1566 1888 1674 1927 υηο
1708 1873 1774 1927 ad
1798 1886 1987 1927 omnes
2032 1886 2153 1941 per.
2185 1855 2228 1915 Β
2254 1878 2370 1915 sua.
2402 1861 2525 1916 Haec
2551 1863 2803 1917 nimirum
2831 1871 2912 1918 est
2941 1865 3030 1919 illa
3055 1865 3208 1929 hora,
3238 1866 3304 1920 de
3323 1882 3428 1935 qua
3455 1866 3614 1924 Iesus
3642 1885 3839 1940 aquam

579 1964 767 2027 venit,
822 1978 945 2019 cum
988 1978 1107 2019 sors
1159 1965 1410 2020 omnibus
1463 1964 1708 2035 placuit,
1764 1964 1891 2033 quia
1941 1973 1997 2018 et
2055 1963 2152 2019 Dei

580 2054 755 2122 gratia
801 2054 856 2109 in
889 2054 1093 2109 unitate
1128 2054 1198 2109 ad
1243 2068 1431 2109 omnes
1460 2054 1736 2123 pervenit;
1775 2061 1830 2109 et
1869 2068 1995 2109 cum
2034 2068 2154 2109 sors

579 2142 829 2207 mittitur,
861 2156 965 2198 non
989 2158 1234 2213 personae
1273 2144 1533 2214 cujusque
1552 2144 1634 2197 vel
1675 2143 1904 2208 meritis,
1928 2143 2023 2199 sed
2059 2160 2152 2201 oc-

576 2232 727 2289 culto
752 2233 848 2288 Dei
873 2233 1077 2303 judicio
1101 2234 1331 2289 ceditur.
1374 2233 1484 2289 Nec
1528 2234 1650 2289 ideo
1680 2234 1783 2288 ista
1814 2249 1921 2288 non
1949 2233 2151 2304 aliquid

576 2321 705 2379 boni
747 2323 1079 2394 signiﬁcasse
1106 2325 1229 2394 quis
1264 2324 1485 2390 dixerit,
1514 2324 1641 2394 quia
1667 2338 1767 2394 per
1795 2324 1964 2379 malos
2008 2324 2151 2381 facta

577 2422 737 2479 sunt;
774 2428 881 2470 non
930 2414 1138 2470 scilicet
1160 2429 1261 2485 per
1288 2430 1383 2470 eos
1413 2415 1507 2485 qui
1535 2414 1811 2470 Christum
1838 2415 2029 2480 secuti,
2057 2414 2152 2469 sed

577 2504 672 2574 qui
711 2511 838 2559 sunt
856 2505 1146 2573 persecuti.
1187 2503 1328 2570 Quid
1352 2503 1497 2559 enim
1527 2504 1593 2559 de
1621 2504 1734 2572 ipsa
1763 2517 1925 2558 cruce
1954 2503 2152 2559 dicturi

577 2610 786 2661 sumus,
807 2610 925 2665 qua:
945 2604 1092 2651 certe
1116 2594 1366 2651 similiter
1392 2596 1460 2650 ab
1502 2595 1737 2650 inimicis
1763 2603 1927 2665 atque
1972 2594 2152 2664 impiis

578 2684 796 2741 Christo
824 2685 964 2741 facta
986 2693 1041 2741 et
1072 2687 1302 2757 impacta
1348 2687 1465 2741 est?
1493 2685 1561 2740 Et
1614 2695 1794 2741 tamen
1830 2700 1892 2740 ea
1946 2686 2153 2757 signiti-

574 2775 691 2831 cari
719 2783 864 2830 recte
894 2775 1230 2847 intelligitur,
1262 2777 1403 2847 quod
1434 2777 1509 2831 ait
1549 2776 1836 2846 Apostolus
1866 2792 1881 2831 :
1908 2777 2040 2843 Quia
2076 2787 2151 2832 est

577 2862 842 2929 latitudo,
887 2873 936 2918 et
985 2864 1292 2936 longitudo,
1323 2874 1371 2920 et
1421 2866 1682 2931 altitudo,
1731 2877 1779 2921 et
1829 2867 2152 2938 profundum

578 2955 795 3027 (Ephes.
831 2972 916 3021 ut,
953 2956 1063 3027 i8).
1092 2956 1221 3011 Lata
1240 2965 1324 3013 est
1342 2958 1537 3027 quippe
1575 2958 1629 3012 in
1654 2966 1961 3013 transverso
1983 2959 2150 3029 ligno,

578 3059 688 3114 quo
715 3045 1077 3100 extenduntur
1098 3046 1378 3115 pendentis
1406 3048 1965 3118 manus,etsigniticat
1986 3062 2151 3117 opera

577 3134 719 3190 bona
749 3134 801 3189 in
832 3133 1113 3192 latitudine
1138 3137 1447 3205 charitatis;
1487 3139 1642 3209 longa
1673 3146 1758 3193 est
1781 3156 1815 3194 a
1835 3147 2149 3194 transverso

576 3226 723 3296 ligno
756 3243 926 3297 usque
951 3231 1020 3284 ad
1050 3236 1269 3294 terram,
1297 3231 1388 3285 ubi
1428 3232 1646 3287 dorsum
1696 3240 1751 3286 et
1778 3232 1942 3302 pedes
1972 3231 2146 3302 ﬁgun-

578 3327 690 3381 tur,
723 3324 778 3370 ct
803 3318 1069 3387 signiﬁcat
1096 3321 1560 3389 persevcrantiam
1582 3321 1635 3375 in
1658 3320 1989 3390 longitudine
2016 3328 2151 3375 tem-

578 3405 752 3474 poris,
770 3421 942 3477 usque
969 3408 1039 3463 ad
1068 3409 1257 3474 ﬁnem;
1285 3410 1392 3466 alta
1419 3420 1503 3466 est
1532 3412 1584 3465 in
1610 3411 1889 3467 cacumine
1906 3452 1922 3475 ,
1954 3412 2096 3481 quod
2118 3426 2149 3465 a

574 3506 891 3551 transverso
936 3496 1080 3567 ligno
1123 3514 1335 3553 sursum
1389 3515 1576 3554 rursus
1627 3493 1937 3556 extenditur
1989 3500 2146 3571 [Aug.

581 3600 686 3653 quo
714 3592 1081 3641 transversum
1108 3588 1310 3661 lignum
1341 3605 1554 3645 sursum
1593 3604 1783 3645 versus
1826 3590 2150 3661 exceditur],

579 3682 634 3731 et
660 3675 927 3746 signiﬁcat
961 3690 1252 3747 supernum
1298 3680 1458 3734 tinem
1498 3695 1606 3750 quo
1640 3689 1829 3735 cuncta
1858 3695 2022 3751 opera
2064 3696 2152 3735 re-

578 3762 842 3831 feruntur,
874 3766 1127 3835 quoniam
1156 3776 1351 3824 cuncta
1380 3784 1501 3839 quae
1520 3769 1800 3825 latitudine
1833 3784 1897 3824 ac
1919 3768 2151 3840 longitu-

577 3855 705 3910 dine
741 3856 879 3911 bene
906 3870 970 3912 ac
996 3869 1406 3927 perseveranter
1432 3861 1570 3916 ﬁunt
1592 3902 1607 3927 ,
1648 3869 1872 3933 propter
1912 3860 2158 3916 -altitudi-‘

575 3960 702 4002 Item
725 3946 1032 4003 divinorum
1065 3948 1321 4028 facienda
1331 3961 1459 4007 sunt
1482 3954 1861 4022 praemiorum;
1885 3953 2150 4025 profunda

575 4046 661 4091 est
683 4038 742 4092 in
766 4053 834 4094 ea
870 4047 1045 4110 parte,
1101 4056 1206 4111 qua
1258 4042 1311 4096 in
1349 4053 1505 4116 terra
1541 4043 1724 4114 ﬁgitur
1760 4063 1773 4100 :
1829 4046 1904 4100 ibi
1954 4048 2153 4116 quippe

574 4126 787 4185 occulta
813 4136 916 4193 est,
947 4144 1049 4185 nec
1068 4130 1237 4187 videri
1269 4139 1465 4201 potest,
1502 4133 1597 4187 sed
1616 4143 1817 4188 cuncta
1847 4132 1963 4202 ejus
1991 4150 2153 4204 appa-

575 4217 751 4273 rentia
798 4227 858 4273 et
903 4221 1198 4278 eminentia
1246 4223 1369 4278 inde
1420 4232 1783 4294 consurgunt;
1834 4225 1972 4279 sicut
2012 4226 2153 4279 bona

575 4318 760 4365 nostra
780 4310 846 4365 de
874 4312 1238 4381 profunditate
1260 4314 1450 4383 gratim
1474 4313 1590 4379 Dei,
1618 4330 1737 4384 qua:
1768 4315 2151 4386 comprehendi

576 4416 643 4456 ac
684 4400 964 4469 dijudicari
992 4417 1099 4456 non
1145 4411 1344 4471 potest,
1372 4405 1625 4459 universa
1677 4407 1995 4475 procedunt.
2047 4405 2155 4461 Sed

576 4498 628 4542 et
670 4490 717 4544 si
752 4504 884 4544 crux
937 4489 1136 4544 Christi
1188 4489 1294 4544 hoc
1325 4491 1496 4546 solum
1552 4493 1837 4562 signiticet,
1886 4494 2026 4562 quod
2076 4494 2151 4548 ait

576 4577 913 4647 Apostolus:
949 4576 1053 4643 Qui
1105 4587 1281 4633 autem
1323 4589 1444 4633 sunt
1489 4581 1616 4635 Iesu
1662 4581 1880 4649 Christi,
1937 4600 2148 4637 carnem

466 4688 472 4694 ·
575 4684 730 4722 suam
755 4668 1124 4737 cruciﬁxerunt
1149 4686 1267 4724 cum
1291 4672 1617 4742 passionibus
1644 4681 1694 4729 et
1727 4676 2151 4746 concupiscentiis

580 4755 723 4828 (Gal.
749 4773 804 4822 v,
829 4757 918 4828 Ἡ)
941 4797 957 4824 ,
979 4774 1143 4828 quam
1178 4776 1432 4830 magnum
1460 4762 1657 4817 bonum
1686 4771 1770 4818 est
1782 4764 1817 4817 ἲ.
1835 4763 1944 4819 Nec
1969 4773 2151 4819 tamen

476 4834 494 4854 “
577 4850 683 4905 hoc
706 4846 858 4914 facit,
897 4848 1001 4904 nisi
1027 4852 1409 4921 concupiscens
1434 4854 1693 4910 adversus
1730 4870 1948 4910 carnem
1993 4857 2153 4926 spiri-

581 4947 665 4993 tus
689 4939 885 5005 bonus,
925 4955 1047 4995 cum
1073 4941 1217 4996 illam
1260 4958 1477 4998 crucem
1523 4944 1724 4999 Christi
1753 4945 1943 5000 iecerit
1978 4947 2153 5002 inimi-

579 5045 699 5093 uus,
729 5031 783 5086 id
809 5042 914 5097 est,
943 5035 1163 5103 spiritus
1184 5037 1373 5091 malus.
1406 5037 1685 5095 Postremo
1718 5042 1845 5109 quid
1879 5050 1963 5096 est
2006 5043 2154 5111 quod

578 5135 769 5177 omnes
790 5135 1056 5180 noverunt
1073 5126 1282 5197 signum
1309 5130 1485 5183 crucis
1503 5128 1702 5184 Christi
1732 5130 1914 5202 [Aug.,
1939 5132 2150 5203 signum

579 5209 836 5285 Christi},
867 5216 969 5270 nisi
996 5230 1128 5271 erus
1149 5218 1384 5273 Christi?
1416 5218 1568 5284 Quod
1596 5220 1804 5290 signum
1822 5262 1836 5285 ,
1870 5222 1972 5276 nisi
2001 5223 2154 5277 adhi-

579 5302 774 5357 beatur
811 5305 925 5359 sive
957 5305 1223 5363 frontibus
1248 5309 1601 5373 credentium,
1623 5311 1737 5364 sive
1766 5311 1864 5380 ipsi
1906 5328 2057 5383 aquae
2085 5328 2152 5367 ex

582 5411 689 5466 qua
742 5410 1152 5469 regenerantur,
1179 5402 1295 5456 sive
1327 5401 1447 5456 oleo
1487 5417 1595 5471 quo
1646 5403 1976 5459 charismate
2014 5403 2148 5475 [Al.,

582 5488 856 5562 crisznate]
882 5491 1044 5563 οδε
1087 5501 1381 5565 unguntur,
1411 5493 1523 5549 sive
1550 5493 1817 5549 sacrificio
1858 5510 1967 5565 quo
2001 5495 2153 5550 alun-

662 5623 789 5696 fEx
814 5623 874 5696 S.
906 5622 1063 5696 Aug.,
1087 5635 1249 5682 tract.
1280 5642 1423 5687 ειη,
1451 5642 1604 5696 ιιιιιῐιἶ
1632 5625 1747 5680 1-6.

658 5692 686 5731 δ
717 5693 914 5766 Supple
951 5692 1015 5749 ei
1047 5696 1180 5766 Aug.
1225 5696 1327 5766 loc.
1359 5697 1473 5765 cit;
1508 5716 1527 5754 ι
1561 5695 1693 5750 Nam
1731 5712 1826 5751 cur
1873 5697 1974 5752 hoc
2012 5697 2153 5753 fece—

587 5761 692 5825 rit,
728 5761 869 5834 quod
900 5761 1404 5834 sequitur'indicat';
1445 5768 1522 5830 ait
1572 5768 1713 5830 enim
1758 5767 2097 5840 Evangelista
2132 5787 2145 5825 :

2172 3184 2223 3250 ο

2179 4544 2229 4602 Ι)

2252 1966 2613 2006 conversurus
2657 1952 2710 2006 in
2740 1953 2921 2006 vinum
2965 1954 3174 2008 dixerat
3203 1956 3363 2009 matri
3394 1973 3409 2008 :
3439 1956 3581 2021 Quid
3627 1961 3761 2013 mihi
3792 1968 3841 2013 et

2252 2043 2344 2096 tibi
2373 2052 2445 2096 est
2475 2042 2701 2096 mulier?
2726 2042 2975 2096 Nondum
2997 2045 3132 2097 venit
3157 2045 3287 2098 liora
3317 2062 3435 2099 mea
3455 2046 3635 2117 (Ioan.
3660 2066 3722 2113 η,
3753 2049 3837 2119 4).

2254 2134 2401 2188 lianc
2424 2135 2605 2204 itaque
2639 2135 2827 2188 horam
2866 2135 3225 2203 praedixerat,
3268 2150 3389 2204 qua:
3429 2145 3549 2191 tunc
3581 2140 3831 2198 nondum

2251 2232 2497 2287 venerat,
2526 2224 2578 2277 in
2607 2239 2714 2294 qua
2742 2223 2962 2278 deberet
2990 2225 3205 2293 agnosci
3238 2240 3267 2279 a
3299 2232 3473 2281 matre
3505 2229 3825 2295 moriturus,

2253 2316 2318 2372 de
2348 2331 2450 2385 qua
2497 2315 2672 2370 fuerat
2723 2316 3028 2370 mortaliter
3071 2324 3247 2370 natus.
3289 2317 3441 2373 Tunc
3480 2334 3605 2390 ergo
3645 2320 3837 2389 divina

2252 2405 2513 2470 facturus,
2549 2422 2655 2462 non
2707 2407 3025 2468 divinitatis.
3057 2408 3150 2462 sed
3200 2408 3535 2464 inﬁrmitatis
3580 2419 3839 2476 matrem,

2251 2498 2396 2552 velut
2430 2498 2751 2570 incognitam
2776 2497 3054 2553 refellebat
3074 2498 3257 2570 [.4ug.,
3294 2500 3613 2573 repellebat]
3645 2521 3659 2554 :
3689 2518 3841 2558 nunc

2253 2599 2433 2645 autem
2474 2591 2707 2644 humana
2742 2589 2853 2659 jam
2895 2591 3138 2661 patiens,
3189 2609 3254 2647 ex
3285 2608 3391 2663 qua
3438 2593 3620 2648 fuerat
3667 2593 3844 2651 factus

2252 2679 2429 2739 homo,
2463 2679 2656 2734 allectu
2713 2680 3125 2735 commendabat
3180 2684 3434 2737 humano.
3490 2685 3650 2740 Tunc
3696 2687 3841 2742 enim

2251 2770 2344 2840 qui
2383 2769 2606 2824 Mariam
2647 2778 2965 2835 creaverat,
3016 2771 3384 2827 innotescebat
3413 2776 3650 2842 virtute;
3701 2791 3836 2834 nune

2252 2877 2380 2917 vero
2401 2877 2558 2932 quem
2582 2862 2751 2918 Maria
2773 2866 3357 2934 pepercrat,pendebat
3375 2867 3431 2921 in
3455 2883 3643 2923 cruce.
3668 2887 3688 2919 ι
3708 2868 3843 2923 Hor.

2252 2952 2374 3006 talis
2403 2952 2566 3021 igitur
2595 2952 2900 3007 insinuatur
2929 2954 3139 3009 locutus
3168 2953 3295 3025 lMs.
3342 2964 3390 3008 et
3425 2955 3587 3027 Aug.,
3620 2955 3843 3012 Morslis

2253 3042 2556 3097 insinuatur
2579 3043 2771 3117 locus].
2799 3045 2949 3099 Facit
2976 3047 3118 3115 quod
3144 3045 3449 3103 faciendum
3480 3049 3765 3112 admonet.
3784 3059 3843 3106 et

2253 3132 2498 3202 exemplo
2542 3148 2640 3188 suo
2668 3150 2794 3188 suos
2831 3135 3086 3189 instruxit
3125 3147 3425 3206 prmceptor
3453 3139 3630 3194 bonus
3655 3180 3672 3203 ,
3723 3150 3786 3194 ut
3809 3156 3841 3195 ι

2256 3223 2379 3279 (iliis
2402 3226 2503 3294 piis
2545 3225 2885 3296 impendatur
2912 3242 3040 3282 cura
3069 3230 3383 3297 parentibus
3421 3247 3435 3282 ε
3468 3238 3732 3300 tanquam
3776 3232 3841 3288 li-

2253 3329 2415 3384 gnum
2445 3315 2574 3368 illud
2596 3316 2684 3369 ubi
2725 3326 2882 3371 erant
2907 3317 3012 3371 lixa
3041 3318 3279 3374 membra
3317 3322 3629 3387 morientis,
3672 3324 3839 3381 etiam

2252 3406 2505 3460 cathedra
2540 3405 2702 3460 fuerit
2724 3409 2966 3477 magistri
2991 3410 3234 3465 docentis
3255 3411 3304 3465 ι’.
3338 3410 3422 3466 Ea:
3450 3411 3545 3466 illa
3572 3413 3709 3467 hora
3748 3431 3840 3468 ao-

2252 3497 2384 3566 cepit
2411 3512 2527 3550 eam
2554 3497 2842 3567 discipulus
2872 3499 2926 3551 in
2952 3515 3069 3561 sua,
3095 3499 3161 3554 de
3191 3501 3482 3570 semetipso
3507 3503 3714 3559 dicens.
3742 3503 3836 3558 Sic

2251 3588 2449 3658 quippe
2494 3604 2923 3644 commemorare
2950 3606 3008 3645 se
3052 3591 3212 3655 solet,
3258 3594 3401 3663 quod
3429 3609 3551 3649 eum
3578 3594 3843 3666 diligebat

2250 3675 2450 3733 Iesus:
2481 3679 2573 3747 qui
2614 3680 2798 3748 utique
2842 3696 3057 3746 omnes,
3104 3683 3201 3738 sed
3253 3683 3426 3752 ipsum
3470 3700 3583 3753 pra:

2251 3774 2308 3821 et
2348 3766 2668 3824 familiarius
2719 3768 3008 3840 diligebat,
3063 3772 3137 3825 ita
3183 3781 3242 3825 ut
3276 3773 3329 3827 in
3380 3775 3631 3829 convivio
3674 3790 3844 3845 super

2250 3864 2438 3925 pectus
2482 3872 2638 3911 suum
2677 3858 3015 3914 discumbere
3044 3859 3247 3915 faceret
3274 3880 3289 3915 :
3321 3864 3515 3929 credo,
3560 3875 3627 3920 ut
3677 3866 3846 3921 istius

2252 3944 2545 4014 Evangelii,
2574 3947 2715 4015 quod
2742 3961 2841 4016 per
2863 3962 2986 4002 eum
3016 3947 3192 4003 fuerat
3241 3950 3652 4019 praedicaturus,
3696 3953 3848 4007 divi-

2252 4051 2375 4091 nam
2412 4037 2788 4117 excellentiam
2837 4038 2941 4094 hoc
2990 4041 3149 4095 modo
3190 4042 3353 4097 altius
3399 4044 3840 4099 commendaret.

2322 4128 2485 4182 Vsus.
2532 4127 2717 4182 28-30.
2748 4158 2821 4171 --
2848 4127 3037 4184 Postea
3087 4133 3253 4185 sciens
3298 4131 3456 4186 Iesus
3498 4134 3624 4203 quia
3652 4135 3849 4188 omnia

2252 4229 2608 4273 consummata
2633 4231 2770 4283 sunt,
2794 4228 2847 4274 ut
2874 4233 3325 4275 consummaretur
3337 4222 3635 4293 Scriptura,
3659 4224 3803 4278 dicit
3827 4239 3852 4277 :

2254 4306 2410 4364 Sitio.
2455 4309 2553 4364 Vas
2579 4327 2701 4381 ergo
2724 4313 2949 4382 positum
2979 4322 3090 4365 erat
3112 4324 3256 4367 aceto
3276 4312 3508 4383 plenum.
3532 4313 3628 4367 Illi
3655 4325 3853 4369 autem

2252 4400 2519 4471 spongiam
2541 4400 2747 4470 plenam
2770 4411 2912 4454 aceto
2930 4402 3151 4470 ltgssopo
3172 4403 3618 4473 circumponentes
3631 4404 3861 4459 obtule-

2254 4500 2374 4544 runt
2402 4490 2482 4544 ori
2507 4491 2640 4559 ejus.
2658 4490 2789 4544 Cum
2811 4508 2932 4561 ergo
2949 4493 3229 4562 accepisset
3248 4491 3403 4547 Iesus
3420 4504 3645 4557 acetum,
3662 4495 3818 4549 dixit
3834 4509 3860 4547 :

2254 4576 2684 4633 Consummatum
2713 4591 2806 4634 est.
2848 4579 2918 4633 Et
2946 4580 3197 4635 inclinato
3225 4584 3394 4653 capite
3421 4584 3640 4637 tradidit
3674 4587 3867 4654 spiri-

2255 4679 2386 4723 tum.
2426 4669 2558 4736 Quis
2579 4679 2752 4740 potest
2775 4686 2896 4739 quze
2931 4670 3061 4726 facit
3104 4673 3179 4727 ita
3216 4673 3527 4743 disponere,
3560 4677 3867 4743 quomodo

2254 4766 2520 4833 disposuit
2546 4764 2709 4819 homo
2743 4766 2846 4821 iste
2880 4768 2970 4835 qui
3009 4782 3201 4836 passus
3237 4775 3319 4821 est
3346 4766 3531 4839 [Aug.,
3560 4783 3680 4837 qua:
3702 4784 3877 4839 pas!

2255 4870 2348 4910 sus
2368 4853 2509 4925 est]?
2532 4853 2638 4909 Sed
2666 4856 2826 4909 homo
2870 4857 3137 4911 mediator
3163 4857 3257 4912 Dei
3298 4867 3353 4911 et
3379 4857 3694 4925 hominum;
3740 4860 3874 4916 ho—

2256 4962 2344 5001 mo
2363 4987 2377 5011 ,
2416 4948 2482 5002 de
2503 4964 2611 5016 quo
2635 4948 2948 5016 prredictum
2974 4947 3185 5018 legitur,
3216 4957 3270 5002 ct
3308 4949 3465 5003 homo
3493 4956 3599 5013 est,
3632 4956 3689 5003 et
3720 4951 3879 5020 quis

2257 5040 2497 5110 agnoscit
2538 5042 2699 5095 cum?
2746 5040 3008 5109 Quoniam
3060 5035 3248 5097 omnes
3288 5058 3383 5113 per
3413 5058 3548 5112 quos
3594 5044 3722 5100 haec
3764 5045 3879 5101 ﬁe-

2256 5121 2428 5194 bant,-
2460 5132 2714 5186 videbant
2771 5133 3080 5193 hominem,
3132 5133 3225 5187 sed
3273 5148 3380 5186 non
3435 5135 3886 5202 cognoscebant

2256 5216 2421 5271 Deum
2447 5229 2492 5270 ε.
2519 5218 2688 5273 Homo
2717 5234 2946 5287 namque
2967 5220 3283 5288 apparebat,
3312 5220 3404 5287 qui
3428 5219 3566 5273 Deus
3594 5220 3879 5290 latebat;

2254 5309 2560 5377 patiebatur
2586 5309 2924 5362 hircomuia
2968 5309 3059 5377 qui
3103 5309 3416 5377 apparebat,
3446 5318 3501 5362 et
3524 5309 3675 5363 idem
3742 5313 3887 5384 ipse

2258 5398 2571 5467 disponebat
2610 5399 2723 5452 haec
2763 5398 2943 5452 omnia
2986 5398 3077 5466 qui
3124 5397 3341 5451 latebat.
3374 5398 3517 5453 Vidit
3537 5412 3681 5468 ergo
3715 5417 3889 5472 quo.

2258 5492 2403 5545 niam
2444 5498 2814 5545 consummata
2855 5497 2981 5543 sunt
3029 5489 3209 5544 omnia
3257 5504 3379 5559 qua:
3428 5489 3740 5558 oportebat
3808 5502 3892 5554 ιι

2259 5624 2325 5680 Et
2349 5642 2412 5679 ea:
2439 5622 2531 5676 illa
2554 5621 2705 5684 liora,
2729 5628 2833 5676 ctc.
2870 5640 2888 5673 ι

2296 5698 2351 5734 'c
2385 5695 2563 5764 Aug.:
2598 5710 2617 5741 ι
2654 5690 2915 5764 Quoniam
2947 5690 3193 5764 homines
3216 5706 3378 5764 ,_pet‘
3404 5704 3539 5762 quos
3582 5691 3731 5749 11ch
3770 5692 3893 5759 ﬁo-

2251 5766 2403 5832 hant,
2438 5758 2540 5819 non
2573 5762 2926 5834 agnoscebant
2948 5758 3219 5817 hominem
3238 5758 3437 5835 D'eum.‘
3459 5781 3479 5815 ι
