4088 6340
240 404 353 465 985

1014 402 1419 459 EXEGETICA.
1460 431 1529 443 --
1565 398 1915 457 COMMENT.
1952 396 2024 454 IN
2057 397 2251 456 IOAN.’
2285 427 2356 438 -
2388 396 2520 452 LIB.
2556 393 2662 452 VII.

244 521 461 582 ﬁerent,
481 522 768 584 antequam
789 512 1053 583 acciperet
1073 521 1285 568 acetum
1310 519 1365 566 et
1390 511 1625 566 traderet
1644 509 1807 579 spiri-
1834 515 1885 572 Α
1911 508 2184 574 crucibus,
2212 524 2464 581 magnum
2488 508 2629 564 diem
2670 505 2863 562 festum
2902 505 2985 560 sui
3004 503 3250 560 diuturni
3268 504 3480 563 crucia-

244 620 393 678 tum,
414 616 577 678 atque
611 614 673 660 ut
708 607 810 660 hoc
847 604 1010 660 etiam
1054 609 1534 665 consummantur,
1564 600 1704 669 quod
1734 599 1823 654 ait

248 699 529 769 Scriptura
553 716 566 751 :
590 695 658 749 Et
684 697 738 750 in
763 696 848 750 siti
885 710 1003 748 mea
1022 701 1324 764 putaverunt
1348 708 1428 745 me
1462 701 1609 744 aceto
1631 688 1805 762 (Pscl.

246 805 439 853 LXVIII,
460 788 573 858 22).
601 787 754 849 Sitio,
778 786 987 855 inquit;
1033 793 1287 852 tanquam
1314 783 1550 837 diceret:
1580 780 1681 835 hoc
1710 780 1811 833 mi-

246 897 351 938 nus
378 880 600 942 fecistis,
631 879 755 933 date
779 876 920 946 quod
941 875 1092 931 estis.
1122 874 1290 929 Judrei
1318 874 1511 943 quippe
1534 871 1632 941 ipsi
1654 878 1810 925 erant

245 980 479 1036 acetum,
510 971 896 1041 degenerantes
924 982 954 1020 a
980 967 1103 1019 vino
1127 965 1551 1034 patriarcharum
1582 971 1636 1017 et
1680 977 1809 1030 pro-

242 1062 561 1134 phetarum;
604 1067 659 1115 et
686 1067 940 1127 tanquam
967 1054 1033 1110 de
1063 1054 1219 1124 pleno
1256 1068 1403 1118 vase,
1429 1053 1496 1107 de
1526 1051 1810 1121 iniquitate

244 1154 433 1210 mundi
474 1152 630 1221 hujus
680 1150 915 1221 impleti,
943 1163 1038 1204 cor
1082 1149 1339 1203 habentes
1362 1146 1509 1201 velut
1533 1146 1808 1217 Spongiam

244 1242 554 1298 cavernosis
602 1239 995 1311 quodammodo
1046 1246 1207 1307 atque
1250 1237 1508 1291 tortuosis
1576 1236 1811 1292 latibulis

243 1333 663 1389 fraudulentum.
690 1330 987 1399 Hvssopum
1008 1337 1185 1382 autem
1205 1327 1290 1382 cui
1311 1324 1811 1397 circunfposuernnt

242 1423 525 1495 spongiam
550 1433 704 1476 aceto
731 1421 973 1492 plenam,
995 1419 1247 1489 quoniam
1290 1419 1454 1472 herba
1486 1418 1701 1472 humilis
1727 1425 1811 1472 est

242 1526 298 1573 et
325 1525 511 1587 pectus
556 1516 768 1586 purgat,
801 1514 970 1584 ipsius
1023 1512 1221 1567 Christi
1274 1511 1634 1566 humilitatem
1683 1524 1809 1564 con-

241 1619 499 1680 gruenter
534 1607 826 1675 accipimus
863 1622 876 1658 :
921 1620 1082 1673 quam
1133 1603 1624 1664 circumdelerunt,
1652 1607 1706 1653 et
1752 1614 1811 1653 se

240 1696 659 1753 circumvenisse
700 1701 1039 1765 putaverunt.
1093 1691 1246 1747 Unde
1283 1690 1410 1745 illud
1447 1691 1500 1743 in
1548 1689 1760 1744 Psalmo
1793 1707 1805 1741 :

240 1790 493 1860 Asperges
540 1804 622 1842 me
676 1786 918 1858 hyssopo,
969 1794 1018 1839 et
1058 1784 1349 1839 mundabor
1403 1781 1574 1855 (Psal.
1627 1800 1677 1845 L,
1728 1783 1804 1851 9).

238 1880 441 1937 Christi
498 1895 732 1951 namque
782 1879 1081 1934 humilitate
1136 1878 1456 1931 mundamur
1486 1894 1498 1929 :
1533 1876 1656 1945 quia
1702 1876 1804 1929 nisi

239 1970 578 2026 humiliasset
604 1970 966 2038 semetipsum,
985 1966 1159 2022 factus
1181 1966 1434 2019 obediens
1462 1964 1607 2018 Patri
1639 1978 1809 2032 usque

239 2064 309 2118 ad
327 2070 555 2118 mortem
583 2061 781 2125 crucis,
799 2059 983 2127 utique
1003 2057 1219 2127 sanguis
1249 2055 1364 2123 ejus
1386 2055 1437 2108 in
1462 2062 1809 2124 peccatorum

239 2152 637 2216 remissionem,
662 2151 764 2204 hoc
793 2156 893 2211 est,
923 2152 977 2201 lu
1011 2156 1250 2200 nostram
1278 2144 1676 2198 mundationcm
1702 2157 1807 2196 non

241 2247 431 2303 fuisset
460 2246 680 2302 ell‘usus.
730 2243 839 2297 Nec
867 2248 1081 2296 moveat
1116 2239 1384 2309 quomodo
1409 2239 1688 2307 spongiam
1726 2236 1810 2290 ori

236 2337 356 2405 ejus
378 2335 651 2406 potuerint
673 2334 979 2394 admovere,
1009 2330 1099 2399 qui
1136 2330 1191 2383 in
1243 2342 1404 2384 cruce
1453 2326 1629 2381 fuerat
1665 2327 1810 2381 exal-

237 2437 384 2483 tatus
424 2441 455 2480 a
503 2435 667 2480 terra.
718 2423 870 2477 Sicut
913 2424 1053 2478 enim
1114 2423 1252 2492 apud
1284 2423 1416 2475 alios
1457 2420 1810 2491 evangelistas

235 2520 453 2589 legitur,
497 2519 638 2587 quod
689 2517 775 2572 hic
824 2518 1190 2588 praetermisit,
1218 2517 1273 2570 in
1308 2514 1568 2569 arundine
1607 2521 1690 2567 est
1729 2511 1810 2566 fa-

235 2617 404 2671 ctum,
434 2609 595 2679 633
641 2615 701 2662 ut
742 2607 963 2679 spongia
993 2608 1114 2662 talis
1140 2615 1299 2678 potus
1328 2605 1395 2659 ad
1425 2605 1604 2661 crucis
1645 2603 1810 2657 subli-

235 2699 346 2755 mia
373 2700 659 2754 levaretur.
690 2699 795 2755 Per
822 2701 1137 2755 arundinem
1171 2715 1297 2754 vero
1325 2696 1606 2767 Scriptura
1644 2694 1810 2765 signi-

236 2791 517 2853 ﬁcabatur,
559 2806 677 2858 quae
718 2790 1036 2858 implebatur
1090 2790 1193 2843 hoc
1237 2787 1399 2841 facto.
1454 2784 1605 2839 Sicut
1664 2783 1808 2838 enim

236 2882 419 2952 lingua
446 2882 640 2936 dicitur
682 2881 761 2935 vel
801 2880 1007 2944 Graeca,
1039 2880 1121 2933 vel
1147 2879 1361 2944 Latina,
1397 2877 1483 2931 vel
1532 2875 1633 2929 alia
1664 2889 1810 2944 qua:-

235 2975 369 3029 libet
413 2987 599 3027 sonum
646 2970 954 3041 signiﬁcans
1000 2970 1086 3039 qui
1130 2968 1312 3040 lingua
1372 2966 1676 3037 promitur,
1731 2962 1809 3017 sic

235 3064 447 3118 arundo
492 3063 595 3116 dici
623 3069 799 3130 potest
831 3062 1032 3125 littera,
1063 3075 1181 3130 qua:
1207 3058 1468 3112 arundine
1512 3056 1802 3119 scribitur;

235 3152 336 3208 sed
383 3151 769 3222 significantius
800 3166 958 3205 sonos
984 3148 1141 3222 [Aug.
1161 3190 1175 3214 ,
1225 3163 1384 3231 sonos
1416 3143 1803 3217 signiﬁcantes]
1834 3177 1882 3240 c

235 3240 388 3296 vocis
415 3242 661 3296 humana:
691 3240 1040 3294 usitatissime
1069 3239 1294 3293 dicimus
1340 3238 1575 3307 linguam
1619 3255 1631 3287 :
1665 3234 1809 3288 Scri-

234 3341 453 3404 pturam
476 3347 603 3386 vero
624 3331 938 3385 arundinem
965 3331 1069 3384 dici
1091 3345 1197 3399 quo
1220 3329 1396 3387 minus
1424 3336 1506 3380 est
1534 3325 1807 3390 usitatum,

235 3440 305 3480 eo
326 3423 496 3492 magis
523 3432 607 3477 est
654 3422 877 3492 mystice
909 3418 1215 3491 ﬁguratum.
1271 3417 1403 3471 Cum
1440 3432 1560 3486 ergo
1589 3415 1814 3484 accepis-

234 3523 315 3568 set
350 3510 504 3567 Iesus
542 3521 765 3575 acetum,
813 3510 948 3563 dixit
985 3522 1005 3561 :
1055 3506 1481 3563 Consumma'tum
1530 3515 1626 3560 est.
1675 3503 1814 3570 Quid

235 3603 346 3659 nisi
366 3602 507 3673 quod
535 3603 795 3670 propheta
821 3608 972 3655 tanto
999 3606 1123 3653 ante
1154 3596 1285 3669 [Αι.,
1313 3596 1473 3666 paulo
1498 3594 1644 3668 ante]
1677 3603 1812 3648 tem-

236 3709 375 3766 pore
419 3692 776 3764 praedixerat?
824 3691 1025 3747 Deinde
1073 3690 1196 3759 quia
1255 3687 1384 3742 nihil
1435 3692 1810 3751 remanserat,

237 3783 386 3854 quod
440 3792 727 3851 antequam
784 3787 1085 3839 moreretur
1126 3778 1239 3832 ﬁeri
1289 3778 1464 3832 adhuc
1509 3775 1809 3847 oportebat,

238 3884 501 3944 tanquam
538 3873 627 3927 ille
670 3872 761 3940 qui
809 3877 1127 3940 potestatem
1158 3868 1395 3925 habebat
1422 3864 1654 3936 ponendi
1697 3864 1815 3918 ani-

236 3977 388 4016 mam
429 3975 577 4015 suam
607 3968 662 4014 et
689 3959 884 4012 iterum
914 3955 1156 4010 sumendi
1200 3970 1320 4008 eam
1339 3994 1352 4018 ,
1381 3952 1615 4023 peractis
1640 3953 1815 4005 omni-

236 4054 344 4109 bus
381 4066 502 4122 quae
530 4058 588 4104 ut
630 4056 1013 4120 peragerentur
1059 4045 1427 4115 exspectabat.
1454 4042 1703 4097 inclinato
1726 4058 1812 4097 ca-

236 4143 347 4212 pite
392 4139 613 4193 tradidit
659 4138 918 4208 spiritum.
952 4134 1083 4200 Quis
1113 4133 1186 4187 ita
1232 4133 1429 4187 dormit
1471 4131 1682 4201 quando
1719 4146 1811 4185 vo-

236 4232 425 4295 luerit,
454 4230 592 4284 sicut
622 4226 777 4282 Jesus
823 4232 1066 4279 mortuus
1095 4230 1178 4277 est
1204 4222 1418 4292 quando
1448 4220 1651 4274 voluit?
1681 4219 1812 4286 Quis

237 4323 318 4377 ita
348 4329 552 4376 vestem
582 4319 797 4388 deponit
841 4318 1052 4387 quando
1078 4317 1325 4381 voluerit,
1374 4316 1514 4370 sicut
1558 4330 1616 4371 se
1653 4330 1814 4369 carne

237 4411 394 4467 exuit
435 4410 648 4480 quando
682 4407 882 4462 voluit?
925 4406 1054 4473 Quis
1102 4408 1177 4462 ita
1234 4422 1355 4462 cum
1401 4405 1628 4460 voluerit
1675 4405 1807 4470 abit,

1908 608 1996 656 tus
2014 601 2240 656 horrore
2266 600 2551 656 foedarent.

1977 705 2139 760 Vsus.
2185 704 2370 759 32-34.
2400 735 2472 744 -—
2504 702 2766 757 Venerunt
2793 716 2914 771 ergo
2964 701 3173 767 milites,
3223 712 3272 757 et
3319 703 3479 774 primi

1907 796 2114 869 quidem
2137 794 2398 865 fregerunt
2426 811 2599 857 crura,
2628 802 2675 846 et
2705 791 2920 846 alterius
2949 793 3036 864 qui
3064 792 3345 862 cruciﬁxus
3365 802 3479 849 erat

1909 901 2027 938 cum
2055 902 2133 938 eo.
2165 884 2247 937 Ad
2284 883 2465 938 Iesum
2493 893 2666 937 autem
2695 899 2814 948 cum
2847 881 3120 945 venissent,
3152 891 3207 935 ut
3237 882 3480 937 viderunt

1908 989 2025 1026 eum
2053 973 2171 1042 jam
2217 985 2513 1039 mortuum,
2557 990 2658 1026 non
2706 972 2969 1042 fregerunt
3014 971 3129 1041 ejus
3159 971 3479 1031 crura..Sed

1908 1080 2042 1120 unus
2076 1063 2297 1117 militum
2327 1063 2507 1118 lancea
2536 1063 2674 1117 latus
2715 1066 2831 1134 ejus
2857 1063 3095 1134 aperuit,
3140 1071 3187 1116 et
3234 1061 3479 1118 continuo

1907 1159 2062 1213 exivit
2099 1159 2311 1228 sanguis
2354 1168 2402 1211 et
2446 1175 2601 1227 aqua.
2655 1157 2898 1227 Eleganti
2936 1155 3288 1226 vigilantique
3315 1156 3481 1211 verbo

1907 1248 2233 1318 evangelista
2282 1263 2411 1301 usus
2462 1255 2562 1311 est,
2592 1255 2672 1311 ,ιιι
2718 1262 2825 1301 non
2855 1247 3057 1302 diceret
3094 1263 3107 1299 :
3159 1245 3324 1301 Latus
3363 1246 3481 1316 ejus

1907 1338 2191 1415 percussit,
2216 1344 2310 1390 aut
2336 1334 2654 1398 vulneravit,
2697 1343 2789 1390 aut
2835 1335 2963 1404 quid
3005 1335 3181 1400 aliud;
3230 1334 3320 1391 sed
3361 1351 3484 1406 ape-

1909 1431 2012 1484 ruit
2037 1445 2054 1482 :
2085 1437 2146 1483 ut
2181 1427 2289 1482 illic
2332 1427 2725 1499 quodammodo
2755 1427 2880 1481 vitae
2906 1427 3103 1481 ostium
3132 1425 3481 1495 panderetur,

1907 1522 2049 1576 unde
2073 1528 2411 1575 sacramenta
2440 1518 2693 1573 Ecclesiae
2736 1524 3108 1579 manaverunt,
3140 1517 3256 1571 sine
3285 1516 3483 1585 quibus

1909 1612 1976 1667 ad
2017 1613 2182 1666 vitam
2225 1625 2345 1680 quae
2377 1624 2505 1662 vera
2543 1608 2653 1663 vita
2678 1617 2779 1673 est,
2821 1624 2925 1663 non
2952 1608 3204 1662 intratur.
3244 1607 3338 1662 ille
3362 1622 3485 1661 san-

1908 1704 2027 1775 guis
2053 1704 2105 1757 in
2130 1702 2499 1761 remissionem
2534 1699 2684 1756 fusus
2708 1708 2792 1755 cst
2823 1707 3204 1768 peccatorum;
3230 1713 3368 1768 aqua
3394 1697 3486 1752 illa

1910 1796 2145 1850 salutare
2206 1792 2525 1861 temperavit
2579 1791 2826 1861 poculum
2885 1810 2897 1844 :
2949 1791 3064 1845 haec
3104 1797 3160 1843 et
3209 1788 3484 1845 lavacrum

1909 1891 2129 1954 praestat
2161 1891 2215 1935 et
2244 1890 2447 1951 potum.
2497 1879 2610 1934 Hoc
2654 1878 3050 1948 praenuntiabat
3088 1879 3229 1947 quod
3266 1876 3378 1930 Noe
3428 1876 3486 1929 in

1910 1976 2077 2030 latere
2116 1989 2255 2028 arca:
2283 1973 2481 2027 ostium
2507 1970 2684 2025 facere
2726 1969 2911 2038 jussus
2941 1977 3042 2033 est,
3080 1985 3186 2040 qua
3216 1969 3486 2023 intrarent

1910 2065 2159 2121 animalia
2203 2080 2321 2135 qua:
2359 2080 2467 2119 non
2510 2071 2665 2118 erant
2711 2063 2911 2118 diluvio
2962 2062 3238 2131 peritura,
3289 2061 3485 2132 quibus

1908 2154 2351 2225 praeﬁgurabatur
2377 2152 2618 2208 Ecclesia
2656 2152 2809 2222 (Gen.
2841 2169 2915 2216 vr,
2968 2152 3075 2222 i6).
3111 2152 3341 2221 Propter
3378 2154 3482 2208 hoc

1908 2247 2086 2316 prima
2130 2245 2316 2299 mulier
2377 2242 2518 2297 facta
2565 2251 2647 2297 est
2700 2243 2765 2297 de
2824 2242 2928 2296 viri
2987 2242 3156 2296 latere
3212 2241 3486 2297 dormien-

1910 2337 2012 2401 tis,
2048 2344 2102 2390 et
2136 2333 2400 2405 appellata
2431 2341 2513 2388 est
2540 2333 2651 2387 vita
2702 2342 2979 2402 materque
3028 2333 3274 2387 vivorum
3310 2330 3481 2395 (Gen.

1909 2446 1983 2493 ιι,
2029 2428 2100 2481 22
2125 2468 2139 2491 ,
2177 2426 2328 2497 seq.).
2366 2425 2616 2495 Magnum
2668 2425 2865 2494 quippe
2913 2425 3234 2495 signiﬁcavit
3260 2426 3483 2491 bonum,

1910 2525 2035 2575 aute
2083 2531 2335 2586 magnum
2385 2515 2848 2587 praevaricationis
2907 2514 3142 2579 malum,
3194 2516 3248 2570 in
3297 2516 3485 2571 habitu

1901 2605 2130 2675 jacentis
2175 2621 2237 2661 ac
2286 2605 2618 2661 dormientis.
2651 2605 2717 2659 Et
2750 2606 2839 2660 hic
2896 2608 3161 2663 secundus
3188 2607 3359 2663 Adam
3406 2608 3485 2663 in-

1909 2695 2108 2750 clinato
2132 2695 2306 2764 capite
2336 2696 2388 2751 in
2418 2710 2577 2750 cruce
2603 2695 2875 2760 dormivit,
2904 2703 2964 2750 ut
2994 2696 3116 2751 inde
3156 2695 3485 2753 formaretur

1909 2789 1958 2842 ei
1981 2789 2173 2857 conjux
2202 2803 2320 2856 qua:
2346 2788 2411 2842 de
2441 2787 2608 2840 latere
2628 2786 2945 2842 dormientis
2972 2787 3192 2843 eiliuxit.
3224 2788 3267 2849 Ο
3312 2805 3485 2856 mors,

1908 2879 2049 2932 unde
2085 2877 2279 2931 mortui
2311 2878 2665 2932 reviviscunt!
2692 2878 2877 2943 (Vens.
2908 2878 3125 2948 56,57.)
3152 2877 3319 2933 Facta
3348 2880 3487 2934 enim

1908 2977 2027 3020 sunt
2040 2966 2168 3031 lucc,
2185 2966 2376 3035 inquit,
2394 2974 2449 3019 ut
2481 2965 2753 3037 Scriptura
2784 2966 3112 3038 impleretur:
3131 2966 3202 3022 0s
3225 2985 3327 3022 non
3347 2984 3488 3024 com-

1909 3057 2147 3109 minuetis
2169 3072 2232 3109 ex
2268 3073 2346 3109 eo.
2382 3056 2449 3109 Et
2472 3057 2659 3109 iterum
2691 3054 2797 3109 alia
2828 3056 3101 3127 Scriptura
3130 3057 3297 3122 dicit:
3330 3055 3485 3113 Vide-

1912 3147 2055 3210 bunt,
2106 3147 2160 3200 in
2219 3162 2368 3215 quem
2425 3146 2819 3215 trans/iterant.
2890 3147 3004 3200 Duo
3066 3148 3372 3204 testimonia
3418 3149 3486 3205 de

1913 3238 2205 3306 Scripturis
2243 3238 2471 3292 reddidit
2497 3236 2720 3307 singulis
2763 3238 2945 3303 rebus,
2989 3252 3122 3306 quas
3152 3238 3324 3295 factas
3348 3254 3513 3295 nar-7

1913 3329 2068 3381 ravit.
2098 3327 2231 3381 Nam
2272 3328 2397 3398 quia
2437 3328 2645 3383 dixerat
2675 3346 2688 3381 :
2721 3328 2801 3380 Ad
2828 3327 3009 3381 Iesum
3039 3338 3211 3382 autem
3241 3345 3356 3381 cum
3406 3345 3489 3383 ue-

1913 3419 2123 3483 nissent,
2154 3435 2256 3471 non
2303 3418 2563 3488 fregerunt
2604 3418 2717 3488 ejus
2762 3435 2949 3482 crura,
3000 3418 3066 3473 ad
3092 3417 3210 3475 hoc
3240 3420 3490 3489 pertinet

1912 3509 2276 3563 testimonium
2310 3524 2323 3562 :
2352 3508 2422 3563 0s
2445 3526 2545 3563 non
2578 3510 2934 3563 comminuetis
2960 3527 3024 3563 ex
3054 3526 3112 3564 eo
3142 3524 3159 3562 :
3183 3510 3323 3580 quod
3348 3526 3488 3582 prte-

1912 3607 2123 3668 ceptum
2149 3607 2231 3654 cst
2263 3600 2342 3654 eis
2367 3599 2457 3669 qui
2490 3599 2763 3654 celebrare
2801 3600 3007 3654 Pascha
3046 3599 3185 3669 jussi
3214 3610 3342 3657 sunt
3367 3604 3488 3659 ovis

1913 3690 2276 3745 immolatione
2300 3690 2353 3744 in
2390 3689 2557 3743 veteri
2596 3689 2732 3759 lege,
2762 3704 2879 3758 qua:
2904 3690 3195 3747 Dominica:
3223 3692 3492 3761 passionis

1910 3780 2100 3834 umbra
2142 3787 2511 3848 prmcesscrat.
2547 3778 2700 3834 Unde
2732 3778 2938 3834 Pascha
2981 3791 3213 3835 nostrum
3246 3782 3488 3839 immola-

1912 3880 2001 3924 tus
2016 3881 2087 3925 est
2109 3869 2344 3925 Christus
2367 3868 2419 3938 (I
2448 3868 2569 3921 Cor.
2600 3886 2653 3935 v,
2686 3869 2737 3939 7)
2784 3887 2795 3921 :
2838 3870 2904 3923 de
2936 3887 3041 3939 qua
3065 3870 3245 3942 [Aug.,
3271 3873 3336 3926 de
3355 3874 3485 3946 quo]

1911 3971 1966 4017 et
1989 3961 2156 4015 isaias
2172 3961 2427 4030 prOpbeta
2448 3961 2769 4028 prredixerat
2791 3975 2804 4013 :
2822 3960 2967 4016 Sicut
2997 3964 3104 4016 ovis
3125 3964 3195 4017 ad
3219 3965 3506 4022 immolata

1911 4054 2034 4111 dum
2066 4052 2251 4105 ductus
2276 4060 2349 4105 est
2379 4050 2531 4122 (Isai.
2560 4068 2674 4116 un,
2715 4052 2790 4119 7).
2832 4052 2961 4108 item
2993 4052 3164 4127 [quia]
3196 4055 3488 4124 subiunxe-

1913 4150 1999 4195 rat
2022 4142 2203 4196 dicens
2244 4159 2256 4194 :
2290 4138 2391 4195 Sed
2412 4157 2547 4194 unus
2571 4140 2796 4195 militum
2836 4140 3017 4196 lancea
3045 4141 3184 4197 latus
3222 4148 3337 4216 ejus
3365 4164 3489 4218 ape-

1913 4231 2130 4295 ruit,ad
2171 4231 2272 4287 hoc
2314 4230 2549 4299 pertinet
2586 4230 2815 4284 alterum
2859 4230 3224 4288 testimonium
3262 4252 3276 4289 ;
3338 4233 3487 4292 Vide-

1913 4320 2066 4385 bunt,
2097 4321 2152 4375 in
2197 4336 2346 4392 quem
2388 4330 2798 4390 compunrerunt
2848 4334 2868 4372 .'
2912 4321 3003 4376 ubi
3051 4324 3348 4391 promissus
3402 4333 3486 4380 est

1913 4409 2159 4464 Christus
2188 4409 2242 4463 in
2284 4424 2346 4462 ea
2392 4424 2494 4479 qua
2524 4409 2814 4483 crucifixus
2864 4418 2950 4464 est
3001 4426 3165 4467 carne
3205 4420 3482 4469 venturus.

239 4502 510 4594 WOWOdO
535 4514 657 4554 cum
682 4498 852 4594 "°‘““_
876 4498 1043 4594 OEH"?
1070 4497 1278 4594 qua?”
1319 4497 1584 4594 δβθτίξηάδ
1623 4495 1708 4551 "el
1747 4497 1811 4551 ίί·
1843 4511 1892 4572 D
1987 4521 2146 4577 Vnus.
2174 4521 2260 4584 58,
2290 4520 2378 4575 59.
2402 4549 2475 4585 -—;-
2498 4520 2626 4575 Post
2652 4522 2762 4575 Ittec
2807 4531 2981 4576 autem
3017 4525 3213 4594 rogauit
3246 4521 3484 4580 Pilatum

239 4592 438 4648 menda
463 4596 701 4660 potestas
728 4597 812 4643 est
834 4588 1142 4663 judicantis,
1173 4588 1219 4647 si
1249 4587 1495 4658 apparuit
1525 4596 1672 4643 tanta
1701 4604 1815 4644 mo-

241 4681 470 4750 rientis?
499 4700 515 4732 ι

320 4787 341 4821 ι
376 4782 400 4810 α
425 4769 780 4837 Posteaquam
808 4768 1066 4822 Dominus
1098 4767 1275 4833 Iesus,
1306 4768 1540 4837 peractis
1567 4768 1817 4823 omnibus

242 4878 367 4934 quae
390 4869 514 4916 ante
534 4875 684 4915 suam
713 4868 939 4923 mortem
966 4862 1149 4931 peragi
1192 4868 1438 4930 oportere
1479 4858 1812 4931 prtesciebat,

242 4953 462 5025 quando
500 4951 668 5006 voluit
698 4950 917 5014 tradidit
945 4951 1213 5019 spiritum,
1237 4965 1354 5019 qua“:
1397 4948 1588 5003 deinde
1632 4956 1814 5001 secuta

239 5046 357 5101 sint
410 5042 736 5115 evangelista
796 5051 1048 5107 narrante
1103 5042 1399 5100 videamus.
1460 5040 1646 5113 (Vens.
1699 5038 1812 5108 51.)

239 5134 426 5188 Ιηάίεὶ
453 5150 594 5205 ergo,
626 5132 818 5203 inquit,
863 5133 1108 5201 quoniam
1149 5146 1423 5200 parasceve
1460 5139 1590 5193 erat,
1628 5136 1682 5182 ut
1713 5144 1816 5181 non

242 5233 571 5276 remanerent
616 5223 671 5276 in
705 5236 856 5275 cruce
883 5236 1099 5289 corpora
1130 5219 1343 5272 sabbato
1382 5218 1514 5288 (erat
1541 5218 1675 5271 enim
1704 5234 1817 5270 ma-

240 5329 379 5382 gnus
414 5312 524 5367 dies
575 5311 661 5365 ille
688 5309 938 5381 sabbati),
990 5318 1299 5379 rogaverunt
1328 5306 1559 5364 Pilatum
1586 5318 1642 5362 ut
1669 5308 1817 5380 fran-

241 5412 492 5471 gerentur
508 5418 687 5454 eorum
713 5416 892 5463 crura,
923 5408 971 5453 et
1000 5398 1325 5453 tollerentur.
1358 5397 1475 5454 Non
1504 5415 1664 5453 crura
1712 5398 1813 5453 tol-

242 5490 511 5558 lerentur,
551 5493 645 5547 sed
685 5492 738 5547 hi
765 5492 957 5561 quibus
987 5491 1106 5553 ideo
1148 5491 1533 5564 frangebantur
1554 5501 1812 5551 utmore-

242 5593 456 5651 rentur,
487 5594 541 5640 et
588 5585 925 5641 aul‘errentur
977 5600 1041 5641 ex
1086 5586 1273 5657 ligno:
1308 5603 1375 5643 ne
1422 5588 1711 5659 pendentes
1760 5586 1814 5645 in

319 5748 344 5777 ι
381 5736 457 5791 Es
491 5735 549 5792 S.
591 5738 745 5808 Aug,
778 5746 929 5811 tract.
959 5755 1078 5811 cus,
1113 5756 1260 5795 num.
1292 5741 1429 5807 1-7,.

1919 4608 2099 4679 Ioseph
2146 4608 2211 4662 ab
2237 4607 2554 4674 Arimathia,
2578 4626 2638 4663 eo
2673 4610 2813 4679 quod
2852 4621 2982 4665 esset
3007 4612 3291 4683 discipulus
3333 4614 3482 4682 Iesu,

1913 4696 2141 4751 occultus
2171 4706 2341 4750 autem
2365 4708 2574 4768 propter
2600 4709 2792 4752 metum
2823 4699 3132 4754 Iuda-orum
3151 4742 3167 4767 ,
3194 4713 3251 4756 ut
3279 4703 3485 4761 tolleret

1912 4803 2096 4858 corpus
2116 4785 2243 4841 Iesu
2272 4800 2289 4839 :
2317 4798 2363 4841 et
2393 4788 2623 4857 permisit
2654 4787 2883 4844 Pilatus.
2923 4789 3071 4846 Venit
3115 4810 3236 4865 ergo
3274 4805 3323 4849 et
3365 4796 3484 4850 tulit

1912 4892 2098 4946 corpus
2127 4875 2296 4931 Iesu:
2332 4876 2479 4931 Venit
2505 4888 2675 4932 autem
2696 4889 2744 4933 et
2770 4880 3107 4953 Nicodemus,
3145 4887 3236 4954 qui
3277 4896 3486 4942 venerat

1919 4965 1988 5021 ad
2008 4964 2189 5019 Iesum
2226 4976 2370 5021 nocte
2397 4969 2649 5036 primum,
2678 4970 2848 5038 ferens
2871 4974 3156 5028 mixturam
3188 4978 3413 5045 myrrhae
3434 4987 3487 5033 et

1921 5048 2084 5114 aloes,
2119 5052 2266 5121 quasi
2308 5050 2467 5104 libras
2517 5064 2738 5107 centum.
2788 5055 2904 5112 Non
2936 5059 3013 5112 ita
3052 5059 3485 5129 distinguendum

1920 5148 2020 5203 est,
2039 5148 2096 5195 ut
2121 5142 2375 5205 dicamus,
2389 5141 2614 5211 primum
2627 5142 2796 5213 ferens
2810 5149 3090 5203 mixturam
3107 5151 3365 5219 myrrhae;
3389 5154 3485 5210 sed

1922 5230 2040 5290 hoc,
2066 5231 2208 5299 quod
2233 5231 2433 5286 dictum
2454 5239 2536 5287 est
2557 5234 2805 5302 primum,
2831 5238 2897 5293 ad
2921 5239 3251 5307 superiorem
3267 5256 3485 5300 sensum

1922 5320 2176 5389 pertinet,
2206 5331 2404 5374 venerat
2448 5323 2586 5376 enim
2647 5324 2962 5383 Nicodemus
3005 5329 3074 5381 ad
3115 5328 3298 5386 Iesum
3338 5344 3517 5390 nocte

1916 5412 2143 5481 primum
2174 5424 2191 5461 :
2221 5412 2363 5481 quod
2401 5412 2542 5468 idem
2579 5413 2816 5472 Joannes
2847 5419 3092 5474 narravit
3118 5422 3173 5474 in
3210 5424 3486 5492 prioribus

1917 5501 2191 5571 Evangelii
2220 5501 2302 5557 sui
2338 5502 2763 5576 634partibns
2790 5506 2969 5577 (Ioan.
2998 5524 3082 5575 In,
3105 5511 3191 5583 2).
3233 5512 3328 5570 Hic
3354 5527 3485 5586 ergo

1917 5591 2315 5663 intelligendum
2357 5604 2460 5661 est,
2506 5598 2573 5653 ad
2618 5594 2801 5653 Iesum
2839 5614 2945 5653 non
2993 5609 3120 5657 tunc
3164 5589 3354 5669 solum,
3388 5608 3484 5662 sed
