4088 6340
582 297 688 359 987

1428 300 1488 358 Β.
1529 298 1590 353 ιε’.
1629 297 1856 352 ALBlNl
1888 295 2025 356 ,SEU
2063 295 2338 354 ALCUlNl
2373 295 2654 353 OPERUM
2693 296 2870 352 PARS
2903 297 2963 352 ll.
3015 321 3020 324 ·

582 420 712 467 tunc
754 411 990 484 primum
1022 413 1231 468 venisse
1261 411 1637 472 Nicodemum;
1675 412 1967 467 ventitasse
1997 410 2148 482 [Ms.,
2179 413 2226 471 Δ
2255 417 2404 464 ιιιυω
2431 411 2706 478 quaerebat
2749 409 2805 463 in
2848 418 3226 480 monumento;
3256 422 3313 470 et
3347 417 3476 484 quia
3502 433 3648 474 nunc
3689 420 3829 491 μί..

582 498 751 572 venit]
782 508 960 556 autem
989 510 1200 570 postea,
1232 509 1291 554 ut
1322 500 1474 555 ﬁeret
1503 501 1769 554 audiendo
1809 499 2102 570 discipulus
2133 516 2146 554 :

583 593 726 662 quod
754 593 912 646 modo
939 601 1085 647 certe
1110 593 1162 648 in
1207 592 1528 648 revelatione
1574 593 1814 662 corporis
1855 593 2151 647 beatissimi

585 680 842 750 Stephani
885 678 998 735 fere
1025 681 1284 736 omnibus‘
1322 683 1566 752 gentibus
1602 682 1922 736 declaratur.
1963 683 2149 751 (Vens.

583 769 644 823 ιι
678 769 851 840 )Erat
879 779 1051 823 autem
1083 771 1137 823 in
1166 770 1278 824 loco
1307 772 1394 825 ubi
1424 772 1708 840 cruciﬁxus
1731 782 1825 835 est,
1853 772 2055 835 hortus,
2104 783 2151 825 et

582 860 639 913 in
667 859 816 912 horto
856 868 1243 913 monumentum
1285 862 1569 924 novum,in
1617 878 1717 930 quo
1761 861 1989 914 nondum
2017 863 2155 931 quis-

557 961 740 1021 quam
767 950 965 1019 positus
1017 949 1209 1017 fuerat.
1249 949 1398 1004 Sicut
1433 951 1487 1004 in
1515 950 1694 1005 Mariae
1737 951 1964 1019 virginis
1999 960 2154 1007 utero

586 1053 745 1094 nemo
777 1046 902 1092 ante
931 1038 1098 1102 illum,
1124 1055 1282 1093 nemo
1309 1049 1429 1108 post
1468 1039 1613 1093 illum
1639 1050 1926 1110 conceptus
1952 1049 2052 1104 est,
2081 1041 2153 1094 ita

583 1129 639 1185 in
661 1131 764 1184 hoc
789 1137 1136 1184 monumento
1164 1145 1320 1185 nemo
1349 1137 1474 1184 ante
1499 1130 1666 1195 illum,
1685 1146 1846 1186 nemo
1872 1131 2153 1200 postillum

583 1221 824 1290 sepultus
851 1228 951 1275 est.
983 1221 1168 1290 (Vsus.
1199 1221 1309 1292 42.)
1329 1221 1412 1274 Ibi
1445 1238 1565 1291 ergo
1600 1232 1808 1292 propter
1829 1240 2154 1293 parascevem

583 1305 918 1373 Judceorum,
947 1311 1070 1380 quia
1090 1312 1248 1380 juxta
1277 1319 1389 1363 erat
1436 1320 1844 1373 monumentum,
1873 1318 2154 1380 posuerunt

583 1399 783 1455 Iesum.
834 1402 1201 1456 Acceleratam
1248 1401 1363 1457 vult
1406 1401 1631 1471 intelligi
1689 1401 2055 1474 sepulturam,
2088 1418 2156 1457 ne

585 1495 1092 1562 advesperasceret:
1123 1494 1335 1562 quando
1374 1493 1484 1562 jam
1531 1500 1749 1562 propter
1775 1507 2118 1561 parascevem
2138 1533 2152 1558 ,

585 1599 747 1652 quam
776 1598 983 1639 caenam
1013 1599 1199 1653 puram
1225 1581 1392 1637 Judaei
1421 1583 1629 1647 Latine,
1675 1582 1925 1636 usitatius
1951 1596 2158 1652 prepa-

587 1674 850 1728 rationem
891 1675 1031 1745 apud
1075 1689 1174 1730 nos
1200 1681 1412 1739 vocant,
1452 1673 1628 1728 facere
1673 1673 1777 1727 tale
1822 1672 2022 1742 aliquid
2048 1688 2156 1726 non

587 1759 801 1817 licebat.
834 1782 852 1817 ι

1163 1852 1388 1908 CAPUT
1441 1852 1575 1906 XLI.

589 1957 1264 2032 Resurrectionissimiliter
1305 1963 1656 2032 mani[estatio
1699 1961 2025 2024 declaratur,
2053 1980 2157 2032 qua

663 2028 837 2083 Maria
863 2028 1167 2100 Magdalene
1193 2029 1347 2084 Petro
1376 2042 1420 2084 et
1442 2028 1636 2085 Joanni
1664 2034 1866 2085 nuntiat
1897 2028 2157 2086 sublatum

661 2115 848 2167 corpus
895 2098 966 2151 de
999 2111 1347 2153 monumento.
1413 2100 1611 2165 Quibus
1661 2103 2049 2154 occarreutibur
2097 2119 2158 2154 ac

661 2169 904 2238 reversis,
945 2169 1054 2238 ipsa
1083 2179 1194 2236 post
1231 2169 1518 2238 angelicam
1563 2171 1807 2223 visionem
1855 2174 2019 2224 visum
2048 2188 2078 2223 a
2106 2187 2160 2223 se

660 2236 940 2288 Dominum
965 2236 1226 2291 a’stimans
1254 2236 1610 2307 hortulanum,
1638 2242 1846 2307 proprio
1873 2256 1993 2292 mox
2014 2240 2076 2292 ab
2098 2255 2159 2292 eo

662 2309 1271 2380 ret-ocaturcertamine.
1306 2306 1467 2374 Quem
1505 2306 1762 2380 cognitum
1786 2309 2003 2380 jubetur
2039 2325 2162 2380 pro-

661 2376 802 2430 tinus
829 2374 1094 2448 discumlie
1121 2378 1378 2431 namiare.

662 2489 842 2545 CAPUT
865 2505 955 2555 xx,
988 2493 1146 2546 Vens.
1176 2493 1226 2545 i.
1247 2523 1318 2533 —-
1348 2491 1466 2548 Una
1511 2503 1680 2547 autent
1729 2495 1952 2560 sabbati,
1985 2495 2162 2549 Maria

597 2581 907 2652 Magdalene
927 2585 1058 2638 venit
1088 2602 1257 2649 mane,
1282 2603 1398 2640 cum
1427 2587 1598 2640 adhuc
1622 2589 1842 2643 tenebrae
1869 2601 2034 2644 essent
2052 2631 2066 2655 ,
2093 2589 2161 2642 ad

593 2683 1012 2738 monumentum;
1054 2684 1103 2729 et
1153 2675 1277 2728 cidit
1324 2674 1549 2746 lapidem
1595 2677 1855 2732 sublatum
1902 2697 1935 2733 a
1979 2696 2165 2733 monu-

593 2769 782 2814 mento.
821 2778 839 2812 ‹
889 2760 1007 2816 Una
1052 2764 1272 2826 sabbati,
1315 2782 1474 2835 quam
1501 2764 1611 2833 jam
1657 2768 1798 2822 diem
1827 2769 2160 2826 Dominicam

592 2860 814 2920 propter
835 2853 1042 2909 Domini
1069 2857 1514 2912 resurrectionem
1553 2875 1669 2914 mos
1697 2859 2035 2916 Christianus
2064 2879 2162 2932 ap-

591 2940 755 3009 pellat
782 2960 793 2995 :
818 2958 975 3012 quem
1006 2943 1282 3000 Matthmus
1309 2946 1454 3002 solus
1484 2948 1536 3002 in
1561 2951 1903 3020 evangelistis
1932 2952 2162 3020 primam

594 3031 803 3086 sabbati
827 3034 1138 3088 nominavit.
1163 3055 1180 3086 ι
1203 3033 1389 3105 (Vens.
1411 3037 1489 3108 2.)
1514 3037 1754 3094 Cucurrit
1778 3058 1896 3111 ergo
1915 3082 1930 3105 ,
1955 3054 2001 3095 et
2030 3043 2163 3096 venit

2250 497 2425 570 hunc]
2488 500 2708 556 minime
2756 501 3000 567 invenit,
3044 502 3281 559 furatum
3327 507 3577 563 credidit.
3637 509 3834 568 Adhuc

2250 603 2378 658 ergo
2399 597 2556 642 erant
2585 591 2838 655 tenebrze,
2863 605 2984 644 cum
3006 593 3154 648 venit
3181 594 3248 649 ad
3266 607 3696 654 monumentum.
3723 599 3835 656 Cu-

2250 678 2418 732 currit
2439 678 2617 744 citius,
2651 680 2924 748 discipulis
2949 684 3216 738 nuntiavit
3247 703 3260 739 :
3285 687 3379 742 sed
3419 687 3498 743 illi
3526 704 3641 759 pre
3670 700 3837 746 cate-

2251 767 2328 824 ris
2374 779 2744 834 cucurrerunt,
2783 771 2872 839 qui
2900 787 3010 840 prae
3039 775 3249 830 caeteris
3298 788 3634 846 amaverunt,
3675 781 3836 837 vide—

2251 855 2376 911 licet
2402 857 2593 913 Petrus
2620 867 2674 912 et
2700 856 2950 916 Joannes.
2997 859 3285 920 Currebam
3314 875 3488 920 autem
3510 868 3618 922 duo
3646 871 3832 936 simul,

2252 948 2342 1002 sed
2365 947 2597 1002 Joannes
2615 953 2956 1019 prtecucurrit
2977 955 3128 1008 citius
3156 954 3332 1022 Petro,
3363 961 3567 1013 etvenit
3597 963 3835 1031 priora

2253 1052 2672 1107 monumentum,
2715 1051 2768 1097 et
2792 1041 2858 1115 [G
2867 1060 2970 1114 reg.
2991 1085 3006 1108 ,
3056 1045 3172 1117 sed]
3199 1048 3403 1117 ingredi
3433 1066 3538 1106 non
3567 1067 3836 1120 praesum-

2253 1131 2380 1198 psit,
2426 1131 2572 1184 venit
2625 1147 2752 1186 vero
2793 1133 3060 1200 posterior
3113 1134 3394 1209 [Petrus],
3443 1146 3499 1194 et
3527 1140 3778 1197 intravit.
3810 1164 3828 1196 ι

2255 1218 2359 1274 lste
2385 1234 2512 1273 vero
2548 1235 2738 1274 cursus
2765 1221 2992 1276 duorum
3015 1223 3396 1294 discipulorum
3439 1242 3704 1298 magnum
3735 1231 3832 1285 ha-

2255 1306 2346 1360 bet
2383 1307 2712 1377 mysterium.
2743 1307 2882 1376 Quid
2934 1311 3076 1365 enim
3114 1327 3212 1382 per
3250 1314 3533 1382 Joannem,
3564 1319 3661 1388 qui
3685 1321 3835 1389 pn'or

2255 1395 2402 1449 venit
2440 1397 2505 1450 ad
2552 1407 2976 1464 monumentum,
3004 1408 3057 1454 et
3092 1415 3200 1455 non
3229 1402 3469 1468 intravit,
3513 1407 3623 1460 nisi
3663 1407 3832 1478 Syna-

2257 1501 2391 1555 goga
2436 1487 2798 1556 signiﬁcatur?
2834 1488 2971 1556 Quid
3015 1505 3111 1560 per
3155 1491 3394 1559 Petrum,
3427 1496 3536 1552 nisi
3589 1498 3830 1558 Ecclesia

2256 1591 2323 1631 ex
2351 1577 2597 1646 gentibus
2624 1589 2939 1650 congregata
2977 1581 3390 1650 demonstratur,
3415 1603 3537 1656 quae
3562 1593 3830 1657 posterius

2255 1680 2469 1732 vocata,
2495 1677 2550 1724 et
2573 1671 2721 1739 prior
2757 1673 3011 1727 intravit?
3048 1673 3414 1730 Cucurrerunt
3453 1679 3604 1733 enim
3633 1682 3830 1750 pariter

2186 1774 2232 1835 Β
2258 1757 2539 1814 Gentilitas
2583 1769 2636 1815 et
2667 1761 2943 1834 Synagoga
2989 1779 3085 1832 per
3111 1765 3269 1835 hujus
3295 1769 3480 1823 saeculi
3523 1774 3829 1828 successio-

2258 1862 2390 1912 nes,
2439 1849 2531 1903 sed
2578 1865 2684 1905 non
2735 1855 2851 1922 pari
2908 1855 3256 1924 intelligentia
3309 1861 3621 1915 veniebant.
3671 1864 3829 1934 635

2264 1937 2466 1993 ¢.Venit
2481 1936 2758 2011 Synagoga
2779 1944 2926 2011 prior
2950 1945 3016 1999 ad
3043 1957 3465 2015 monumentum,
3488 1953 3582 2006 sed
3610 1954 3832 2010 minime

2258 2027 2475 2082 intravit
2503 2043 2518 2082 :
2549 2032 2668 2099 quia
2711 2032 2843 2102 legis
2872 2033 3087 2103 quidem
3117 2038 3369 2092 mandata
3411 2042 3663 2110 percepit,
3695 2058 3830 2112 pro-

2258 2117 2465 2184 phetias
2493 2119 2556 2172 de
2589 2121 2954 2178 incarnatione
2984 2140 3047 2180 ac
3082 2127 3336 2195 passione
3370 2129 3630 2186 Dominica
3660 2133 3818 2187 audi-

2259 2205 2352 2269 vit,
2387 2206 2478 2260 scd
2507 2209 2726 2262 credere
2747 2211 2800 2264 in
2829 2221 3098 2268 mortuum
3123 2215 3312 2270 noluit.
3337 2218 3479 2271 Vidit
3495 2220 3640 2274 enim
3665 2218 3828 2276 Joan-

2259 2310 2354 2350 nes
2382 2296 2551 2366 posita
2571 2296 2902 2368 linteamina,
2932 2308 3036 2357 non
3083 2312 3260 2360 tamen
3290 2305 3557 2372 introivit,
3584 2309 3716 2378 quia
3757 2311 3838 2363 vi-

2260 2387 2456 2443 delicet
2497 2388 2776 2464 Synagoga
2828 2403 2883 2450 et
2934 2395 3226 2466 Scriptura:
3275 2415 3444 2455 sacrae
3496 2415 3836 2459 sacramenta

2261 2479 2540 2547 cognovit,
2593 2490 2648 2536 et
2695 2491 2872 2538 tamen
2924 2486 2994 2541 ad
3041 2486 3202 2542 ﬁdem
3230 2490 3499 2558 passionis
3547 2491 3833 2548 Dominica:

2261 2569 2527 2625 credendo
2575 2570 2777 2627 intrare
2821 2575 3059 2634 distulit:
3110 2592 3270 2646 quem
3311 2579 3403 2632 diu
3439 2579 3603 2649 longe
3633 2581 3835 2655 lateque

2261 2661 2618 2730 prophetavit,
2670 2673 2988 2732 praesentem
3030 2667 3164 2721 vidit
3212 2677 3265 2723 et
3312 2671 3524 2735 renuit;
3570 2673 3836 2730 hominem

2263 2764 2380 2804 esse
2410 2751 2670 2820 despexit,
2695 2753 2862 2809 Deum
2891 2771 3054 2812 carne
3086 2759 3364 2814 mortalem
3383 2761 3595 2818 factum
3627 2767 3838 2821 credere

2264 2839 2454 2895 noluit.
2483 2841 2621 2908 Quid
2642 2859 2771 2914 ergo
2799 2852 2880 2900 est
2898 2887 2913 2904 .
2941 2847 3044 2902 nisi
3071 2848 3196 2916 quia
3221 2857 3275 2904 et
3304 2851 3465 2906 citius
3489 2857 3758 2919 cucurrit,
3787 2866 3839 2911 et

2263 2938 2442 2985 tamen
2488 2941 2612 2986 ante
2664 2944 3068 2989 monumentum
3110 2952 3275 2992 vacua
3327 2943 3514 2996 stetit?
3545 2943 3736 3013 (Vens.
3765 2945 3838 3017 6.)

2275 3018 2421 3074 Venit
2453 3030 2625 3075 autem
2673 3021 2857 3077 Simon
2907 3023 3097 3080 Petrus
3142 3027 3453 3098 subsequens
3501 3047 3647 3096 eum,
3692 3044 3738 3087 et
3765 3036 3828 3087 in

593 3121 664 3174 ad
709 3119 967 3175 Simonem
999 3121 1246 3187 Petrum,
1286 3136 1335 3179 et
1361 3126 1429 3180 ad
1468 3127 1628 3182 alium
1669 3130 1981 3200 discipulum
2009 3149 2158 3202 quem

2264 3111 2435 3165 troivit
2473 3112 2528 3164 in
2569 3122 2975 3168 monumentum.
3018 3115 3152 3182 Quia
3203 3128 3386 3172 secuta
3441 3123 3719 3189 posterior
3745 3123 3839 3182 Ec-

592 3211 799 3265 amabat
846 3211 1020 3276 Iesus,
1052 3223 1098 3266 et
1147 3215 1272 3268 dicit
1313 3217 1386 3270 eis
1427 3230 1445 3268 :
1479 3217 1726 3272 Tuleruut
1771 3219 2050 3274 Dominum
2097 3221 2161 3274 de

591 3311 942 3367 monumento,
967 3313 1012 3357 et
1034 3306 1204 3359 nescio
1245 3307 1329 3360 ubi
1372 3290 1652 3378 posuerunt
1679 3326 1815 3363 eum.
1846 3309 2042 3366 Amore
2080 3311 2160 3365 ni-

591 3389 702 3444 mio
730 3391 1127 3453 turbata,-.lum
1170 3410 1328 3462 quem
1378 3398 1624 3465 quaesivit
1662 3414 1767 3453 non
1816 3399 2036 3466 invenit,
2069 3416 2162 3456 cu-

592 3481 762 3533 currit
813 3481 1084 3551 discipulis
1139 3485 1422 3550 nuntiare,
1478 3495 1538 3540 ut
1591 3496 1683 3541 aut
1728 3503 1910 3543 secum
1961 3505 2162 3559 quaere-

592 3578 749 3635 rent,
812 3579 904 3625 aut
963 3587 1142 3628 secum
1210 3577 1454 3631 dolerent
1510 3578 1743 3634 ablatum
1811 3581 2095 3636 Dominum
2145 3603 2157 3638 :

595 3675 755 3730 quem
798 3661 1082 3717 Dominum
1130 3665 1409 3720 nominare
1443 3683 1548 3722 non
1586 3669 1812 3734 metuit,
1868 3669 1994 3724 dum
2038 3686 2161 3726 cor-

593 3765 692 3818 pus
717 3751 856 3805 illius
895 3755 1263 3809 tantummodo
1289 3767 1553 3826 qumreret
1583 3759 1637 3814 in
1682 3759 1946 3829 sepulcro.
1973 3761 2157 3831 (Vens.

592 3839 661 3902 5,
709 3837 801 3910 4.)
851 3840 998 3894 Exiit
1044 3859 1164 3913 ergo
1207 3841 1397 3898 Petrus
1446 3856 1494 3899 et
1536 3846 1622 3900 ille
1659 3847 1795 3903 alius
1846 3849 2160 3920 discipulus,

590 3937 638 3981 et
670 3939 910 3984 uenerunt
956 3932 1025 3984 ad
1074 3945 1480 3989 monumentum.
1529 3935 1818 3993 Currebant
1860 3950 2032 3994 autem
2058 3943 2162 3997 duo

592 4020 784 4084 simul,
837 4031 884 4076 et
933 4021 1022 4076 ille
1078 4024 1214 4078 alius
1270 4025 1556 4096 discipulus
1615 4032 1956 4098 pra’cucurrit
2011 4033 2162 4087 citius

593 4107 788 4172 Petro,
837 4121 886 4164 et
936 4113 1072 4166 venit
1121 4114 1266 4184 prior
1319 4115 1388 4168 ad
1439 4129 1846 4173 monumentum.
1902 4140 1920 4173 ι
1962 4123 2164 4178 Adver-

592 4201 751 4253 tenda
793 4200 881 4255 hic
909 4208 963 4256 et
1001 4205 1421 4260 commendanda
1459 4215 1541 4261 est
1577 4210 1982 4278 recapitulatio,
2033 4230 2165 4283 quo-

590 4290 752 4345 modo
789 4291 1020 4345 reditum
1060 4299 1142 4346 est
1166 4294 1234 4348 ad
1257 4294 1310 4348 id
1335 4295 1474 4364 quod
1501 4295 1676 4350 fuerat
1704 4301 2159 4367 przetermissum:

589 4388 644 4433 et
673 4387 946 4447 tanquam,
980 4381 1025 4434 si
1055 4381 1153 4434 hoc
1189 4381 1371 4452 [Aug.,
1399 4392 1452 4438 et
1492 4391 1671 4439 tamen
1717 4389 1871 4456 quasi
1914 4387 2038 4460 hoc]
2079 4405 2164 4444 se-

2261 3201 2422 3256 clcsia
2451 3201 2720 3266 Gentium,
2749 3205 3098 3260 mediatorem
3141 3206 3235 3260 Dei
3280 3215 3336 3262 et
3378 3208 3697 3277 hominum,
3739 3213 3833 3268 ho-

2260 3293 2462 3347 minem
2507 3290 2780 3346 Christum
2822 3291 3042 3359 Jesum,
3088 3303 3145 3350 et
3187 3299 3436 3366 cognovit
3481 3315 3657 3356 carne
3693 3318 3834 3357 mon-

2263 3391 2430 3448 tuum,
2473 3391 2527 3438 et
2554 3382 2824 3437 viventem
2850 3383 3077 3438 credidit
3121 3385 3312 3441 Deum.
3344 3385 3534 3459 (Vens.
3567 3389 3649 3461 7.)
3703 3391 3838 3446 Vidit

2260 3473 2561 3529 linteamina
2596 3475 2799 3544 posita,
2844 3483 2892 3528 et
2939 3475 3211 3530 sudarium
3265 3478 3405 3548 quod
3455 3479 3634 3548 fuerat
3684 3497 3834 3551 super

2261 3573 2412 3635 caput
2433 3565 2565 3635 ejus,
2593 3582 2696 3619 non
2721 3582 2838 3619 cum
2865 3565 3251 3622 linteaminibus
3277 3570 3534 3640 positum,
3562 3572 3660 3625 sed
3691 3589 3836 3642 sepa-
3895 3601 3902 3608 -

2262 3653 2417 3706 ratim
2464 3653 2751 3708 involutum
2792 3655 2847 3708 in
2885 3671 2988 3709 uno
3029 3654 3156 3727 (AL,
3196 3657 3250 3710 in
3278 3675 3438 3712 unum
3476 3659 3678 3733 locum]
3702 3661 3834 3716 loco.

2261 3741 2398 3809 Quid
2425 3751 2509 3798 est
2533 3743 2673 3811 quod
2717 3743 2991 3798 sudarium
3021 3745 3212 3815 capitis
3240 3747 3450 3803 Domini
3487 3765 3616 3804 cum
3650 3751 3842 3806 lintea-

2260 3833 2494 3887 minibus
2522 3848 2627 3887 non
2662 3832 2930 3887 invenitur
2965 3833 3020 3888 iu
3063 3846 3426 3902 monumento,
3471 3839 3575 3893 nisi
3605 3842 3737 3911 quia
3767 3850 3842 3896 at-

2262 3933 2494 3980 testante
2523 3924 2686 3978 Paulo
2719 3943 2730 3977 :
2761 3921 2929 3995 Caput
2951 3924 3146 3980 Christi
3163 3927 3303 3982 Deus
3323 3938 3396 3982 est
3426 3928 3476 4000 (I
3508 3929 3635 3984 Cor.
3665 3947 3742 3995 It,
3768 3933 3840 3999 3),

2262 4024 2316 4070 et
2345 4015 2642 4070 divinitatis
2672 4014 3236 4085 incomprehensibilia
3269 4029 3617 4074 sacramenta
3648 4021 3717 4075 ab
3769 4023 3844 4076 in-

2263 4103 2534 4157 ﬁrmitatis
2564 4112 2761 4158 nostra:
2809 4104 3114 4175 cognitione
3142 4107 3406 4177 disjuncta
3433 4117 3590 4174 sunt,
3620 4109 3847 4180 ejusque

2261 4194 2498 4265 potentia
2547 4202 2806 4248 creatura:
2853 4196 3184 4250 transcendit
3232 4199 3521 4252 naturam?
3550 4199 3618 4253 Et
3649 4209 3845 4255 notan-

2263 4283 2388 4337 dum
2410 4283 2550 4352 quod
2576 4299 2681 4336 non
2723 4282 2895 4337 solum
2933 4285 3242 4355 separatim,
3281 4288 3375 4341 sed
3417 4288 3579 4342 etiam
3633 4290 3846 4344 involu-l

2263 4382 2376 4429 tum
2406 4374 2630 4428 inveniri
2661 4373 2858 4428 dicitur
2887 4371 3063 4445 [Greg.
3093 4376 3279 4430 addit:
3307 4378 3361 4431 in
3410 4394 3581 4433 unum
3610 4380 3842 4452 locum].

591 4477 866 4534 queretur,
905 4467 1214 4534 adjunctum
1259 4480 1360 4525 est.
1391 4471 1524 4527 Cum
1569 4475 1712 4528 enim
1746 4475 1860 4544 jam
1899 4479 2158 4534 dixisset;

2265 4465 2508 4518 Linteum
2539 4463 2734 4534 quippe
2763 4465 2904 4533 quod
2949 4465 3257 4538 involvitur,
3287 4467 3404 4536 ejus
3453 4483 3554 4523 nec
3601 4469 3843 4533 initium.

605 4553 862 4608 Venerunt
886 4555 954 4608 ad
977 4568 1386 4625 monumentum,
1423 4576 1698 4630 regressus
1718 4574 1799 4620 est
1834 4574 1892 4620 ut
1917 4578 2164 4623 narraret

590 4645 858 4713 quomodo
886 4656 1167 4712 venerunt,
1197 4657 1358 4718 atque
1388 4652 1464 4705 ait
1492 4670 1504 4705 :
1538 4652 1824 4708 Currebant
1857 4667 2028 4712 autem
2056 4659 2160 4714 duo

589 4733 780 4797 simul,
815 4743 920 4789 etc.
959 4736 1059 4792 Ubi
1108 4739 1359 4802 ostendit,
1393 4742 1532 4810 quod
1561 4759 1897 4813 praecurrens
1939 4748 2005 4801 ad
2051 4763 2159 4802 mo-

589 4833 900 4881 numentum
933 4828 1081 4896 prior
1113 4833 1316 4885 venerit
1363 4833 1449 4886 ille
1491 4834 1626 4889 alius
1656 4837 1964 4906 discipulus,
1998 4855 2155 4906 quem

590 4917 824 4986 seipsum
852 4917 1152 4988 signiﬁcat;
1177 4921 1268 4975 sed
1292 4929 1543 4991 tauquam
1565 4923 1630 4978 de
1659 4924 1764 4980 alio
1793 4941 1940 4980 more
1959 4937 2156 4983 sancta:

591 5006 885 5078 Scriptura:
906 5018 1098 5063 cuncta
1132 5020 1317 5064 narrat
1345 5025 1392 5065 ιι.
1433 5032 1451 5064 ι

660 5095 824 5151 Vens.
849 5097 978 5150 5.-
990 5097 1188 5153 Etcum
1213 5117 1266 5153 se
1287 5102 1604 5167 inclinasset,
1626 5103 1817 5173 inquit,
1836 5105 1962 5160 cidit
1988 5106 2158 5177 posita

589 5182 914 5249 linteamina,
946 5197 1241 5242 nontamen
1278 5191 1498 5244 introiit.
1533 5209 1551 5241 ‹
1589 5192 1616 5231 b
1643 5191 1794 5258 Quod
1827 5209 1951 5249 vero
1995 5195 2156 5250 Maria

590 5270 899 5342 Magdaleue
913 5275 1062 5328 venit
1081 5275 1149 5328 ad
1167 5285 1585 5338 monumentum,
1601 5294 1720 5332 cum
1739 5281 1910 5334 adhuc
1928 5283 2158 5337 tenebrae

586 5363 949 5432 essent,juxta
962 5366 1239 5421 historiam
1258 5375 1475 5421 notatur
1488 5369 1646 5433 hora;
1661 5368 1813 5436 juxta
1831 5370 2156 5427 intellectum

587 5464 719 5508 vero
732 5453 1037 5521 mysticum,
1053 5456 1376 5523 requirentis
1395 5455 1636 5525 signatur
1657 5456 2028 5528 intelligentia.
2048 5461 2158 5517 Ma-

588 5538 670 5594 ria
690 5539 833 5594 enim
861 5549 1136 5596 auctorem
1157 5542 1397 5598 omnium
1417 5558 1576 5613 quem
1595 5559 1760 5601 carne
1782 5546 1988 5603 viderat
2015 5566 2156 5606 mor-

659 5664 684 5692 ι
714 5649 1000 5724 [lucusque
1028 5669 1090 5711 cx
1121 5653 1176 5710 S.
1211 5653 1524 5725 Augustino.

2262 4571 2362 4610 nec
2406 4556 2526 4610 ﬁnis
2551 4556 2828 4625 aspicitur.
2865 4556 3030 4610 Recte
3067 4572 3196 4628 ergo
3227 4559 3504 4613 sudarium
3542 4563 3748 4629 capitis
3772 4563 3849 4617 in-

2260 4646 2499 4700 volutum
2531 4647 2800 4700 inventum
2829 4657 2932 4708 est,
2973 4647 3096 4716 quia
3119 4648 3382 4703 celsitudo
3413 4650 3728 4707 divinitatis
3748 4653 3846 4707 nec

2260 4737 2423 4806 cmpit
2468 4737 2622 4806 esse},
2674 4753 2772 4792 nec
2821 4737 3035 4791 desinit.
3084 4738 3225 4793 Bene
3269 4748 3451 4794 autem
3499 4742 3745 4809 additur,
3793 4745 3848 4797 in

2258 4841 2362 4878 uno
2395 4825 2528 4888 loco,
2559 4826 2683 4893 quia
2730 4826 2781 4879 in
2830 4826 3062 4880 scissura
3108 4829 3366 4883 mentium
3398 4830 3538 4886 Deus
3578 4847 3691 4887 non
3744 4842 3849 4888 est.

2259 4916 2398 4970 Deus
2423 4917 2617 4985 quippe
2649 4917 2700 4970 in
2730 4919 2935 4973 unitate
2964 4928 3066 4984 est,
3119 4929 3173 4974 et
3218 4907 3292 4975 illi
3337 4921 3456 4990 ejus
3481 4923 3692 4980 habere
3726 4941 3851 4997 gra-

2260 5008 2387 5062 tiam
2437 5016 2730 5072 merentur,
2779 5009 2870 5078 qui
2919 5025 2978 5064 se
3019 5012 3086 5064 ab
3133 5011 3360 5066 invicem
3410 5028 3509 5083 per
3562 5024 3847 5072 sectarum

2259 5097 2508 5153 scandala
2535 5115 2641 5152 non
2673 5099 2935 5153 dividunt.
2978 5121 2994 5150 ι
3043 5100 3224 5156 Potest
3269 5103 3468 5174 quippe
3513 5103 3669 5175 [Men
3707 5122 3848 5175 quo-

2257 5185 2383 5258 que]
2411 5201 2507 5255 per
2535 5187 2808 5241 sudarium
2833 5190 3012 5256 passio
3060 5190 3260 5246 Christi
3289 5191 3500 5246 Domini
3534 5196 3714 5250 nostri
3755 5195 3848 5250 de-

2260 5277 2482 5345 signari,
2528 5279 2678 5349 cujus
2703 5280 2970 5348 passionis
3012 5290 3346 5335 sacramenta
3378 5282 3692 5338 inﬁdelibus
3721 5293 3849 5340 sunt

2260 5369 2496 5423 involuta
2539 5386 2550 5421 :
2588 5386 2606 5418 ι
2644 5368 2770 5439 quia
2807 5384 2969 5438 quem
3006 5369 3262 5424 videbant
3308 5385 3472 5426 carne
3521 5374 3844 5438 mortalem.

2258 5460 2424 5514 Deum
2473 5473 2596 5514 esse
2640 5459 2994 5515 immortalem
3042 5475 3148 5514 non
3195 5460 3506 5516 credebant.
3535 5461 3841 5519 Sudarinm

2257 5565 2386 5622 ergo
2412 5551 2553 5620 quod
2602 5564 2762 5619 super
2789 5559 2950 5620 caput
2995 5548 3108 5618 ejus
3141 5548 3314 5605 fuerat
3350 5566 3590 5608 seorsum
3631 5554 3847 5610 inveni-

2327 5665 2356 5705 δ
2385 5663 2460 5717 Ex
2500 5663 2556 5718 S.
2592 5661 2776 5733 στεπη
2802 5663 2944 5720 hom.
2967 5664 3057 5732 22,
3080 5679 3227 5720 num.
3257 5663 3374 5722 2—5.
