4088 6340
201 384 310 444 989

986 379 1396 440 EXEGETICA.
1431 409 1502 421 ——
1533 379 1888 438 COMMENT.
1921 379 1992 436 IN
2025 379 2215 437 JOAN.
2251 409 2324 422 —
2356 381 2484 437 LIB.
2525 380 2626 438 Vll-

201 507 313 564 tur,
335 496 462 567 quia
483 495 596 566 ipsa
613 492 795 565 passio
826 491 1198 562 Redemptoris
1228 493 1398 547 nostri
1419 492 1578 563 longe
1610 507 1642 546 a
1665 507 1767 547 no-
1793 499 1846 556 Α
1871 490 1993 544 bum
2035 488 2218 561 (Joan.
2241 505 2293 555 ι,
2321 489 2409 560 l).
2437 491 2505 544 Et
2530 490 2683 560 quasi
2721 489 2788 544 ad
2815 489 2979 560 pedes
3016 491 3167 547 sedet
3193 491 3436 562 angelus,

201 597 320 643 stra
343 587 591 658 passione
613 583 876 652 disjuncta
902 592 1016 649 est;
1045 584 1298 654 quoniam
1319 585 1433 654 ipse
1463 585 1581 639 sine
1611 584 1768 653 culpa

201 675 445 747 pertulit,
469 676 610 745 quod
639 689 737 729 nos
757 688 881 728 cum
902 672 1057 742 culpa
1099 673 1410 728 toleramus.
1434 675 1552 743 Ipse
1578 681 1769 742 sponte

200 766 366 821 morti
392 767 737 821 succumbere
760 765 944 828 voluit,
979 763 1046 818 ad
1087 781 1249 835 quam
1292 781 1392 820 nos
1416 766 1661 820 venimus
1688 765 1771 818 in-

199 856 322 910 viti.
351 856 640 924 Sequitur:
671 855 854 925 (Vsus.
886 855 952 925 8)
998 854 1142 909 Tunc
1187 873 1309 924 ergo
1334 856 1563 910 introivit
1606 864 1655 908 et
1683 854 1770 908 ille

201 943 512 1014 discipulus,
549 946 637 1015 qui
673 955 884 999 venerat.
901 945 1046 1014 prior
1070 944 1138 997 ad
1180 954 1588 998 monumentum.
1616 943 1771 997 Post-

201 1050 367 1103 quam
415 1034 657 1088 introivit
698 1033 930 1098 Petrus,
985 1036 1256 1101 ingressus
1301 1041 1383 1088 est
1418 1039 1474 1086 et
1515 1030 1766 1086 Joannes.

203 1123 476 1178 Posterior
500 1124 738 1189 intravit,
759 1126 850 1194 qui
873 1125 1019 1194 prior
1033 1131 1270 1178 venerat.
1297 1122 1491 1177 Notum
1523 1129 1605 1176 est
1629 1122 1771 1192 quod

203 1214 259 1268 in
304 1214 409 1268 ﬁne
457 1215 660 1278 mundi,
693 1215 761 1268 ad
790 1214 1167 1284 Redemptoris
1187 1214 1345 1267 ﬁdem
1388 1213 1553 1267 etiam
1586 1211 1769 1267 Judzea

200 1304 505 1374 colligetur,
537 1303 702 1358 Paulo
743 1312 1053 1369 attestante,
1089 1303 1181 1372 qui
1219 1304 1294 1356 ait
1329 1321 1342 1354 :
1387 1302 1562 1356 Donec
1607 1302 1773 1373 pleni-

200 1395 332 1449 tudo
382 1396 610 1464 gentium
667 1395 906 1458 intraret,
955 1402 1006 1447 et
1047 1393 1122 1446 sic
1171 1393 1338 1446 omnis
1391 1392 1562 1446 Israel
1597 1391 1770 1448 salvus

201 1486 351 1554 ﬁeret
381 1485 555 1557 (Rom.
584 1501 660 1549 ιι,
691 1485 782 1549 25,
812 1484 924 1556 26).

274 1577 346 1630 Et
373 1576 498 1630 vidit
523 1584 572 1628 et
600 1576 837 1629 credidit.
862 1575 998 1642 Quid
1025 1591 1152 1646 ergo
1176 1576 1326 1640 vidit,
1353 1584 1407 1630 et
1445 1577 1574 1645 quid
1598 1575 1773 1631 credi-

204 1668 316 1723 dit?
343 1668 490 1722 Vidit
515 1668 827 1724 linteamina
855 1669 1047 1738 posita,
1075 1677 1131 1723 et
1156 1669 1383 1723 credidit
1411 1671 1551 1739 quod
1582 1669 1774 1724 mulier

203 1759 433 1823 dixerat,
467 1758 534 1813 de
559 1766 905 1813 monumento
932 1758 1214 1812 Dominum
1245 1757 1408 1813 fuisse
1432 1759 1721 1813 sublatum.
1747 1778 1764 1811 ι

205 1859 232 1888 ι
263 1847 450 1902 Adhuc
477 1848 620 1901 enim
647 1847 882 1902 tenebrae
907 1856 1064 1901 erant
1096 1848 1150 1901 in
1182 1855 1544 1913 monumento,
1575 1849 1626 1902 id
1653 1857 1765 1910 est,
1803 1833 1847 1893 Β

204 1936 261 1990 in
291 1937 560 1991 mentibus
596 1936 847 1990 illorum:
881 1936 1000 1990 ideo
1027 1936 1270 2006 sequitur
1298 1945 1352 1990 et
1380 1937 1513 1992 dixit
1538 1955 1548 1989 :
1584 1937 1768 2008 (Vens.

205 2025 256 2088 9,
297 2024 382 2094 lO)
419 2025 670 2079 Nondum
689 2025 825 2079 enim
851 2025 1078 2078 sciebant
1109 2023 1432 2095 Scripturam
1466 2027 1587 2096 quia
1615 2043 1772 2097 opor-

205 2117 304 2170 tuit
349 2133 466 2170 eum
500 2133 533 2169 a
558 2117 776 2169 mortuis
806 2131 1089 2184 resurgere.
1132 2115 1381 2170 Abierant
1423 2132 1544 2186 ergo
1586 2119 1772 2171 iterum

205 2205 448 2277 discipuli
491 2206 560 2259 ad
589 2207 922 2274 semetipsos;
952 2205 1006 2258 id
1049 2213 1160 2270 est,
1202 2207 1293 2259 ubi
1343 2206 1688 2270 habitabant,
1721 2218 1775 2262 et

203 2295 345 2350 unde
371 2295 440 2348 ad
466 2298 870 2348 monumentum
897 2303 1268 2347 cucurreraut.
1302 2294 1486 2363 (Vens.
1517 2294 1625 2366 ll.)
1656 2296 1773 2349 Ma-

204 2387 289 2439 ria
322 2395 496 2438 autem
519 2384 688 2438 stabat
715 2384 782 2437 ad
811 2393 1198 2438 monumentum
1228 2385 1358 2453 foris
1391 2385 1622 2454 plorans.
1649 2387 1774 2442 Haec

203 2477 374 2532 Maria
407 2495 424 2527 ι
453 2478 785 2546 bpostquam
834 2477 982 2531 venit
1025 2477 1091 2530 ad
1125 2484 1527 2531 monumentum
1547 2517 1562 2541 ,
1593 2478 1774 2547 ibique

199 2582 404 2637 corpus
446 2567 780 2622 Dominicum
811 2582 916 2620 non
948 2567 1177 2630 invenit,
1215 2566 1482 2620 sublatum
1511 2567 1770 2633 credidit,

204 2669 371 2729 atque
409 2659 688 2728 discipulis
731 2658 1034 2712 nuntiavit:
1063 2658 1153 2726 qui
1187 2657 1461 2712 venientes
1498 2657 1770 2723 viderunt,

205 2757 369 2819 atque
407 2749 482 2802 ita
507 2762 646 2810 esse,
673 2755 734 2800 ut
758 2747 950 2801 mulier
977 2748 1206 2812 dixerat,
1237 2747 1600 2810 crediderunt,
1623 2753 1678 2799 et
1706 2747 1774 2801 de

204 2839 293 2895 bis
322 2838 565 2908 protinus
586 2837 842 2906 scriptum
870 2849 952 2892 est
975 2852 990 2890 :
1017 2837 1265 2890 Abierant
1290 2852 1411 2906 ergo
1433 2836 1676 2906 discipuli
1703 2835 1772 2889 ad

203 2929 518 2996 semetipsos.
540 2926 617 2981 Ac
643 2927 832 2981 deinde
860 2927 1201 2997 subjungitur
1223 2944 1236 2981 :
1262 2925 1434 2980 Maria
1464 2937 1635 2981 autent
1665 2936 1773 2981 sta-

205 3018 295 3070 bat
332 3015 399 3069 ad
432 3025 820 3070 monumentum
866 3015 994 3085 foris
1024 3016 1256 3087 plorans.
1285 3015 1399 3084 Qua
1435 3017 1488 3070 in
1532 3033 1591 3073 re
1633 3033 1770 3088 pen-

204 3107 430 3161 sandum
465 3113 547 3159 est
573 3106 728 3176 hujus
756 3106 997 3161 mulieris
1025 3116 1258 3162 mentem
1283 3118 1483 3177 quanta
1509 3109 1592 3164 vis
1620 3124 1771 3164 amo-

203 3197 285 3251 ris
331 3195 682 3259 accenderat,
721 3210 842 3264 quas
883 3211 914 3248 a
959 3205 1304 3251 monumento
1349 3199 1579 3264 Domini,
1605 3200 1768 3254 etiam
1796 3167 1842 3231 ϐ

205 3284 482 3353 discipulis
524 3285 898 3340 recalentibus
946 3300 1052 3339 non
1094 3287 1397 3341 recedebat.
1442 3288 1773 3358 Exquirebat

204 3387 367 3442 quem
397 3389 503 3428 non
533 3373 854 3440 invenerat,
895 3374 1058 3430 ﬁebat
1093 3377 1428 3446 inquirendo,
1475 3389 1530 3433 et
1571 3380 1770 3436 amoris

203 3463 290 3518 sui
317 3462 439 3534 igne
464 3479 719 3518 succensa
749 3465 885 3534 ejus,
916 3482 1074 3536 quem
1118 3467 1352 3522 ablatum
1393 3470 1642 3536 credidit,
1685 3485 1772 3524 ar-

204 3554 368 3609 debat
397 3555 663 3609 dcsiderio
688 3574 700 3608 :
725 3575 742 3607 ι
773 3565 828 3610 et
851 3558 991 3612 oculi
1020 3559 1110 3628 qui
1140 3559 1422 3614 Dominum
1445 3565 1773 3631 quiesierant

204 3654 263 3699 et
309 3661 413 3708 non
456 3646 791 3712 invenerant,
824 3648 1077 3720 lacrymis
1101 3650 1214 3720 jam
1257 3655 1625 3722 exundabant;
1657 3674 1773 3712 am-

201 3737 348 3807 plius
389 3738 631 3792 dolentes
659 3741 800 3808 quod
846 3741 1024 3795 fuerat
1052 3742 1262 3798 ablatus
1308 3746 1372 3800 de
1401 3757 1767 3816 monumento,

202 3843 369 3898 quam
414 3829 556 3897 quod
605 3827 784 3884 fuerat
823 3833 1034 3887 occisus
1064 3833 1117 3886 in
1156 3833 1335 3904 ligno:
1365 3838 1617 3905 quoniam
1652 3854 1770 3893 ma-

203 3917 360 3987 gistri
390 3919 546 3982 tanti,
574 3919 728 3989 cujus
750 3921 800 3974 ei
830 3921 938 3974 vita
983 3924 1257 3977 subtracta
1301 3921 1496 3988 fuerat,
1532 3941 1631 3981 nec
1660 3923 1775 3982 me-

201 4009 380 4065 moria
402 4010 732 4063 remanebat.
769 4029 787 4060 ι
819 4009 970 4065 Unde
1003 4012 1226 4082 centigit
1249 4021 1309 4066 ut
1344 4026 1465 4066 eum
1505 4015 1616 4068 sola
1644 4024 1770 4072 tunc

200 4100 434 4162 videret,
475 4115 593 4167 quas
621 4099 878 4153 remansit
915 4107 974 4153 ut
1020 4110 1320 4169 quaereret:
1351 4103 1476 4171 quia
1517 4105 1769 4159 nimirum

201 4189 378 4243 virtus
404 4189 530 4243 boni
573 4190 753 4258 operis
778 4192 1176 4259 perseverantia
1203 4201 1286 4246 est
1313 4210 1325 4246 :
1359 4202 1418 4248 ut
1443 4210 1572 4249 voce
1617 4196 1772 4250 Veri-

201 4281 333 4336 tatis
352 4280 549 4334 dicitur
567 4299 578 4334 :
608 4279 710 4346 Qui
731 4291 903 4336 autem
922 4295 1312 4353 perseveraverit
1333 4303 1494 4356 usque
1517 4287 1570 4340 in
1589 4287 1768 4356 ﬁnem,

201 4375 288 4429 Itis
327 4374 502 4433 saluus
528 4377 624 4430 erit
654 4375 864 4447 (Matth.
911 4393 978 4441 χ,
1011 4378 1131 4450 εει).
1174 4378 1278 4436 Ista
1314 4381 1492 4449 itaque
1534 4397 1653 4452 qum
1694 4384 1771 4438 sic

202 4465 446 4530 amabat,
476 4480 594 4533 qua:
619 4480 676 4520 se
701 4464 767 4518 ad
794 4477 1197 4522 monumentum
1234 4470 1374 4538 quod
1402 4479 1766 4539 perspexerat,
1800 4505 1845 4564 υ

200 4554 403 4609 iterum
424 4555 663 4618 inclinat,
688 4556 961 4612 videamus
983 4573 1090 4627 quo
1113 4558 1286 4614 fructu
1309 4559 1388 4614 vis
1409 4561 1608 4616 amoris
1631 4562 1684 4616 in
1706 4577 1769 4618 ea

199 4644 499 4715 ingeminat
521 4660 656 4714 opus
687 4646 1066 4716 inquisitionis.
1098 4647 1388 4719 Sequitur:

272 4719 622 4806 636Vsns.
647 4738 822 4790 ll-
851 4736 987 4792 Vidit
1016 4739 1148 4793 duos
1177 4742 1385 4812 angelos
1427 4743 1482 4796 in
1520 4743 1652 4798 albis
1692 4763 1772 4799 se-

195 4823 408 4887 dentes,
428 4841 586 4878 unum
603 4825 672 4878 ad
694 4835 932 4894 caput,et
956 4844 1115 4881 unum
1142 4829 1210 4882 ad
1233 4831 1407 4899 pedes,
1429 4833 1519 4885 ubi
1547 4835 1770 4902 positum

199 4912 380 4982 fuerat
421 4931 604 4984 corpus
631 4914 778 4969 Jesu.
804 4917 941 4982 Quid
976 4926 1058 4972 est
1101 4921 1244 4988 quod
1278 4920 1330 4974 in
1360 4921 1478 4976 loco
1507 4922 1770 4977 Dominici

197 5002 449 5087 corporis
472 5003 578 5057 duo
617 5006 793 5076 angeli
833 5005 1099 5071 videntur,
1141 5023 1278 5064 unus
1305 5011 1371 5064 ad
1400 5019 1578 5080 caput,
1614 5021 1772 5083 atque

198 5089 349 5147 a‘.‘us
365 5095 432 5148 ad
459 5095 618 5164 pedes
642 5097 852 5160 sedens,
883 5099 985 5152 nisi
1015 5101 1155 5169 quod
1186 5101 1372 5156 Latina
1407 5103 1583 5175 lingua
1611 5121 1771 5176 ange-

196 5182 291 5239 lus
318 5185 538 5243 nuutius
564 5186 780 5252 dicitur,
805 5195 860 5241 et
891 5188 978 5242 ille
1006 5204 1070 5243 ex
1097 5192 1343 5258 passione
1383 5209 1477 5247 sua
1518 5195 1772 5249 nuntiau-

199 5273 312 5329 dus
350 5284 499 5340 erat,
540 5279 629 5347 qui
670 5287 726 5332 et
757 5278 900 5333 Deus‘
935 5288 1018 5336 est
1043 5290 1168 5339 ante
1195 5283 1410 5350 saecula,
1441 5294 1495 5339 et
1526 5288 1688 5343 homo
1715 5289 1770 5343 in

196 5362 315 5418 ﬁne
345 5366 694 5422 saeculorum?
725 5368 888 5435 Quasi
917 5374 984 5426 ad
1009 5380 1170 5442 caput
1195 5375 1344 5429 sedet
1376 5377 1619 5445 angelus,
1647 5393 1770 5432 cum

195 5469 307 5526 per
329 5460 642 5526 Apostolum
668 5461 879 5516 dicatur
902 5475 951 5527 ε,
981 5469 1105 5534 quia
1131 5467 1186 5520 in
1209 5469 1466 5539 principio
1495 5480 1607 5524 erat
1651 5469 1774 5525 Ver-

195 5546 349 5613 bum,
383 5557 431 5602 et
470 5547 691 5605 Verbum
713 5564 827 5608 erat
859 5557 1000 5626 apud
1038 5556 1225 5625 Deum,
1259 5569 1306 5613 et
1332 5560 1474 5616 Deus
1504 5571 1614 5616 erat
1646 5560 1772 5618 Ver-

277 5671 302 5740 ξι
332 5658 621 5740 [lucusque
647 5679 713 5718 ex
733 5664 800 5740 _S.
830 5666 1108 5740 Gregorio.

276 5729 302 5768 ιο
330 5730 407 5783 Ex
436 5730 493 5789 S.
525 5729 800 5805 Gregorio,
830 5729 975 5795 honi'.
1000 5740 1090 5808 25,
1119 5756 1264 5796 num.
1295 5741 1404 5800 l-7.

1868 595 1991 636 cum
2011 581 2206 636 dicitur
2232 595 2247 634 :
2275 580 2344 634 Et
2385 578 2601 635 Verbum
2620 597 2743 636 caro
2769 581 2966 651 factum
2991 591 3086 647 est,
3108 591 3160 636 et
3187 581 3439 638 habitauit

1865 674 1922 728 in
1956 673 2120 728 nobis.
2150 673 2441 729 Possumus
2464 682 2642 728 autem
2674 672 2824 746 [δίδη
2852 674 3041 747 etiam]
3066 689 3164 744 per
3188 675 3321 730 duos
3343 691 3439 730 an-

1867 764 2014 834 gelos
2059 765 2165 820 duo
2209 773 2527 820 testamenta
2570 780 2922 836 cognoscere.
2968 781 3131 821 unum
3171 766 3350 836 prius,
3383 773 3439 822 et

1869 855 2013 909 aliud
2037 870 2284 923 sequens.
2314 855 2415 921 Qui
2443 856 2694 910 videlicet
2727 856 2900 924 angeli
2931 871 3028 925 per
3049 856 3224 912 locum
3256 858 3441 912 Domi.

1869 944 1976 997 nici
2004 943 2245 1011 corporis
2272 944 2618 1014 sibimetipsis
2658 953 2782 999 sunt
2809 943 3098 1012 conjuncti,
3125 946 3252 1014 quia
3284 946 3438 1001 nimi-

1870 1046 1990 1086 rum
2014 1041 2239 1100 utraque
2262 1039 2601 1096 testamenta.
2629 1035 2752 1088 dum
2776 1034 2889 1103 pari
2916 1049 3073 1089 sensu
3097 1034 3436 1090 iucarnatum

1869 1131 1924 1177 et
1955 1130 2262 1189 mortuum,
2309 1138 2373 1178 ac
2418 1124 2780 1179 resurrexisse
2825 1124 3106 1178 Dominum
3155 1125 3435 1190 nuntiant,
3483 1193 3494 1204 ‘

1869 1217 2023 1287 quasi
2060 1225 2440 1272 testamentum
2481 1217 2632 1286 prius
2660 1218 2723 1272 ad
2751 1225 2932 1286 caput,
2973 1225 3027 1272 et
3056 1225 3438 1272 testamentum

1868 1308 2139 1378 posterius
2186 1307 2253 1360 ad
2278 1307 2442 1376 pedes
2468 1307 2636 1361 sedet.
2680 1307 2982 1376 Requirunt
3006 1307 3226 1360 Mariam
3262 1305 3439 1377 angeli

1869 1397 2146 1452 dicentes:
2181 1395 2364 1467 (Vens.
2393 1394 2480 1467 l3)
2512 1394 2722 1459 Mulier,
2755 1397 2880 1465 quid
2921 1395 3134 1465 ploras?
3161 1395 3300 1449 Dicit
3328 1395 3438 1449 eis:

1874 1483 2011 1549 Quia
2031 1484 2261 1539 tulerunt
2275 1483 2566 1542 Dominum
2589 1500 2758 1538 meum
2781 1501 2811 1537 a
2832 1492 3246 1549 monumento,’et
3270 1484 3440 1538 nescio

1870 1576 1959 1630 ubi
1991 1584 2273 1646 posuerunt
2299 1591 2435 1629 eum.
2465 1574 2582 1643 Ipsa
2611 1589 2842 1646 namque
2885 1591 3038 1631 sacra
3063 1577 3292 1646 eloquia,
3322 1581 3443 1645 qua:

1871 1667 1926 1721 in
1973 1668 2129 1721 nobis
2156 1667 2422 1736 lacrymas
2452 1667 2652 1722 amoris
2679 1668 2941 1733 excitant,
2981 1676 3201 1738 prepter
3226 1667 3442 1723 bonita-

1873 1766 1981 1813 tem
2029 1757 2328 1812 Salvatoris
2373 1759 2541 1812 nostri
2587 1767 2642 1813 et
2695 1761 3009 1814 memoriam
3055 1761 3246 1816 mortis
3303 1759 3445 1815 illius

1875 1865 2034 1920 quam
2058 1866 2246 1920 passus
2266 1859 2349 1906 est
2369 1866 2469 1920 pro
2492 1859 2678 1905 nostro
2703 1858 2907 1916 a'more,
2932 1854 3148 1908 easdem
3174 1853 3444 1924 lacrymas

1875 1941 2251 2005 consolantur,
2301 1941 2426 1994 dum
2475 1941 2629 1995 nobis
2685 1940 3062 2011 Redemptoris
3105 1943 3274 1997 nostri
3320 1956 3444 2010 spe-

1875 2034 2012 2090 ciem
2072 2034 2410 2104 promittunt.
2436 2053 2455 2085 ι
2509 2033 2696 2104 Angeli
2751 2035 3274 2105 interrogaverunt,
3305 2033 3446 2099 Quid

1873 2126 2048 2196 ploras
2063 2127 2088 2179 ?
2108 2125 2270 2192 Quasi
2296 2126 2557 2182 dixissent
2582 2145 2592 2179 :
2619 2126 2735 2180 Non
2759 2135 2843 2182 est
2870 2143 3005 2197 opus
3029 2135 3299 2182 mortuum
3334 2127 3470 2203 ploJ-~

1875 2229 2020 2278 rare,
2048 2229 2208 2282 quem
2235 2214 2503 2269 viventem
2532 2216 2751 2270 credere
2772 2216 2954 2271 debes.
2982 2217 3051 2270 At
3076 2217 3164 2270 illa
3195 2219 3271 2271 ait
3299 2235 3312 2270 ε
3347 2217 3447 2272 Tus

1873 2303 2042 2357 lerunt
2065 2304 2346 2358 Dominum
2385 2322 2574 2371 meum,
2598 2315 2646 2359 et
2680 2307 2851 2360 nescio
2879 2307 2966 2360 ubi
2992 2319 3274 2377 posuerunt
3305 2312 3443 2364 eum.

1874 2393 2160 2449 Dominum
2193 2411 2345 2449 suum
2373 2411 2572 2451 vocans
2598 2396 2806 2451 Domini
2831 2398 2913 2452 sui
2955 2414 3149 2468 corpus
3172 2399 3444 2466 exanime,

1875 2499 1906 2538 a
1933 2492 2085 2554 parte
2125 2492 2297 2538 totum
2339 2484 2677 2554 signiﬁcans;
2718 2485 2856 2540 sicut
2893 2501 3080 2540 omnes
3125 2486 3446 2544 conﬁtemur

1872 2571 2056 2628 Jesum
2093 2572 2364 2628 Christum
2408 2573 2601 2628 Filium
2631 2574 2725 2628 Dei
2754 2575 2972 2630 unicum
3015 2575 3299 2630 Dominum
3343 2591 3442 2634 no‘

1875 2674 2069 2730 strum,
2094 2666 2236 2735 quod
2271 2666 2457 2736 utique
2482 2665 2639 2720 simul
2673 2673 2755 2720 est
2793 2675 2846 2721 et
2876 2667 3130 2732 Verbum,
3162 2676 3214 2722 et
3241 2669 3441 2734 anima,

1874 2767 1929 2811 et
1957 2772 2120 2812 caro:
2153 2758 2467 2812 cruciﬁxum
2511 2765 2688 2811 tamen
2730 2767 2783 2812 et
2831 2759 3118 2828 sepultum,
3163 2775 3282 2814 cum
3331 2760 3445 2814 'sola

1873 2846 1989 2915 ejus
2014 2846 2219 2915 sepulta
2245 2846 2314 2902 sit
2343 2862 2490 2901 caro.
2518 2845 2584 2900 Et
2617 2864 2808 2911 nemo,
2831 2847 3021 2917 inquit,
3048 2848 3137 2901 ubi
3163 2856 3446 2918 posuerunt

1873 2953 2009 2990 eum.
2039 2937 2164 2992 Haec
2203 2945 2320 2992 erat
2347 2952 2508 2992 causa
2555 2937 2728 3004 major
2755 2938 2972 3003 doloris,
3003 2937 3142 3008 quod
3173 2938 3447 2995 nesciebat

1874 3043 1979 3097 quo
2019 3027 2121 3081 iret
2159 3027 2226 3081 ad
2263 3027 2644 3081 consolandum
2689 3027 2959 3092 dolorem;
3007 3027 3098 3081 sed
3128 3041 3296 3096 prope
3327 3035 3447 3081 erat

1875 3119 2006 3174 hora
2037 3133 2141 3188 qua
2174 3118 2392 3173 tristitia
2417 3119 2533 3188 ejus
2571 3125 2869 3173 verteretur
2897 3118 2950 3172 in
2991 3119 3263 3189 gaudium.
3293 3118 3448 3174 Unde

1871 3211 2115 3280 sequitur
2149 3229 2161 3263 :
2195 3210 2379 3282 (Vens.
2412 3209 2500 3280 Μ)
2534 3209 2664 3263 Ηανε
2685 3227 2802 3263 cum
2825 3209 3060 3274 dixisset,
3087 3225 3286 3262 reversa
3307 3205 3441 3278 [Al.,

1870 3300 2137 3372 conversa]
2163 3311 2235 3354 est
2267 3310 2566 3366 retrorsum,
2593 3311 2642 3354 et
2668 3301 2791 3354 vidit
2811 3299 2992 3354 Iesum
3021 3310 3256 3359 stantem,
3282 3299 3330 3352 et
3358 3317 3445 3354 ne-

1870 3391 2060 3445 sciebat
2086 3391 2207 3461 quia
2226 3389 2381 3444 Iesus
2404 3400 2554 3444 esset.
2586 3408 2604 3442 ι
2631 3389 2932 3445 Notandum
2960 3391 3102 3460 quod
3129 3390 3296 3443 Maria
3325 3405 3445 3459 quae

1870 3483 2045 3536 adhuc
2071 3481 2136 3536 de
2161 3480 2368 3535 Domini
2398 3481 2790 3536 resurrectione
2823 3481 3118 3544 dubitabat,
3145 3488 3445 3535 retrorsum

1870 3585 2131 3626 conversa
2179 3580 2261 3624 est
2291 3577 2350 3623 ut
2394 3570 2602 3624 videret
2641 3568 2862 3625 Jesum:
2901 3572 3025 3640 quia
3056 3570 3304 3625 videlicet
3350 3583 3447 3640 per

1871 3662 2116 3716 eamdem
2146 3660 2530 3715 dubitationem
2560 3676 2730 3724 suam,
2757 3661 2909 3730 quasi
2939 3669 3085 3731 terga
3113 3657 3312 3731 [Greg.,
3338 3670 3446 3716 teri

1870 3750 2018 3823 gum]
2058 3751 2110 3805 in
2141 3751 2354 3804 Domini
2380 3750 2574 3804 faciem
2618 3751 2855 3815 miserat,
2890 3767 3048 3820 quem
3086 3752 3446 3806 resurrexisse

1870 3841 2090 3894 minime
2120 3841 2390 3894 credebat.
2419 3840 2524 3894 Sed
2550 3841 2675 3910 quia
2713 3842 2929 3894 amabat
2957 3849 3010 3894 et
3037 3841 3336 3904 dubitabat,
3364 3843 3445 3894 vi-

1870 3931 2050 3994 debat,
2077 3938 2132 3983 et
2157 3944 2261 3983 non
2302 3929 2680 3998 cognoscebat,
2705 3943 2936 3998 eumque
2975 3928 3048 3981 illi
3089 3938 3141 3982 et
3172 3944 3323 3982 amor
3350 3944 3442 3984 os—

1872 4019 2115 4072 tenderat
2141 4024 2196 4071 et
2223 4016 2469 4070 dubietas
2495 4017 2875 4070 abscondebat.
2905 4016 3068 4084 Cujus
3096 4019 3269 4072 adhuc
3296 4017 3444 4087 igno-

1871 4108 2044 4161 rantia
2070 4106 2406 4175 exprimitur,
2439 4121 2561 4160 cum
2591 4105 2856 4160 infertur:
2897 4106 3080 4176 (Vens.
3133 4107 3218 4178 15)
3250 4106 3319 4159 Et
3349 4125 3442 4160 ne-

1869 4197 2058 4251 sciebat
2095 4199 2219 4264 quia
2263 4195 2419 4250 Jesus
2451 4206 2611 4250 esset.
2644 4196 2747 4261 Qui
2780 4197 2905 4250 dicit
2931 4198 2979 4250 ei
3009 4211 3028 4248 :
3059 4197 3271 4262 Mulier,
3317 4197 3444 4268 quid

1868 4287 2043 4358 ploras
2066 4287 2090 4340 ?
2114 4287 2276 4352 Quem
2303 4287 2531 4358 quaeris?
2549 4287 2916 4358 lnterrogatur
2938 4286 3140 4343 doloris
3171 4303 3355 4353 causa,
3385 4297 3446 4345 ut

1871 4386 2129 4446 augeatur
2150 4377 2494 4441 desiderium,
2521 4385 2783 4446 quatenus
2803 4393 2923 4433 cum
2951 4379 3256 4433 nominaret
3283 4395 3443 4449 quem

1871 4475 2166 4534 quaereret,
2197 4467 2251 4520 in
2292 4482 2473 4522 amore
2510 4466 2625 4536 ejus
2677 4468 2956 4524 ardentius
3011 4476 3283 4524 a'stuaret.
3332 4469 3444 4524 Illa

1870 4557 2171 4612 existimans
2195 4559 2319 4630 quia
2341 4559 2648 4613 hortulanus
2688 4567 2834 4623 esset,
2866 4558 2990 4612 dicit
3016 4560 3063 4613 ei
3086 4576 3104 4614 :
3128 4559 3363 4624 Domine,
3396 4561 3447 4616 si

1869 4656 1926 4702 tu
1953 4649 2209 4704 sustulisti
2235 4666 2376 4716 eum,
2402 4651 2560 4704 dicito
2584 4652 2710 4704 mihi
2749 4652 2836 4704 ubi
2867 4653 3085 4722 posuisti
3109 4669 3246 4717 eum,
3274 4663 3322 4707 et
3349 4670 3445 4724 ego

1872 4765 1988 4801 eum
2008 4747 2207 4800 tollam.
2224 4748 2472 4803 Forsitan
2494 4765 2594 4804 nec
2619 4751 2848 4807 errando
2871 4753 2985 4808 luec
3007 4755 3198 4810 mulier
3217 4755 3438 4820 erravit,

1872 4852 1991 4906 qua:
2024 4836 2204 4892 Jesum
2235 4838 2579 4894 hortulanum
2610 4842 2855 4896 credidit.
2881 4843 2963 4898 An
3008 4860 3113 4900 non
3143 4847 3192 4900 ei
3224 4847 3441 4916 spirita-

1872 4926 1996 4981 liter
2023 4927 2337 4982 hortulanus
2357 4937 2493 4994 erat,
2524 4930 2613 4998 qui
2643 4931 2696 4986 in
2724 4932 2840 5003 ejus
2866 4942 3082 5003 pectore
3109 4951 3208 5004 per
3239 4937 3440 4992 amoris

1873 5019 1955 5074 sui
1991 5021 2198 5075 semina
2227 5021 2483 5075 virtutum
2523 5023 2751 5078 virentia
2791 5025 3064 5094 plantabat
3106 5028 3252 5081 sata?
3285 5045 3302 5078 ς
3333 5026 3440 5084 Sed

1873 5113 2000 5182 quid
2045 5122 2146 5176 est,
2173 5114 2315 5182 quod
2357 5115 2474 5169 viso
2499 5129 2584 5180 eo,
2617 5131 2776 5186 quem
2802 5120 3141 5175 hortulanum
3185 5124 3437 5189 credidit,

1873 5201 1958 5255 cui
1992 5201 2218 5256 necdum
2249 5203 2457 5256 dixerat
2475 5219 2634 5271 quem
2659 5211 2955 5276 qumiebat,
2983 5211 3058 5263 ait
3079 5211 3127 5264 ei
3153 5227 3166 5264 :
3195 5210 3436 5278 Domine,

1872 5292 1918 5343 si
1933 5301 1987 5343 tu
2013 5291 2271 5345 sustulisti
2287 5308 2424 5357 eum,
2442 5294 2600 5349 dicito
2615 5298 2758 5360 mihi,
2787 5308 2892 5354 etc.
2917 5319 2936 5352 ι
2959 5299 3125 5354 Nemo
3148 5301 3442 5356 calumnie-

1879 5389 1968 5435 tur
2005 5382 2306 5448 mulierem,
2336 5388 2477 5454 quod
2514 5389 2854 5444 hortulanum
2893 5392 3089 5446 dixerit
3131 5393 3438 5462 Dominum,

1877 5481 1931 5528 et
1954 5473 2134 5529 Jesum
2165 5477 2499 5546 magistrum.
2529 5480 2605 5536 lbi
2635 5483 2776 5536 enim
2806 5485 3045 5553 rogabat,
3078 5487 3164 5542 hic
3186 5488 3442 5543 noscebat

1881 5563 2011 5636 [Al.,
2037 5567 2411 5640 agnoscebat];
2443 5570 2514 5624 ibi
2543 5569 2840 5645 honorabat
2869 5574 3139 5630 hominem
3161 5592 3193 5632 a
3216 5593 3324 5648 quo
3348 5578 3442 5635 be-

1879 5675 2202 5802 cafl‘ftegu
2239 5697 2255 5732 ι
2286 5679 2418 5736 Cum
2464 5697 2561 5752 per
2599 5685 2896 5753 apostolum
2938 5687 3195 5748 Joannem
3244 5695 3440 5764 [medi-
