4088 6330
652 374 754 433 991

1482 365 1556 422 Β.
1598 366 1658 431 r.
1697 363 1922 421 suum
1957 361 2088 419 seu
2127 349 2717 417 ALCUlNl'OPERUH
2753 354 2932 413 rans
2963 338 3023 413 ii.

654 480 907 538 neIcinm
947 477 1275 551 postuhhat,
1315 474 1403 530 hic
1435 474 1706 530 recolebat
1733 474 2007 530 doctorem
2042 487 2073 525 a
2111 484 2219 540 quo
2244 475 2294 534 Α
2319 468 2639 525 annuntians
3023 466 3163 533 Quae
3203 469 3310 523 ridi
3345 467 3650 525 Domum.
3681 479 3755 525 bs
3788 472 3898 528 Iure

653 573 964 628 discernere
1004 571 1235 625 humana
1273 576 1333 620 et
1373 566 1551 620 divina
1595 564 1856 620 discebat.
1901 561 2218 632 Appellabat

653 662 939 717 Dominum
981 658 1134 726 wjus
1169 655 1361 711 ancilla
1405 671 1510 710 non
1542 664 1682 719 erat,
1712 664 1775 709 ut
1815 654 2122 723 perveniret
2150 653 2218 707 ad

652 752 935 807 Dominum
973 748 1123 818 cujus
1168 757 1304 803 erat.
1334 748 1507 802 Aliter
1548 763 1678 818 ergo
1724 748 2005 802 Dominum
2038 745 2213 799 dixit:

653 841 988 897 Sustulerunt
1016 839 1297 892 Dominum
1323 851 1524 892 meum:
1547 838 1704 892 aliter
1726 846 1902 892 autem
1928 852 1945 890 :
1973 836 2217 899 Domine,

648 929 695 981 si
719 939 778 981 tu
818 926 1075 982 sustulisti
1101 925 1275 990 illum,
1300 926 1372 980 ibi
1398 940 1465 980 ex
1491 926 1736 988 veritate,
1769 925 1858 979 hic
1881 939 1948 979 ex
1993 925 2216 978 honore.

648 1018 934 1084 Qumrebat
977 1018 1177 1085 itaque,
1217 1024 1272 1069 et
1308 1031 1419 1070 non
1463 1016 1696 1079 dicebat,
1725 1030 1843 1083 qua:
1882 1030 2001 1091 eum
2042 1012 2213 1068 dixit:

646 1106 889 1170 Domine,
918 1108 965 1160 si
986 1116 1042 1159 tu
1069 1105 1325 1160 sustulisti
1354 1122 1492 1159 wm.
1524 1123 1542 1156 ι
1565 1105 1678 1160 Hoc
1705 1104 1867 1160 habet
1891 1105 1973 1158 vis
1995 1104 2215 1168 amoris,

648 1198 753 1253 hoc
778 1211 939 1267 agere
971 1197 1111 1252 solet
1135 1197 1188 1251 in
1216 1197 1417 1260 animo,
1442 1206 1502 1251 ut
1533 1212 1694 1265 quem
1723 1196 1835 1265 ipse
1867 1209 2080 1263 semper
2120 1208 2218 1249 co-

647 1288 812 1358 gitat,
841 1287 1044 1342 nullum
1089 1287 1252 1342 alium
1281 1287 1467 1343 credat
1501 1302 1766 1357 ignorare.
1811 1286 1976 1340 Recte
2005 1294 2059 1339 et
2102 1286 2217 1339 bare

647 1380 857 1442 mulier,
887 1393 1046 1447 quem
1074 1380 1267 1448 quaerit
1295 1395 1399 1434 non
1428 1379 1576 1445 dicit,
1603 1386 1658 1433 et
1697 1387 1875 1432 tamen
1903 1377 2052 1440 dicit,
2082 1377 2130 1429 si
2160 1386 2216 1430 tu

644 1469 902 1525 sustulisti
918 1487 1056 1535 eum,
1072 1472 1197 1540 quia
1219 1471 1374 1526 alteri
1390 1485 1494 1525 non
1517 1478 1667 1541 putat
1688 1468 2034 1539 incognitum,
2058 1480 2216 1536 quem

644 1560 726 1615 sic
749 1561 863 1631 ipsa
888 1561 1143 1616 continuo
1169 1561 1370 1632 plangit
1394 1561 1683 1616 desiderio.

721 1648 878 1705 Vsus.
901 1649 987 1702 16.
1006 1679 1077 1689 —-
1095 1648 1234 1703 Dicit
1260 1650 1308 1702 ei
1330 1648 1487 1703 Jesus
1510 1663 1527 1700 .'
1554 1648 1748 1703 Maria.
1779 1647 2067 1716 Postquam
2094 1660 2217 1700 eam

642 1737 914 1793 communi
937 1737 1195 1794 vocabulo
1218 1738 1503 1807 appellavit
1521 1754 1588 1792 ex
1614 1753 1766 1802 sexu,
1790 1744 1846 1791 et
1873 1737 2086 1805 agnitus
2109 1749 2214 1788 non

641 1835 746 1892 est,
778 1836 937 1883 vocat
961 1844 1028 1884 ex
1076 1803 1309 1886 nomine.
1337 1830 1415 1885 Ac
1450 1832 1493 1884 si
1536 1839 1719 1899 aperte
1744 1830 1793 1884 ei
1827 1803 2005 1883 dicat:
2042 1829 2215 1882 Reco-
2250 1803 2296 1869 Β

644 1932 842 1986 gnosce
881 1933 1003 1972 eum
1048 1933 1079 1972 a
1106 1934 1211 1988 quo
1260 1919 1679 1989 recognosceris.
1724 1918 1969 1973 Perfecto
2004 1930 2217 1985 quoque

642 2006 763 2060 viro
775 2006 998 2062 dicitur:
1019 2007 1072 2061 Ν
1074 2009 1153 2061 ovi
1167 2018 1216 2060 te
1229 2024 1293 2061 ex
1305 2009 1509 2062 nomine
1523 2006 1716 2079 (Exod.
1732 2024 1924 2071 χχχιιι,
1942 2005 2215 2081 i2);637

648 2095 775 2163 quia
823 2096 1002 2160 homo,
1033 2110 1317 2151 commune
1342 2098 1584 2152 omnium
1618 2107 1862 2152 nostrum
1897 2104 2217 2159 vocabulum

646 2192 750 2250 est,
781 2184 989 2255 Moyses
1016 2200 1145 2240 vero
1173 2186 1473 2255 proprium,
1502 2188 1589 2241 cui
1618 2196 1764 2241 recte
1791 2189 1985 2243 dicitur
2005 2194 2127 2261 quia
2150 2207 2216 2248 ex

646 2276 864 2331 nomine
893 2277 1097 2332 scitur:
1130 2292 1195 2331 ac
1221 2278 1266 2330 si
1296 2286 1480 2346 aperte
1521 2278 1780 2333 Dominus
1813 2280 1975 2346 dicat,
2018 2298 2122 2336 non
2166 2292 2217 2338 te

642 2367 966 2441 generaliter
992 2374 1052 2421 ut
1096 2378 1342 2432 caeteros,
1373 2368 1465 2423 sed
1514 2369 1823 2438 specialiter
1868 2372 2000 2426 scio.
2047 2373 2214 2429 Maria

645 2470 795 2528 ergo,
816 2472 935 2526 qua:
954 2466 1178 2512 vocatur
1200 2472 1265 2512 ex
1294 2459 1529 2522 nomine,
1552 2462 1889 2530 recognoscit
1912 2472 2213 2530 auctorem,

645 2555 809 2617 atque
827 2560 951 2602 eum
974 2548 1218 2617 protinus
1244 2545 1496 2612 Rabboni,
1522 2548 1574 2602 id
1596 2556 1679 2605 est
1700 2550 2014 2619 magistrum
2037 2560 2212 2619 vocat,

643 2640 771 2708 quia
810 2647 864 2694 et
898 2639 1011 2708 ipse
1044 2647 1163 2693 erat
1197 2638 1289 2707 qui
1318 2638 1659 2709 quasrebatnr
1691 2641 1963 2706 exterius,
2002 2650 2056 2696 et
2100 2643 2214 2711 ipse

642 2743 764 2787 eam
814 2729 1040 2785 interius
1080 2736 1140 2783 ut
1187 2737 1485 2797 quaereret,
1528 2728 1771 2784 docebat.
1818 2728 1938 2785 iam
1980 2746 2107 2787 vero
2149 2734 2215 2788 ab

641 2818 973 2888 evangelista
1002 2834 1109 2873 non
1141 2818 1390 2874 subditur
1418 2820 1549 2888 quid
1577 2820 1769 2874 mulier
1792 2820 1999 2884 fecerit.
2027 2824 2119 2879 sed
2147 2838 2212 2880 ex

642 2923 711 2965 eo
741 2908 982 2963 inanitur
1008 2910 1151 2979 quod
1193 2911 1416 2975 audivit,
1451 2910 1536 2965 cui
1573 2912 1804 2966 dicitur:
1837 2912 1964 2966 Noli
1991 2930 2070 2968 me
2098 2924 2214 2969 tan-

642 3014 784 3069 gere,
814 2998 1044 3053 nondum
1085 3001 1222 3053 enim
1249 3000 1457 3054 ascendi
1480 3001 1547 3054 ad
1577 2999 1787 3055 Patrem
1822 3018 2009 3058 meum.
2039 3004 2095 3058 ln
2133 3006 2215 3060 bis

641 3100 875 3156 namque
910 3086 1091 3142 verbis
1114 3088 1434 3153 ostenditur,
1461 3091 1604 3157 quod
1645 3090 1811 3145 Maria
1840 3092 2088 3161 amplecti
2118 3109 2211 3148 νος

641 3172 742 3229 luit
772 3176 888 3245 ejus
913 3177 1158 3245 vestigia,
1188 3193 1346 3246 quem
1384 3181 1710 3247 recognovit.
1741 3180 1845 3235 Sed
1872 3182 2211 3253 ei-magister

642 3263 809 3319 dicit:
844 3266 971 3320 Noli
1018 3283 1096 3320 me
1139 3277 1376 3337 tangere;
1408 3284 1512 3323 non
1542 3270 1666 3338 quia
1695 3279 1817 3339 post
1862 3274 2210 3328 resurrectio-

643 3368 768 3408 nem
802 3354 1057 3409 Dominus
1106 3363 1303 3410 tactum
1353 3359 1530 3413 renuit
1577 3357 1929 3425 feminarum,
1975 3376 2098 3415 cum
2144 3362 2210 3418 de

643 3444 852 3503 duabus
890 3445 958 3503 ad
1008 3446 1307 3515 sepulcrum
1347 3446 1465 3514 ejus
1511 3447 1903 3521 [venientibus]
1948 3452 2206 3519 scriptam

643 3537 717 3591 sit
750 3551 767 3590 :
800 3536 1134 3593 Accesserant
1189 3544 1237 3591 et
1289 3545 1560 3593 tenuerunt
1608 3539 1758 3609 pedes
1809 3541 1923 3610 ejus
1984 3541 2206 3613 (Matth.

643 3642 880 3692 xxmn,
913 3628 988 3697 9).
1038 3627 1146 3683 Sed
1196 3644 1294 3684 cur
1330 3631 1474 3699 tangi
1517 3645 1621 3684 non
1664 3631 1875 3695 debeat,
1910 3633 2047 3687 ratio
2079 3649 2214 3703 quo-

644 3731 751 3786 que
795 3717 1034 3784 additur,
1080 3733 1201 3772 cum
1250 3708 1616 3774 subinfertur:
1651 3720 1901 3774 Nondum
1945 3723 2081 3777 enim
2125 3741 2212 3777 as-

643 3807 793 3863 cendi
819 3807 888 3861 ad
919 3804 1133 3860 Patrem
1159 3825 1346 3863 meum.
1379 3809 1434 3863 In
1460 3810 1625 3864 corde
1649 3810 1846 3864 etenim
1876 3818 2061 3866 nostro
2087 3820 2213 3868 tunc

642 3894 799 3954 Jesus
827 3899 1070 3954 ascendit
1095 3898 1161 3952 ad
1192 3898 1426 3965 Patrem,
1453 3916 1574 3955 cum
1599 3901 1822 3970 :cqualis
1846 3903 2085 3957 creditur
2109 3903 2212 3958 Pa-

643 3986 737 4043 tri.
767 3985 900 4040 Nam
938 3987 1179 4056 quisquis
1215 4003 1336 4043 eum
1364 3990 1622 4057 mqualem
1670 3991 1816 4044 Patri
1858 4007 1966 4045 non
2009 3992 2209 4058 credit,

645 4077 819 4132 adhuc
841 4078 895 4132 in
914 4078 1030 4148 ejus
1051 4087 1267 4148 pectore
1287 4080 1353 4134 ad
1379 4080 1591 4135 Patrem
1618 4081 1873 4136 Dominus
1894 4097 2000 4137 non
2027 4098 2214 4138 ascen-

642 4166 741 4223 dit.
765 4167 860 4223 llle
879 4184 1009 4240 ergo
1028 4168 1208 4224 Jesum
1234 4172 1499 4227 veraciter
1522 4174 1714 4243 tangit,
1732 4175 1823 4242 qui
1849 4173 1996 4231 Patri
2017 4174 2214 4231 Filium

644 4268 966 4314 ceteternum
992 4261 1188 4317 credit.

731 4344 867 4401 Vade
910 4358 1082 4403 autem
1107 4350 1174 4403 ad
1223 4349 1410 4417 fratres
1449 4367 1607 4416 meos,
1643 4361 1691 4405 et
1718 4352 1805 4406 die
1828 4356 1943 4407 eis:
1977 4355 2214 4411 Aseendo

645 4436 715 4489 ad
743 4434 957 4490 Patrem
984 4454 1155 4491 meum
1192 4447 1241 4490 et
1282 4439 1352 4493 ad
1399 4436 1608 4494 Patrem
1647 4453 1891 4509 vestrum,
1932 4445 2001 4498 ad
2047 4445 2214 4500 Deum

644 4543 820 4581 meum
846 4537 891 4581 et
916 4527 1080 4580 Deum
1106 4537 1344 4583 vestrum.
1367 4530 1500 4584 Cum
1530 4547 1701 4586 meum
1721 4533 1866 4588 dicat
1888 4544 1942 4589 et
1967 4546 2210 4604 vestrum,

648 4634 748 4673 cur
793 4634 899 4673 non
944 4620 1300 4675 communiter
1341 4622 1470 4677 dicit
1509 4625 1784 4678 nostrum?
1814 4624 1919 4681 Sed
1961 4627 2212 4685 distincte

648 4709 871 4778 loquens
898 4710 1099 4765 indicat
1126 4711 1251 4780 quia
1278 4713 1527 4767 eumdem
1554 4713 1771 4770 Patrem
1799 4726 1854 4772 et
1874 4717 2038 4772 Deum
2066 4720 2214 4775 simi-

637 4796 774 4872 ‘liter
797 4798 959 4853 habet
988 4799 1120 4868 ipse,
1163 4795 1321 4870 quem
1346 4818 1443 4858 nos
1470 4802 1597 4874 [Ms.
1626 4805 1809 4862 melius
1833 4821 1851 4858 :
1884 4808 2214 4864 dissimiliter

650 4889 812 4945 habet
853 4889 988 4960 ipse,
1015 4907 1175 4960 quam
1216 4893 1355 4965 nos].
1384 4894 1619 4949 Ascendo
1645 4896 1714 4949 ad
1754 4895 1968 4952 Patrem
2008 4916 2211 4966 meum,

647 4980 895 5036 videlicet
931 4997 1028 5051 per
1058 4993 1334 5048 naturam;
1361 4994 1409 5037 et
1447 4982 1663 5041 Patrem
1693 4999 1918 5043 vestrum
1963 5004 2060 5058 per
2085 5007 2213 5060 gra-

650 5071 810 5139 tiam;
841 5073 908 5125 ad
934 5072 1102 5127 Deum
1131 5090 1317 5138 meum,
1346 5076 1469 5145 quia
1514 5078 1783 5145 descendi,
1810 5082 1879 5134 ad
1914 5080 2081 5137 Deum
2110 5100 2212 5141 ,υθ-

648 5174 833 5229 stram,
863 5164 987 5234 quia
1011 5166 1310 5223 ascendctis
1341 5167 1496 5239 [Ms.,
1519 5171 1878 5242 ascendistis].
1908 5172 2042 5239 Quia
2069 5175 2215 5229 enim

648 5259 705 5304 et
743 5266 842 5322 ego
870 5253 1049 5317 homo,
1094 5254 1233 5310 Deus
1259 5257 1390 5311 mihi
1419 5266 1531 5324 est;
1558 5260 1682 5329 quia
1710 5276 1807 5314 vos
1835 5262 1902 5315 ab
1928 5278 2110 5317 errore
2145 5263 2213 5316 li-

647 5339 818 5396 berati
852 5344 983 5398 estis
1016 5343 1169 5415 [Ms.,
1208 5345 1441 5420 liberat],
1475 5348 1615 5404 Deus
1640 5357 1723 5404 est
1752 5350 1923 5404 vobis.
1954 5350 2215 5414 Distincte

649 5445 780 5503 (rgo
809 5431 939 5487 mihi
964 5432 1125 5488 Pater
1150 5443 1205 5490 et
1230 5435 1371 5492 Deus
1393 5446 1504 5505 est;
1533 5439 1658 5507 quia
1683 5454 1842 5508 quem
1872 5448 1998 5497 ante
2020 5442 2215 5497 saecula

656 5523 821 5578 Deam
846 5526 1045 5596 genuit,
1073 5526 1340 5583 hominem
1369 5529 1422 5583 in
1463 5531 1569 5586 line
1608 5532 1922 5588 smculorum
1952 5548 2038 5588 me
2061 5532 2212 5605 [.ils.,

655 5613 886 5685 mecum]
917 5614 1137 5670 creavit.
1166 5616 1350 5687 (Vens.
1382 5618 1492 5688 18.)
1530 5608 1671 5673 Venit
1704 5619 1877 5674 Maria
1908 5620 2215 5680 Mnadalene

727 5735 749 5765 ε
782 5722 857 5779 Ex
891 5725 947 5780 S.
979 5726 1161 5799 Greg.,
1188 5728 1332 5783 hom.
1363 5728 1450 5784 26.
1483 5747 1628 5784 num.
1662 5732 1765 5787 1-5.

2316 558 2450 613 dixit
2476 558 2631 612 milii.
2675 558 2817 614 Ecce
2851 557 3072 613 humani
3099 560 3315 628 generis
3339 559 3493 630 culpa
3528 561 3602 616 ibi
3626 562 3899 617 abscindi-

2318 653 2427 711 tur,
2456 646 2598 701 unde
2638 646 2923 716 processit.
2953 646 3088 713 Quia
3134 648 3280 702 enim
3318 648 3374 702 in
3411 650 3668 720 paradiso
3702 650 3900 707 mulier

2318 736 2436 790 viro
2462 737 2766 806 propinavit
2788 745 3042 802 mrtem,
3076 753 3107 792 a
3136 738 3383 807 sepulcro
3415 740 3613 794 mulier
3638 742 3782 797 viris
3810 758 3898 796 an-

2318 826 2587 882 nuntiavit
2605 825 2791 891 vitam,
2813 834 2869 882 et
2895 826 3041 882 dicta
3064 828 3148 882 sui
3171 828 3522 886 viviﬁcatoris
3546 839 3763 896 narrat,
3789 847 3899 901 qua

2318 918 2581 973 mortiferi
2616 919 2879 986 serpentis
2907 920 3070 973 verba
3099 928 3432 975 narraverat.
3459 921 3538 976 Ac
3575 922 3623 976 si
3661 924 3897 980 humano

2319 1009 2501 1081 generi
2528 1024 2634 1064 non
2659 1011 2840 1066 verbis
2869 1009 3147 1093 Dominus,
3170 1012 3262 1067 sed
3293 1013 3457 1067 rebus
3479 1013 3625 1067 dicat
3650 1028 3667 1067 :
3690 1014 3777 1070 De
3800 1030 3896 1085 qua

2318 1115 2479 1154 manu
2507 1101 2659 1156 vobis
2687 1101 2867 1157 illatus
2898 1109 2985 1156 est
3018 1110 3178 1169 potus
3220 1104 3429 1165 mortis,
3456 1104 3524 1158 de
3557 1105 3676 1174 ipsa
3724 1108 3894 1161 nosci.

2316 1189 2430 1258 pite
2478 1191 2730 1260 poculum
2781 1192 2931 1246 vitm.
2975 1192 3102 1247 llazc
3152 1194 3218 1248 de
3260 1194 3599 1261 expositione
3648 1195 3895 1251 lectionis

2317 1280 2637 1351 evangelica:
2660 1283 2930 1337 succincte
2952 1283 3371 1339 transcurrimus
3394 1301 3407 1336 :
3431 1299 3575 1337 nunc
3597 1285 3894 1353 opitulante

2316 1373 2505 1427 eodem
2548 1374 2613 1429 de
2651 1390 2759 1443 quo
2785 1375 3056 1444 loquimur
3092 1376 3340 1441 Domino,
3377 1385 3434 1431 et
3479 1380 3893 1435 resurrectionis

2319 1462 2478 1536 [ejus]
2509 1464 2753 1536 gloriam,
2782 1474 2838 1519 et
2862 1466 3079 1535 pietatis
3111 1468 3319 1522 viscera
3347 1467 3784 1524 consideremus.
3812 1469 3891 1524 Ci~

2317 1553 2424 1606 tius
2450 1553 2593 1607 enim
2629 1568 2659 1605 a
2690 1561 2867 1609 morte
2911 1554 3080 1609 voluit
3121 1570 3427 1625 resurgere,
3458 1572 3529 1611 ne
3574 1567 3768 1613 nostra
3809 1559 3889 1612 diu

2316 1645 2495 1700 anima
2519 1645 2572 1699 in
2598 1645 2927 1702 inﬁdelitatis
2949 1656 3121 1702 morte
3148 1658 3473 1703 remaneret.
3495 1667 3514 1701 ι

2899 1777 3127 1836 CAPUT
3163 1779 3318 1835 XLII.

2319 1883 2615 1962 Cumfores
2641 1897 2805 1962 essent
2829 1887 3041 1962 clausae,
3065 1890 3271 1943 veniens
3294 1889 3363 1942 ad
3393 1889 3685 1962 discipulos
3716 1908 3888 1962 paceni

2387 1957 2563 2029 infert,
2605 1957 2842 2029 manibus
2873 1958 3131 2029 lateraque
3158 1969 3465 2029 monstrato.
3499 1957 3886 2025 Quibus'eliam

2385 2025 2478 2095 per
2496 2026 2889 2096 insuﬁlationem
2914 2025 3172 2096 significat
3200 2025 3455 2096 Spiritum
3477 2041 3738 2083 sanetum.
3760 2030 3888 2085 Item

2385 2104 2499 2164 post
2523 2097 2632 2150 dies
2670 2106 2795 2166 octo,
2823 2095 3046 2150 Thomas
3074 2095 3306 2166 inspectu
3341 2097 3418 2151 rei
3446 2108 3584 2151 tactu
3608 2098 3792 2154 lateris
3825 2114 3887 2154 ac

2387 2181 2636 2237 manuum
2676 2167 2732 2218 in
2763 2165 2916 2233 ﬁdem
2949 2165 3290 2237 conﬁrmatur
3327 2167 3577 2221 audiens:
3601 2167 3758 2222 Beati
3786 2170 3881 2237 qui
3970 2172 3973 2177 ’

2386 2249 2495 2288 non
2521 2234 2789 2299 viderunt,
2820 2243 2874 2289 et
2902 2236 3265 2291 crediderunt.

2385 2367 2547 2422 Vens.
2566 2367 2651 2422 l9.
2664 2364 2875 2421 -—Cum
2895 2384 3013 2422 sero
3032 2368 3230 2437 factum
3249 2377 3379 2423 esset
3405 2385 3511 2422 una
3532 2368 3885 2435 sabbatorum,

2313 2464 2359 2511 et
2386 2456 2522 2525 fores
2564 2468 2728 2511 essent
2757 2456 2968 2523 clausre,
3005 2457 3097 2512 ubi
3129 2469 3277 2513 erant
3305 2460 3555 2529 discipuli
3597 2462 3888 2530 congregati

2312 2555 2520 2614 propter
2559 2556 2750 2600 metum
2789 2545 3130 2614 luda‘orum,
3169 2550 3302 2603 venit
3340 2548 3532 2614 Iesus,
3572 2560 3623 2605 et
3664 2552 3802 2605 stetit
3835 2553 3889 2608 in

2313 2634 2484 2693 medio
2503 2650 2701 2689 eorum.
2724 2654 2743 2686 ι
2767 2648 2793 2676 α
2808 2636 2944 2701 Quid
2966 2637 3163 2691 mirum
3185 2639 3228 2693 si
3251 2638 3452 2694 clausis
3466 2640 3660 2710 januis
3676 2650 3799 2710 post
3816 2654 3891 2696 re-

2314 2725 2702 2779 surrectionem
2725 2741 2874 2780 suam
2897 2727 2951 2781 in
2972 2736 3229 2783 mternum
3253 2729 3364 2796 jam
3383 2731 3638 2786 victurus
3659 2732 3884 2797 intrarit,

2315 2815 2405 2883 qui
2436 2815 2727 2870 moriturus
2754 2816 2975 2870 veniens
3001 2830 3106 2870 non
3133 2826 3317 2886 aperto
3346 2827 3505 2874 utero
3532 2821 3765 2890 virginis
3785 2821 3887 2876 exi.

2316 2903 2427 2956 vit?
2452 2903 2557 2958 Sed
2580 2904 2703 2972 quia
2745 2905 2813 2957 ad
2851 2904 2977 2959 illud
3013 2921 3227 2974 corpus,
3267 2908 3411 2976 quod
3442 2908 3619 2963 videri
3660 2918 3889 2979 poterat,

2315 2991 2449 3048 ﬁdes
2480 2994 2797 3048 intuentium
2824 2994 3124 3059 dubitabat,
3150 2996 3369 3049 ostendit
3395 2997 3471 3051 eis
3506 2998 3761 3066 protinus
3788 3014 3888 3053 μσς

2316 3100 2414 3137 aus
2460 3100 2522 3136 ac
2565 3083 2703 3139 latus
2730 3101 2749 3138 :
2787 3085 3106 3154 palpandam
3150 3101 3367 3141 carnem
3414 3088 3686 3156 praebuit,
3735 3103 3885 3158 quam

2312 3174 2507 3230 clausis
2529 3173 2709 3242 januis
2734 3176 3045 3231 introduxit.
3076 3197 3095 3229 ι
3134 3176 3327 3232 Clavus
3361 3179 3507 3233 enim
3538 3195 3740 3235 manus
3766 3179 3885 3236 ﬁxe-

2310 3275 2409 3329 rat,
2436 3267 2620 3322 lancea
2638 3267 2780 3321 latus
2802 3277 3116 3336 aperuerat;
3139 3269 3228 3323 ubi
3254 3268 3407 3340 [Ms.,
3430 3270 3528 3341 ibi]
3553 3271 3622 3325 ad
3642 3272 3884 3326 dubitan-

2309 3355 2440 3409 lium
2462 3354 2624 3409 corda
2663 3356 2901 3410 sananda
2926 3356 3207 3411 vulnerum
3244 3368 3373 3411 sunt
3395 3367 3613 3412 servata
3640 3361 3881 3431 vestigia.

2314 3462 2333 3494 ι
2364 3442 2480 3510 Qua
2516 3444 2571 3496 in
2610 3458 2670 3497 re
2699 3443 2805 3497 duo
2832 3444 2968 3499 mira
2993 3453 3047 3498 ct
3088 3443 3245 3514 juxta
3288 3447 3581 3501 humanam
3623 3450 3885 3504 rationem

2308 3533 2410 3589 sibi
2440 3533 2593 3588 valde
2617 3533 2889 3588 contraria
2914 3534 3181 3601 ostendit,
3216 3535 3343 3591 dum
3379 3544 3503 3605 post
3532 3538 3886 3595 resurrectio-

2307 3644 2431 3683 nem
2453 3643 2648 3697 corpus
2671 3644 2825 3684 suum
2848 3636 2903 3683 et
2933 3630 3360 3699 incorruptibile,
3398 3638 3454 3685 et
3477 3640 3662 3686 tamen
3705 3633 3885 3703 palpa-

2308 3717 2413 3772 bile
2435 3718 2838 3772 demonstravit.
2864 3718 2996 3773 Nam
3018 3728 3075 3774 et
3096 3721 3364 3789 corrumpi
3390 3736 3614 3777 necesse
3636 3732 3719 3777 est
3744 3723 3893 3792 quod

2308 3807 2575 3876 palpatur,
2600 3816 2654 3861 ct
2690 3808 2896 3878 palpari
2925 3824 3030 3863 non
3059 3818 3241 3878 potest
3263 3810 3406 3879 quod
3450 3826 3558 3865 non
3584 3814 3890 3884 corrumpi-

2310 3906 2415 3951 tur.
2442 3896 2547 3952 Sed
2577 3899 2714 3954 miro
2740 3897 2898 3955 modo
2940 3908 3102 3970 atque
3150 3901 3511 3957 inaestimabili
3557 3903 3909 3974 Redemptor

2309 3997 2492 4043 noster
2514 3997 2569 4042 et
2601 3989 3005 4059 incorruptibile
3030 3990 3197 4061 638
3230 4000 3352 4061 post
3390 3994 3889 4058 resurrectionem,

2310 4086 2367 4131 et
2388 4076 2649 4146 palpabile
2688 4092 2883 4146 corpus
2911 4079 3185 4145 exhibuit,
3215 4089 3273 4134 ut
3312 4083 3667 4137 monstrando
3708 4083 3889 4138 incor-

2313 4168 2562 4236 rnptibile
2588 4167 2842 4223 invitaret
2864 4169 2930 4224 ad
2956 4170 3258 4238 praemium,
3292 4173 3581 4241 prazbendo
3622 4174 3890 4244 palpabile

2312 4256 2569 4312 formaret
2613 4256 2813 4329 [Greg.,
2842 4258 3102 4331 firmaret]
3131 4261 3198 4315 ad
3241 4261 3419 4316 iidem.
3448 4262 3516 4316 Et
3547 4264 3882 4335 incorrupti-

2312 4346 2473 4400 bilcm
2495 4361 2552 4401 se
2573 4362 2700 4418 ergo
2717 4355 2771 4402 et
2790 4348 3111 4418 palpabilem
3130 4351 3540 4417 demonstravit,
3555 4364 3618 4409 ut
3639 4356 3887 4425 proiecto

2243 4479 2292 4539 υ
2315 4451 2435 4490 esse
2458 4445 2580 4505 post
2608 4438 3061 4495 resurrectionem
3085 4442 3391 4498 ostenderet
3419 4458 3621 4515 corpus
3646 4461 3808 4501 suum
3832 4458 3889 4502 et

2313 4526 2549 4596 ejusdem
2579 4539 2785 4585 natura:
2804 4540 2860 4585 et
2882 4531 3108 4588 alterius
3131 4533 3334 4601 glorias.
3361 4553 3378 4586 ι

2382 4617 2520 4670 Dicit
2545 4619 2617 4672 eis
2642 4632 2659 4670 :
2693 4618 2806 4675 Pax
2832 4621 2990 4675 vobis.
3023 4621 3219 4677 Pacem
3243 4621 3524 4691 oll'erebat,
3549 4626 3646 4696 qui
3670 4637 3893 4698 propter

2312 4721 2497 4775 pacem
2522 4708 2696 4774 Vcnll;
2721 4717 2776 4763 et
2802 4711 2999 4779 quibus
3032 4722 3158 4768 ante
3183 4713 3356 4768 dixit:
3389 4714 3585 4779 Pacem
3613 4735 3783 4772 mus
3802 4737 3893 4774 re-

2311 4793 2490 4864 linquo
2520 4797 2682 4859 vobis,
2708 4814 2887 4867 pacem
2909 4816 3076 4854 meam
3102 4801 3170 4854 do
3195 4803 3358 4867 vobis,
3381 4803 3546 4860 modo
3571 4806 3732 4861 dicit:
3762 4807 3893 4864 Pa:

2311 4890 2469 4942 vobis.
2495 4888 2667 4955 Quam
2693 4904 2880 4960 pacem
2906 4902 3159 4948 nascente
3179 4892 3395 4951 Christo
3424 4898 3600 4969 angeli
3629 4900 3893 4968 praedica-

2313 4985 2504 5030 verunt
2528 4979 2584 5032 in
2614 4981 2832 5035 mundo.
2862 4978 2932 5035 Et
2957 4983 3145 5036 iterum
3175 4985 3409 5039 secundo
3433 4986 3510 5039 ait
3535 5004 3549 5039 :
3578 4985 3699 5041 Pax
3722 4989 3888 5055 tabis,

2311 5073 2372 5118 ut
2399 5076 2726 5123 monstraret
2758 5070 3040 5140 paciﬁcate
3069 5088 3189 5127 esse
3228 5088 3348 5142 qua:
3383 5075 3439 5130 in
3477 5075 3635 5131 caelis
3678 5086 3811 5131 sunt
3837 5087 3891 5131 et

2313 5172 2433 5225 qua:
2457 5158 2510 5212 in
2542 5160 2701 5215 terris
2727 5171 2871 5227 sunt,
2900 5178 2995 5231 per
3020 5165 3335 5235 sanguinem
3355 5182 3536 5221 suum.
3562 5168 3756 5238 (Vens.
3773 5168 3887 5238 21.)

2312 5251 2449 5306 Dicit
2476 5254 2590 5307 eis:
2626 5252 2746 5309 Pax
2769 5255 2927 5310 vobis.
2954 5256 3196 5324 lteratio,
3233 5260 3574 5316 conﬁrmatio
3600 5271 3709 5318 est.
3738 5262 3891 5319 Sicut

2313 5345 2450 5398 misit
2472 5362 2550 5400 me
2565 5344 2741 5411 Pater,
2768 5358 2817 5401 et
2841 5366 2934 5418 ego
2958 5351 3105 5404 mitto
3131 5367 3238 5406 vos.
3269 5370 3287 5403 ι
3307 5351 3469 5407 Pater
3493 5353 3693 5409 Filium
3717 5354 3887 5419 misit,

2314 5441 2407 5510 qui
2436 5440 2579 5496 hunc
2607 5457 2705 5511 pro
2727 5443 3094 5513 redemptione
3119 5447 3333 5515 generis
3356 5447 3577 5501 humani
3609 5446 3889 5503 incarnari

2315 5533 2616 5599 constituit;
2645 5548 2806 5603 quem
2830 5534 3079 5592 videlicet
3105 5536 3162 5591 in
3185 5538 3386 5593 mundo
3411 5537 3613 5610 [στερη
3640 5539 3698 5592 in
3729 5553 3893 5592 mun-

2315 5621 2462 5695 dum]
2487 5624 2671 5680 venire
2694 5624 2758 5677 a'l
2788 5625 3092 5694 passionem
3117 5626 3313 5693 voluit;
3346 5628 3439 5683 sed
3473 5637 3651 5683 tamen
3685 5628 3886 5681 amavit
