4088 6330
225 367 333 424 993

1003 372 1409 428 EXEGETICA.
1450 401 1518 414 -
1555 371 1907 428 COMMENT.
1950 371 2015 425 IN
2049 369 2237 427 JOAN.
2274 403 2343 415 —
2377 372 2502 427 LIB.
2548 373 2654 429 \‘ll.

3357 378 3462 435 994

227 482 423 538 Filium
447 496 604 552 quem
643 482 710 536 ad
738 484 1041 551 passionem
1067 485 1232 538 misit.
1261 484 1469 539 Eiectos
1495 498 1622 537 vero
1663 498 1792 552 apo-
1820 490 1868 548 Α
1895 482 1997 544 nis,
2029 481 2083 534 in
2112 480 2265 536 nobis
2303 482 2522 536 vulnera
2552 491 2768 536 sanaret
2795 482 3143 540 inﬁdelitatis.
3171 485 3296 560 Plus
3316 488 3461 542 enim

227 573 396 629 stolos
429 571 686 627 Dominus
713 588 818 627 non
847 573 913 626 ad
944 573 1126 626 mundi
1154 573 1366 642 gaudia,
1396 573 1488 628 sed
1514 572 1653 626 sicut
1682 573 1793 640 ipse

224 662 427 717 missus
471 671 589 726 est,
629 662 695 716 ad
740 661 1017 730 passiones
1053 662 1105 714 in
1137 663 1390 715 mundum
1433 661 1614 713 mittit.
1658 661 1794 724 Quia

225 766 358 820 ergo
387 760 440 805 et
476 751 516 805 F
521 752 645 805 ilius
688 759 898 805 amatur
927 767 956 803 a
987 749 1166 813 Patre,
1207 757 1260 802 et
1288 758 1463 803 tamen
1490 748 1554 801 ad
1588 748 1792 815 passio-

223 857 352 897 nem
381 841 633 902 mittitur,
659 839 731 892 ita
753 847 807 892 et
835 837 1078 905 discipuli
1102 845 1351 891 amantur
1374 851 1405 888 a
1434 836 1675 898 Domino,
1703 834 1793 902 qui

226 938 408 985 tamen
449 929 515 981 ad
544 927 844 996 passionem
885 927 1168 979 mittuntur
1210 926 1265 978 in
1306 926 1584 978 mundum.
1612 923 1794 990 itaque

224 1018 457 1073 dicitur:
492 1013 637 1070 Sicut
681 1015 818 1068 misit
847 1030 926 1066 me
971 1012 1150 1077 Pater,
1176 1022 1222 1066 et
1263 1029 1354 1082 ego
1403 1013 1548 1065 mitto
1584 1023 1706 1064 cos:
1740 1009 1794 1062 id

221 1117 326 1170 est,
351 1121 416 1160 ea
441 1104 700 1160 charitate
724 1119 818 1157 vos
843 1103 1002 1172 diligo
1030 1118 1148 1156 cum
1170 1103 1310 1155 inter
1337 1099 1581 1154 scandala
1609 1113 1791 1166 perse-

223 1206 472 1254 cutorum
500 1196 672 1260 mitto,
709 1209 813 1263 qua
843 1208 928 1246 me
951 1193 1209 1246 eharitate
1254 1191 1414 1244 Pater
1440 1190 1610 1259 diligit
1638 1188 1789 1260 [Ms.,

221 1286 470 1358 dilexit],
500 1300 658 1354 quem
700 1284 883 1338 venire
908 1284 972 1336 ad
1007 1281 1310 1336 tolerandas
1338 1281 1614 1350 passiones
1640 1279 1788 1334 fecit.

222 1377 411 1446 (Vens.
433 1375 544 1442 ‘22.)
593 1373 706 1426 Hoc
735 1389 851 1426 cum
879 1372 1115 1433 dixisset,
1139 1370 1413 1440 insuﬁlavit
1441 1379 1487 1422 et
1523 1369 1646 1420 dicit
1675 1369 1748 1421 eis
1771 1381 1790 1419 :

219 1469 449 1538 Accipite
487 1466 742 1535 Spiritum
791 1472 1048 1517 sanctum.
1097 1462 1450 1528 Qumrendum
1494 1461 1648 1514 nobis
1686 1466 1787 1522 est,

218 1556 352 1624 quid
378 1562 459 1609 est
485 1555 627 1622 quod
659 1552 920 1621 Spiritum
951 1560 1198 1604 sanctum
1236 1549 1491 1604 Dominus
1531 1556 1714 1601 noster
1737 1556 1791 1602 et

219 1643 389 1700 semel
417 1643 560 1696 dedit
599 1641 652 1696 in
679 1649 823 1695 terra
861 1640 1181 1704 consistens,
1209 1646 1260 1692 et
1289 1637 1455 1692 semel
1487 1637 1624 1692 cmlo
1651 1652 1789 1706 pra:-

219 1733 433 1788 sidens?
462 1731 644 1801 Neque
683 1730 825 1785 enim
851 1730 956 1784 alio
983 1730 1038 1782 in
1079 1729 1195 1783 loco
1227 1732 1381 1784 datus
1411 1727 1640 1796 Spiritus
1669 1741 1791 1779 san-

1892 573 2046 627 nobis
2077 572 2293 626 Thomre
2326 573 2611 627 infidelitas
2647 575 2713 628 ad
2745 575 2924 640 fidem,
2970 592 3130 646 quam
3171 578 3302 634 ﬁdes
3344 595 3461 635 cre-

1891 661 2130 715 dentium
2163 661 2544 730 discipulorum
2590 662 2789 730 profuit
2817 682 2827 715 :
2858 666 2981 732 quia
3015 666 3139 719 dum
3179 667 3268 722 ille
3298 667 3367 722 ad
3395 668 3461 722 fi-

1892 749 2012 802 dem
2041 748 2300 816 palpando
2345 750 2632 814 reducitur,
2659 763 2838 806 nostra
2869 768 3020 807 mens
3063 756 3207 809 omni
3251 756 3460 812 dubita-

1892 839 2039 892 tione
2067 841 2358 908 postposita
2386 841 2440 894 in
2483 841 2584 894 fide
2626 843 2903 897 solidatur.
2946 845 3035 901 Sic
3071 847 3264 917 quippe
3294 850 3456 904 disci-

1891 926 2069 994 pulum
2101 937 2221 995 post
2263 930 2704 985 resurrectionem
2729 948 2882 986 suam
2924 935 3074 988 du‘ait
3094 952 3166 990 -re
3192 939 3455 1006 permisit,

1891 1032 1989 1070 nec
2021 1025 2195 1071 tamen
2225 1019 2276 1072 in
2308 1020 2638 1075 dubitatione
2663 1023 2918 1088 deseruit,
2949 1025 3086 1079 sicut
3112 1037 3235 1080 ante
3264 1029 3457 1084 nativi-

1892 1111 2054 1156 tatem
2093 1120 2244 1158 suam
2274 1106 2470 1159 habere
2497 1107 2716 1161 Mariam
2748 1125 3002 1177 sponsum
3038 1113 3222 1176 voluit,
3255 1115 3346 1183 qui
3375 1125 3457 1169 ta-

1890 1208 2010 1247 men
2035 1195 2102 1248 ad
2121 1194 2236 1262 ejus
2261 1197 2474 1264 nuptias
2499 1213 2602 1251 non
2634 1201 2891 1266 pervenit.
2918 1201 3050 1256 Nam
3081 1204 3152 1257 ita
3178 1204 3346 1260 factus
3372 1214 3456 1262 est

1890 1282 2179 1352 discipulus
2208 1285 2458 1339 dubitans
2479 1294 2532 1339 et
2556 1286 2795 1355 palpans,
2829 1291 2978 1343 testis
3008 1307 3146 1345 vera:
3173 1293 3335 1363 639
3369 1310 3454 1349 re-

1889 1376 2252 1438 surrectionis,
2275 1376 2414 1428 sicut
2435 1392 2662 1445 sponsus
2688 1379 2872 1432 matris
2901 1379 3074 1434 fuerat
3103 1393 3285 1436 custos
3313 1384 3450 1438 inte-

1889 1465 2135 1532 gerrima:
2183 1465 2518 1534 virginitatis.
2565 1466 2806 1535 Palpavit
2837 1479 3036 1532 autem,
3095 1479 3148 1524 et
3187 1472 3454 1526 exclama-

1888 1555 2009 1608 vit:
2045 1554 2232 1625 (Vsus.
2268 1556 2354 1619 28,
2408 1557 2497 1627 29)
2543 1558 2798 1613 Dominus
2841 1577 2982 1614 meus
3022 1571 3068 1614 et
3105 1562 3241 1617 Deus
3288 1543 3451 1619 meus:

1887 1645 2027 1699 Dicit
2055 1647 2102 1699 ei
2131 1645 2326 1700 Iesus:
2358 1647 2494 1712 Quia
2518 1651 2687 1704 vidisti
2717 1668 2814 1716 me,
2843 1653 3126 1707 credidisti.
3153 1654 3286 1709 Cum
3314 1654 3453 1712 Palis

1889 1735 1973 1790 lus
1993 1738 2264 1804 apostolus
2283 1739 2424 1792 dicat
2447 1758 2458 1792 :
2489 1739 2582 1794 Est
2615 1743 2750 1794 enim
2775 1744 2903 1810 fides
2928 1746 3304 1813 sperandarum
3333 1747 3456 1801 sub—

217 1833 340 1881 ctus
371 1837 555 1894 aperte
585 1831 928 1885 monstratur,
956 1822 1057 1876 nisi
1092 1837 1232 1875 nunc
1271 1836 1393 1874 cum
1423 1834 1518 1888 per
1549 1817 1786 1872 insuﬂla-
1819 1809 1862 1868 Β
1887 1829 2080 1880 smmi“
2111 1844 2299 1890 rerum,
2331 1841 2690 1897 argumentum
2720 1809 2821 1885 non
2858 1809 3217 1902 αρράνεηιίιιιη
3264 1833 3450 1904 (Hebr.

219 1915 420 1969 tionem
466 1914 778 1984 percipitur,
809 1920 862 1966 et
891 1910 1228 1980 postmodum
1269 1924 1389 1963 cum
1431 1909 1494 1962 de
1533 1907 1669 1962 coelo
1699 1921 1789 1959 ve—

219 2004 378 2060 niens
399 2005 451 2058 in
482 2005 676 2074 linguis
703 2004 867 2058 variis
889 2005 1305 2058 demonstratur.
1336 2000 1445 2054 Cur
1482 2015 1610 2069 ergo
1638 2000 1790 2067 prius

219 2095 277 2149 in
309 2103 451 2150 terra
491 2095 760 2164 discipulis
791 2095 965 2159 datur,
994 2093 1332 2162 postmodum
1362 2091 1425 2144 dc
1452 2089 1589 2144 cmln
1618 2087 1789 2142 mitti-

221 2192 326 2248 tur,
358 2184 459 2240 nisi
487 2186 625 2252 quod
653 2185 758 2238 duo
785 2191 909 2237 sunt
942 2189 1208 2252 prcecepta
1250 2179 1549 2240 cbaritatis,
1575 2178 1788 2231 dilectio

219 2276 470 2332 videlicet
499 2277 591 2330 Dei
620 2284 675 2330 et
706 2275 970 2344 proximi?
995 2274 1053 2328 ln
1095 2281 1239 2325 terra
1269 2273 1424 2325 datur
1467 2268 1700 2337 Spiritus
1731 2274 1788 2320 ut

217 2366 476 2436 diligatur
505 2365 819 2435 proximus:
848 2379 878 2418 e
921 2361 1058 2417 cado
1091 2362 1247 2416 datur
1289 2359 1522 2429 Spiritus
1561 2365 1619 2411 ut
1661 2356 1785 2411 dili-

217 2463 379 2525 gatur
403 2454 561 2508 Deus.
592 2453 744 2508 Sicut
771 2468 898 2521 ergo
925 2467 1030 2506 una
1059 2458 1141 2505 est
1170 2451 1404 2505 charitas
1432 2457 1486 2503 et
1520 2449 1624 2503 duo
1653 2463 1789 2517 prac-

215 2551 398 2613 ccpta,
428 2544 502 2598 ita
530 2558 670 2598 unus
713 2542 944 2612 Spiritus
972 2549 1026 2595 et
1054 2542 1158 2596 duo
1196 2541 1340 2594 data.
1369 2539 1526 2595 Prius
1552 2555 1584 2592 a
1611 2538 1788 2593 consi-

214 2641 396 2686 stente.
423 2631 648 2691 Domino
673 2631 728 2684 in
765 2639 928 2694 terra,
960 2629 1299 2700 postmodum
1329 2643 1360 2683 e
1381 2628 1550 2692 caelo;
1583 2626 1706 2697 quia
1734 2627 1786 2681 in

212 2719 450 2791 proximi
496 2733 677 2774 amore
705 2719 902 2773 dicitur
937 2718 1166 2787 qualiter
1193 2717 1461 2788 perveniri
1502 2717 1693 2772 debeat
1719 2716 1788 2771 ad

216 2824 458 2864 amorem
490 2809 604 2864 Dei.
628 2829 647 2861 ο
676 2808 788 2862 lioc
828 2824 948 2862 cum
975 2793 1218 2872 dixisset,
1249 2807 1533 2861 insulllavit
1572 2816 1628 2862 et
1661 2807 1790 2862 dicit

217 2899 338 2954 eis:
368 2897 593 2966 Accipite
628 2895 884 2967 Spiritum
930 2906 1186 2960 sanctum,
1228 2895 1543 2950 insqulando
1586 2895 1788 2964 signifi-

217 2987 365 3042 cavit
389 2985 649 3056 Spiritum
691 2994 937 3040 sanctum
966 3001 1072 3040 non
1103 2985 1280 3040 Patris
1313 2987 1480 3040 solius
1507 3000 1626 3040 esse
1668 2983 1786 3052 Spi-

221 3079 414 3142 ritum,
463 3077 556 3133 sed
609 3087 664 3132 et
721 3092 895 3132 suum.
948 3076 1129 3149 (Vens.
1172 3077 1285 3148 25.)
1340 3076 1573 3142 Quorum
1632 3077 1783 3129 remi-

1888 1932 1962 1982 xr,
1989 1917 2038 1986 l)
2067 1935 2079 1970 :
2112 1916 2355 1972 Profecto
2392 1917 2558 1986 liquet
2585 1921 2708 1988 quia
2737 1921 2868 1975 fides
2907 1922 3121 1976 illarum
3159 1939 3339 1978 rerum
3367 1941 3456 1979 ar-

1886 2012 2194 2076 gumentum
2224 2013 2336 2070 est,
2365 2020 2483 2074 quae
2527 2021 2786 2076 apparere
2815 2024 2920 2062 non
2944 2018 3184 2077 possunt.
3215 2010 3344 2076 ρυω
3371 2020 3454 2068 et-

1887 2095 2032 2149 enim
2078 2105 2337 2164 apparent
2376 2096 2486 2166 jam
2519 2097 2676 2151 fidem
2716 2114 2822 2152 non
2853 2099 3069 2163 habent,
3099 2101 3192 2154 sed
3231 2103 3457 2170 agnitio-

1888 2201 2033 2240 nem.
2071 2186 2201 2239 Dum
2234 2201 2360 2256 ergo
2391 2188 2522 2241 vidit
2552 2187 2807 2250 Thomas,
2839 2190 2963 2241 dum
2993 2191 3248 2258 palpavit,
3277 2207 3375 2245 cur
3403 2195 3454 2246 ei

1886 2273 2114 2326 dicitur:
2146 2273 2282 2338 Quia
2313 2274 2484 2327 vidisti
2515 2290 2611 2335 me,
2645 2275 2945 2328 credidisti?
2971 2275 3076 2331 Sed
3118 2278 3260 2332 aliud
3288 2279 3452 2342 vidit,

1886 2361 2028 2416 aliud
2059 2362 2305 2416 credidit.
2331 2361 2377 2414 Α
2403 2362 2614 2415 mortali
2642 2363 2837 2432 quippe
2865 2365 3077 2418 homine
3101 2365 3353 2420 divinitas
3374 2367 3454 2421 vi-

1886 2451 2004 2505 deri
2037 2465 2145 2505 non
2171 2451 2361 2519 potuit.
2387 2449 2667 2505 Hominem
2697 2453 2860 2522 igitur
2885 2453 3034 2517 vidit,
3059 2462 3112 2506 et
3135 2454 3298 2507 Deum
3322 2469 3451 2508 con-

1884 2541 2060 2595 fessus
2085 2549 2189 2606 est,
2217 2539 2401 2594 dicens
2426 2557 2438 2592 :
2468 2538 2608 2592 Deus
2634 2555 2775 2593 meus
2818 2550 2864 2593 et
2894 2539 3147 2594 Dominus
3176 2557 3340 2595 meus.
3365 2540 3457 2597 Vi-

1885 2630 2058 2684 dendo
2080 2644 2207 2699 ergo
2229 2627 2458 2683 credidit
2495 2629 2586 2695 qui
2625 2629 3012 2682 considerando
3041 2629 3331 2695 hominem,
3364 2643 3457 2684 ve-

1886 2736 2003 2774 rum
2031 2718 2233 2790 [στερη
2256 2719 2347 2787 qui
2372 2718 2760 2772 considerando
2784 2733 2968 2772 verum
2994 2718 3288 2790 hominem]
3313 2720 3457 2774 hunc

1886 2811 2052 2866 Deum
2093 2826 2253 2880 quem
2281 2810 2462 2864 videre
2503 2824 2610 2863 non
2649 2817 2877 2879 poterat,
2909 2809 3248 2863 exclamavit.
3300 2808 3459 2863 Lasti-

1886 2903 2011 2957 ficat
2034 2901 2186 2956 valde
2218 2900 2359 2970 quod
2385 2899 2661 2968 sequitur:
2690 2896 2839 2952 Beati
2864 2899 2950 2968 qui
2987 2914 3090 2951 non
3116 2898 3376 2962 viderunt,
3407 2906 3457 2951 et

1885 2990 2233 3044 crediderunt.
2257 2989 2315 3042 in
2341 3003 2445 3057 qua
2469 2987 2721 3041 nimirum
2751 2986 3009 3040 sententia
3033 3001 3130 3041 nos
3154 2987 3459 3057 specialiter

1885 3079 2078 3149 signati
2107 3094 2310 3142 sumus,
2354 3077 2445 3146 qui
2489 3091 2613 3132 eum
2643 3091 2802 3144 quem
2847 3090 3009 3130 carne
3055 3091 3162 3130 non
3204 3077 3454 3142 vidimus,

219 3172 416 3236 seritis,
461 3170 660 3240 inquit,
714 3178 954 3239 peccata,
1004 3171 1334 3223 remittuntur
1361 3169 1464 3233 cis;
1491 3177 1539 3222 et
1568 3184 1786 3240 quorum
1812 3139 1860 3206 θ
1891 3176 2068 3225 mente
2112 3169 2420 3223 retinemus.
2458 3165 2566 3220 Nos
2611 3165 2802 3236 signati
2849 3180 3053 3229 sumus,
3083 3165 3176 3219 sed
3203 3165 3249 3219 si
3295 3163 3456 3220 ﬁdem

221 3262 556 3327 retinueritis,
585 3270 780 3314 retenta
822 3269 962 3314 sunt.
997 3277 1016 3310 ι
1045 3271 1071 3299 ιι
1098 3260 1234 3314 Ecce
1275 3260 1510 3314 Charitas
1534 3275 1652 3328 quae
1693 3274 1791 3328 per

222 3353 484 3425 Spiritum
527 3360 771 3407 sanctum
819 3351 1132 3406 diffunditur
1173 3352 1229 3405 in
1274 3351 1526 3405 cordibus
1560 3351 1786 3417 nostris,

217 3443 543 3512 participem
586 3457 802 3497 suorum
841 3451 1061 3510 peccata
1109 3441 1357 3504 dimittit,
1385 3456 1572 3496 eorum
1612 3450 1789 3494 autem

219 3529 316 3599 qui
344 3545 447 3584 non
477 3539 599 3585 sunt
627 3531 742 3600 ejus
770 3531 1078 3600 participes,
1109 3537 1270 3582 tenet.
1295 3529 1416 3583 Ideo
1441 3538 1787 3598 posteaquam

219 3619 398 3675 dixit:
429 3621 656 3689 Accipite
690 3618 942 3689 Spiritum
987 3629 1256 3683 sanctum,
1295 3621 1397 3673 hoc
1436 3621 1687 3675 continuo
1723 3621 1789 3676 de

217 3719 564 3780 peccatorum
614 3710 927 3764 remissione
994 3725 1057 3764 ac
1119 3711 1422 3764 detentione
1486 3709 1730 3779 subjecit.
1763 3729 1781 3764 ι

220 3797 509 3854 Sciendum
539 3813 666 3852 vero
693 3808 775 3853 est
810 3799 949 3867 quod
978 3799 1032 3852 bi
1063 3799 1152 3868 qui
1182 3801 1354 3867 primo
1382 3798 1639 3868 Spiritum
1666 3815 1790 3853 san-

221 3896 371 3941 ctum
417 3887 738 3952 habuerunt,
781 3898 840 3941 ut
869 3896 922 3942 et
959 3889 1059 3956 ipsi
1091 3889 1404 3942 innocenter
1445 3890 1707 3954 viverent,
1737 3899 1792 3944 et

222 3979 278 4032 in
311 3977 682 4047 pnedicatione
710 3979 1025 4047 quibusdam
1053 3982 1384 4047 prodessent,
1411 3979 1610 4033 idcirco
1651 3979 1792 4033 hunc

215 4075 346 4136 post
374 4069 819 4122 resurrectionem
856 4067 1064 4121 Domini
1097 4074 1339 4134 patenter
1364 4075 1701 4135 acceperunt,
1734 4072 1790 4122 ut

217 4157 480 4226 prodesse
506 4172 609 4209 non
639 4156 844 4224 paucis,
871 4156 964 4210 sed
989 4156 1229 4222 pluribus
1255 4164 1490 4224 possent.

297 4244 456 4299 Vens.
485 4244 663 4298 21.-
685 4245 908 4299 Thomas
938 4254 1110 4298 autem
1138 4261 1272 4296 unus
1296 4261 1358 4297 ex
1384 4245 1676 4309 duodecim,
1703 4247 1790 4314 qui

219 4333 419 4386 dicitur
447 4333 720 4403 Didymus,
747 4350 850 4386 non
877 4344 986 4386 erat
1013 4349 1128 4385 cmn
1166 4334 1258 4397 eis,
1300 4333 1507 4402 quando
1538 4335 1672 4386 venit
1701 4332 1792 4386 Je-

219 4439 337 4475 sus.
385 4441 400 4472 σ
430 4423 582 4478 blste
614 4441 751 4478 unus
789 4425 1078 4493 discipulus
1125 4424 1310 4489 defuit,
1353 4439 1602 4479 reversus
1649 4423 1790 4494 quod

221 4521 438 4582 gestum
465 4522 544 4568 est
571 4516 792 4579 audivit,
817 4516 993 4570 audita
1024 4516 1244 4570 credere
1286 4517 1480 4569 renuit.
1515 4516 1667 4571 Venit
1695 4516 1790 4570 itc-

224 4617 351 4655 rum
391 4603 664 4669 Dominus,
707 4614 761 4659 ct
791 4621 894 4659 non
928 4607 1164 4660 credenti
1197 4606 1456 4674 discipulo
1502 4605 1640 4660 latus
1673 4606 1792 4675 pal-

221 4693 464 4760 pandutn
493 4695 736 4763 prtebuit,
763 4711 952 4750 manus
971 4697 1223 4758 ostendit,
1251 4704 1305 4750 et
1333 4705 1545 4750 ostensa
1575 4711 1792 4749 suorum

222 4775 509 4830 vulnerum
533 4779 802 4842 cicatrice,
837 4779 1165 4834 infidelitatis
1191 4779 1332 4833 illius
1352 4779 1542 4834 vulnus
1564 4779 1790 4833 sanavit.

225 4863 405 4932 QuidL
419 4865 611 4921 fratres
643 4869 962 4936 charissimi,
991 4872 1117 4939 quid
1143 4871 1282 4926 inter
1318 4871 1433 4924 haec
1467 4869 1795 4923 animadver-

225 4955 378 5009 titis?
408 4955 654 5025 Nunquid
692 4973 818 5012 casu
864 4967 1071 5028 gestum
1103 4959 1343 5023 creditis,
1375 4966 1433 5011 ut
1475 4955 1676 5012 electus
1706 4955 1792 5010 ille

227 5044 526 5113 discipulus
556 5054 680 5098 tunc
709 5045 950 5110 deesset;
983 5056 1101 5114 post
1144 5048 1257 5101 lucc
1298 5047 1441 5099 venit
1483 5054 1543 5099 ut
1583 5046 1792 5098 audiret

228 5135 435 5210 [Grcg.,
464 5147 581 5206 post
617 5147 794 5192 autem
838 5139 1056 5192 veniens
1093 5137 1354 5214 audiret],
1385 5137 1609 5191 audiens
1642 5136 1794 5189 dubi-

227 5237 392 5292 taret,
422 5229 669 5282 dubitans
711 5229 973 5297 palparet,
999 5227 1219 5298 palpans
1246 5226 1523 5281 crederet?
1549 5225 1662 5278 Non
1693 5225 1795 5278 hoc

225 5331 384 5381 casu,
408 5317 502 5371 sed
523 5317 699 5371 divina
723 5315 1116 5384 dispensatione
1144 5323 1349 5384 gestum
1378 5323 1475 5365 est.
1503 5311 1624 5381 Egit
1651 5325 1794 5364 nam-

226 5422 339 5480 que
391 5409 528 5463 miro
579 5408 734 5462 modo
779 5421 1005 5474 superna
1053 5405 1364 5466 clementia,
1406 5412 1464 5456 ut
1504 5402 1794 5471 discipulus

226 5497 503 5564 dubitans,
526 5498 651 5552 dum
681 5497 734 5551 in
764 5495 1019 5566 magistro
1047 5509 1143 5549 suo
1164 5504 1382 5548 vulnera
1407 5492 1651 5562 palparct
1677 5506 1795 5546 car-

302 5622 328 5649 ι
359 5609 432 5663 Ex
465 5609 522 5662 S.
550 5607 710 5677 Aug.,
736 5613 1058 5677 tractacxxt,
1086 5621 1232 5659 num.
1262 5602 1314 5656 4.

305 5681 334 5720 δ
363 5679 440 5732 Ex
469 5679 526 5732 S.
552 5674 712 5746 Greg.
740 5675 957 5732 homilia
983 5677 1166 5742 citata,
1193 5674 1478 5730 num..7-9.

1889 3270 2127 3313 nostram
2155 3259 2406 3327 operibus
2442 3256 2734 3325 sequimur.
2766 3256 2858 3310 Ille
2887 3257 3086 3310 etenim
3123 3271 3248 3310 vere
3285 3255 3458 3310 credit

1887 3351 1978 3420 qui
1999 3357 2213 3404 exercet
2235 3346 2506 3416 operando
2528 3346 2667 3414 quod
2690 3346 2876 3400 credit.
2892 3364 2909 3395 ι
2942 3344 3096 3415 [Quia
3121 3343 3321 3416 autem]
3345 3344 3453 3398 ait:

1886 3436 2034 3490 Beati
2063 3438 2151 3506 qui
2179 3452 2258 3488 me
2281 3452 2384 3487 non
2406 3433 2660 3493 viderunt,
2685 3442 2734 3485 et
2757 3431 3104 3493 crediderunt,
3140 3449 3158 3479 ι
3190 3441 3210 3468 ο
3235 3439 3458 3499 printer-

1887 3525 1946 3579 iti
1995 3525 2247 3594 temporis
2295 3539 2422 3577 usus
2470 3531 2552 3576 est
2595 3523 2791 3584 verbo;
2850 3530 3102 3588 tanquam
3151 3520 3238 3574 ille
3268 3520 3358 3588 qui
3401 3517 3455 3573 id

1887 3616 2030 3685 quod
2057 3623 2174 3668 erat
2219 3613 2477 3676 futurum,
2522 3613 2574 3664 in
2610 3627 2705 3665 sua
2736 3620 2958 3664 noverat
2985 3610 3456 3678 prtedestinatione

1878 3702 1988 3772 jam
2014 3702 2264 3766 factum”
2292 3701 2384 3756 sed
2414 3701 2498 3755 his
2519 3699 2696 3754 verbis
2724 3698 2935 3760 proorie
2957 3699 3214 3765 gentium.
3240 3708 3298 3751 ut
3321 3697 3459 3753 dixi-

1889 3814 2028 3861 mus,
2054 3798 2187 3852 fides
2214 3798 2474 3866 signatur.

1959 3890 2120 3943 Vtzns.
2148 3886 2234 3939 50.
2253 3915 2323 3925 —
2352 3883 2521 3936 Multa
2549 3898 2754 3952 qmaem
2784 3890 2829 3932 et
2855 3873 2959 3932 alia
2985 3879 3130 3947 signa
3159 3877 3276 3945 fecit
3301 3877 3456 3930 Jesus

1887 3980 1940 4032 in
1962 3990 2232 4046 conspectu
2256 3973 2627 4042 discipulorum
2657 3985 2890 4022 suorum.
2930 3966 3206 4034 Significat
3231 3979 3458 4035 evange-

1889 4071 2010 4124 lista
2033 4069 2260 4137 plurima
2289 4063 2440 4136 [d1s.,
2464 4058 2640 4130 plura]
2666 4059 2856 4112 iecisse
2876 4055 3057 4109 Jesum
3095 4054 3244 4122 signa
3272 4061 3326 4107 et
3347 4054 3452 4106 mi-

1890 4161 2072 4214 racula
2085 4158 2275 4212 salutis
2293 4164 2348 4209 et
2374 4148 2792 4223 praedicationis,
2807 4161 2924 4215 quze
2937 4159 3041 4197 non
3064 4144 3261 4212 scripta
3279 4150 3460 4197 essent

1889 4258 2108 4319 propter
2138 4245 2532 4300 multitudinem
2555 4242 2766 4296 illarum
2795 4253 2973 4294 rerum
3020 4251 3138 4304 quae
3160 4242 3321 4304 gesta:
3349 4232 3460 4288 fue-

1893 4348 2018 4393 runt
2042 4339 2109 4391 ab
2135 4351 2219 4390 eo.
2273 4334 2528 4403 Sequitur
2553 4340 2761 4384 autem:
2796 4329 2979 4399 (Vens.
3012 4325 3101 4394 51)
3138 4323 3262 4377 11αέ
3286 4332 3457 4376 autem

1889 4431 2081 4498 scripta
2111 4435 2250 4489 sunt,
2274 4434 2328 4478 ut
2351 4423 2572 4476 credatis
2599 4422 2720 4492 quia
2742 4417 2894 4473 Iesus
2922 4427 2992 4470 est
3025 4414 3260 4469 Christus
3291 4411 3334 4464 Ρ
3337 4411 3458 4464 ilius

1893 4520 2009 4581 Dei,
2061 4527 2106 4569 et
2137 4525 2193 4568 ut
2220 4513 2482 4568 credentes
2510 4513 2668 4564 vitam
2719 4507 2949 4560 habeatis
3005 4507 3058 4556 in
3091 4503 3293 4555 nomine
3322 4501 3453 4570 ejus.

1895 4609 2032 4675 Quid
2056 4609 2238 4661 dicunt
2264 4605 2354 4674 qui
2383 4599 2825 4657 asseruntJesum
2853 4594 3124 4648 Christum
3153 4591 3344 4643 Filium
3365 4587 3458 4642 Dei

1895 4711 2001 4749 non
2030 4709 2166 4753 esse,
2194 4693 2319 4746 dum
2350 4691 2450 4744 iste
2479 4686 2803 4756 evangelista
2838 4683 2945 4735 Deo
2972 4681 3197 4733 dilectus
3222 4687 3275 4731 et
3299 4694 3328 4730 a
3349 4677 3460 4730 Deo

1895 4783 2097 4838 electus
2127 4781 2257 4852 [Al.,
2293 4777 2504 4849 doctus]
2527 4777 2662 4830 dixit
2687 4777 2826 4828 hanc
2851 4771 2950 4824 sibi
2979 4784 3096 4824 esse
3121 4767 3458 4852 occasionem

1897 4851 2164 4928 scribendi
2194 4871 2294 4923 hoc
2328 4865 2691 4935 Evangelium,
2740 4871 2796 4914 ut
2828 4860 3134 4914 crederetur
3160 4857 3282 4924 quia
3304 4851 3458 4906 Jesus

1891 4971 1975 5018 est
2001 4961 2248 5016 Christus
2275 4957 2443 5011 Filius
2473 4953 2604 5008 Dei?
2656 4952 2745 5005 ille
2768 4951 2857 5019 qui
2885 4949 2952 5002 ab
2976 4946 3163 5016 angelo
3187 4943 3459 4996 nuntiatus

1892 5059 1994 5114 est,
2015 5059 2070 5103 et
2099 5063 2292 5102 nomen
2329 5044 2402 5099 illi
2422 5041 2725 5110 impositum
2754 5046 2837 5092 est
2855 5035 3030 5100 Iesus,
3074 5033 3198 5087 dum
3220 5027 3366 5083 venit
3392 5027 3460 5081 ad

1893 5139 2153 5209 virginem
2183 5135 2317 5190 dixit
2347 5152 2361 5187 :
2394 5130 2577 5184 Parios
2606 5129 2792 5197 ﬁlium,
2825 5135 2872 5180 et
2901 5123 3103 5179 vocabis
3135 5133 3318 5172 nomen
3345 5115 3458 5184 ejus

1893 5208 2072 5281 Jesum
2102 5224 2251 5295 (Luc.
2279 5239 2320 5286 ι,
2348 5221 2470 5291 51);
2511 5219 2598 5272 hic
2635 5229 2813 5270 autem
2854 5212 3025 5274 Jesus,
3060 5208 3149 5277 qui
3184 5213 3342 5260 natus
3376 5212 3460 5258 est

1898 5333 1963 5370 ex
1989 5315 2194 5384 virgine
2213 5312 2396 5374 Maria,
2425 5309 2590 5364 Filius
2623 5315 2705 5362 est
2731 5306 2849 5368 Dei,
2896 5303 3034 5356 sicut
3080 5299 3184 5352 iste
3224 5307 3457 5364 evange-

1899 5407 2020 5462 lista
2048 5414 2292 5468 testatur,
2346 5410 2400 5457 et
2431 5410 2487 5456 ut
2506 5413 2691 5454 omnes
2721 5398 2774 5450 in
2801 5397 2900 5448 hac
2926 5391 3027 5445 [ide
3063 5389 3227 5443 vitam
3251 5385 3458 5455 possint

1899 5497 2099 5552 habere
2125 5494 2504 5563 sempiternam
2556 5491 2609 5544 in
2638 5487 2849 5541 nomine
2899 5479 3033 5550 ejus.
3087 5477 3228 5548 Quid
3263 5476 3329 5532 de
3353 5473 3458 5531 illis

1875 5598 1892 5605 ”
1974 5615 1996 5642 ε
2035 5603 2110 5656 Ex
2143 5602 2198 5657 S.
2231 5603 2387 5672 Aug,
2417 5600 2517 5656 loc.
2543 5598 2632 5652 cit.
2664 5607 2808 5648 num.
2837 5587 2888 5644 5.
