4088 6330
633 373 741 432 995
1459 363 1523 415 Β.
1563 360 1621 416 F.
1665 356 1887 414 ALBlNl
1927 355 2056 412 SEU
2095 351 2366 410 ALCUlNl
2399 349 2681 409 OPERUM
2717 347 2893 404 PARS
2928 346 2993 403 ll.
3769 339 3874 397 996

634 479 1009 540 aestimandum
1035 486 1119 534 est
1147 476 1237 546 qui
1271 488 1392 528 eum
1436 486 1552 526 non
1606 469 1832 524 credunt
1871 467 2068 522 Filium
2103 464 2198 518 Dei
2225 469 2272 526 Α
2302 461 2594 517 rectionem
2622 475 2772 514 suam
2813 459 3068 514 Dominus
3106 459 3158 513 in
3203 459 3384 514 littore
3420 459 3586 523 stetit,
3631 457 3724 527 qui
3752 465 3876 512 ante

636 589 756 630 esse
783 585 991 634 verum,
1017 568 1110 623 sed
1140 564 1465 633 adoptivum,
1508 559 1611 614 nisi
1664 558 1805 613 forte
1830 565 1889 612 ut
1925 571 2198 625 nunquam
2301 551 2750 605 resurrectionem
2779 564 2933 602 suam
2962 563 3146 602 coram
3176 549 3453 617 discipulis
3474 549 3585 602 suis
3608 549 3662 601 in
3702 546 3879 601 ﬂucti-

635 664 873 720 habeant
898 661 1062 715 vitam
1086 655 1378 711 aeternam?
1427 651 1626 706 Dicunt
1651 650 1831 718 itaque
1881 647 2204 717 ass'umptio-
2299 639 2402 694 bus
2424 641 2590 694 maris
2616 639 2940 693 ambulavit?
2983 637 3149 707 Cuius
3175 638 3252 692 rei
3283 638 3424 692 ratio
3443 635 3636 691 festiue
3677 651 3879 706 cogno-

635 768 763 810 nem
790 759 844 807 et
869 750 1209 820 adoptionem
1237 759 1402 800 unum
1445 757 1595 806 esse;
1646 749 1702 794 et
1724 737 1906 795 Jesum
1930 738 2203 793 Christum
2301 729 2492 793 scitur.
2519 729 2564 783 si
2587 731 2701 800 ipsa
2727 745 2848 798 quae
2873 738 3000 784 tunc
3021 730 3196 783 inerat
3221 744 3382 784 causa
3407 734 3683 800 penselur-
3741 727 3878 792 Ouid

638 841 928 899 secundum
970 819 1110 907 quod
1146 837 1309 890 homo
1358 839 1462 895 est,
1511 839 1732 901 propter
1784 828 2204 897 assumptionem
2301 823 2446 876 enim
2472 838 2641 888 mare,
2692 823 2795 877 nisi
2835 838 3072 892 praesens
3106 821 3361 876 saeculum
3414 820 3706 891 signiﬁcat,
3737 819 3881 888 quod

639 929 988 990 humanitatis
1011 926 1313 982 necessarie
1338 923 1645 992 adoptivum
1684 935 1818 982 esse,
1861 935 1968 974 non
2014 916 2207 973 intelli-

641 1029 828 1093 gentes
885 1026 1082 1087 quanta
1107 1025 1190 1071 est
1217 1017 1333 1070 haec
1357 1011 1662 1068 absurditas
1705 1026 1824 1079 quae
1851 1009 2092 1078 sequitur
2113 1021 2208 1061 eos

638 1112 792 1187 [Ms.,
825 1109 947 1182 eis].
1006 1108 1140 1162 Nam
1164 1107 1209 1162 si
1236 1105 1515 1174 adeptivus
1539 1110 1621 1156 est
1647 1109 1865 1171 propter
1884 1097 2207 1168 assumptio-

637 1221 784 1268 nem,
837 1204 1003 1274 igitur
1021 1200 1142 1255 Filii
1173 1213 1400 1268 persona
1435 1195 1717 1263 adoptivus
1760 1199 1862 1255 est,
1893 1192 2016 1260 quia
2037 1189 2208 1244 Filius

639 1293 926 1363 assumpsit
971 1291 1272 1351 hominem,
1322 1293 1376 1341 et
1413 1293 1496 1338 est
1524 1292 1652 1338 tunc
1675 1296 1842 1351 nepos
1875 1281 1982 1333 Deo
2017 1276 2203 1332 Patri:

639 1380 781 1453 quod
809 1395 970 1450 quam
992 1379 1210 1448 impium
1234 1376 1321 1438 sit,
1349 1373 1550 1428 nullum
1574 1371 1780 1424 aestimo
1801 1367 2036 1422 ﬁdelium
2060 1367 2210 1436 igno—

638 1485 783 1527 rare.
830 1467 1222 1525 Tantummodo
1247 1461 1723 1520 credamuslesum
1749 1474 1867 1513 esse
1890 1455 2206 1529 [Christum]

640 1560 838 1617 Filium
867 1560 963 1614 Dei
982 1571 1167 1612 verum
1195 1555 1248 1609 in
1277 1561 1508 1621 utraque
1543 1557 1752 1604 natura.
1791 1549 1856 1602 Et
1882 1548 2020 1602 sicut
2044 1546 2214 1600 Filius

637 1654 736 1710 Dei
765 1667 891 1707 vere
915 1660 996 1706 est
1017 1650 1184 1705 Filius
1205 1647 1460 1709 hominis,
1518 1645 1593 1698 ita
1623 1643 1791 1698 Filius
1812 1642 2046 1696 hominis
2082 1655 2209 1695 vere

638 1752 722 1799 est
742 1742 910 1797 Filius
933 1737 1048 1795 Dei.
1097 1738 1201 1794 Sed
1224 1739 1340 1792 bmc
1353 1735 1485 1790 alias
1507 1734 1750 1806 plenius;
1780 1748 1924 1787 nunc
1950 1746 2075 1786 vero
2090 1746 2209 1800 qua:

639 1839 937 1902 sequuntur
962 1829 1256 1883 videamus.

640 1933 642 1936 ·
717 1939 735 1970 t
757 1932 782 1961 ι
799 1918 902 1974 Sed
914 1919 1016 1972 hoc
1029 1917 1317 1986 capitulum
1334 1913 1614 1969 velutlibri
1627 1909 1786 1979 hujus
1799 1909 1998 1964 indicat
2014 1910 2173 1963 ﬁnem
2193 1927 2205 1962 :

640 2018 822 2065 tamen
849 2019 1102 2063 narratur
1127 2008 1216 2062 hic
1239 2005 1430 2061 deinde
1481 2001 1928 2073 quemadmodum
1957 2017 2015 2056 se
2043 1999 2212 2054 mani-

642 2098 924 2154 festaverit
969 2097 1225 2152 Dominus
1254 2095 1321 2149 ad
1371 2109 1519 2148 mare
1570 2093 1871 2147 'l‘iberiadis
1895 2130 1910 2156 ,
1950 2098 2004 2146 et
2029 2091 2082 2144 in
2117 2104 2211 2144 ca-

641 2194 800 2258 ptura
851 2187 1079 2257 piscium
1114 2183 1569 2241 commendaverit
1606 2182 1859 2236 Ecclesia:
1906 2194 2213 2235 sacramen-

643 2287 774 2343 tum,
792 2278 967 2349 qualis
991 2275 1162 2332 futura
1176 2285 1257 2332 est
1280 2275 1464 2330 ultima
1485 2275 1808 2329 resurrectio
1825 2272 2007 2344 [:lug.,
2025 2272 2212 2327 ultima

642 2369 1057 2441 resurrectione]
1087 2379 1437 2424 mortuorum.
1463 2387 1479 2418 t
1501 2366 1623 2421 ldeo
1641 2364 1796 2437 quasi
1819 2367 1884 2419 ab
1901 2364 2004 2418 alio
2026 2363 2214 2433 incipit

639 2461 924 2532 principio,
945 2461 1067 2529 quia
1093 2461 1204 2513 vita
1227 2458 1460 2513 ﬁdelium
1477 2456 1545 2510 ab
1568 2456 1676 2510 alio
1703 2465 1828 2508 tunc
1859 2454 2042 2523 incipit
2065 2453 2214 2523 prin-

643 2553 803 2624 cipio,
838 2552 930 2606 ubi
977 2551 1108 2606 nihil
1154 2549 1313 2618 hujus
1347 2548 1766 2619 perturbationis
1795 2545 2032 2600 futurum
2082 2545 2207 2607 erit,

643 2657 778 2712 quas
826 2641 914 2697 hic
945 2641 1179 2710 patimur
1209 2640 1262 2693 in
1289 2639 1390 2693 hac
1419 2638 1548 2692 vita.
1629 2635 1781 2692 Unde
1823 2642 1876 2690 et
1926 2635 1998 2688 ita
2029 2633 2215 2702 incipit

642 2731 874 2802 qualiter
896 2731 1012 2787 haec
1050 2727 1412 2785 manifestatio
1452 2733 1596 2781 esset
1619 2734 1758 2780 acta.
1818 2722 1958 2778 Dicit
1979 2721 2151 2776 enim:

1109 2837 1272 2912 ϐω
1299 2837 1524 2894 CAPUT
1554 2836 1732 2892 XLIII.

643 2927 945 2999 Manifestat
993 2945 1047 2983 se
1091 2929 1278 2982 iterum
1307 2928 1545 2999 adimare
1574 2925 1863 2978 Tiberiadis
1911 2923 2213 2999 _septem_di-

711 2995 924 3067 scipulis
976 2999 1031 3052 in
1079 3008 1295 3067 captura
1339 2998 1559 3066 piscium
1592 3005 1793 3067 centum
1839 2995 2213 3064 quinquaginta

711 3065 888 3132 trium,
929 3081 1046 3121 cum
1068 3065 1430 3121 resurrexisset
1459 3083 1491 3119 a
1517 3065 1757 3118 mortuis.

2304 928 2362 969 se
2395 929 2677 967 causarum
2705 913 2931 967 tumultu
2959 920 3014 967 et
3041 913 3198 966 undis
3219 912 3343 966 vita:
3367 910 3745 980 corruptibilis
3782 910 3881 963 illi-

2305 1006 2420 1060 dit?
2482 1005 2620 1072 Quid
2654 1021 2752 1075 per
2801 1005 3122 1060 soliditatem
3170 1004 3387 1068 littoris,
3419 1003 3522 1056 nisi
3556 1002 3649 1056 illa
3690 1016 3882 1070 perpe-

2307 1094 2471 1148 tuitas
2498 1094 2693 1162 quietis
2716 1102 2930 1148 :cternaa
2953 1093 3250 1164 ﬁguratur?
3289 1092 3424 1158 Quia
3454 1092 3619 1162 igitur
3633 1091 3881 1160 discipuli

2306 1185 2482 1238 adhuc
2508 1182 2758 1237 ﬂuctibus
2778 1182 3021 1236 mortalis
3058 1182 3180 1236 vita:
3203 1182 3432 1245 inerant,
3488 1182 3542 1234 in
3571 1181 3716 1235 mari
3740 1181 3882 1236 labo-

2309 1275 2521 1328 rabant.
2579 1272 2713 1339 Quia
2743 1281 2925 1326 autem
2973 1272 3298 1341 Redemptor
3327 1280 3513 1326 noster
3551 1269 3670 1340 jam
3698 1287 3885 1325 corm-

2307 1364 2544 1432 ptionem
2568 1362 2746 1416 carnis
2773 1369 3092 1423 excesserat,
3121 1369 3240 1430 post
3255 1361 3712 1414 resurrectionem
3737 1376 3886 1415 suam

2313 1457 2368 1510 in
2410 1455 2586 1508 littore
2615 1453 2810 1508 stabat.
2868 1452 2943 1506 Ac
2987 1452 3030 1506 si
3083 1452 3254 1520 ipsum
3314 1451 3735 1506 resurrectionis
3781 1468 3885 1507 sum

2309 1543 2625 1616 mysterium
2663 1543 2824 1596 rebus
2849 1540 3124 1610 discipulis
3145 1540 3452 1610 loqueretur
3487 1540 3712 1594 dicens:
3745 1540 3883 1613 [Hic]

2305 1633 2420 1704 jam
2448 1633 2600 1687 vobis
2641 1632 2698 1686 in
2724 1631 2864 1686 mari
2885 1647 2992 1686 non
3025 1645 3278 1700 appareo,
3327 1630 3452 1700 quia
3495 1631 3784 1686 vobiscum
3833 1634 3885 1686 in

2313 1725 2769 1796 perturbationum
2807 1721 3058 1776 ﬂuctibus
3088 1736 3198 1778 non
3219 1737 3357 1776 sum.
3391 1721 3558 1776 Facta
3580 1730 3670 1776 est
3708 1732 3882 1775 autem

2238 1809 2285 1870 Β
2313 1815 2586 1884 discipulis
2612 1812 2920 1882 piscationis
2948 1827 3138 1882 magna
3180 1811 3490 1876 diﬂienltas,
3531 1820 3594 1865 ut
3631 1813 3884 1882 magistro

2314 1907 2561 1962 veniente
2606 1905 2760 1959 ﬁeret
2787 1903 3157 1959 admirationis
3185 1919 3377 1975 magna
3421 1903 3756 1969 sublimitas,
3798 1905 3884 1976 qui

2310 1996 2559 2066 protinus
2580 1994 2744 2048 dixit:

2383 2085 2543 2138 Vens.
2575 2083 2626 2137 6.
2650 2113 2721 2123 ——
2749 2081 2940 2136 Mittite
2983 2081 3039 2136 in
3066 2082 3332 2136 dexteram
3360 2085 3549 2153 navigii
3565 2092 3690 2147 rete,
3724 2094 3780 2137 el
3805 2086 3888 2137 in-

2312 2174 2539 2230 venietis.
2621 2167 2711 2228 Bis
2736 2175 2790 2228 in
2826 2180 3014 2227 sancto
3044 2173 3334 2242 Evangelia
3373 2173 3553 2243 legitur
3600 2173 3729 2242 quia
3760 2173 3878 2226 Do-

2311 2267 2490 2320 minus
2499 2265 2659 2335 jussit
2678 2274 2738 2323 ut
2764 2265 2831 2320 ad
2856 2265 3171 2335 piscantium
3207 2264 3342 2318 retia
3371 2265 3722 2327 mitterentur,
3751 2273 3883 2316 ante

2313 2357 2618 2427 passionem
2655 2357 2906 2412 videlicet
2947 2365 3000 2411 et
3045 2365 3166 2425 post
3225 2357 3701 2411 resurrectionem.
3779 2355 3892 2409 Sed

2312 2449 2625 2519 priusquam
2644 2447 2967 2517 Redemptor
2978 2454 3161 2502 noster
3177 2455 3453 2517 pateretur
3470 2453 3528 2500 et
3556 2455 3890 2515 resurgeret,

2313 2539 2454 2592 mitti
2505 2537 2719 2606 quidem
2751 2544 2865 2591 rete
2894 2535 2960 2589 ad
3005 2536 3316 2606 piscandum
3346 2535 3524 2604 jubet,
3564 2537 3666 2591 sed
3712 2545 3889 2591 utrum

2313 2629 2368 2683 in
2409 2629 2676 2690 dextram,
2731 2641 2798 2680 an
2831 2625 2884 2679 in
2936 2627 3208 2680 sinistram
3231 2626 3386 2686 Tmitti
3428 2626 3736 2691 debuisset,
3790 2642 3888 2680 non

2307 2718 2491 2789 jubet:
2534 2723 2655 2786 post
2679 2715 3124 2770 resurrectionem
3152 2731 3277 2771 vero
3300 2717 3580 2786 discipulis
3602 2731 3888 2788 apparens,

2312 2810 2455 2864 mitti
2472 2818 2584 2862 rete
2609 2808 2662 2861 in
2687 2809 2960 2862 dexteram
2989 2807 3184 2877 navigii
3204 2807 3373 2876 jubet.
3405 2807 3460 2861 ln
3483 2807 3572 2862 illa
3595 2807 3888 2877 piscatione

2315 2902 2451 2956 tanti
2470 2901 2610 2971 capti
2637 2909 2778 2965 sunt,
2829 2907 2887 2953 ut
2911 2900 3044 2953 retia
3074 2906 3480 2970 rumperentur:
3510 2897 3564 2953 in
3591 2900 3700 2953 ista
3715 2909 3886 2954 autem

2314 3001 2370 3047 et
2403 2991 2555 3046 multi
2592 2990 2736 3060 capti
2763 2997 2906 3054 sunt,
2949 2997 3004 3045 et
3031 2991 3166 3045 retia
3212 2999 3368 3060 rupta
3414 3006 3521 3044 non
3559 3001 3710 3044 sunt.
3764 2992 3888 3055 Quis

2315 3097 2444 3136 vero
2484 3082 2688 3136 nesciat
2707 3083 2878 3135 bonos
2908 3081 2960 3135 in
3001 3081 3240 3146 dextera,
3274 3089 3328 3136 et
3370 3081 3542 3136 malos
3577 3083 3637 3135 in
3673 3083 3887 3136 sinistra

709 3177 890 3233 CAPUT
920 3194 1035 3242 XXI,
1067 3177 1227 3233 Vens.
1256 3177 1373 3232 1-5.
1402 3207 1476 3218 -
1523 3175 1882 3246 Manifestavit
1923 3192 1976 3230 se
2025 3175 2212 3229 iterum
2243 3145 2289 3206 ο
2319 3172 2571 3243 ﬁgurari?
2623 3170 2717 3225 llla
2767 3186 2895 3240 ergo
2939 3171 3183 3241 piscatio,
3239 3171 3294 3225 in
3335 3187 3440 3240 qua
3480 3171 3792 3240 specialiter
3835 3173 3888 3224 in

644 3269 713 3321 ad
762 3284 904 3322 mare
943 3267 1255 3332 Tiberiadis,
1287 3267 1634 3337 manifestarit
1683 3276 1854 3320 autem
1899 3267 1993 3319 sic.
2048 3265 2215 3318 Erant

643 3354 799 3409 simul
826 3353 1013 3411 Petrus
1041 3366 1088 3410 et
1116 3357 1360 3421 Thomas,
1389 3358 1478 3427 qui
1504 3357 1700 3410 dicitur
1723 3355 2000 3425 Didymus,
2030 3363 2077 3407 et
2108 3353 2220 3406 Na-

644 3447 873 3512 tltanael,
905 3449 993 3519 qui
1032 3458 1143 3502 erat
1183 3465 1216 3501 a
1261 3447 1408 3502 Cana
1437 3445 1693 3514 Galiltetr,
1724 3457 1771 3501 et
1813 3447 1912 3516 ﬁlii
1960 3445 2216 3508 Zebedtei,

644 3544 691 3590 et
723 3535 814 3588 alii
844 3552 907 3590 ex
934 3536 1202 3607 discipulis
1229 3537 1342 3606 ejus
1369 3536 1494 3589 duo.
1536 3534 1672 3588 Dicit
1692 3536 1766 3589 eis
1791 3534 1969 3589 Simon
1998 3533 2218 3588 Petrus:

652 3623 800 3678 Vada
821 3625 1032 3694 piscari.
1065 3625 1256 3678 Dicunt
1273 3626 1352 3678 ei:
1383 3623 1627 3678 Venimus
1642 3632 1688 3677 et
1712 3641 1803 3677 nos
1825 3633 2011 3676 tecum.
2060 3623 2220 3676 Exie-

644 3725 765 3769 runt
787 3725 837 3770 et
860 3716 1198 3770 ascenderunt
1219 3717 1272 3770 in
1302 3733 1502 3782 navem,
1534 3726 1580 3770 et
1605 3715 1698 3768 illa
1729 3724 1873 3770 nocte
1901 3715 2030 3769 nihil
2075 3731 2218 3784 cepe-

645 3815 786 3860 runt.
841 3823 860 3857 ι
897 3807 924 3846 b
953 3805 1132 3872 Quaari
1170 3806 1310 3860 enim
1335 3815 1512 3876 potest
1544 3821 1641 3860 cur
1674 3805 1895 3870 Petrus,
1929 3805 2018 3874 qui
2042 3805 2220 3874 pisca-

645 3903 733 3950 tor
764 3903 887 3951 ante
935 3896 1341 3951 conversionem
1384 3897 1504 3960 l'uit,
1551 3903 1673 3964 post
1709 3895 2114 3950 conversionem
2149 3894 2217 3949 ad

643 3987 995 4062 piscationem
1039 3987 1228 4041 rediit?
1285 3987 1350 4041 Et
1389 4002 1510 4041 cum
1556 3986 1767 4040 Veritas
1811 3986 1998 4040 dicat:
2046 3985 2215 4040 Nemo

646 4080 852 4133 mittens
905 4093 1117 4132 manum
1162 4095 1311 4131 suam
1352 4078 1408 4130 in
1451 4086 1706 4142 aratrum,
1755 4085 1803 4130 et
1847 4077 2101 4146 aspiciens
2138 4093 2218 4129 re-

645 4175 746 4233 tro,
777 4177 928 4238 aptus
957 4177 1031 4221 est
1059 4184 1213 4237 regno
1241 4167 1337 4220 Dei
1385 4165 1534 4237 (Luc.
1566 4183 1639 4229 Ix,
1671 4165 1760 4236 62)
1787 4183 1801 4230 ;
1852 4182 1950 4221 cur
2004 4167 2217 4236 repetiit

644 4255 787 4324 quod
812 4255 1129 4324 dereliquit?
1173 4253 1278 4310 Sed
1303 4257 1353 4310 si
1383 4257 1554 4310 virtus
1597 4255 1935 4310 discretionis
1982 4255 2216 4310 intendi-

645 4353 734 4401 tur
784 4344 911 4417 [Ms.
947 4355 995 4400 et
1024 4343 1200 4415 Greg.,
1225 4343 1558 4415 inspicitur],
1608 4345 1768 4400 citius
1809 4346 2039 4409 videtur,
2088 4345 2214 4414 quia

645 4435 898 4489 nimirum
922 4435 1194 4504 negotium
1214 4434 1356 4502 quod
1380 4441 1502 4486 ante
1523 4435 1929 4489 conversionem
1952 4436 2068 4489 sine
2086 4450 2209 4502 pec-

647 4535 768 4581 cato
795 4527 1022 4588 exstitit,
1055 4527 1157 4579 hoc
1185 4526 1344 4578 etiam
1380 4531 1501 4594 post
1535 4527 1938 4580 conversionem
1970 4534 2212 4594 repetere

646 4611 801 4684 culpa
824 4629 930 4669 non
956 4613 1076 4669 fuit.
1122 4615 1256 4670 Nam
1277 4617 1600 4686 piscatorem
1638 4615 1877 4681 Petrum,
1905 4616 2211 4672 Mattbteum

648 4723 778 4763 vero
833 4707 1182 4764 telonearium
1239 4711 1477 4776 scimus;
1537 4719 1591 4765 et
1640 4720 1761 4781 post
1807 4713 2211 4767 conversionem

647 4811 800 4853 suam
829 4835 845 4861 ,
903 4798 971 4852 ad
1021 4799 1370 4867 piscationem
1426 4801 1619 4856 Petrus
1679 4803 1881 4867 rediit,
1930 4802 2212 4858 Matthmus

645 4901 774 4942 vero
789 4886 856 4942 ad
877 4887 1069 4941 telonei
1091 4891 1481 4959 negotiumJIon
1511 4891 1668 4945 rediit
1716 4889 1915 4962 [Greg.,
1940 4908 2043 4946 non
2067 4909 2213 4947 rese-

644 4975 778 5048 dit];
807 4977 932 5047 quia
951 4986 1005 5032 et
1037 4977 1178 5031 aliud
1211 4987 1292 5034 est
1315 4981 1512 5035 victum
1538 4997 1635 5052 per
1658 4982 2013 5052 piscationem
2069 4999 2213 5052 quaa-

647 5080 790 5131 rere,
827 5066 968 5120 aliud
995 5066 1185 5122 telonei
1223 5066 1386 5123 lucris
1441 5071 1695 5124 exercitia
1725 5068 1903 5142 [Greg.
1935 5071 2208 5144 pecunias]

645 5170 862 5225 augere.
928 5155 1064 5211 Sunt
1092 5157 1234 5212 enim
1259 5157 1513 5228 pleraque
1538 5163 1749 5230 negotia
1787 5178 1906 5232 quae
1940 5163 2052 5218 sine
2090 5179 2214 5233 pec-

647 5243 780 5297 catis
799 5244 1042 5298 exhiberi
1071 5253 1164 5299 aut
1198 5246 1286 5299 vix
1313 5255 1406 5301 aut
1452 5248 1756 5306 nullatenus
1784 5261 2026 5322 possunt.
2082 5254 2212 5320 Quze

646 5345 776 5402 ergo
796 5331 862 5385 ad
889 5342 1167 5402 peceatum
1190 5335 1481 5405 implicant,
1532 5339 1598 5392 ad
1638 5340 1752 5394 haec
1784 5355 2002 5397 necesse
2029 5353 2114 5398 est
2157 5351 2216 5397 ut

642 5433 764 5498 post
784 5427 1184 5482 conversionem
1217 5429 1429 5484 animus
1462 5444 1567 5483 non
1588 5441 1867 5486 .reeurrat.
1899 5433 2075 5500 Qumri
2120 5451 2216 5504 po-

648 5521 751 5568 test
784 5530 881 5569 cur
917 5515 1190 5585 discipulis
1233 5518 1284 5572 in
1310 5519 1444 5572 mari
1476 5519 1842 5578 laborantibus
1884 5533 2004 5593 post
2036 5541 2214 5581 resur-

720 5698 744 5726 ·
785 5685 861 5741 Ex
887 5687 1093 5754 eodem,
1123 5697 1462 5761 tract.cxxu,
1486 5709 1632 5748 num.
1667 5693 1715 5748 l.

2319 3277 2479 3332 quam
2507 3269 2714 3332 partem
2743 3260 2882 3315 mitti
2914 3271 3028 3315 rete
3049 3261 3242 3316 debeat
3262 3277 3366 3315 non
3387 3261 3633 3329 jubetur,
3654 3277 3889 3332 praesen-

2317 3364 2429 3409 tem
2455 3354 2749 3409 Ecclesiam
2781 3353 3080 3424 designavit
3103 3369 3220 3422 qua:
3242 3355 3413 3408 bonos
3440 3354 3602 3408 simul
3629 3370 3692 3409 ac
3720 3354 3890 3408 malos

2318 3443 2550 3512 colligit;
2602 3458 2700 3496 nec
2763 3442 2911 3512 eligit
2977 3458 3110 3512 quos
3140 3443 3338 3507 trahat,
3371 3443 3494 3511 quia
3515 3450 3569 3496 et
3615 3457 3750 3512 quos
3796 3443 3889 3495 eli-

2317 3550 2445 3605 gere
2473 3535 2639 3605 possit
2673 3536 2909 3619 ignorat:
2946 3533 3059 3588 lucc
3078 3543 3254 3591 autem
3284 3533 3510 3603 piscatio
3531 3542 3656 3602 post
3677 3533 3888 3586 Domini

2319 3626 2766 3680 resurrectionem
2797 3625 2959 3690 facta,
3007 3626 3060 3680 in
3088 3625 3255 3680 solam
3283 3626 3556 3680 dexteram
3587 3625 3757 3679 missa
3787 3635 3888 3688 est,

2318 3716 2442 3784 quia
2471 3717 2538 3770 ad
2565 3715 2850 3770 videndam
2875 3716 3136 3771 claritatis
3159 3715 3272 3783 ejus
3298 3715 3524 3787 gloriam
3549 3716 3668 3770 sola
3692 3715 3894 3770 electo-

2317 3821 2434 3860 rum
2462 3804 2699 3860 Ecclesia
2734 3806 2997 3875 pertinget
3043 3820 3159 3874 qua:
3203 3805 3268 3859 de
3299 3806 3516 3860 sinistro
3541 3819 3705 3873 Opere
3759 3802 3895 3857 nihil

2317 3897 2554 3952 habebit.
2606 3896 2662 3950 ln
2688 3897 2776 3951 illa
2805 3896 3100 3967 piscatione
3118 3911 3230 3965 pra:
3269 3895 3614 3950 multitudine
3659 3895 3896 3962 piscium

2315 3993 2430 4040 rete
2444 3986 2730 4055 rumpitur,
2751 3987 2875 4054 quia
2899 4000 3041 4039 nunc
3065 3985 3131 4039 ad
3148 3984 3536 4040 confessionem
3563 3984 3710 4048 ﬁdei,
3725 3986 3896 4039 etiam

2317 4092 2437 4131 cum
2465 4077 2649 4132 electis
2675 4078 2885 4147 reprobi
2915 4077 3049 4131 tanti
3096 4077 3319 4141 intrant,
3361 4077 3451 4146 qui
3481 4077 3654 4146 ipsam
3678 4090 3898 4146 quoque

2315 4166 2610 4221 Ecclesium
2639 4167 2935 4221 hmresibus
2980 4165 3255 4221 scindant:
3309 4167 3362 4220 in
3415 4168 3518 4220 ista
3547 4181 3678 4221 vero
3714 4169 3900 4237 pisca-

2313 4258 2459 4313 tione
2483 4266 2535 4312 et
2561 4259 2712 4312 multi
2742 4260 2917 4329 pisces
2942 4267 2996 4312 et
3020 4259 3196 4329 magni
3221 4260 3526 4329 capiuntur,
3565 4269 3622 4313 et
3645 4271 3766 4314 rete
3795 4275 3900 4314 non

2315 4351 2598 4419 rumpitur,
2624 4351 2746 4420 quia
2775 4359 2958 4404 sancta
2988 4349 3279 4408 electorum
3301 4350 3538 4404 Ecclesia
3562 4351 3619 4405 in
3634 4353 3902 4405 continua

2316 4443 2549 4496 auctoris
2577 4442 2656 4495 sui
2685 4455 2814 4511 pace
2843 4442 3204 4510 requiescens,
3246 4441 3409 4495 nullis
3433 4441 3545 4510 jam
3596 4441 3906 4496 dissensio-

2317 4535 2474 4588 nibus
2501 4533 2802 4588 dilaniatur.
2847 4533 3028 4602 Captis
3057 4541 3236 4587 autem
3265 4542 3374 4588 tam
3397 4533 3609 4603 magnis
3630 4533 3904 4603 piscibus,

2317 4623 2501 4693 (Vens.
2540 4621 2628 4691 11)
2667 4621 2896 4675 ascendit
2933 4620 3112 4676 Simon
3145 4619 3355 4687 Petrus,
3396 4630 3444 4676 et
3487 4623 3654 4675 traxit
3686 4633 3803 4677 rete
3851 4625 3908 4675 iis

2311 4721 2528 4764 terram.
2575 4709 2694 4764 Jam
2743 4711 2906 4765 credo
2937 4711 3078 4780 quod
3110 4722 3289 4768 vestra
3339 4713 3591 4768 Charitas
3651 4713 3913 4768 advertat

2316 4801 2444 4870 quid
2471 4808 2556 4856 est
2605 4800 2746 4869 quod
2773 4801 2966 4855 Petrus
3007 4810 3120 4856 rete
3179 4803 3246 4858 ad
3289 4812 3489 4859 terram
3545 4805 3740 4860 trahit.
3799 4804 3911 4874 ipsi

2313 4890 2508 4960 quippe
2534 4900 2720 4944 sancta
2744 4889 2983 4945 Ecclesia
3008 4899 3091 4944 est
3116 4895 3419 4958 commissa,
3448 4895 3612 4966 641
3651 4897 3758 4965 ipsi
3785 4912 3914 4968 spe-

2318 4981 2525 5036 cialiter
2557 4981 2755 5036 dicitur
2791 5001 2804 5036 :
2851 4980 3028 5036 Simon
3067 4982 3325 5049 Joannis,
3360 5002 3508 5038 amas
3558 5003 3643 5040 me
3669 4989 3694 5041 .9
3742 4988 3914 5043 Pasce

2317 5087 2434 5124 ores
2459 5087 2598 5124 meas
2629 5071 2809 5142 (Joan.
2833 5073 3048 5136 “1,15,
3079 5072 3185 5144 16).
3224 5074 3376 5140 Quod
3402 5089 3531 5143 ergo
3547 5079 3912 5145 postmodum

2317 5161 2557 5229 aperitur
2608 5161 2660 5215 in
2713 5177 2861 5224 voce,
2889 5160 2896 5163 ’
2924 5163 3024 5216 hoc
3062 5161 3249 5235 [nunc]
3297 5166 3543 5234 signatur
3600 5167 3661 5221 in
3709 5184 3911 5238 Opere.

2317 5251 2451 5316 Quia
2475 5250 2636 5320 igitur
2662 5251 2982 5319 praedicator
3000 5251 3251 5306 Ecclesiae
3298 5268 3397 5307 nos
3443 5270 3472 5308 a
3499 5257 3690 5310 mundi
3728 5255 3912 5330 {vitm}

2316 5339 2475 5408 hujus
2501 5340 2746 5395 ﬂuctibus
2770 5351 3000 5410 separat,
3034 5343 3284 5396 nimirum
3317 5358 3537 5398 necesse
3581 5355 3669 5399 est
3697 5358 3771 5402 ut
3801 5357 3918 5402 rete

2313 5435 2530 5505 plenum
2553 5436 2787 5504 piscibus
2810 5436 3000 5490 Petrus
3028 5437 3094 5490 ad
3118 5444 3317 5490 terram
3358 5437 3536 5491 ducat.
3601 5437 3734 5508 ipse
3762 5442 3916 5494 enim

2312 5524 2488 5595 pisces
2516 5526 2582 5578 ad
2612 5525 2933 5580 soliditatem
2983 5525 3182 5580 littoris
3229 5528 3518 5597 pertrahit,
3565 5529 3699 5599 quia
3751 5530 3916 5602 [Μεη

2382 5698 2410 5738 δ
2447 5697 2520 5752 Ex
2555 5697 2812 5771 S.Greg.,
2839 5699 2982 5755 hom.
3015 5698 3105 5783 9.5,
3133 5716 3278 5755 Itum.
3305 5700 3412 5758 1-6.
