4088 6330
163 363 272 424 997

959 366 1368 424 EXEGETICA.
1407 355 1478 410 .—';
1515 366 1868 424 COMMENT.
1908 367 1975 424 IN
2013 366 2202 425 JOAN.
2242 353 2313 412 ς
2350 369 2475 425 un.
2516 371 2614 429 vn.

3312 377 3417 435 998

158 473 275 548 qui]
305 483 504 530 sanctze
551 474 947 544 praiicationis
981 489 1110 529 voce
1150 475 1494 530 stabilitatem
1523 484 1736 531 aeternae
1763 481 1813 542 Α
1839 476 1892 530 in
1915 477 2132 534 denario
2153 477 2227 550 [et
2249 481 2437 550 gratize
2456 480 2510 534 in
2536 481 2882 555 septenario],
2906 484 3037 539 satis
3058 497 3416 557 congruenter

155 565 350 638 patria:
378 563 623 618 ﬁdelibus
649 565 901 619 oswndit.
965 563 1076 619 Hoc
1101 565 1212 635 egit
1235 565 1434 630 verbis,
1484 565 1586 619 hoc
1629 565 1742 633 epi—

159 651 335 717 stolis,
359 652 461 706 hoc
473 650 584 722 agit
608 652 848 720 quotidie
873 652 1255 706 miraculorum
1282 654 1470 724 signis.
1519 652 1744 718 Quoties

159 758 261 817 per
291 757 413 798 eum
435 741 502 796 ad
554 757 792 795 amorem
843 743 1041 811 quietis
1089 751 1304 798 eterna:
1355 743 1740 808 convertimur,

161 835 376 906 quoties
400 831 453 905 [a
483 831 840 903 terrenarum]
857 847 1037 887 rerum
1067 833 1380 888 tumultibus
1407 848 1742 903 separamur,

161 925 296 998 quid
329 924 472 979 aliud
493 938 653 993 quam
679 924 829 978 missi
858 923 998 978 intra
1026 931 1141 978 rete
1155 923 1277 978 ﬁdei
1301 925 1475 993 pisces
1503 925 1572 979 ad
1597 923 1745 978 littus

164 1015 470 1072 trahimur?
507 1013 613 1070 Sed
637 1030 760 1070 cum
781 1023 896 1068 rete
915 1014 1151 1086 piscibus
1190 1015 1397 1083 magnis
1431 1014 1644 1083 plenum
1672 1014 1747 1067 di-

165 1106 329 1170 citur,
378 1104 598 1159 additur
624 1111 680 1157 et
706 1103 940 1172 quantis,
994 1104 1199 1158 scilicet
1243 1114 1456 1158 centum
1483 1104 1747 1173 quinqua—

165 1197 318 1266 ginta
352 1195 544 1250 tribus.
604 1194 867 1264 Amagno
910 1194 1166 1264 mysterio
1205 1195 1306 1248 iste
1333 1209 1590 1248 numerus
1640 1209 1746 1248 non

165 1292 349 1349 vacat,
379 1284 471 1337 sed
492 1283 726 1338 intentos
753 1298 847 1337 vos
874 1283 1009 1336 tanti
1038 1283 1277 1352 mysterii
1297 1281 1632 1352 profunditas
1654 1297 1748 1336 ex-

166 1382 397 1446 spectat.
454 1371 636 1442 Neque
663 1373 860 1427 etenim
886 1373 1200 1442 quantitatis
1218 1388 1483 1428 summam
1525 1373 1749 1428 solerter

168 1463 503 1534 evangelista
553 1463 902 1532 exprimeret,
941 1463 1040 1516 nisi
1086 1463 1226 1517 hanc
1278 1472 1618 1518 sacramento
1643 1463 1750 1532 ple-

169 1571 299 1612 nam
321 1569 440 1610 esse
458 1552 772 1622 iudicasset.
855 1554 1018 1608 Scitis
1043 1569 1276 1622 namque
1324 1555 1467 1623 quod
1497 1555 1550 1609 in
1580 1563 1746 1609 testa-

170 1651 354 1698 mento
379 1641 548 1696 reteri
580 1643 756 1697 omnis
791 1644 1035 1712 operatio
1062 1659 1159 1712 per
1205 1645 1449 1714 Decalogi
1498 1645 1747 1699 mandata

169 1730 512 1800 przccipitur:
536 1730 590 1784 in
614 1745 752 1784 novo
780 1741 958 1786 autem
984 1731 1184 1786 eisdem
1197 1733 1524 1802 Operationis
1552 1733 1745 1798 virtus,

1841 569 2114 622 convenit.
2191 569 2295 624 Sed
2319 570 2473 640 plura
2495 581 2721 639 possunt
2749 573 2872 629 inde
2891 576 3219 631 considerari
3247 577 3420 633 admi-

1843 659 2052 714 ratione
2076 659 2256 729 digna,
2303 675 2421 730 qua:
2445 660 2602 728 hujus
2625 664 2882 732 temporis
2901 667 3146 736 angustia
3170 668 3418 736 prohibet

1842 764 1942 804 nos
1966 751 2145 804 omnia
2175 751 2375 805 dicere.

1913 837 2019 892 Sed
2047 837 2176 908 quid
2196 846 2279 892 est
2298 839 2438 906 quod
2453 839 2780 908 Redemptor
2798 849 2982 896 noster
3003 841 3206 911 piscem
3237 858 3416 901 assunt

1841 935 1964 998 post
1994 929 2439 982 resurrectionem
2464 930 2835 996 manducavit;
2859 939 2914 986 et
2936 933 2988 986 in
3011 932 3114 987 alio
3129 933 3419 1005 Evangelia

1844 1018 2059 1081 dicitur,
2108 1033 2228 1071 cum
2267 1019 2411 1087 pisce
2460 1033 2582 1074 asso
2610 1020 2789 1074 favum
2828 1009 3019 1087 mellis,
3077 1024 3132 1078 in
3159 1024 3264 1079 isto
3289 1040 3420 1081 vero

1842 1123 2034 1176 panem
2053 1124 2172 1161 cum
2196 1109 2379 1176 pisce?
2412 1127 2429 1160 ‹
2451 1108 2588 1175 Quid
2600 1111 2743 1164 enim
2771 1113 2934 1180 piscis
2957 1129 3112 1168 assus
3133 1115 3418 1185 signiﬁcat,

1845 1197 1947 1251 nisi
1968 1198 2240 1251 Christum
2265 1199 2516 1266 passum?
2591 1197 2729 1264 Quid
2755 1199 2908 1255 favus
2933 1202 3124 1266 mellis,
3148 1204 3249 1257 nisi
3279 1203 3422 1258 Divi-

1845 1288 2033 1342 nitatis
2061 1287 2426 1342 dulcedinem?
2502 1289 2671 1344 Piscis
2695 1299 2798 1354 est,
2839 1292 2964 1360 quia
2995 1293 3105 1360 ipse
3154 1293 3421 1349 latere‘di-

1844 1385 2038 1447 gnatus
2087 1376 2140 1430 in
2168 1376 2324 1444 aquis
2363 1377 2575 1446 generis
2607 1377 2844 1442 humani,
2883 1379 3000 1448 capi
3028 1380 3195 1433 voluit
3229 1381 3418 1450 laqueo

1846 1467 2038 1521 mortis
2067 1476 2281 1528 nostras,
2313 1475 2367 1520 et
2393 1467 2545 1535 quasi
2581 1467 2925 1522 tribulatione
2944 1477 3152 1523 assatus
3173 1479 3257 1524 est
3287 1479 3421 1524 tem-

1846 1570 1976 1624 pore
2001 1555 2263 1624 passionis
2299 1570 2431 1609 suae.
2476 1555 2579 1610 Sed
2602 1557 2693 1625 qui
2716 1557 2878 1625 piscis
2899 1572 3052 1612 assus
3083 1557 3196 1612 ﬁeri
3220 1559 3420 1630 ‘digna-

1849 1650 1936 1698 tus
1956 1651 2037 1698 est
2064 1644 2120 1698 in
2159 1645 2428 1714 passione,
2459 1643 2613 1699 favus
2637 1645 2812 1700 mellis
2835 1647 2989 1700 nobis
3013 1647 3222 1701 exstitit
3246 1649 3298 1702 in
3325 1661 3415 1702 re-

1849 1733 2199 1787 surrectione.
2243 1733 2325 1786 An
2348 1734 2437 1802 qui
2469 1733 2522 1787 in
2559 1734 2705 1802 pisce
2733 1750 2854 1789 assa
2884 1735 3102 1805 ﬁgurari
3130 1737 3298 1792 voluit
3325 1737 3423 1792 tri-

171 1835 270 1888 per
293 1820 656 1890 septiformem
683 1822 908 1892 gratiam
933 1823 1102 1876 sancti
1144 1822 1375 1892 Spiritus
1427 1825 1749 1893 multiplica-
1783 1818 1822 1875 Β
1850 1822 2176 1877 bulationem
2196 1823 2460 1890 passionis
2499 1837 2627 1886 suae,
2679 1824 2731 1877 in
2758 1822 2878 1878 favo
2923 1825 3096 1879 mellis
3142 1833 3426 1894 utramque

175 1910 246 1968 tis
273 1909 518 1964 ﬁdelibus
541 1909 728 1964 datur:
769 1926 928 1980 quem
950 1911 1217 1980 Propheta
1237 1913 1559 1966 denuntians
1582 1913 1744 1967 dicit:

175 1998 397 2068 Spiritus
411 2000 679 2070 sapientia:
697 2009 744 2054 et
762 1999 1070 2065 intellectus,
1087 2001 1300 2070 spiritus
1314 2001 1518 2055 consilii
1532 2011 1579 2054 et
1601 2002 1752 2071 forti-

173 2089 391 2153 tudinis,
414 2089 627 2160 spiritus
649 2090 877 2144 scientiis
901 2100 947 2142 et
963 2091 1188 2160 pietatis,
1215 2101 1262 2144 et
1285 2090 1493 2160 repleuit
1513 2109 1628 2145 eum
1648 2092 1754 2160 spi-

173 2179 306 2233 ritus
323 2180 524 2233 timoris
554 2179 766 2232 Domini
791 2178 942 2249 (Isai.
975 2196 1052 2243 XI,
1075 2180 1154 2249 2).
1193 2180 1297 2234 Sed
1326 2179 1413 2233 ille
1442 2180 1494 2234 in
1526 2180 1626 2233 hoc
1647 2179 1754 2247 spi-

172 2268 283 2322 ritu
297 2269 661 2338 operationem
674 2269 918 2338 percipit,
934 2269 1024 2337 qui
1039 2267 1480 2322 ﬁdemTrinitatis
1491 2269 1751 2337 agnoscit,

171 2369 236 2415 nt
255 2369 308 2416 et
323 2361 560 2424 Patrem,
589 2361 868 2425 etFilium,
895 2371 951 2416 et
974 2363 1220 2416 eumdem
1235 2361 1495 2430 Spiritum
1513 2372 1755 2417 sanctum

167 2452 338 2506 unius
367 2451 582 2506 virtutis
602 2451 807 2515 credat,
835 2451 994 2506 unius
1020 2451 1334 2505 substantiae
1355 2465 1474 2506 esse
1500 2451 1752 2506 fateatur.

166 2537 314 2604 Quia
340 2536 502 2608 igitur
526 2546 750 2607 septem,
803 2553 923 2608 qua:
953 2539 1200 2607 superius
1230 2539 1484 2604 dixﬂnus,
1530 2555 1626 2608 per
1650 2539 1759 2616 No7

167 2643 304 2681 vum
343 2627 743 2682 Testamentum
774 2628 937 2682 latius
967 2630 1090 2683 data
1119 2637 1266 2693 sunt,
1296 2629 1479 2684 decem
1507 2645 1634 2684 vero
1662 2645 1758 2699 per

168 2727 336 2772 vetus
359 2726 648 2788 prmcepta,
700 2720 876 2772 omnis
903 2728 1085 2773 nostra
1112 2719 1283 2774 virtus
1307 2729 1362 2773 et
1387 2721 1628 2788 operatio
1662 2735 1760 2789 per

177 2805 369 2863 decem
397 2815 450 2860 et
477 2816 677 2877 septem
707 2808 864 2876 plene
900 2816 1077 2878 potest
1126 2809 1525 2878 comprehendi.
1589 2810 1760 2862 Duca-

175 2911 303 2952 mus
326 2910 454 2964 ergo
478 2910 574 2966 per
601 2897 868 2967 trigonum
897 2897 1079 2952 decem
1111 2907 1163 2953 et
1193 2907 1421 2967 septem,
1464 2907 1519 2952 et
1540 2898 1761 2952 veniunt

178 2985 574 3057 quinquaginta
617 2992 672 3038 et
716 3001 902 3038 unum.
987 2985 1091 3051 Qui
1135 2985 1376 3054 profecto
1422 3000 1679 3039 numerus
1727 2999 1758 3037 a

175 3089 378 3144 magno
406 3075 660 3145 mysterio
688 3089 794 3128 non
821 3082 995 3138 vacat,
1035 3075 1159 3145 quia
1193 3075 1246 3128 in
1285 3074 1630 3128 Testamento
1657 3073 1760 3127 Ve-

1851 1918 2098 1965 naturam
2121 1911 2418 1980 exprimere
2432 1911 2601 1965 voluit
2613 1925 2853 1981 persona:
2867 1915 3004 1966 sum?
3041 1912 3080 1966 F
3085 1929 3218 1968 avus
3227 1915 3425 1983 quippe

1852 2001 1956 2058 mel
1978 2001 2139 2073 642
2169 2003 2222 2056 in
2248 2017 2372 2056 cera
2402 2010 2514 2057 est:
2564 2003 2669 2058 mel
2692 2018 2822 2057 vero
2870 2005 2923 2057 in
2952 2019 3078 2060 cera
3103 2013 3188 2059 est
3237 2003 3426 2059 divini-

1855 2101 1938 2148 tas
1965 2093 2022 2146 in
2047 2092 2398 2146 humanitate.
2446 2091 2598 2157 Quod
2623 2093 2690 2146 ab
2712 2092 2814 2147 hac
2834 2106 3045 2160 quoque
3073 2091 3303 2147 lectione
3319 2107 3424 2146 non

1853 2183 2152 2249 discrepat:
2184 2195 2308 2234 nam
2337 2181 2566 2234 comedit
2591 2181 2790 2250 piscem
2816 2189 2869 2234 et
2901 2195 3113 2249 panem.
3161 2180 3262 2246 Qui
3282 2182 3427 2236 enim

1853 2268 2022 2322 assari
2045 2277 2104 2322 ut
2119 2269 2280 2338 piscis
2302 2269 2474 2338 potuit
2499 2283 2567 2321 ex
2593 2269 2946 2333 humanitate,
2973 2284 3109 2338 pane
3135 2285 3234 2325 nos
3254 2270 3429 2324 reﬁcit

1853 2372 1920 2413 ex
1950 2357 2259 2422 divinitate,
2312 2358 2402 2427 qui
2437 2359 2514 2412 ait
2539 2376 2551 2411 :
2581 2356 2693 2426 Ego
2721 2374 2836 2411 sum
2861 2359 3012 2429 panis
3040 2360 3202 2424 rivus,
3245 2361 3334 2429 qui
3363 2359 3428 2413 de

1853 2445 1979 2498 caelo
2001 2445 2240 2500 descendi
2266 2445 2446 2516 (Joan.
2477 2461 2554 2510 vt,
2573 2445 2661 2507 41,
2697 2445 2809 2516 5‘2).
2843 2445 3037 2501 Assum
3075 2461 3204 2517 ergo
3225 2448 3427 2516 piscem

1856 2539 2087 2592 comedit
2114 2545 2168 2592 et
2199 2553 2412 2606 panem,
2456 2546 2516 2592 ut
2531 2538 2646 2609 ipso
2673 2552 2769 2594 suo
2794 2538 2914 2592 cibo
2936 2537 3090 2593 nobis
3120 2537 3426 2593 ostenderet

1855 2629 1980 2698 quia
2013 2638 2068 2683 et
2096 2629 2397 2697 passionem
2427 2643 2493 2683 ex
2519 2637 2705 2684 nostra
2733 2628 3066 2682 humanitate
3103 2627 3342 2698 pertulit,
3372 2635 3429 2682 et

1855 2719 2204 2773 refectionem
2242 2727 2484 2774 nostram
2522 2733 2590 2774 ex
2619 2734 2715 2772 sua
2771 2717 3050 2772 divinitate
3099 2717 3428 2786 procuravit.

1856 2807 2158 2862 Notandum
2175 2824 2388 2879 quoque
2409 2809 2550 2878 quod
2576 2807 2818 2862 ultimum
2847 2807 3149 2862 convivium
3171 2807 3430 2861 Dominus

1858 2897 1980 2952 cum
2006 2907 2213 2968 septem
2257 2897 2532 2967 discipulis
2560 2898 2813 2952 habuisse
2855 2897 3195 2951 describitur.
3243 2895 3435 2952 Petrus

1860 3002 2092 3056 namque
2115 2996 2170 3041 et
2215 2988 2470 3051 Thomas,
2525 2986 2820 3041 Nathanael
2849 2994 2904 3040 et
2931 2986 3027 3040 ﬁlii
3065 2987 3334 3050 Zebedmi,
3382 2994 3434 3040 et

1862 3077 1950 3132 alii
1971 3091 2038 3132 ex
2067 3077 2340 3146 discipulis
2372 3075 2489 3144 ejus
2523 3077 2627 3131 duo
2672 3077 2725 3130 in
2747 3091 2812 3130 eo
2852 3074 3018 3130 fuisse
3044 3082 3430 3140 memorantur,

181 3166 289 3220 teri
319 3165 565 3233 legimus,
617 3164 760 3234 quod
789 3179 962 3220 annus
1010 3163 1480 3234 quinquagesimus
1512 3161 1759 3230 juhilmus
1785 3145 1832 3210 ο
1860 3169 1968 3225 Cur
1997 3185 2120 3225 cum
2145 3145 2350 3238 septem
2375 3170 2650 3240 discipulis
2690 3170 2936 3223 ultimum
2962 3169 3265 3224 convivium
3292 3167 3434 3224 cele-

179 3254 364 3309 vocari
388 3254 570 3324 jussus
597 3263 700 3320 est,
757 3255 811 3309 in
842 3270 949 3324 quo
989 3255 1238 3309 videlicet
1279 3261 1503 3308 cunctus
1533 3251 1758 3322 populus

181 3345 254 3401 ab
286 3346 430 3400 omni
482 3361 646 3415 opere
696 3346 1056 3416 requiesceret
1097 3345 1282 3416 (Leuit.
1320 3360 1444 3409 xxv,
1475 3343 1583 3414 ll).
1654 3343 1758 3398 Sed

181 3451 313 3492 vera
351 3437 564 3506 requies
591 3437 642 3490 in
669 3437 877 3490 unitate
895 3444 995 3491 est.
1037 3437 1206 3490 Dividi
1235 3437 1433 3506 quippe
1466 3449 1630 3488 unum
1654 3449 1758 3488 non

182 3535 394 3600 potest:
422 3528 512 3582 ubi
543 3529 686 3582 enim
713 3529 946 3583 scissura
969 3528 1246 3582 divisionis
1267 3537 1366 3590 est,
1398 3542 1523 3582 vera
1549 3526 1761 3594 requies

183 3634 296 3675 non
320 3625 420 3674 est.
476 3619 745 3676 Ducamus
789 3635 916 3691 ergo
942 3634 1036 3690 per
1067 3622 1336 3689 trigonum
1373 3618 1761 3689 quinquaginta

186 3716 244 3763 et
267 3724 454 3773 unum,
507 3718 562 3764 et
610 3709 745 3764 ﬁunt
779 3719 991 3764 centum
1038 3710 1423 3779 quinquaginta
1451 3709 1575 3761 tria.
1626 3707 1762 3773 Quia

189 3798 362 3868 igitur
382 3807 436 3853 et
463 3799 636 3853 omnis
661 3799 902 3869 operatio
931 3806 1114 3853 nostra
1142 3807 1198 3853 et
1211 3799 1382 3853 virtus
1409 3798 1463 3851 in
1518 3796 1622 3851 ﬁde
1647 3797 1766 3851 Tri-

188 3889 381 3946 nitatis
408 3891 646 3946 exhibita
679 3892 744 3946 ad
772 3891 1010 3960 requiem
1035 3889 1225 3954 tendit,
1265 3897 1468 3958 septem
1499 3895 1552 3942 et
1581 3888 1763 3943 decem

190 3989 279 4037 ter
305 3981 566 4044 ducimus,
595 3989 655 4035 ut
699 3982 766 4036 ad
800 3981 1182 4050 quinquaginta
1204 3987 1258 4032 et
1281 3994 1447 4031 unum
1475 3979 1655 4032 venire
1675 3979 1768 4032 de-

186 4073 434 4128 beamus.
490 4073 557 4127 Et
581 4088 708 4127 vera
733 4081 914 4126 nostra
939 4072 1146 4141 requies
1171 4081 1298 4126 tunc
1319 4079 1420 4135 est,
1447 4085 1568 4124 cum
1595 4072 1765 4141 ipsam

185 4167 300 4238 jam
332 4167 629 4222 claritatem
661 4167 938 4221 Trinitatis
961 4165 1319 4236 agnoscimus,
1360 4178 1520 4232 quam
1557 4149 1619 4216 in.
1642 4163 1769 4218 Uni-

191 4263 311 4311 tate
335 4257 631 4311 divinitatis
656 4271 776 4311 esse
802 4263 1008 4310 certum
1034 4264 1296 4308 tenemus.
1375 4251 1769 4320 Quinquaginta

194 4355 254 4402 et
275 4363 440 4402 unum
459 4357 542 4402 ter
562 4348 821 4413 ducimus,
875 4355 930 4400 et
965 4346 1259 4401 electorum
1286 4359 1550 4399 summam
1597 4345 1652 4398 in
1682 4361 1773 4399 su—

195 4440 368 4506 perna
395 4437 587 4505 patria,
627 4437 781 4506 quasi
809 4445 1022 4491 centum
1071 4435 1455 4504 quinquaginta
1498 4434 1658 4488 trium
1684 4433 1770 4503 pi-

1855 3260 1998 3324 brat,
2049 3259 2150 3314 nisi
2173 3261 2297 3329 quia
2324 3275 2417 3315 eos
2445 3261 2832 3323 tantummodo,
2863 3260 2955 3330 qui
2977 3258 3274 3329 septiformi
3311 3273 3434 3329 gra-

1859 3352 1933 3405 tia
1958 3352 2129 3405 sancti
2153 3351 2384 3422 Spiritus
2408 3352 2548 3421 pleni
2564 3360 2708 3416 sunt,
2735 3350 2947 3406 futuros
2958 3367 3138 3406 secum
3156 3351 3211 3405 in
3231 3359 3433 3404 eterna

1859 3440 2150 3496 refectione
2177 3443 2488 3497 denuntiat?
2559 3441 2775 3512 Septem
2801 3458 3012 3514 quoque
3042 3443 3230 3497 diebus
3275 3455 3435 3494 omne

1861 3533 1963 3586 hoc
2007 3541 2218 3602 tempus
2265 3533 2554 3588 evolvitur:
2601 3542 2657 3586 et
2689 3548 2829 3603 saepe
2855 3533 3161 3602 septenario
3211 3545 3438 3585 numero

1861 3621 2120 3691 perfectio
2148 3622 2476 3692 designatur.
2539 3621 2618 3676 llli
2672 3637 2799 3692 ergo
2850 3622 3041 3676 ultimo
3096 3620 3341 3676 convivio
3369 3621 3436 3676 de

1862 3710 2146 3778 praesentia
2168 3711 2409 3765 veritatis
2443 3711 2748 3780 epulantur,
2801 3713 2892 3780 qui
2919 3725 3061 3766 nunc
3095 3709 3438 3778 perfectionis

1864 3801 2040 3857 studio
2066 3809 2274 3855 terrena
2303 3801 2704 3865 transcendunt,
2728 3816 2864 3870 quos
2887 3801 3071 3856 mundi
3103 3799 3258 3866 hujus
3283 3814 3438 3854 amor

1865 3907 1970 3946 non
1994 3892 2186 3962 alligat,
2219 3893 2410 3960 quibus
2432 3893 2532 3948 etsi
2555 3900 2822 3961 utcunque
2845 3907 2942 3960 per
2964 3897 3294 3944 tentantenta
3329 3890 3430 3943 ob-

1867 3981 2078 4047 strepit,
2128 3987 2300 4048 cmpta
2329 3987 2504 4032 tamen
2534 3995 2718 4034 eorum
2755 3978 3018 4034 desideria
3047 3993 3151 4032 non
3175 3977 3431 4032 retundit.

1867 4070 1942 4124 De
1975 4071 2076 4124 hoc
2102 4079 2342 4124 extremo
2369 4071 2614 4125 convivio
2641 4069 2774 4123 alias
2799 4083 2896 4137 per
2929 4067 3186 4122 Joannem
3213 4067 3434 4122 dicitur:

1869 4159 2018 4214 Beati
2043 4161 2131 4231 qui
2151 4161 2220 4213 ad
2239 4177 2432 4214 cumam
2457 4161 2752 4230 nuptiarum
2769 4158 2902 4228 Agni
2923 4159 3089 4212 vocati
3116 4166 3234 4210 sunt
3252 4155 3437 4226 (Apoc.

1870 4266 1986 4315 xxx,
2013 4250 2088 4319 9).
2152 4249 2354 4305 Idcirco
2374 4250 2516 4304 enim
2544 4264 2647 4303 non
2673 4249 2739 4301 ad
2768 4248 3070 4316 prandium,
3109 4247 3204 4302 sed
3230 4245 3297 4300 ad
3331 4260 3440 4301 cm-

1871 4356 1995 4394 nam
2023 4349 2241 4395 vocatos
2262 4348 2460 4401 narrat,
2512 4339 2636 4408 quia
2667 4338 2920 4391 nimirum
2963 4337 3015 4390 in
3049 4336 3154 4392 ﬁne
3176 4335 3281 4392 diei
3305 4351 3436 4391 con-

1872 4430 2072 4484 vivium
2096 4446 2248 4485 caena
2269 4439 2369 4486 est.
2419 4429 2518 4496 Qui
2539 4445 2666 4499 ergo
2689 4428 2838 4482 ﬁnito
2859 4428 3140 4495 praesentis
3167 4429 3288 4482 vita:
3310 4436 3444 4482 tem-

193 4525 373 4580 scium
400 4540 685 4580 numerum
709 4534 971 4582 tenemus.
1019 4525 1146 4580 Post
1167 4524 1615 4578 resurrectionem
1645 4539 1773 4578 vero
1803 4500 1852 4559 D
1876 4537 2005 4592 pore
2019 4521 2086 4575 ad
2101 4518 2441 4576 refectionem
2464 4534 2706 4588 supernae
2717 4517 3179 4586 contemplationis
3198 4517 3440 4578 veniunt,

197 4615 418 4670 Domini
471 4616 694 4670 missum
726 4623 838 4670 rete
864 4616 1082 4685 dignum
1110 4615 1230 4680 fuit,
1260 4627 1320 4669 ut
1347 4623 1425 4670 tot
1467 4615 1642 4684 pisces
1683 4630 1773 4669 ca-

193 4713 376 4777 peret,
413 4714 544 4776 quot
566 4706 900 4762 solummodo
922 4708 1129 4762 electos
1149 4707 1296 4762 cives
1323 4720 1566 4774 supernm
1587 4706 1776 4774 patrize

196 4796 565 4866 designarent.
590 4816 606 4848 ι
624 4795 718 4850 Est
737 4811 947 4866 quoque
971 4796 1076 4851 alia
1103 4795 1407 4866 supputatio
1427 4793 1584 4863 hujus
1603 4803 1778 4864 septe-

195 4885 346 4941 narii
375 4883 453 4957 [et
483 4883 710 4957 denarii]
738 4887 966 4941 numeri.
1003 4886 1138 4941 Nam
1165 4887 1209 4941 si
1244 4887 1311 4940 ab
1339 4900 1446 4939 uno
1474 4899 1660 4938 omnes
1679 4900 1778 4938 nu-

194 4989 386 5032 meros
398 4985 675 5046 computes
697 4991 868 5045 usque
887 4977 953 5032 ad
969 4977 1152 5032 decem
1179 4985 1228 5031 et
1251 4985 1455 5045 septem
1475 4976 1576 5030 hoc
1590 4975 1746 5028 modo
1763 4990 1778 5027 :

196 5081 399 5134 unum,
426 5067 552 5132 duo,
581 5075 690 5122 tres
713 5067 880 5132 ﬁunt;
910 5067 1045 5122 adde
1076 5077 1208 5131 tres,
1262 5067 1397 5121 ﬁunt
1422 5082 1545 5130 sex;
1582 5066 1664 5120 his
1686 5067 1782 5121 ad-

191 5157 370 5228 junge
399 5167 649 5228 quatuor,
679 5157 813 5212 ﬁunt
841 5155 1056 5221 decem;
1101 5157 1186 5211 bis
1211 5156 1462 5226 quinque,
1487 5164 1540 5209 ct
1561 5156 1786 5210 habebis

199 5248 549 5321 quindecim;
580 5257 635 5302 et
667 5249 744 5304 sic
771 5248 1138 5303 crescentibus
1157 5246 1394 5301 numeris
1422 5255 1478 5300 et
1525 5245 1783 5313 multipli-

201 5337 352 5394 catis
390 5352 561 5408 usque
586 5338 655 5392 ad
678 5337 865 5392 decem
897 5344 952 5391 et
975 5345 1202 5406 septem,
1260 5338 1319 5388 lit
1346 5336 1584 5389 omnium
1603 5349 1788 5388 mune-

200 5440 401 5482 rorum
427 5441 634 5481 summa
662 5425 907 5490 istorum,
935 5425 1025 5494 qui
1051 5422 1472 5492 multiplicantur
1491 5422 1559 5475 ab
1574 5437 1679 5475 uno
1701 5434 1790 5474 us-

202 5531 322 5596 que
353 5517 422 5572 ad
451 5517 636 5573 dixem
662 5523 718 5571 et
742 5523 966 5585 septem,
1001 5523 1215 5595 centum
1249 5513 1634 5583 quinquaginta
1663 5511 1787 5566 tria.

203 5607 347 5675 Quae
368 5607 694 5676 computatio
726 5605 990 5676 superiori
1013 5601 1409 5674 signiﬁcationi,
1442 5601 1494 5656 id
1526 5609 1628 5668 est,
1659 5599 1792 5671 legis

288 5729 315 5756 ι
357 5716 434 5771 Ex
464 5715 521 5770 S.
550 5715 708 5785 Aug.,
736 5724 894 5772 tract.
927 5729 1120 5780 cxxut,
1153 5727 1301 5767 num.
1337 5710 1452 5766 1-5.

1877 4627 1984 4664 non
2031 4610 2097 4664 ad
2125 4610 2260 4680 Agni
2301 4610 2603 4681 prandium,
2650 4608 2743 4663 sed
2789 4607 2856 4662 ad
2903 4622 3112 4662 caenam
3162 4613 3443 4661 vocantur.

1879 4701 2008 4769 Qua:
2031 4704 2281 4758 videlicet
2301 4720 2451 4758 emua
2479 4704 2577 4757 hoc
2599 4701 2786 4756 ultimo
2813 4701 3058 4755 convivio
3104 4699 3443 4768 exprimitur,

1881 4795 1966 4849 cui
1992 4802 2197 4863 septem
2218 4795 2460 4863 discipuli
2488 4793 2676 4846 adesse
2712 4799 3096 4858 memorantur,
3145 4792 3270 4860 quia
3307 4790 3445 4852 illos.

1881 4892 1942 4938 ut
1967 4884 2218 4947 diximus,
2243 4891 2370 4937 tunc
2391 4882 2599 4935 interna
2622 4877 2843 4935 refectio
2867 4878 2996 4949 [Με.
3038 4877 3352 4948 refectione]
3368 4891 3450 4930 re-

1883 4979 2058 5040 parat,
2103 4971 2194 5040 qui
2216 4970 2354 5040 pleni
2377 4983 2517 5022 nunc
2535 4967 2830 5037 septiformi
2854 4968 3026 5037 gratia
3052 4968 3106 5022 in
3122 4981 3305 5021 amore
3331 4964 3452 5033 Spi-

1885 5068 2020 5121 ritus
2047 5065 2319 5120 anhelant.
2349 5083 2370 5116 ›

1963 5175 1982 5207 ‹
2012 5170 2037 5197 ι
2067 5157 2124 5209 ln
2148 5171 2212 5212 eo
2237 5158 2375 5224 quod
2401 5153 2559 5209 tertio
2585 5153 2842 5208 Dominus
2863 5161 2982 5223 post
3003 5146 3452 5206 resurrectionem

1887 5247 2251 5301 manifestavit
2286 5259 2346 5298 se
2393 5243 2666 5312 discipulis
2692 5245 2825 5307 suis,
2878 5241 3021 5296 beati
3050 5240 3274 5294 Joannis
3293 5253 3456 5293 evan-

1888 5338 2092 5406 gelistae
2118 5335 2458 5405 Evangelium
2483 5335 2814 5388 terminatur.
2865 5331 3049 5400 (Vens.
3075 5328 3186 5399 12.)
3216 5327 3354 5381 Dicit
3379 5328 3456 5380 eis

1887 5427 2078 5482 lesus:
2115 5425 2316 5490 Venite,
2345 5423 2610 5495 prandete.
2677 5423 2746 5477 Et
2781 5437 2929 5475 nenia
2955 5418 3179 5482 audebat
3225 5417 3458 5470 discunt-

1890 5519 2117 5574 bentium
2141 5519 2459 5588 interrogare
2481 5529 2637 5571 eum:
2685 5514 2762 5568 Tu
2787 5512 2902 5584 quis
2923 5513 3016 5566 es?
3063 5511 3279 5565 scientes
3329 5507 3454 5578 quia

1892 5613 2144 5668 Dominus
2166 5621 2258 5666 est.
2291 5610 2490 5665 Sensus
2510 5621 2636 5679 ergo
2657 5605 2744 5660 hic
2769 5613 2880 5660 est:
2918 5603 3084 5658 Tanta
3113 5608 3230 5654 erat
3243 5598 3459 5654 evideno
