4090 6452
659 379 762 436 999

1497 382 1559 436 Β.
1601 383 1661 438 F.
1702 379 1925 436 ALBlNl
1965 378 2094 436 SEU
2133 379 2405 435 ALCUINI
2443 379 2722 437 OPERUM
2761 379 2935 435 PARS
2969 375 3031 434 ll.

3751 369 3914 430 £000

657 493 733 548 tia
757 491 1022 556 veritatis,
1063 494 1184 562 quia
1208 493 1394 564 [Aug.,
1428 494 1555 565 qua]
1607 493 1762 547 Jcsus
1796 493 1904 547 illis
1950 491 2224 562 discipulis
2250 495 2297 555 Α
2326 493 2413 546 nia
2443 509 2457 544 :
2495 511 2514 544 ι
2556 494 2692 548 sicut
2719 493 2818 548 iste
2856 492 2994 546 idem
3025 491 3258 545 Joannes
3287 497 3536 546 testatur.
3567 489 3738 544 multa
3767 502 3912 544 cum

657 586 972 654 apparebat,
1006 593 1067 638 ut
1089 600 1272 638 eorum
1299 600 1404 639 non
1433 585 1604 639 solum
1627 599 1844 654 negare,
1865 582 1957 638 sed
1988 598 2055 637 ne
2075 584 2227 637 dubi-

657 681 778 728 tare
817 673 1030 742 quidem
1059 673 1196 726 ullus
1243 673 1491 727 auderet:
1544 674 1795 740 quoniam
1843 673 1888 726 si
1941 673 2226 740 quisquam

658 762 946 826 dubitaret,
983 761 1166 829 utique
1216 761 1547 830 interrogare
1577 761 1812 813 deberet.
1865 758 1955 812 Sic
1989 774 2118 827 ergo
2145 757 2226 812 di—

657 859 805 906 ctum
843 858 952 904 est:
997 849 1166 902 Nemo
1195 849 1420 902 audebat
1458 849 1810 918 interrogare:
1876 847 1952 900 Tu
1988 847 2102 917 quis
2147 864 2222 909 es,

658 956 722 996 ac
743 942 789 995 si
812 941 1106 994 diceretur:
1159 940 1326 994 Nemo
1349 940 1580 994 audebat
1605 940 1873 1002 dubitare,
1917 942 2058 1008 quod
2112 939 2225 1007 ipse

657 1038 818 1084 esset.
857 1030 1022 1101 (Vens
1049 1028 1159 1098 15.)
1195 1048 1213 1079 ι
1244 1029 1312 1082 Et
1340 1031 1470 1082 venit
1509 1029 1687 1093 Iesus,
1719 1039 1766 1082 et
1796 1030 1990 1098 accepit
2013 1045 2222 1098 panem,

657 1129 706 1174 et
730 1119 870 1174 dedit
892 1120 1000 1184 eis;
1025 1129 1073 1172 et
1087 1119 1275 1188 piscem
1299 1119 1558 1172 similiter.
1591 1120 1730 1173 Ecce
1744 1120 1942 1172 dictum
1959 1127 2041 1172 est
2059 1119 2224 1172 etiam

658 1211 786 1279 quid
809 1211 1155 1278 pranderent,
1207 1211 1270 1263 de
1291 1209 1442 1277 cujus
1474 1209 1862 1278 significatione
1887 1211 1938 1263 in
1977 1210 2222 1278 superio-

657 1297 805 1352 ribus
834 1299 1083 1352 diximus.
1156 1296 1412 1366 Superius
1437 1312 1647 1366 quoque
1675 1307 1948 1351 narratum
1978 1306 2060 1350 est
2082 1297 2224 1365 quod

655 1387 924 1456 discipuli,
964 1387 1178 1456 quando
1219 1388 1610 1442 descenderunt
1636 1387 1688 1440 in
1717 1395 1934 1449 terram,
1979 1387 2226 1439 viderunt

654 1493 854 1547 prunas
880 1478 1082 1547 positas
1125 1485 1178 1532 et
1214 1479 1416 1546 piscem
1448 1479 1860 1548 superpositum,
1907 1486 1961 1531 et
2007 1493 2220 1545 panem.

657 1567 759 1622 Ubi
782 1583 885 1622 non
912 1575 994 1621 est
1015 1567 1410 1638 intelligendum
1432 1567 1593 1620 etiam
1635 1581 1826 1635 panem
1851 1565 2012 1619 fuisse
2039 1581 2225 1634 super-

653 1655 884 1724 positum
905 1656 1108 1724 prunis,
1136 1657 1228 1710 sed
1251 1665 1456 1709 tantum
1491 1655 1936 1719 subaudiendum,
1965 1656 2218 1709 viderunt.

655 1744 808 1811 Quod
833 1746 1050 1800 verbum
1072 1747 1114 1799 si
1140 1756 1444 1815 repetamus
1463 1762 1528 1800 eo
1547 1748 1663 1801 loco
1683 1748 1773 1800 ubi
1797 1747 2222 1801 subaudiendum

2325 580 2516 634 fecisse
2540 596 2657 648 qua:
2684 597 2790 636 non
2820 590 2946 635 sunt
2964 581 3182 651 scripta.

2396 667 2742 740 [Invenimus]
2773 669 2984 724 collatis
3011 670 3417 738 Evangeliorum
3441 670 3762 725 testimoniis
3795 671 3910 726 de-

2323 758 2432 811 cies
2463 757 2742 812 Dominum
2764 760 2940 813 visum
2965 775 3083 814 esse
3104 763 3170 814 ab
3193 761 3516 826 hominibus,
3541 778 3572 815 a
3602 763 3689 817 die
3717 764 3910 831 prima

2323 847 2729 901 resurrectionis
2770 864 2878 901 sua:
2915 863 3085 917 usque
3123 851 3190 903 ad
3239 850 3381 904 diem
3423 851 3908 921 quadragesimum

2323 935 2652 990 ascensionis
2679 951 2808 989 suae.
2853 936 3034 991 Primo
3087 938 3300 1006 quidem
3347 938 3526 993 Maria:
3569 939 3910 1009 Magdalene

2323 1024 2470 1079 ﬂenti
2499 1026 2565 1079 ad
2591 1035 3026 1092 monumentum;
3069 1029 3260 1084 deinde
3287 1030 3459 1084 eidem
3502 1029 3705 1095 Mariae,
3729 1033 3784 1085 et
3825 1033 3911 1086 al-

2323 1115 2423 1168 teri
2465 1114 2706 1184 ejusdem
2737 1117 2968 1170 nominis
3010 1117 3239 1183 feminze,
3264 1120 3697 1189 regredientibus
3723 1138 3754 1175 a
3777 1137 3905 1177 rno-

2322 1213 2575 1258 numento
2611 1206 2853 1260 nuntiare
2877 1207 3149 1276 discipulis
3169 1223 3288 1276 qua:
3313 1209 3384 1262 ibi
3419 1210 3688 1275 viderant,
3708 1226 3906 1266 occur-

2323 1311 2447 1349 rens
2467 1298 2741 1365 apparuit;
2794 1299 2954 1352 tertio
3000 1299 3204 1352 Simoni
3261 1300 3438 1363 Petro,
3468 1300 3597 1355 licet
3641 1303 3749 1356 hoc
3789 1319 3902 1358 non

2323 1384 2549 1452 legatur,
2581 1385 2669 1437 ubi
2719 1394 2864 1440 esset
2903 1385 3126 1451 factum,
3175 1395 3350 1442 tamen
3400 1388 3604 1443 factum
3653 1405 3779 1444 esse
3833 1407 3902 1446 ex

2323 1475 2607 1542 Evangelio
2629 1474 2787 1529 Luca:
2809 1477 3126 1539 invenimus,
3146 1476 3234 1530 ubi
3258 1478 3334 1530 ait
3352 1479 3648 1547 discipulos
3663 1480 3897 1537 dixisse:

2325 1563 2460 1627 Quia
2488 1579 2599 1616 vere
2619 1565 2842 1617 surrexit
2868 1565 3203 1630 Dominus,et
3234 1569 3476 1636 apparuit
3507 1566 3718 1622 Simoni
3747 1570 3896 1640 (Luc.

2323 1667 2470 1716 xxiv,
2493 1653 2604 1722 54).
2630 1653 2854 1719 Quarto,
2884 1655 3132 1733 Cjeophac
3161 1664 3216 1710 et
3263 1657 3407 1710 socio
3436 1656 3586 1724 ejus,
3620 1675 3751 1713 cum
3780 1662 3898 1728 qui-

2323 1741 2423 1794 bus
2446 1742 2558 1809 ipse
2583 1742 2830 1810 gradiens
2857 1743 2908 1796 in
2930 1743 3204 1806 Emmaus,
3230 1745 3359 1798 inibi
3381 1745 3432 1798 iu
3456 1747 3616 1814 panis
3635 1747 3898 1803 fractione

651 1842 757 1899 est,
787 1835 860 1888 ita
885 1843 1052 1888 totum
1078 1837 1182 1890 dici
1210 1845 1408 1904 potest:
1451 1838 1712 1890 Viderunt
1751 1853 1948 1906 prunas
1993 1839 2217 1906 positas,
2253 1827 2295 1885 Β
2323 1833 2564 1900 cognilus
2587 1841 2665 1885 εει
2693 1872 2705 1883 -
2738 1833 2826 1900 (ιυί
2869 1848 2989 1886 m0!
3031 1835 3231 1888 ι’θνεΐδὶ
3258 1834 3712 1905 Πίοτοεοιῐῐηειω,
3748 1840 3894 1892 ἰητθο-

649 1929 709 1974 et
749 1924 949 1990 piscem
991 1925 1380 1993 superpositum
1408 1924 1726 1996 [viderunt],
1767 1927 2014 1981 viderunt
2041 1937 2094 1981 et
2123 1943 2219 1996 pa-

653 2026 797 2068 nem.
860 2013 954 2066 Vel
986 2014 1059 2067 ita
1105 2016 1312 2082 potius:
1367 2016 1626 2069 Viderunt
1668 2032 1867 2085 prunas
1903 2019 2128 2086 positas,
2167 2029 2221 2073 et

651 2101 853 2170 piscem
908 2106 1318 2172 superpositum,
1367 2106 1615 2160 viderunt
1639 2117 1694 2162 et
1719 2124 1933 2176 panem.
1993 2108 2220 2164 Jubente

649 2190 816 2244 etiam
877 2192 1100 2247 Domino
1143 2195 1435 2248 attulerunt
1467 2205 1522 2249 et
1563 2198 1628 2250 de
1658 2199 1895 2267 piscibus
1937 2213 2070 2267 quos
2122 2201 2221 2269 ipsi

651 2289 931 2350 ceperant:
974 2283 1117 2350 quod
1155 2299 1248 2338 eos
1288 2284 1480 2340 fecisse
1507 2289 1754 2355 quamvis
1775 2306 1804 2342 a
1834 2299 2088 2344 narrante
2115 2307 2220 2345 non

653 2369 726 2424 sit
745 2384 1079 2439 expressum,
1111 2380 1287 2428 tamen
1317 2375 1596 2429 Dominum
1620 2377 1845 2447 jussisse
1867 2394 1970 2432 non
1999 2381 2220 2435 tacitum

648 2467 754 2515 est.
780 2460 870 2514 Ait
889 2462 1030 2516 enim
1059 2479 1071 2514 :
1109 2463 1303 2532 A/ferte
1327 2465 1390 2519 de
1409 2467 1633 2535 piscibus
1657 2485 1786 2538 quas
1814 2471 2221 2539 apprehendistis

651 2565 808 2604 nunc.
867 2552 934 2606 Et
965 2554 1148 2622 utique
1162 2554 1384 2623 jubente
1425 2558 1535 2623 illo,
1580 2575 1675 2614 eos
1725 2575 1830 2614 non
1857 2560 2047 2616 fecisse
2094 2565 2217 2631 quis

650 2639 874 2693 credat?
936 2640 1071 2696 Hinc
1104 2655 1231 2713 ergo
1257 2642 1382 2698 fecit
1409 2647 1691 2714 prandium
1727 2649 1982 2702 Dominus
2009 2649 2113 2703 illis
2137 2666 2223 2704 se-

649 2730 1082 2799 ptemdiscipulis
1106 2734 1254 2787 suis:
1307 2735 1372 2788 de
1408 2735 1558 2804 pisce
1595 2738 1819 2802 scilicet,
1847 2754 2005 2807 quam
2035 2740 2221 2808 prunis

649 2820 1044 2886 superpositum
1072 2822 1338 2888 viderant,
1367 2825 1492 2878 huic
1539 2827 1830 2896 adjungens
1851 2844 1915 2882 ex
1955 2829 2056 2883 illis
2086 2845 2220 2899 quos

649 2915 929 2975 ceperant,
967 2916 1023 2961 et
1053 2909 1118 2963 dc
1148 2926 1284 2979 pane
1315 2927 1474 2979 quem
1523 2915 1868 2970 nihilominus
1893 2933 1984 2971 eos
2022 2920 2220 2976 vidisse

652 3006 929 3051 narratum
951 3007 1054 3052 est.
1102 2999 1272 3056 Piscis
1307 3017 1480 3068 assus,
1505 3013 1564 3057 ut
1589 3005 1840 3069 diximus,
1868 3006 2112 3064 Christus
2137 3018 2220 3065 est

647 3101 860 3157 passus,
904 3089 1016 3158 ipse
1045 3097 1123 3144 est
1174 3099 1228 3144 et
1261 3093 1435 3160 panis,
1496 3095 1585 3162 qui
1635 3095 1699 3151 de
1743 3097 1878 3151 coelo
1925 3099 2213 3154 descendit.

647 3175 761 3232 Hoc
783 3180 1149 3234 corroboravit
1169 3180 1460 3237 Ecclesium
1488 3161 1669 3254 [Aug.,
1694 3185 1827 3241 lluic
1853 3188 2220 3257 incorporatur
2245 3161 2291 3223 ο

652 3265 949 3338 Ecclesia],
979 3269 1066 3346 'ad
1090 3271 1513 3341 participandum
1536 3275 1913 3331 beatitudinem
1941 3280 2225 3348 sempiter-

647 3369 802 3420 nam;
829 3375 847 3407 ι
883 3372 1001 3425 qua:
1029 3361 1190 3414 etiam
1217 3361 1270 3414 in
1292 3361 1376 3416 his
1398 3371 1601 3431 septem
1625 3365 1900 3434 discipulis
1923 3367 2219 3437 significata

649 3449 754 3506 est,
795 3459 916 3512 qua:
935 3461 1058 3500 cum
1080 3448 1293 3504 Christo
1322 3451 1374 3503 in
1407 3458 1604 3504 aeterna
1627 3455 1953 3509 beatitudine
1980 3465 2100 3525 post
2138 3457 2218 3510 la.

644 3530 806 3586 bores
829 3533 986 3600 hujus
1007 3537 1186 3590 saeculi
1209 3548 1492 3606 regnatura
1519 3543 1638 3595 erit.
1693 3561 1709 3592 ι
1735 3543 1870 3600 lliuc
1898 3544 2080 3616 [Aug.,
2097 3547 2214 3619 Hic]

645 3620 788 3674 enim
807 3621 1068 3687 Ecclesia,
1094 3626 1267 3692 qualis
1294 3629 1348 3680 in
1375 3629 1500 3682 solis
1524 3631 1678 3684 bonis
1707 3632 1883 3688 futura
1905 3647 2007 3700 est,
2047 3638 2214 3707 signi-

645 3710 838 3766 ﬁcatur
882 3728 979 3782 per
1026 3724 1303 3784 capturam
1357 3728 1570 3774 centum
1627 3724 2010 3794 quinquaginta
2050 3728 2213 3783 trium

644 3802 900 3870 piscium:
929 3813 984 3858 et
1003 3805 1058 3860 in
1081 3808 1160 3862 eis
1179 3808 1268 3875 qui
1290 3809 1404 3864 haec
1428 3811 1672 3877 credunt,
1699 3825 1938 3883 sperant,
1965 3818 2209 3888 diligunt,

643 3893 980 3962 participatio
1006 3903 1166 3951 tantae
1187 3897 1534 3956 beatitudinis
1560 3917 1659 3970 per
1687 3905 1789 3959 hoc
1815 3907 2098 3972 prandium
2120 3909 2212 3963 de.

643 3993 882 4038 monstra
889 3994 994 4039 tur.

711 4076 872 4148 65.3
888 4079 1046 4134 Vens.
1064 4080 1148 4134 Η.
1170 4109 1239 4120 —
1252 4081 1364 4135 Hoc
1379 4084 1493 4152 jam
1511 4087 1684 4153 tertio,
1699 4090 1889 4158 inquit,
1906 4092 2207 4161 manifestaa

644 4172 728 4220 tus
750 4175 824 4220 est
849 4167 1003 4222 Iesus
1025 4170 1291 4240 discipulis
1304 4174 1429 4235 suis,
1447 4191 1560 4228 cum
1578 4181 1882 4233 surrexisset
1907 4200 1938 4234 a
1964 4187 2200 4250 mortuis,

643 4253 796 4321 Quod
823 4271 926 4311 non
974 4259 1040 4313 ad
1079 4260 1222 4328 ipsas
1265 4263 1765 4333 demonstrationes,
1797 4272 1888 4324 sed
1921 4270 2056 4344 [ad]
2090 4275 2203 4329 dies

640 4346 842 4400 referre
867 4347 1120 4402 debemus
1149 4368 1162 4403 :
1201 4352 1252 4405 id
1281 4363 1379 4413 est,
1407 4355 1580 4423 primo
1603 4359 1702 4420 die,
1722 4375 1841 4414 cum
1870 4367 2196 4428 resarrexit;

639 4441 696 4488 et
721 4441 839 4501 post
859 4436 972 4489 dies
999 4447 1138 4498 octo,
1172 4441 1388 4505 quando
1414 4443 1702 4510 discipulus
1724 4449 1957 4505 Thomas
1989 4453 2122 4506 vidit
2146 4463 2200 4508 et

641 4522 896 4586 credidit;
927 4531 979 4575 et
1002 4525 1157 4578 hodie
1185 4529 1395 4593 quando
1421 4531 1520 4584 hoc
1547 4535 1611 4586 de
1638 4536 1871 4603 piscibus
1898 4540 2050 4605 fecit;
2081 4553 2199 4610 post

640 4619 768 4677 quot
797 4620 974 4666 autem
999 4613 1114 4669 dies
1135 4615 1187 4669 id
1214 4615 1418 4682 fecerit,
1449 4620 1535 4675 hic
1561 4624 1756 4679 dictum
1784 4644 1886 4682 non
1916 4639 1994 4684 est
2026 4644 2038 4684 :
2076 4649 2195 4688 nam

640 4697 755 4766 ipso
782 4701 954 4769 primo
993 4703 1078 4758 die
1114 4720 1218 4759 non
1259 4709 1423 4763 semel
1449 4711 1596 4767 visus
1625 4724 1724 4777 est,
1751 4717 1891 4772 sicut
1935 4723 2197 4792 evangeli-

637 4794 838 4843 starum
873 4793 1108 4847 omnium
1137 4797 1440 4851 testimonia
1469 4802 1656 4856 collata
1681 4806 2074 4875 demonstrant,
2101 4814 2194 4868 sed

637 4877 775 4932 sicut
801 4879 998 4934 dictum
1025 4893 1125 4948 est,
1173 4888 1459 4942 secundum
1514 4892 1626 4945 dies
1673 4900 2015 4954 numeranda:
2071 4910 2194 4955 sunt

634 4969 1096 5027 manifestationes
1117 4972 1247 5040 ejus.
1266 4988 1323 5030 ut
1349 4978 1448 5032 ista
1481 4982 1549 5034 sit
1579 4984 1768 5049 tertia;
1803 4988 1973 5054 prima
1999 4991 2193 5060 quippe

633 5057 877 5115 habenda
905 5072 987 5117 est
1015 5066 1198 5120 eadem
1227 5085 1331 5122 una
1364 5069 1518 5142 [Aug.
1538 5114 1552 5139 ,
1579 5075 1818 5130 habenda
1849 5080 1946 5138 sit,
1973 5057 2190 5136 eadem-

611 5167 739 5222 -que
759 5152 884 5226 una]
932 5167 1148 5228 propter
1192 5175 1354 5214 unum
1386 5165 1558 5229 diem,
1583 5169 2001 5240 quotiescunque
2039 5188 2096 5226 se
2138 5183 2192 5228 et

633 5245 1037 5318 quibuscunque
1080 5251 1134 5305 in
1181 5253 1271 5307 illo
1317 5269 1422 5324 quo
1473 5261 1783 5324 resurrexit,
1808 5264 2070 5329 ostendit;
2103 5281 2190 5320 se-

629 5339 804 5393 cunda
840 5349 959 5410 post
995 5342 1111 5399 dies
1147 5354 1288 5412 octo,
1312 5355 1367 5401 et
1393 5348 1506 5403 htec
1533 5352 1714 5415 tertia;
1759 5361 1812 5406 et
1841 5356 2031 5411 deinde
2055 5373 2188 5426 quo-

630 5426 732 5480 ties
781 5429 966 5495 voluit,
1002 5447 1170 5502 usque
1227 5436 1294 5490 ad
1345 5437 1483 5491 diem
1540 5440 2026 5511 quadragesimum,
2076 5463 2183 5518 quo

629 5518 871 5573 ascendit
897 5520 953 5574 in
981 5523 1210 5590 caelum,
1255 5528 1498 5596 quamvis
1546 5543 1648 5582 non
1689 5533 1884 5602 scripta
1926 5537 2032 5590 sint
2061 5555 2180 5595 om-

2319 1930 2512 1974 nerunt
2551 1921 2838 1990 discipulos
2879 1923 3177 1992 loquentes,
3203 1923 3342 1988 Quia
3372 1928 3602 1980 surrexit
3640 1928 3895 1984 Dominus

2320 2029 2454 2075 rere,
2485 2023 2530 2066 et
2561 2015 2803 2082 apparuit
2843 2012 3078 2080 Simoni;
3132 2033 3255 2071 nam
3302 2017 3456 2085 plene
3506 2019 3656 2080 alibi,
3681 2021 3895 2089 quando

2322 2102 2526 2155 Simoni
2565 2105 2889 2171 apparuerit,
2920 2120 3024 2159 non
3051 2106 3261 2177 legitur.
3295 2108 3511 2173 Quinto,
3547 2112 3898 2178 apparuiteis

2321 2193 2374 2244 in
2401 2193 2588 2245 eodem
2613 2192 2728 2245 luco
2743 2193 2922 2262 januis
2949 2196 3166 2260 clausis,
3192 2188 3280 2250 ubi
3313 2212 3418 2250 non
3453 2207 3560 2252 erat
3608 2199 3892 2264 Thomas;

2321 2289 2494 2346 sexto,
2519 2289 2642 2350 post
2663 2282 2777 2336 dies
2800 2291 2942 2345 octo,
2961 2284 3173 2352 quando
3188 2293 3446 2338 eratcum
3465 2286 3538 2338 eis
3554 2293 3608 2337 et
3621 2286 3886 2350 Thomas,

2319 2373 2405 2426 cui
2437 2388 2626 2426 manus
2673 2381 2727 2426 et
2771 2373 2908 2429 latus
2955 2375 3209 2430 Dominus
3253 2377 3576 2447 palpandum
3620 2381 3890 2444 ostendit;

2321 2467 2566 2535 septimo,
2591 2468 2920 2535 piscantibus
2961 2469 3026 2523 ad
3065 2485 3214 2523 mare
3263 2471 3583 2535 Tiberiadis,
3610 2481 3668 2526 et
3712 2475 3895 2528 convio

2319 2557 2568 2610 vantibus
2609 2551 2734 2611 cuni
2777 2560 2874 2623 eis,
2904 2560 2992 2614 ubi
3030 2568 3084 2614 et
3132 2560 3373 2625 Petrum,
3400 2578 3468 2615 an
3518 2578 3577 2616 se
3622 2564 3889 2634 diligeret,

2323 2651 2480 2704 tertio
2509 2651 2888 2722 interrogavit;
2929 2661 3138 2718 octavo,
3186 2654 3240 2707 in
3283 2662 3460 2708 monte
3508 2652 3751 2710 Galilzem
3795 2657 3896 2711 illis

2319 2741 2563 2795 undecim
2589 2744 2853 2812 apparuit,
2875 2744 3011 2798 sicut
3033 2745 3306 2798 constituit
3327 2745 3405 2797 eis
3431 2753 3558 2798 ante
3586 2746 3894 2814 passionem

2320 2850 2498 2899 suam;
2529 2845 2581 2890 et
2609 2837 2918 2891 mulieribus
2943 2837 3198 2905 praecepit
3218 2837 3296 2890 eis
3319 2836 3501 2891 dicere
3543 2845 3608 2890 ut
3655 2838 3795 2892 irent
3841 2839 3894 2892 in

2319 2923 2626 2989 Galilaeam,
2645 2926 2732 2979 ubi
2759 2941 2880 2980 eum
2912 2927 3076 2980 visuri
3111 2935 3308 2980 essent.
3335 2925 3506 2990 Nono,
3539 2927 3894 2997 regredientio

2319 3013 2421 3068 bus
2448 3015 2550 3069 illis
2572 3017 2816 3070 undecim
2843 3016 3092 3084 apparuit
3114 3015 3190 3087 [in
3227 3015 3449 3088 monte],
3472 3017 3540 3070 de
3564 3031 3677 3085 quo
3708 3031 3895 3070 ascen-

2321 3105 2397 3160 dit
2425 3107 2478 3158 in
2509 3107 2721 3170 calum,
2749 3108 2886 3160 sicut
2915 3107 3123 3160 Marcus
3145 3106 3324 3161 refert.
3374 3107 3613 3171 Decimo,
3646 3109 3895 3161 viderunt

2321 3211 2442 3250 eum
2470 3196 2582 3264 ipsa
2611 3196 2717 3261 die,
2750 3213 2853 3250 non
2875 3197 2986 3266 jam
3015 3197 3066 3251 in
3099 3205 3238 3252 terra
3285 3199 3538 3267 positum,
3566 3200 3664 3253 sed
3713 3199 3893 3253 eleva-

2321 3291 2431 3337 tum
2464 3285 2515 3337 in
2543 3300 2689 3348 aera,
2719 3286 2991 3354 cmlosque
3016 3294 3380 3353 penetrantem
3430 3287 3738 3342 dicentibus
3794 3289 3893 3343 sibi

2319 3375 2520 3443 angelis
2552 3391 2564 3426 :
2596 3373 2682 3428 Sic
2717 3376 2901 3440 veniet,
2928 3376 3358 3439 quemadmodum
3387 3377 3586 3431 vidistis
3617 3395 3738 3431 eum
3767 3395 3894 3431 eun.

2317 3473 2416 3518 tem
2445 3466 2498 3518 in
2525 3463 2704 3518 etclam
2737 3465 2871 3535 (Act.
2905 3481 2944 3528 ι,
2972 3465 3085 3536 ll).
3108 3463 3244 3531 Quid
3280 3480 3407 3521 vero
3454 3475 3634 3520 actum
3683 3467 3758 3521 sit
3815 3467 3893 3522 vel

2316 3559 2515 3612 dictum
2569 3558 2622 3611 in
2655 3558 2744 3611 illo
2769 3558 3015 3613 convivio
3043 3558 3252 3612 Domini
3294 3559 3461 3613 nostri
3509 3557 3638 3613 Jesu
3685 3557 3891 3614 Christi

2315 3647 2607 3700 novissimo
2659 3662 2782 3701 cum
2831 3647 3106 3718 discipulis
3145 3647 3275 3714 suis,
3308 3655 3702 3717 consequenter
3725 3661 3892 3719 expo-

2313 3736 2419 3790 suit
2445 3736 2808 3806 Evangelista,
2837 3737 3024 3793 dicens
3056 3754 3071 3792 :

2734 3829 2962 3886 CAPUT
2999 3827 3160 3885 XLIV
3197 3845 3268 3885 ετ
3301 3827 3452 3887 XLV.

2311 3917 2482 3988 Usque
2512 3919 2662 3972 tertio
2683 3919 2807 3972 dicit
2838 3919 3016 3992 Petro,
3049 3922 3213 3977 Amas
3239 3938 3326 3977 me
3345 3924 3371 3977 .’
3404 3925 3530 3992 quia
3553 3935 3635 3978 ter
3655 3943 3774 3980 eum
3804 3944 3888 3980 nc-

2377 3999 2621 4061 gauerat;
2648 3999 2695 4041 et
2712 3991 2998 4058 pascendas
3015 4007 3128 4044 oves
3152 4007 3294 4061 (eque
3317 3991 3466 4046 tertio
3489 3997 3885 4054 commendans.

2375 4058 2670 4142 extensione
2696 4075 2944 4138 manuum
2966 4058 3222 4142 signiﬁcat
3251 4062 3692 4142 eiLquodncfucis
3721 4079 3887 4142 morte

2375 4127 2509 4195 [oret
2542 4129 2794 4195 martyrio
2822 4127 3168 4182 coronandus.
3204 4161 3274 4170 -
3297 4127 3435 4183 Dicit
3478 4130 3692 4186 Simoni
3729 4135 3886 4188 Petro

2372 4193 2526 4248 Iesus
2557 4193 2788 4270 :_Sit_non
2836 4195 3077 4262 Joannis,
3111 4199 3289 4270 diligis
3324 4214 3409 4254 me
3453 4200 3574 4270 plus
3603 4202 3735 4257 his?
3763 4215 3883 4267 εις..

2372 4280 2533 4334 usque
2561 4264 2949 4320 clariﬁcaturus
2975 4276 3116 4321 esset
3143 4264 3330 4323 Deum.

2371 4379 2532 4433 Vens.
2560 4378 2643 4432 15.
2675 4409 2746 4418 -
2781 4379 2918 4433 Dicit
2959 4379 3159 4434 Simoni
3212 4381 3370 4435 Petro
3424 4380 3582 4436 Iesus
3635 4397 3655 4435 :
3703 4381 3882 4438 Simon

2228 4505 2274 4564 υ
2298 4468 2521 4522 Joannis
2552 4469 2725 4538 diligis
2751 4484 2830 4522 mc
2852 4469 2968 4538 plus
2995 4471 3116 4523 Itis?
3139 4470 3276 4523 Dicit
3302 4472 3347 4524 ei
3373 4485 3390 4522 :
3421 4470 3618 4532 Etiam,
3640 4471 3880 4536 Domine,

2302 4568 2356 4610 tu
2387 4558 2486 4610 scis
2512 4558 2634 4626 quia
2665 4573 2781 4610 amo
2811 4567 2877 4610 te.
2911 4577 2928 4607 ι
2952 4571 2976 4597 ει
3007 4558 3265 4612 Virtutem
3295 4560 3448 4614 nobis
3472 4560 3733 4629 perfectae
3756 4562 3881 4616 dile-

2303 4648 2496 4701 ctionis
2521 4663 2757 4715 praesens
2784 4647 2993 4702 Domini
3030 4651 3198 4703 nostri
3243 4651 3593 4729 interrogatio
3618 4654 3876 4707 ostendit.

2301 4737 2540 4793 Perfecta
2565 4739 2708 4794 enim
2732 4740 2945 4795 dilectio
2965 4749 3182 4811 est,qua
3206 4741 3484 4796 Dominum
3509 4743 3669 4814 [.lls.,
3688 4744 3878 4817 Deum]

2300 4845 2364 4885 ex
2395 4840 2507 4884 toto
2535 4831 2716 4893 corde,
2743 4838 2853 4884 tota
2892 4831 3068 4885 anima
3090 4873 3103 4895 ,
3133 4841 3242 4886 tota
3296 4834 3485 4887 virtute
3505 4875 3520 4897 ,
3564 4838 3877 4903 proximum

2300 4930 2478 4976 autem
2500 4931 2752 4988 tanquam
2775 4922 3017 4990 nosipsos
3038 4922 3258 4992 diligere
3272 4921 3526 4990 jubemur
3556 4943 3567 4977 :
3601 4934 3660 4978 et
3687 4935 3875 4982 neutra

2295 5009 2485 5063 harum
2515 5008 2729 5063 dilectio
2756 5011 2872 5064 sine
2900 5012 3066 5065 altera
3095 5010 3233 5063 valet
3255 5026 3374 5065 esse
3417 5011 3696 5080 perfecta;
3750 5015 3874 5084 quia

2295 5113 2395 5152 nec
2421 5099 2560 5152 Deus
2588 5113 2712 5153 vere
2741 5101 2856 5154 sine
2883 5102 3147 5170 proximo,
3170 5114 3269 5155 nec
3308 5101 3424 5156 sine
3461 5103 3574 5157 Deo
3617 5121 3751 5161 vere
3776 5121 3871 5176 po-

2293 5195 2399 5240 test
2419 5187 2694 5256 proximus
2717 5189 2907 5242 amari.
2942 5189 3092 5244 Unde
3133 5189 3388 5245 Dominus
3428 5192 3594 5248 toties
3642 5196 3872 5250 interno-

2293 5287 2419 5345 gato
2450 5277 2607 5332 Petro
2631 5293 2699 5330 an
2730 5293 2787 5332 se
2817 5279 3080 5349 diligeret,
3111 5289 3163 5336 et
3198 5281 3287 5337 illo
3332 5286 3699 5354 respondente
3730 5286 3871 5356 quod

2291 5381 2414 5422 eum
2448 5367 2560 5437 ipso
2598 5377 2733 5422 teste
2783 5368 3047 5440 diligeret,
3077 5371 3395 5441 adjungcbat
3431 5390 3527 5442 per
3554 5375 3763 5443 singula
3793 5376 3868 5428 ita

2291 5455 2615 5512 concludens
2640 5471 2654 5510 :
2685 5453 2851 5511 Pasce
2876 5458 3039 5531 ΒΜ
3069 5477 3181 5514 oves
3211 5478 3371 5525 meas,
3395 5462 3508 5514 sive
3530 5479 3691 5530 pasce
3706 5479 3866 5532 agnos

2291 5561 2450 5600 meos.
2481 5545 2559 5602 Ac
2584 5547 2628 5601 si
2657 5555 2840 5620 aperte
2872 5548 3069 5605 diceret
3105 5567 3115 5603 :
3144 5547 3267 5604 Haec
3320 5549 3430 5605 sola
3479 5556 3535 5603 et
3600 5565 3732 5604 vera
3779 5561 3866 5604 est

698 5682 723 5712 ι
748 5667 825 5726 Ex
855 5667 1000 5728 hom.
1046 5674 1175 5730 Ven.
1207 5677 1360 5733 Beda:
1394 5678 1445 5732 in
1493 5680 1683 5749 vigiliis
1710 5696 2013 5744 sanctorum
2042 5691 2186 5748 Petri
2223 5704 2274 5750 et
2305 5695 2451 5752 Pauli
