4088 6330
192 456 327 515 1001

967 451 1375 511 EXEGETICA.
1415 483 1488 495 —
1524 449 1877 508 COMMENT.
1919 449 1986 504 IN
2019 450 2210 508 JOAN.
2253 481 2322 492 --
2358 451 2486 506 LIB.
2532 450 2639 505 Vll.

3315 452 3454 508 1002

191 568 441 646 probatio
466 567 659 640 integri
686 568 742 623 in
771 567 1061 623 Dominum
1091 570 1310 635 amoris,
1343 568 1388 624 si
1418 582 1545 639 erga
1573 565 1768 620 fratres
1795 573 1845 634 Α
1871 579 2030 619 nosse
2060 579 2222 634 quam
2252 563 2368 634 ipsa
2395 578 2452 618 se
2481 561 2809 618 conscientia
2835 560 3100 617 ullatenus
3125 577 3288 618 nosse
3309 563 3455 620 sutil-

191 662 466 722 studueris
486 677 670 717 curam
700 661 915 715 solliciti
941 676 1196 716 exercere
1233 661 1462 726 laboris;
1497 675 1620 714 nam
1654 659 1773 728 qui-

191 769 407 825 cunque
454 752 609 806 fratri
643 767 776 821 opus
825 752 1041 822 pietatis
1083 751 1223 821 quod
1268 753 1409 806 valet
1467 751 1776 822 impendere

192 847 440 918 negligit,
464 845 642 900 minus
669 842 818 913 justo
856 858 914 899 se
957 845 1288 900 conditorem
1331 844 1551 915 diligere
1595 852 1777 898 osten-

192 939 292 1004 dit,
325 937 479 1008 cujus
507 937 760 990 mandata
790 937 844 990 in
877 937 1222 992 sustentanda
1267 937 1502 1007 proximi
1542 937 1776 992 necessi-

193 1035 306 1082 tate
336 1027 651 1084 contemnit.
682 1026 811 1093 Quae
835 1026 1078 1096 profecto
1102 1028 1358 1092 charitas,
1378 1028 1632 1097 quoniam
1661 1027 1778 1082 sine

193 1117 391 1171 divina:
419 1116 607 1186 gratia:
629 1116 981 1184 inspiratione
1009 1114 1196 1188 [Beda,
1230 1118 1346 1172 sine
1375 1118 1566 1172 divina:
1605 1118 1778 1189 gratia

193 1204 584 1276 inspirationis]
619 1204 840 1259 minime
869 1207 1039 1275 possit
1068 1207 1276 1272 haberi,
1310 1207 1470 1263 tacite
1515 1209 1776 1277 quodam-

192 1295 358 1352 modo
384 1297 644 1352 Dominus
671 1297 930 1363 insinuat,
961 1299 1056 1368 qui
1092 1297 1313 1354 Petrum
1337 1300 1403 1354 de
1429 1298 1518 1354 illa
1543 1300 1778 1355 interro-

190 1403 347 1461 gans,
379 1387 653 1443 Simonem
686 1404 812 1443 eum
839 1387 1076 1455 Joannis,
1106 1407 1266 1461 quem
1297 1407 1573 1462 nunquam
1627 1390 1775 1464 [Ms.

193 1489 246 1536 et
285 1478 453 1545 Beda,
476 1480 618 1549 quod
642 1479 930 1552 nusquam]
967 1480 1118 1546 alias,
1153 1483 1497 1552 cognominat
1525 1500 1536 1536 :
1573 1480 1776 1548 Simon,

193 1572 406 1642 inquit,
431 1570 682 1638 Joannis,
709 1572 886 1644 diligis
911 1590 994 1627 me
1025 1573 1142 1644 plus
1167 1575 1290 1628 his?
1314 1574 1415 1630 Ubi
1454 1575 1700 1644 quamvis
1728 1582 1782 1630 et

197 1663 524 1734 simpliciter
547 1665 752 1720 mentio
783 1663 926 1720 facta
951 1667 1153 1720 terreni
1181 1666 1424 1736 parentis
1455 1666 1572 1736 ejus
1612 1664 1783 1735 possit

195 1757 446 1827 intelligi,
479 1771 586 1811 non
609 1764 791 1812 tamen
818 1758 886 1812 ab
917 1771 975 1812 re
998 1764 1080 1812 est
1099 1797 1114 1821 ,
1141 1757 1187 1811 si
1221 1757 1342 1826 quis
1368 1757 1586 1811 nomine
1610 1754 1781 1810 Joan-

197 1850 280 1904 nis
328 1849 529 1906 donum
559 1864 805 1920 supernae
843 1849 1208 1919 generationis
1233 1850 1458 1920 mystice
1486 1849 1783 1902 indicatum

1873 666 2048 723 ceret;
2081 658 2146 711 de
2179 655 2401 709 fraterni
2433 655 2649 724 quidem
2680 655 2859 709 cordis
2879 653 3103 708 occultis
3132 655 3266 709 nihil
3299 671 3454 726 pror-

1874 761 1966 801 sus
1994 746 2154 800 audet
2177 746 2438 800 delinire:
2472 747 2536 799 de
2563 745 2645 800 sui
2687 754 2865 799 autem
2903 747 3101 801 amoris
3145 747 3458 818 integritate

1873 853 1980 892 non
2009 839 2206 892 suimet
2232 837 2416 902 solius,
2447 839 2540 892 sed
2566 845 2619 891 et
2643 837 2812 913 ipsius
2843 837 2934 907 qui
2959 838 3325 908 interrogabat
3355 839 3460 893 Do-

1874 932 2005 986 mini
2049 933 2415 987 testimonium
2443 931 2646 1000 pandit,
2677 930 2853 984 Etiam
2873 971 2887 996 ,
2919 931 3189 1001 inquiens,
3213 931 3458 998 Domine,

1876 1032 1932 1079 tu
1954 1025 2054 1078 scis
2076 1025 2199 1094 quia
2227 1033 2436 1078 amote.
2460 1022 2504 1078 Ο
2530 1039 2693 1094 quam
2715 1023 2843 1079 felix
2866 1033 2920 1078 et
2944 1040 3077 1094 pura
3109 1025 3459 1090 conscientia,

1878 1131 1996 1185 qua:
2025 1115 2289 1170 conditori
2317 1132 2433 1182 suo,
2464 1117 2617 1186 cujus
2646 1115 2788 1170 nuda
2817 1117 2986 1171 oculis
3010 1126 3065 1172 et
3092 1125 3279 1186 aperta
3311 1118 3463 1172 novit

1878 1209 2078 1273 omnia,
2109 1209 2288 1263 dicere
2317 1225 2424 1263 non
2453 1211 2644 1263 metuit
2678 1227 2690 1263 :
2729 1209 2964 1273 Domine,
2994 1218 3050 1262 tu
3071 1211 3172 1264 scis
3190 1211 3315 1281 quia
3343 1227 3462 1264 amo

1880 1303 1966 1356 te!
2003 1300 2174 1367 Quam
2200 1310 2349 1356 casta
2372 1317 2436 1357 ac
2457 1310 2641 1357 sancta
2661 1303 2859 1367 anima,
2878 1318 2997 1371 quze
3024 1311 3078 1356 et
3101 1318 3252 1357 suam
3282 1303 3466 1372 cogni-

1879 1395 2085 1450 tionem
2130 1394 2360 1450 Domino
2389 1403 2572 1464 patere
2607 1409 2714 1448 non
2743 1394 2971 1458 dubitat,
2999 1403 3052 1448 et
3098 1409 3155 1448 se
3199 1394 3275 1447 nil
3319 1393 3468 1448 aliud

1881 1503 2042 1558 quam
2067 1504 2130 1544 ea
2153 1505 2272 1558 quae
2295 1489 2554 1543 Dominus
2583 1489 2874 1558 approbat,
2899 1490 3138 1559 cogitare
3170 1506 3278 1544 non
3317 1491 3468 1560 igno-

1881 1581 1996 1633 rat!
2030 1579 2262 1635 Provida
2302 1587 2482 1634 autem
2507 1580 2706 1650 pietate
2750 1581 3010 1635 Dominus
3039 1582 3200 1636 tertio
3248 1581 3466 1636 Petrum

1884 1685 1952 1725 an
2008 1687 2066 1726 se
2120 1672 2306 1743 diligat
2345 1672 2661 1742 interrogat,
2688 1681 2748 1726 ut
2796 1674 2908 1742 ipsa
2947 1673 3086 1726 trina
3134 1672 3473 1728 confessione

1883 1763 2120 1828 vincula,
2147 1778 2265 1832 quas
2300 1762 2448 1816 illum
2481 1772 2564 1818 ter
2587 1764 2830 1834 negando
2853 1763 3170 1834 ligavcrant,
3194 1764 3468 1832 absolvat;

1887 1868 1940 1915 ct
1992 1859 2204 1929 quoties
2229 1860 2454 1914 territus
2495 1860 2612 1936 ejus
2659 1861 2929 1929 passione,
2958 1875 3063 1928 qua
3117 1859 3265 1912 illum
3316 1873 3474 1914 nosse

197 1941 330 1997 velit
359 1942 633 2012 accipere;
677 1943 743 1998 de
769 1958 875 2012 quo
902 1940 1138 1998 Joannes
1159 1941 1432 2011 apostolus
1451 1940 1787 1996 admonendo
1818 1932 1864 1993 Β
1893 1951 2082 2024 [Βεάίμ
2107 1951 2250 2021 quod
2287 1966 2409 2006 eum
2440 1934 2644 2022 ηοεερι]
2671 1960 2994 2020 negaverat,
3027 1951 3186 2005 toties
3235 1951 3351 2021 ejus
3390 1967 3475 2006 re-

200 2040 434 2088 testatur
453 2051 464 2086 :
482 2031 812 2100 Charissimi,
831 2033 1114 2104 diligamus
1142 2035 1382 2097 invicem,
1397 2034 1646 2104 quoniam
1665 2032 1789 2085 cha-

199 2124 332 2178 ritas
350 2140 413 2178 ea:
437 2124 548 2178 Deo
578 2134 651 2178 est
667 2132 748 2178 :et
773 2127 941 2179 omnis
963 2126 1052 2196 qui
1077 2124 1270 2195 diligit,
1291 2140 1356 2178 ea:
1381 2123 1488 2182 Deo
1516 2133 1671 2177 natus
1693 2130 1787 2187 est,

199 2223 250 2268 et
297 2215 556 2285 cognoscit
609 2215 777 2269 Deum
831 2215 881 2288 (1
907 2215 1070 2270 Joan.
1105 2231 1178 2280 IV,
1202 2215 1277 2287 7).
1328 2213 1515 2269 Simon
1562 2227 1792 2282 namque

200 2306 482 2369 obediens,
507 2303 744 2360 Joannes
783 2307 984 2361 dicitur
1017 2306 1111 2359 Dei
1153 2306 1327 2376 gratia
1358 2323 1371 2357 :
1401 2313 1456 2360 et
1502 2312 1789 2374 propterea

197 2403 354 2450 recte
377 2395 586 2463 primus
607 2395 992 2464 apostolorum,
1023 2411 1147 2449 cum
1179 2397 1246 2450 de
1267 2411 1450 2449 amore
1484 2410 1581 2449 suo
1609 2394 1792 2464 requi-

199 2485 364 2550 ritur,
399 2484 584 2540 Simon
629 2484 876 2551 Joannis,
918 2486 971 2540 id
1023 2493 1139 2551 est,
1179 2487 1435 2542 obediens
1476 2487 1572 2541 Dei
1617 2486 1792 2556 gratia

201 2573 397 2647 [Beda,
426 2575 634 2649 gratias]
667 2586 892 2632 vocatur
920 2595 933 2632 :
976 2585 1036 2632 ut
1069 2578 1272 2648 liquido
1299 2578 1506 2633 cunctis
1543 2578 1794 2633 ostenda-

202 2673 318 2730 tur,
345 2666 449 2720 boc
473 2668 619 2734 quod
647 2666 850 2736 majore
874 2684 987 2740 pra:
1015 2669 1228 2724 caeteris
1247 2669 1551 2724 obedientia
1581 2667 1792 2724 Domini

193 2757 372 2827 jussis
409 2759 747 2830 obsequitur,
793 2763 938 2832 quod
990 2763 1286 2819 ardentiori
1330 2764 1478 2818 illum
1525 2763 1792 2819 cliaritate

203 2848 571 2918 amplectitur,
599 2867 708 2905 non
742 2852 962 2908 humani
1008 2855 1207 2919 meriti,
1235 2855 1330 2910 sed
1372 2855 1614 2910 muneris
1673 2868 1794 2910 esse

206 2941 398 2995 divini.
445 2941 596 2997 Unde
621 2950 677 2998 et
698 2945 974 3014 apostolus
996 2945 1194 3002 Paulus
1221 2949 1408 3003 eadem
1449 2947 1622 3018 gratia
1659 2961 1792 3002 con-

204 3036 441 3092 fortatus
463 3038 643 3095 aiebat
668 3059 681 3094 :
717 3041 857 3107 Quia
886 3043 1116 3098 charites
1149 3043 1249 3098 Dei
1273 3043 1471 3114 diffusa
1497 3053 1570 3098 est
1598 3043 1654 3098 in
1679 3059 1795 3096 cor-

204 3129 363 3184 dibus
385 3133 571 3186 nostris
600 3149 694 3204 per
723 3131 978 3204 Spiritum
1003 3143 1264 3201 sanctum,
1296 3135 1387 3206 qui
1420 3135 1575 3189 datus
1601 3144 1676 3188 est
1702 3150 1795 3188 no-

210 3224 292 3278 bis
322 3224 492 3296 (Rom.
524 3242 577 3291 v,
599 3226 675 3299 5).
702 3227 802 3293 Qui
837 3243 966 3300 ergo
1000 3233 1212 3284 caeteris
1246 3228 1563 3300 flagrantius
1606 3227 1792 3282 Domi-

1891 2042 2226 2096 surrectione
2254 2050 2551 2105 recreatus,
2578 2040 2719 2109 quod
2771 2039 2919 2093 illum
2969 2049 3079 2094 toto
3116 2050 3262 2094 amet
3314 2042 3478 2096 corde

1891 2141 2134 2188 testetur.
2162 2131 2390 2186 Provida
2417 2132 2821 2202 dispensatione
2848 2132 3006 2186 tertio
3025 2131 3301 2187 confitenti
3329 2148 3477 2187 amo-

1890 2237 2025 2288 rem,
2051 2222 2212 2276 tertio
2240 2236 2390 2290 mque
2421 2222 2719 2291 paseendas
2747 2236 2874 2276 suas
2918 2238 3047 2277 oves
3101 2225 3473 2288 commendat;

1891 2313 2016 2382 quia
2048 2311 2273 2367 decebat
2298 2319 2357 2366 ut
2379 2312 2591 2381 quoties
2621 2311 2672 2364 in
2704 2311 2937 2380 pastoris
2979 2311 3080 2366 fide
3129 2313 3474 2378 titubavcrat,

1893 2404 2055 2458 toties
2106 2419 2228 2458 cum
2275 2412 2534 2458 renovata
2581 2403 2685 2458 fide
2731 2405 2962 2474 pastoris
2990 2406 3233 2460 membra
3263 2421 3478 2480 quoque

1892 2496 2263 2579 ejuspastoris
2286 2495 2541 2565 jubeatur
2562 2510 2774 2551 curare.
2791 2495 2942 2562 Quod
2965 2497 3108 2550 enim
3130 2497 3216 2552 hic
3239 2499 3366 2552 dicit
3389 2500 3436 2554 ei
3464 2518 3476 2554 :

1894 2589 2062 2646 Pasce
2090 2609 2204 2646 oves
2233 2608 2395 2656 meas,
2424 2592 2528 2648 hoc
2553 2601 2638 2647 est
2664 2592 2868 2661 utique,
2893 2593 3036 2662 quod
3057 2593 3104 2646 ei
3129 2601 3254 2648 ante
3273 2592 3482 2662 passio-

1894 2698 2017 2737 nem
2061 2683 2302 2753 apertius
2337 2683 2550 2738 dixerat
2581 2702 2592 2736 :
2633 2683 2747 2754 Ego
2773 2692 2946 2738 autem
3001 2685 3179 2754 rogavi
3207 2701 3300 2754 pro
3329 2695 3396 2750 te,
3425 2694 3482 2738 ut

1895 2792 1998 2829 non
2019 2773 2229 2844 deﬁciat
2258 2775 2388 2844 fides
2415 2784 2504 2829 tua
2534 2783 2628 2832 :.et
2657 2783 2712 2828 tu
2734 2775 3019 2846 aliquando
3049 2792 3343 2839 conversus,
3361 2793 3486 2831 con-

1892 2868 2051 2937 ﬁrma
2081 2867 2272 2936 fratres
2294 2877 2408 2921 tuos
2441 2867 2590 2939 (Luc.
2622 2885 2760 2933 xxn,
2793 2867 2901 2939 55).
2933 2867 3164 2922 Pascere
3197 2883 3327 2938 ergo
3355 2882 3485 2921 oves

1895 2960 2098 3017 Christi
2116 2970 2197 3017 est
2225 2945 2510 3018 credentes
2532 2961 2586 3015 in
2609 2961 2883 3017 Christum
2915 2977 2981 3015 ne
3010 2976 3036 3014 a
3082 2962 3186 3016 fide
3233 2959 3488 3016 deficiant

1895 3052 2246 3118 confirmare;
2279 3062 2332 3108 et
2366 3062 2426 3107 ut
2451 3054 2613 3126 645
2652 3055 2706 3108 in
2735 3054 2837 3110 fide
2866 3055 3042 3127 magis
3063 3055 3340 3126 magisque
3361 3071 3486 3126 pro-

1896 3144 2100 3210 ficiant,
2123 3145 2391 3202 instanter
2415 3161 2633 3217 operam
2662 3147 2820 3202 dare:
2858 3167 2875 3199 ι
2902 3147 3252 3202 szncularibus
3273 3161 3488 3217 quoque

1901 3235 2154 3290 subsidiis
2213 3250 2308 3290 eos
2351 3244 2614 3304 quantum
2657 3236 2834 3292 valeat
2879 3237 3156 3307 adjuvare,
3189 3238 3488 3308 cogitantes

209 3331 343 3370 num
375 3331 556 3371 amare
592 3320 870 3387 probatur,
908 3319 1050 3389 ﬁlius
1083 3319 1309 3374 Joannis
1357 3320 1796 3392 cognominatur;
1821 3300 1870 3365 ο
1903 3325 2171 3396 superﬂue
2197 3328 2263 3383 de
2287 3327 2507 3383 caducis
2529 3329 2800 3400 corrigere
2824 3327 3269 3399 [ills.,adjuvare,
3299 3345 3488 3384 erran-

213 3415 344 3484 quia
371 3414 631 3468 nimirum
657 3415 834 3472 virtus
860 3415 1099 3484 ejusdem
1150 3417 1352 3472 amoris
1395 3432 1502 3472 non
1546 3417 1650 3470 nisi
1700 3431 1798 3486 per

210 3507 444 3578 gratiam
469 3506 705 3576 Spiritus
722 3509 1036 3578 percipitur.
1057 3508 1157 3575 Qui
1183 3517 1358 3564 tamen
1375 3509 1486 3578 ipse
1501 3508 1798 3563 notandum

97 3625 110 3637 ·
208 3619 380 3675 quam
405 3612 559 3660 caute
585 3614 642 3660 et
669 3605 1058 3676 circumspecte
1079 3605 1448 3660 testimonium
1486 3619 1584 3659 suo
1622 3603 1801 3659 reddit

211 3695 408 3759 amori,
437 3710 559 3750 cum
589 3695 814 3750 Domino
841 3696 1137 3751 sciscitanti
1167 3711 1235 3750 an
1265 3711 1321 3750 se
1347 3694 1479 3765 Iplus
1518 3694 1637 3750 aliis
1679 3694 1799 3749 dili-

210 3793 390 3857 geret,
416 3790 520 3839 noh
559 3801 722 3841 ausus
749 3795 833 3840 est
856 3787 1179 3857 respondere
1203 3804 1222 3840 :
1258 3785 1335 3839 Tu
1363 3787 1465 3841 scis
1509 3787 1634 3857 quia
1678 3801 1798 3840 amo

210 3887 263 3933 te
289 3878 407 3948 plus
431 3879 531 3945 liis,
559 3879 653 3934 sed
692 3887 988 3950 temperata
1016 3896 1080 3934 ac
1123 3878 1352 3949 simplici
1393 3894 1543 3941 voce,
1586 3876 1796 3943 Etiam,

213 3969 409 4038 inquit,
431 3969 672 4034 Domine,
701 3979 758 4022 tu
793 3970 893 4022 scis
932 3970 1057 4039 quia
1083 3985 1202 4022 amo
1231 3977 1298 4021 te.
1326 3967 1480 4034 Quod
1507 3973 1592 4021 est
1616 3973 1800 4035 aperte

211 4061 432 4116 dicere:
457 4059 582 4116 Scio
610 4062 847 4131 quidem,
865 4061 992 4131 quia
1020 4061 1136 4131 ipse
1162 4067 1310 4124 te,ut
1339 4069 1396 4114 tu
1422 4059 1615 4114 melius
1635 4059 1796 4123 nosti,

211 4152 429 4222 integro
477 4153 642 4207 corde
689 4151 881 4223 diligo;
943 4165 1106 4220 quam
1150 4163 1278 4204 vere
1317 4147 1506 4221 [Beda,
1535 4157 1798 4218 quantum

207 4244 370 4318 vero]
414 4254 467 4301 te
505 4245 596 4300 alii
621 4245 846 4315 diligant
887 4243 1017 4298 mihi
1044 4243 1261 4312 quidem
1287 4242 1548 4314 ignotum,
1577 4241 1671 4296 sed
1703 4240 1798 4297 tibi

211 4346 344 4394 sunt
365 4338 546 4392 omnia
569 4345 716 4391 nota.
745 4333 909 4405 Cujus
935 4333 1146 4389 cautela
1187 4332 1558 4404 responsionis
1599 4339 1800 4387 nostra:

208 4429 461 4502 profecto
489 4437 574 4484 est
601 4427 867 4483 institutio
890 4425 1196 4491 locutionis,
1221 4425 1381 4480 simul
1407 4433 1463 4480 et
1476 4424 1800 4495 cognitionis

215 4521 412 4597 [Beda,
434 4520 832 4594 cogitationis];
871 4530 929 4574 ut
950 4519 1202 4575 videlicet
1216 4517 1332 4587 ejus
1361 4519 1606 4588 exemplo
1633 4519 1801 4574 disca-

208 4630 340 4672 mus
355 4615 532 4669 minus
545 4612 611 4667 de
624 4621 820 4668 nostrae
832 4610 1174 4666 conscientiae
1189 4609 1423 4681 puritate
1434 4625 1761 4679 praesumere
1779 4625 1794 4676 ;

208 4705 398 4761 minus
421 4713 623 4758 temere
651 4702 718 4756 de
738 4701 995 4756 fraternae
1030 4700 1378 4755 conscientia:
1405 4698 1630 4753 occultis
1642 4697 1798 4767 judi-

212 4809 372 4859 care,
385 4794 438 4848 in
456 4795 636 4849 dubiis
663 4793 897 4848 maxime
913 4791 1254 4862 rebus,quod
1275 4805 1382 4861 qua
1404 4790 1699 4845 intentione
1713 4789 1799 4844 vel

209 4885 545 4942 necessitate
568 4891 826 4955 gerantur
852 4882 1120 4952 inspicere
1149 4882 1434 4951 nequimus
1460 4895 1580 4950 quae
1600 4881 1668 4935 ab
1696 4879 1802 4934 illis

211 4977 306 5046 agi
338 4975 716 5046 conspicimus.
743 4973 1020 5044 Siquidem
1047 4981 1102 5028 et
1124 4974 1238 5044 ipse
1257 4973 1453 5029 Petrus
1491 4972 1693 5027 idcirco
1740 4985 1801 5027 se

209 5071 276 5126 in
299 5071 403 5124 hac
424 5068 703 5123 Dominica
741 5068 1162 5138 interrogatione
1191 5067 1400 5122 cautius
1429 5065 1801 5135 respondendo

211 5161 529 5226 cohibebat,
559 5160 686 5229 quia
724 5159 974 5214 meminit
997 5174 1055 5213 se
1079 5157 1286 5229 pridem
1305 5200 1318 5224 ,
1343 5158 1660 5212 imminente
1688 5157 1805 5226 ejus

211 5253 494 5325 passione,
521 5253 640 5324 plus
659 5253 761 5308 sibi
791 5252 1107 5307 constantiae.
1137 5252 1389 5306 tribuisse
1429 5267 1592 5321 quam
1633 5250 1802 5305 habe-

215 5354 332 5409 ret,
356 5345 665 5414 spondendo
685 5344 935 5399 videlicet
959 5356 1016 5398 se
1035 5358 1154 5399 esse
1182 5350 1432 5412 paratum
1461 5353 1516 5398 et
1544 5343 1598 5397 in
1623 5358 1804 5397 carce-

217 5453 344 5494 rem
371 5445 425 5491 et
453 5438 505 5491 in
529 5446 756 5493 mortem
781 5437 860 5491 ire
883 5451 1006 5492 cum
1038 5435 1150 5501 illo,
1175 5434 1266 5505 qui
1293 5435 1520 5490 necdum
1549 5443 1669 5490 erat
1692 5435 1807 5490 ido-

188 5545 365 5588 .neus
388 5532 619 5585 instante
640 5529 881 5600 periculo
907 5529 1101 5586 saltem
1137 5527 1380 5583 confiteri
1400 5569 1414 5594 ,
1444 5527 1571 5597 quia
1618 5536 1804 5582 nosset

219 5623 400 5687 illum,
420 5623 504 5677 vel
533 5623 659 5693 quia
691 5621 881 5678 fuisset
909 5622 1195 5690 aliquando
1223 5636 1345 5676 cum
1370 5620 1478 5675 illo.
1506 5620 1804 5676 lnstruetus

220 5733 362 5788 ergo
414 5716 654 5788 periculo
708 5717 888 5787 priore
933 5717 1144 5772 cautius
1197 5715 1341 5786 loqui
1386 5730 1508 5770 cum
1544 5714 1802 5780 Domino,

224 5825 395 5882 quem
434 5808 569 5862 bene
597 5807 862 5861 didicerat
890 5807 1139 5862 humanae
1185 5805 1529 5860 conscientia:
1579 5804 1804 5877 [statum

228 5901 462 5976 (Edit.,
490 5898 832 5956 conscientiae
875 5898 1238 5954 constantiam
1287 5896 1511 5969 statim)
1550 5895 1572 5970 ]
1611 5897 1806 5956 melius

634 5994 909 6056 Ρηιιοι..
948 5991 1018 6054 C.

1900 3425 1982 3471 tes
2030 3417 2346 3490 corrigere],
2381 3426 2674 3475 maerentes
2711 3419 3011 3484 consolari,
3055 3435 3241 3474 omnes
3292 3437 3484 3493 magna

1898 3509 2114 3580 pietatis
2160 3526 2290 3565 cura
2337 3511 2404 3564 ad
2449 3520 2722 3582 perpetuae
2770 3511 2894 3566 vita:
2923 3513 3217 3581 perducere
3263 3528 3485 3581 pascua.

1905 3618 1924 3652 ‹
1955 3601 2062 3656 Sed
2091 3603 2192 3657 hoc
2223 3603 2425 3673 pastori
2473 3611 2556 3658 est
2597 3602 2705 3658 fixo
2751 3604 2914 3659 corde
2943 3606 3230 3660 tenendum
3249 3647 3262 3670 ,
3294 3616 3353 3661 ut
3396 3622 3490 3662 eos

1900 3693 2096 3762 quibus
2134 3703 2330 3764 prmest
2373 3710 2480 3750 non
2510 3696 2664 3765 quasi
2695 3712 2821 3752 suos
2849 3698 3115 3767 proprios,
3140 3699 3234 3753 sed
3279 3706 3337 3752 ut
3385 3697 3491 3754 Do-

1899 3786 2031 3839 mini
2061 3787 2142 3841 sui
2170 3801 2387 3858 gregem
2411 3795 2646 3843 tractare
2666 3788 2997 3854 meminerit,
3012 3787 3164 3856 juxta
3189 3788 3318 3842 illud
3343 3789 3487 3857 quod

1900 3875 2063 3930 Petro
2090 3877 2290 3930 dicitur
2316 3894 2327 3929 :
2365 3875 2421 3929 Si
2451 3877 2628 3947 diligis
2666 3895 2776 3940 me,
2803 3893 2955 3946 pasce
2981 3893 3094 3931 ores
3122 3894 3283 3930 meas.
3320 3877 3486 3942 Meas,

1901 3967 2095 4036 inﬁcit,
2122 3984 2228 4021 non
2252 3976 2408 4032 tuas;
2442 3984 2590 4023 meas
2620 3969 2717 4022 tibi
2741 3985 2870 4024 oves
2902 3970 3309 4024 commendatas
3331 3969 3488 4036 scito,

1900 4065 1954 4110 et
1992 4057 2090 4110 has
2129 4056 2284 4124 quasi
2329 4072 2478 4110 meas
2506 4071 2711 4128 regere,
2739 4058 2782 4112 si
2812 4074 2898 4112 me
2926 4058 3163 4128 perfecte
3195 4073 3364 4124 amas,
3404 4073 3487 4112 re-

1901 4147 2016 4201 cole
2049 4164 2061 4200 :
2087 4154 2148 4200 ut
2177 4161 2350 4200 meam
2372 4147 2623 4202 videlicet
2651 4149 2704 4201 in
2735 4149 2815 4203 eis
2842 4149 3087 4220 gloriam,
3110 4165 3286 4203 meum
3317 4150 3488 4206 domi-

1900 4241 2072 4307 nium,
2129 4254 2249 4295 mea
2299 4240 2471 4306 lucra,
2514 4256 2621 4296 non
2671 4249 2762 4295 tua
2811 4242 3027 4311 propria
3083 4259 3312 4312 quaeras.
3361 4243 3487 4298 Veri

1901 4338 2080 4385 autem
2113 4330 2369 4400 pastoris,
2394 4339 2447 4385 et
2476 4331 2562 4386 cui
2595 4330 2805 4385 sincera
2859 4338 2942 4384 est
2988 4347 3118 4384 cura
3168 4332 3232 4385 de
3273 4333 3485 4399 ovibus,

1901 4423 2124 4479 evidens
2153 4439 2216 4478 ac
2259 4423 2493 4494 speciale
2544 4422 2799 4477 indicium
2830 4432 2947 4487 est,
2971 4439 3093 4478 cum
3124 4425 3352 4495 quisque
3380 4442 3486 4481 non

1902 4514 2074 4570 solum
2130 4515 2428 4571 commodis
2469 4515 2720 4569 omnibus
2767 4515 2890 4570 vita:
2923 4517 3232 4585 temporalis
3256 4533 3485 4585 carere;

1904 4608 1998 4662 sed
2027 4608 2199 4678 ipsam
2225 4623 2438 4678 quoque
2461 4607 2622 4663 vitam
2649 4623 2748 4678 pro
2774 4623 2934 4679 grege
2964 4607 3164 4664 Christi
3189 4626 3408 4680 ponere,
3433 4611 3489 4666 in

1902 4709 2155 4771 promptu
2181 4701 2366 4754 habet.
2393 4699 2546 4754 Unde
2574 4714 2717 4754 nunc
2746 4700 2890 4769 ipse,
2918 4708 3204 4770 postquam
3251 4718 3482 4772 pascen-

1903 4794 2000 4849 das
2022 4807 2149 4848 suas
2175 4807 2304 4846 oves
2327 4791 2506 4855 Petro,
2531 4791 2633 4845 hoc
2661 4798 2762 4854 est,
2794 4790 2979 4859 plebes
3004 4792 3273 4849 docendas
3297 4796 3491 4865 guber-

1903 4883 2218 4953 nandasque
2243 4881 2532 4945 commisit,
2565 4881 2957 4950 subsequenter
2987 4882 3155 4949 addit,
3186 4884 3369 4940 dicens
3403 4902 3418 4939 :

1974 4976 2140 5032 Vsus.
2174 4975 2260 5030 l8.
2286 5003 2360 5015 —
2385 4973 2569 5038 Amen,
2595 4990 2749 5027 auten
2778 4974 2895 5029 dico
2925 4975 3038 5042 tibi,
3067 4993 3184 5030 cum
3222 4993 3359 5032 esses
3387 4978 3488 5048 ju-

1905 5076 2041 5137 nior,
2058 5073 2296 5144 cingebas
2319 5081 2387 5135 te,
2411 5079 2458 5125 et
2481 5070 2895 5124 ambulabasubi
2919 5071 3120 5126 volebas
3136 5086 3154 5123 :
3173 5089 3291 5126 cum
3312 5080 3487 5128 autem

1903 5164 2159 5226 scnueris,
2186 5161 2428 5216 extendes
2476 5178 2662 5215 manus
2693 5170 2831 5226 tuas,
2859 5173 2907 5217 et
2955 5161 3092 5216 alius
3128 5170 3176 5217 te
3216 5163 3402 5233 cinget,
3437 5174 3487 5220 et

1905 5257 2058 5310 ducet
2081 5271 2183 5326 quo
2215 5271 2318 5309 non
2363 5255 2455 5307 vis.
2488 5253 2545 5308 ln
2598 5255 2914 5309 extensione
2958 5254 3159 5321 etenim
3205 5269 3486 5323 manuum,

1905 5347 2227 5417 positionem
2256 5345 2621 5400 membrorum
2671 5339 2806 5413 ejus,
2842 5359 2946 5413 qua
2976 5343 3125 5398 cruci
3153 5354 3270 5398 erat
3297 5355 3491 5416 aptan-

1908 5439 2026 5501 dus,
2060 5437 2326 5501 insinuat;
2384 5436 2436 5490 in
2492 5436 2760 5490 cinctione
2798 5433 3039 5495 alterius,
3089 5434 3486 5503 impositionem

1908 5529 2264 5593 vinculorum,
2291 5527 2488 5596 quibus
2510 5542 2540 5579 a
2564 5533 2909 5594 persecutore
2937 5532 3052 5578 erat
3078 5527 3364 5593 arcendus,
3391 5543 3489 5583 ex-
3565 5543 3574 5551 '

1909 5621 2122 5691 primit;
2146 5622 2199 5674 in
2228 5619 2392 5676 ductu
2416 5634 2522 5689 quo
2549 5617 2732 5682 nollet,
2765 5617 2937 5686 ipsam
2964 5617 3154 5672 mortis
3189 5633 3253 5673 ac
3279 5621 3488 5690 passio-

1911 5714 1994 5768 nis
2025 5714 2373 5768 acerbitatem
2403 5711 2623 5774 indicat,
2647 5726 2807 5778 quam
2835 5709 3133 5780 corporalis
3174 5710 3290 5781 ejus
3332 5712 3486 5769 infir-

1912 5806 2072 5861 mitas
2101 5805 2384 5869 horrebat,
2413 5800 2564 5870 cujus
2591 5800 2754 5856 animi
2787 5799 3013 5856 ﬁrmitas
3040 5800 3297 5871 spiritalis
3322 5803 3490 5861 etiam

1914 5900 2140 5955 adversa
2161 5913 2261 5968 pro
2289 5896 2516 5952 Domino
2539 5896 2824 5951 laetabatur
2855 5901 3046 5952 cuncta
3086 5893 3328 5952 sufferre.
3369 5894 3488 5954 Non

3052 5988 3131 6050 32
