4088 6330
599 389 744 449 1005
1449 389 1507 443 B.
1552 389 1613 443 F.
1655 387 1878 442 ALBINI
1916 387 2045 443 SE“
2087 384 2360 442 ALCUINI
2398 383 2683 441 OPERUM
2721 383 2902 440 PARS
2937 382 3002 438 ll.
3721 383 3872 441 ιθοι

602 501 749 560 enim
799 499 1126 555 voluntatem
1179 516 1362 564 suam,
1389 500 1486 556 sed
1529 500 1860 555 voluntatem
1899 499 2177 568 quaerebat
2203 500 2249 557 Α
2279 495 2370 550 ille
2397 494 2692 566 discipulus
2717 509 2878 566 quem
2909 494 3167 566 diligebat
3205 493 3398 562 Iesus;
3425 492 3673 551 Ioannes
3714 497 3950 569 vides"

604 523 749 560 enim
800 523 1126 555 vmuntatcm
1179 523 1362 564 ullam,
1389 523 1486 556 880
1529 523 1860 555 voluntatem
1899 523 2177 568 quantum
2203 523 2249 557 Α
2279 523 2370 550 nuc
2397 523 2692 566 ulaclputuu
2717 523 2878 566 quem
2909 523 3167 566 υιιιδουξη
3205 523 3398 562 castra,
3425 523 3673 551 '0'le
3720 523 3874 551 VIIII?
3947 565 3950 569 Ι

604 595 724 666 ejus
741 595 833 666 qui
860 595 1005 650 misit
1023 611 1168 660 eum,
1190 593 1412 650 Christi.
1435 594 1720 650 Prmmissa
1742 595 1904 665 igitur
1922 591 2182 648 Dominus
2283 589 2408 645 licet
2437 589 2570 658 ipse,
2595 588 2689 658 qui
2726 587 2828 642 hoc
2856 587 3073 656 scripsit
3121 587 3494 658 Evangelium,
3538 595 3704 658 autne
3745 523 3953 654 idea!~

603 690 786 744 ovium
811 703 1028 742 suarum
1057 687 1320 757 pastione,
1338 688 1612 758 subjungit
1639 703 1786 753 mox,
1809 686 1982 740 eidem
2007 684 2182 756 primo
2277 697 2435 738 suam
2464 695 2750 751 personam
2780 679 2973 735 maluit
2999 679 3214 735 indiciis
3249 695 3430 734 rerum
3479 681 3872 744 accidentium,

602 777 811 848 pastori
854 777 1132 832 insinuans
1172 776 1334 830 etiam
1363 777 1631 846 passionis
1664 791 1774 831 sua;
1816 775 2178 844 triumphum,
2283 787 2444 843 quam
2471 772 2692 842 proprio
2713 772 2998 842 designare
3030 771 3313 826 vocabulo.
3364 771 3633 843 Diligehat
3691 782 3873 827 autem

606 859 892 934 Extendes,
916 868 1184 937 inquiens,
1214 884 1401 921 manus
1431 878 1568 933 tuas,
1599 876 1646 922 et
1672 868 1808 922 alius
1838 877 1887 920 te
1913 867 2102 936 cinget,
2131 872 2182 918 et

604 955 753 1014 ducet
777 974 880 1029 quo
906 976 1009 1012 non
1043 959 1150 1024 vis;
1176 973 1241 1014 ac
1269 959 1313 1012 si
1345 966 1591 1029 patenter
1631 959 1773 1014 dicat
1801 977 1818 1012 :
1855 956 2064 1025 Quanta
2096 970 2183 1010 mc

605 1051 870 1112 cbaritate
894 1050 1106 1121 diligas,
1130 1049 1255 1104 hinc
1273 1048 1478 1119 liquido
1501 1049 1777 1120 probabis,
1793 1063 1914 1103 cu
1939 1063 2038 1117 pro
2059 1062 2182 1116 par-

603 1141 851 1197 vulorum
885 1156 1128 1198 meorum
1162 1142 1273 1196 vita
1323 1157 1494 1211 usque
1539 1141 1610 1196 ad
1649 1149 1879 1196 mortem
1923 1139 2182 1195 certando

603 1235 948 1306 perveneris;
996 1241 1051 1289 et
1079 1244 1139 1288 ut
1167 1233 1239 1288 illi
1271 1235 1324 1288 in
1355 1249 1582 1304 corpore
1633 1234 1842 1304 possint
1885 1233 2089 1304 pariter
2127 1240 2184 1286 et

601 1332 784 1380 mente
811 1324 1043 1389 salvari,
1073 1324 1185 1394 ipse
1224 1332 1494 1380 tormenta
1545 1325 1787 1394 corporis
1835 1324 2014 1378 omnia
2061 1337 2182 1393 qua

604 1418 974 1473 adversarium
1007 1407 1246 1486 inﬂigere
1289 1415 1440 1482 libet,
1471 1413 1598 1470 forti
1639 1415 1836 1470 mentis
1874 1414 2184 1469 constantia

599 1507 858 1565 tolerabis
880 1505 1068 1581 [Beda,
1084 1505 1448 1579 toleraveris].
1473 1505 1628 1574 Quod
1649 1507 1763 1577 ipse
1781 1520 1997 1576 quoque
2016 1521 2182 1561 evan-

598 1599 787 1674 gelista
809 1601 1198 1671 subsequenter
1226 1601 1504 1656 insinuans
1529 1601 1606 1654 ait
1633 1618 1647 1653 :
1685 1597 1802 1653 Hoc
1826 1608 2000 1654 autem
2015 1600 2180 1665 dixit,

598 1693 904 1766 signiﬁcem
939 1710 1043 1765 qua
1073 1700 1237 1748 morte
1266 1690 1652 1762 elariﬁcaturus
1678 1698 1810 1746 esset
1834 1690 2023 1745 Deum.
2055 1688 2180 1745 Cla-

598 1783 834 1842 rilicavit
857 1786 1052 1857 quippe
1078 1785 1273 1840 Petrus
1293 1791 1467 1840 morte
1494 1797 1592 1839 sua
1624 1784 1814 1850 Deum,
1833 1782 2050 1854 quando
2078 1783 2183 1838 hoc

2284 879 2408 919 eum
2432 863 2619 929 Jesus,
2645 879 2752 918 non
2789 863 3029 934 exceptis
3055 864 3269 918 caeteris
3295 863 3643 934 singulariter
3673 865 3880 929 solum,

2281 956 2380 1012 sed
2418 971 2528 1026 prae
2569 956 2784 1010 caeteris
2825 970 2963 1026 quos
2997 955 3253 1026 diligebat
3296 954 3618 1011 familiarius
3673 971 3880 1022 unum,

2285 1063 2444 1118 quem
2471 1047 2724 1118 specialis
2763 1046 3119 1117 prmmgativa
3160 1047 3424 1101 castitatis
3463 1048 3721 1116 ampliori
3750 1047 3883 1104 dile.

2285 1140 2464 1196 ctione
2491 1139 2696 1195 fecerat
2717 1139 2960 1208 dignum.
2975 1137 3183 1193 Omnes
3201 1138 3400 1208 quippe
3419 1151 3479 1192 se
3497 1139 3732 1209 diiigere
3757 1152 3882 1209 pro-

2283 1232 2400 1297 bat,
2423 1232 2621 1301 quibus
2657 1239 2787 1285 ante
2827 1230 3132 1300 pasﬁouem
3179 1229 3460 1298 loquitur:
3487 1229 3636 1283 Sicut
3697 1230 3882 1284 aitait

2285 1339 2367 1377 me
2398 1321 2580 1387 Pater,
2608 1333 2655 1376 et
2676 1339 2768 1392 ego
2791 1321 2951 1376 diioui
2981 1337 3088 1385 vos,
3113 1331 3318 1375 naturate
3349 1321 3406 1374 in
3434 1321 3723 1374 dilectione
3769 1335 3882 1376 ια

2288 1411 2470 1485 (Joan.
2503 1428 2593 1476 xv,
2624 1413 2701 1482 9).
2737 1411 2842 1467 Sed
2889 1412 3032 1466 hunc
3087 1423 3202 1482 pre
3243 1409 3496 1464 omnibus
3539 1410 3751 1480 diligit,
3792 1411 3879 1480 qui

2287 1506 2439 1576 virgo
2465 1504 2670 1559 electus
2698 1505 2766 1559 ab
2787 1505 2926 1574 ipso,
2948 1504 3101 1574 virgo
3121 1503 3178 1556 in
3197 1513 3372 1558 aevum
3399 1504 3734 1572 permansit;
3759 1504 3879 1557 Tra-

2287 1597 2424 1652 dunt
2439 1611 2681 1666 namque
2723 1587 2964 1652 historia:
2987 1595 3134 1665 quod
3159 1605 3285 1649 eum
3315 1594 3391 1648 de
3433 1595 3651 1663 nuptiis
3701 1596 3877 1650 volen-

2289 1695 2398 1743 tem
2421 1690 2629 1744 nubere
2656 1689 2960 1753 vocaverit;
2995 1697 3058 1742 et
3083 1695 3371 1758 propterea
3395 1699 3560 1756 quem
3596 1703 3630 1740 a
3677 1688 3878 1743 carnali

2289 1780 2565 1852 voluptate
2594 1789 2914 1843 retraxerat,
2947 1781 3155 1850 potiore
3195 1782 3283 1836 sui
3333 1782 3544 1836 amoris
3593 1782 3877 1838 dulcedine

594 1875 798 1932 indicio
826 1877 1038 1931 cunctis
1063 1884 1324 1944 quantum
1347 1872 1490 1930 Deus
1514 1883 1659 1930 esset
1691 1873 1948 1930 colendus
1991 1888 2178 1927 aman—
2207 1863 2257 1923 Β
2283 1875 2523 1930 duravit.
2564 1874 2805 1942 Denique
2844 1873 2971 1928 huic
3000 1873 3302 1928 moriturus
3327 1873 3388 1928 in
3429 1889 3596 1929 cmce
3649 1882 3874 1930 matrem

597 1959 809 2038 dusque
838 1965 1246 2032 demonstravit,
1277 1965 1404 2021 dum
1450 1965 1564 2036 ipse
1593 1965 1720 2021 data
1747 1965 1968 2036 optione
1997 1963 2185 2020 mallet
2285 1964 2684 2021 commendavit
2710 1981 2884 2029 suam,
2910 1974 2972 2019 ut
3004 1965 3269 2033 virginem
3290 1965 3445 2036 virgo
3489 1975 3747 2021 servaret
3783 1985 3796 2018 :
3825 1973 3878 2022 et

598 2057 778 2113 crucis
806 2055 988 2112 subire
1012 2064 1358 2120 tormentum,
1379 2070 1543 2126 quam
1566 2071 1599 2111 a
1618 2056 1856 2113 caelestis
1875 2055 2025 2110 verbi
2047 2069 2186 2125 pra:-
2286 2058 2404 2127 ipso
2432 2064 2558 2126 post
2583 2064 2815 2111 mortem
2868 2064 2925 2110 et
2972 2057 3426 2111 resurrectionem
3469 2058 3634 2111 celos
3681 2071 3878 2112 δείσειε

599 2148 870 2205 dicatione
887 2163 1124 2205 cessare.
1161 2165 1182 2201 ι
2287 2147 2467 2210 dente,
2497 2161 2606 2201 non
2631 2148 2840 2202 deesset
2866 2145 2983 2215 ejus
3023 2146 3278 2217 genitrici
3311 2146 3459 2211 tilias,
3505 2147 3661 2215 cujus
3708 2158 3868 2204 casta

2288 2239 2402 2293 vita
2429 2237 2546 2307 ejus
2565 2240 2733 2294 castis
2754 2247 2997 2294 tueretur
3013 2239 3311 2308 obsequiis.
3335 2239 3493 2293 Ponit
3509 2249 3562 2293 et
3581 2241 3734 2295 aliud
3757 2255 3872 2296 suis

2283 2343 2538 2398 personae
2559 2330 2752 2384 beatus
2783 2328 3021 2384 Joannes
3052 2330 3314 2385 indicium
3343 2331 3684 2400 subjungens
3712 2350 3727 2386 :
3777 2333 3880 2398 Qui

2287 2429 2336 2473 et
2364 2420 2596 2474 recubuit
2623 2421 2678 2474 in
2701 2437 2846 2475 cana
2869 2439 3028 2492 super
3041 2430 3224 2490 pectus
3244 2422 3379 2492 ejus,
3401 2433 3450 2475 et
3484 2423 3621 2476 dixit
3655 2437 3674 2474 :
3704 2423 3878 2478 Domi-

2287 2530 2374 2580 ne,
2404 2515 2523 2584 quis
2560 2525 2633 2568 est
2659 2517 2747 2584 qui
2777 2516 2950 2570 tradet
2977 2516 3066 2569 te?
3088 2514 3207 2570 Hoc
3240 2514 3516 2585 qumodo
3547 2525 3775 2586 gestum
3799 2518 3877 2582 sit,

671 2598 832 2666 Vsus.
860 2601 951 2664 ΞΟ.
973 2639 1045 2650 --
1071 2601 1220 2664 Dixit
1244 2605 1401 2662 Iesus
1425 2597 1590 2662 Petro
1616 2621 1634 2658 :
1660 2595 1890 2678 Sequere
1917 2623 2018 2660 me.
2049 2605 2188 2661 Con—
2289 2607 2570 2676 superiora
2597 2608 2757 2678 hujus
2783 2607 3064 2678 Evangelii
3093 2608 3211 2663 loca
3261 2608 3479 2678 plenius
3529 2610 3827 2665 ostendunt
3863 2627 3876 2661 :

598 2719 774 2758 versus
796 2713 971 2756 autem
994 2691 1206 2767 Petrus,
1222 2700 1351 2756 vidit
1375 2697 1527 2754 illum
1556 2698 1891 2769 discipulum,
1925 2714 2077 2769 quem
2107 2697 2188 2751 di-
2289 2699 2418 2769 quia
2447 2699 2699 2754 videlicet
2721 2701 2775 2754 in
2807 2710 2984 2765 emus,
3017 2714 3176 2770 quam
3212 2702 3455 2756 ultimam
3502 2713 3642 2758 ante
3687 2706 3878 2773 passio-

599 2791 790 2867 ligebat
815 2789 852 2848 Ι
855 2810 994 2860 esus,
1019 2801 1332 2865 sequentem,
1352 2790 1442 2862 qui
1467 2800 1516 2844 et
1539 2789 1772 2844 recubuit
1789 2791 1842 2843 in
1867 2805 2011 2842 came
2034 2804 2191 2858 super
2289 2804 2417 2844 nem
2467 2804 2590 2845 cum
2631 2791 2908 2860 discipulis
2941 2790 3191 2847 Salvator
3219 2793 3426 2859 habuit,
3465 2795 3524 2848 in
3551 2809 3677 2866 qua
3707 2813 3878 2851 eorum

595 2895 773 2959 pectus
794 2885 930 2956 ejus.
962 2903 981 2938 ‹
1020 2898 1046 2925 α
1076 2883 1431 2939 Commendat
1470 2881 1616 2936 enim
1652 2882 1808 2936 nobis
1843 2881 2192 2935 beatissimus
2289 2884 2458 2954 pedes
2484 2883 2644 2948 lavit,
2675 2885 2863 2954 eisque
2895 2886 3142 2955 corporis
3165 2895 3220 2940 et
3243 2889 3530 2957 sanguinis
3562 2891 3652 2944 sui
3681 2893 3882 2946 tradidit

595 2971 938 3049 “evangelista
975 2986 1030 3032 et
1057 2973 1334 3046 apostolus
1355 2971 1592 3029 Joannes
1617 2973 1958 3045 privilegium
1989 2973 2192 3027 amoris
2293 2975 2552 3045 mysteria
2577 2974 2926 3041 celebranda;
2958 2975 3255 3046 discipulus
3276 2978 3384 3043 ille,
3409 2994 3577 3050 quem
3613 2982 3878 3052 diligebat,

596 3071 877 3150 praecipui,
933 3084 1041 3140 quo
1085 3068 1294 3124 caeteris
1340 3065 1570 3138 amplius
1618 3068 1818 3122 meruit
1866 3066 2124 3122 honorari
2157 3080 2192 3120 α
2292 3083 2458 3137 super
2483 3077 2670 3137 pectus
2693 3067 2808 3138 ejus
2835 3070 3170 3137 recubuerit;
3224 3081 3282 3126 et
3325 3083 3450 3127 enim
3499 3074 3732 3129 dixisset
3762 3077 3878 3130 eis:

597 3155 858 3226 Domino;
889 3159 1232 3216 commendat
1260 3157 1626 3214 testimonium
1647 3157 1970 3229 evangelicae
1992 3157 2194 3212 descri-
2216 3217 2259 3241 η
2292 3159 2477 3226 Amen,
2501 3176 2650 3214 amen
2673 3159 2792 3214 dico
2807 3161 2976 3226 vobis,
3005 3163 3129 3221 quia
3152 3179 3287 3218 unus
3309 3181 3380 3218 ex
3407 3165 3554 3220 vobis
3583 3168 3757 3220 tradet
3785 3181 3878 3228 me,

598 3251 822 3326 ‘ptionis,
847 3255 991 3325 quod
1018 3255 1251 3309 veritate
1300 3253 1481 3309 divina
1534 3219 1823 3308 subnixum
1849 3253 2029 3309 nullus
2058 3253 2191 3309 lide-
2215 3219 2262 3280 α
2293 3251 2634 3319 responderit
2656 3250 2745 3305 ille
2776 3251 3092 3322 discipulus,
3120 3253 3374 3309 innuente
3401 3255 3571 3311 Petro
3607 3268 3672 3312 ut

601 3336 736 3402 lium
759 3347 1004 3403 dubitare
1029 3347 1389 3418 permittitur;
1424 3345 1770 3402 commendat
1788 3346 2058 3416 placidam
2080 3362 2191 3404 suae
2291 3353 2527 3416 rogaret,
2560 3354 2616 3400 et
2637 3346 2836 3402 dixerit
2856 3348 2907 3402 ei
2951 3366 2963 3401 :
3003 3349 3246 3417 Domine,
3281 3353 3396 3422 quis
3415 3363 3500 3406 'est
3519 3355 3544 3406 .9
3569 3352 3662 3408 Ait
3699 3355 3882 3411 Domi-

601 3437 783 3493 cai'nis
827 3437 1249 3504 absolutionem,
1275 3453 1441 3510 quam
1491 3427 1721 3492 Domino
1775 3437 2089 3509 specialiter
2132 3454 2192 3494 se
2291 3452 2394 3492 nus
2430 3456 2443 3490 :
2478 3436 2579 3492 Ille
2623 3447 2718 3504 est,
2750 3439 2960 3509 inquit,
2987 3443 3072 3496 cui
3102 3459 3194 3514 ego
3221 3445 3498 3498 intinctam
3527 3459 3718 3517 panem
3761 3465 3884 3519 ρον.

600 3529 856 3582 irisitante
903 3528 1164 3599 percepit.
1197 3527 1491 3598 Postquam
1540 3527 1686 3582 enim
1723 3526 1986 3583 Dominus
2031 3528 2191 3585 Jesus
2292 3545 2493 3584 rexere.
2529 3528 2681 3597 Quod
2710 3538 2892 3585 autem
2919 3531 3218 3602 discipulus
3240 3534 3328 3590 ille
3350 3551 3516 3606 super
3543 3548 3741 3606 pectus
3777 3555 3884 3594 tua.

603 3619 930 3692 signiﬁcavit
992 3613 1156 3677 Petro
1208 3637 1313 3692 qua
1363 3629 1541 3677 morte
1594 3621 1994 3678 clariﬁcaturus
2044 3631 2182 3678 esset

2293 3619 2451 3691 gistri
2473 3621 2745 3687 recubuit,
2769 3637 2876 3676 non
2897 3627 3182 3692 praesentis
3201 3625 3536 3681 solummodo
3556 3629 3885 3694 dilectionis,

603 3702 794 3779 Deum,
825 3712 1073 3783 protinus
1101 3711 1346 3784 adjungit
1375 3730 1387 3766 :
1422 3705 1646 3784 Sequere
1681 3730 1783 3768 me.
1824 3713 1902 3768 Ac
1930 3715 1976 3770 si
2006 3721 2194 3784 aperte
2292 3713 2388 3769 sed
2413 3721 2470 3768 et
2499 3712 2668 3769 futuri
2695 3723 2813 3770 erat
2842 3717 3054 3788 signum
3103 3721 3378 3790 mysterii;
3427 3721 3773 3790 ﬁgurabatur
3811 3734 3888 3780 et-

603 3801 750 3861 ilicat
782 3823 796 3861 :
825 3804 961 3873 Quia
997 3806 1112 3876 ipse
1140 3805 1293 3877 prius
1318 3821 1419 3877 pro
1464 3815 1554 3862 tua
1601 3809 1972 3878 redemptione
2013 3809 2192 3865 crucis
2292 3806 2438 3863 enim
2452 3805 2570 3875 jam
2591 3814 2722 3863 tunc
2735 3807 3102 3880 Evangelium,
3117 3812 3262 3881 quod
3281 3811 3423 3866 idem
3444 3813 3750 3883 discipulus
3769 3823 3888 3872 erat

602 3895 924 3969 supplicium
952 3898 1137 3954 subire
1159 3913 1266 3953 non
1297 3899 1472 3965 timui,
1502 3899 1629 3970 quid
1657 3907 1711 3954 tu
1748 3917 1848 3971 pro
1898 3901 2005 3956 mei
2063 3916 2194 3965 ραι»
2292 3899 2612 3967 scripturus,
2647 3898 2866 3954 uberius
2893 3909 3056 3970 atque
3081 3901 3248 3956 altius
3273 3904 3486 3957 caeteris
3531 3920 3703 3960 saera:
3734 3908 3887 3962 Scri—

603 3984 841 4046 iessione
871 3991 1103 4046 nominis
1153 4006 1372 4048 crucem
1416 3992 1528 4063 pati
1565 3991 1842 4058 formidcs,
1867 3993 1958 4063 qui
1987 4009 2052 4048 eo
2075 3993 2191 4064 glo—
2294 3995 2467 4060 plum
2488 3989 2701 4058 paginis
2722 4005 2923 4045 arcana
2949 3991 3147 4046 divina:
3165 3991 3464 4062 ajestatis
3482 4009 3606 4049 esse
3632 4013 3889 4067 compre-

603 4080 831 4139 riosiore
869 4082 1116 4154 martyrii
1162 4083 1342 4154 palma
1393 4082 1806 4155 glorificaberis,
1838 4099 1945 4155 quo
1991 4086 2043 4140 in
2089 4085 2190 4142 hac
2294 4078 2766 4146 hensurum.Quia
2783 4081 2925 4136 enim
2945 4082 2998 4136 in
3015 4093 3233 4152 pectore
3249 4083 3378 4139 Jesu
3408 4095 3534 4140 sunt
3557 4102 3756 4144 omnes
3779 4093 3891 4146 the-

601 4175 960 4248 promerenda
1007 4175 1250 4246 magistri
1298 4176 1404 4232 iter
1448 4175 1729 4247 sequeris?
1774 4175 1893 4231 Jam
1940 4193 2072 4232 vero
2122 4179 2192 4233 ab
2293 4169 2441 4226 tauri
2471 4170 2751 4240 sapientiae
2776 4180 2832 4226 et
2861 4174 3103 4229 scientia:
3130 4176 3430 4232 absconditi
3463 4176 3689 4249 (Coloss.
3716 4199 3787 4245 ιι,
3817 4185 3887 4252 3},

603 4265 938 4341 evangelista
966 4283 1075 4324 non
1105 4267 1356 4324 subditur
1373 4269 1503 4339 quid
1525 4278 1645 4338 post
1668 4271 1786 4324 haec
1827 4270 1971 4327 dicta
2010 4271 2193 4326 Domi-
2293 4261 2492 4317 merito
2512 4278 2676 4333 super
2695 4274 2884 4334 pectus
2909 4265 3030 4336 eius
3047 4269 3307 4344 recubat,
3331 4283 3489 4339 quem
3521 4274 3734 4344 majore
3783 4293 3892 4332 cte-

608 4355 712 4414 bus
739 4369 794 4415 et
815 4359 1062 4430 discipuli
1090 4357 1347 4425 fecerint;
1381 4360 1475 4415 sed
1504 4374 1571 4413 ex
1597 4375 1663 4414 eo
1691 4367 1873 4416 tamen
1921 4361 2182 4429 innuitur,

2293 4353 2426 4407 teris
2448 4353 2726 4424 sapientiae
2754 4342 3107 4430 [etscientiae']
3137 4360 3427 4432 singularis
3447 4342 3675 4421 munere
3695 4368 3892 4423 donat.

605 4451 749 4520 quod
779 4449 1084 4520 subjungit:
1113 4445 1401 4504 Conversus
1437 4447 1646 4515 Petrus,
1674 4451 1801 4505 vidit
1843 4452 1993 4507 illum
2031 4454 2192 4508 disei-
2293 4442 2531 4500 Caletos
2549 4446 2746 4517 quippe
2770 4448 3126 4519 evangelistas
3151 4453 3399 4508 novimus
3425 4453 3578 4523 plura
3622 4457 3691 4512 de
3719 4461 3895 4514 mira-

602 4538 807 4611 pulum,
830 4556 982 4610 quem
1009 4538 1257 4610 diligebat
1277 4537 1455 4605 Iesus,
1487 4551 1801 4611 sequentem.
1833 4541 1989 4598 Patet
2037 4561 2182 4600 nam-

2291 4536 2428 4614 culis
2452 4529 2620 4592 nostri
2641 4537 2960 4606 Salvatoris,
2975 4543 3230 4611 pauciora
3251 4543 3616 4601 dedisinitate
3633 4549 3892 4608 locutos:

604 4629 710 4712 que
742 4630 867 4699 quia
895 4627 1064 4703 [cum]
1100 4630 1321 4686 dixisset
1348 4631 1508 4687 Petro
1538 4649 1552 4685 :
1586 4629 1812 4703 Sequere
1841 4649 1956 4700 me,
1984 4633 2038 4689 id
2073 4645 2182 4703 est,

2294 4625 2530 4686 Joannes
2545 4639 2723 4686 autem
2739 4647 3003 4703 perpauca
3025 4636 3091 4690 de
3111 4637 3364 4692 humanis
3384 4640 3893 4709 seruiens-usibus,

603 4713 769 4792 65,6
805 4735 1021 4776 crucem
1045 4722 1299 4790 patiendo
1327 4738 1414 4778 me
1447 4723 1682 4790 imitare,
1713 4726 2042 4782 surrexit'de
2071 4727 2190 4786 loco
2294 4725 2478 4795 potius
2508 4740 2567 4780 se
2590 4727 2923 4796 exponendis
2949 4729 3148 4784 divinae
3166 4738 3383 4786 nam
3411 4733 3609 4788 indidit
3633 4737 3894 4803 areanis;

606 4809 840 4866 cenvivii
883 4817 938 4864 et
967 4809 1118 4865 abire
1137 4810 1251 4882 jam
1279 4813 1460 4883 cmpit.
1497 4811 1727 4869 Secutus
1771 4822 1856 4869 est
1881 4824 2059 4870 autem
2088 4815 2191 4871 Pe-
2293 4824 2545 4886 pateuter
2579 4817 2862 4874 insinuans
2882 4829 3086 4889 quanta
3129 4821 3197 4876 de
3239 4827 3460 4892 pectore
3501 4824 3638 4880 Iesu
3686 4823 3896 4884 ﬂuenta

606 4901 723 4960 trus
746 4902 910 4957 etiam
929 4899 1142 4957 incessu
1165 4903 1378 4973 pedum,
1409 4905 1633 4974 cupiens
1654 4904 1880 4974 implere
1903 4906 2047 4975 quod
2087 4920 2188 4960 au-
2291 4905 2551 4963 doctrinae
2569 4908 2830 4975 caelestis,
2857 4926 2977 4980 quae
3001 4912 3156 4966 nobis
3182 4921 3443 4978 mutaret,
3471 4915 3751 4973 hauserit.
3789 4919 3891 4976 Se-

606 4986 741 5077 divlt
769 5011 784 5048 :
818 4981 1044 5066 Sequere
1071 5009 1185 5059 me;
1214 5003 1431 5050 secutus
1457 5003 1513 5048 et
1559 4995 1648 5052 ille
1676 4996 1992 5066 discipulus,
2026 5012 2185 5066 quem
2292 5004 2476 5074 quitur
2507 5022 2519 5057 :
2555 5003 2751 5077 (Vens.
2777 5004 2876 5077 2|)
2906 5005 3064 5061 Hunc
3105 5023 3228 5077 ergo
3255 5011 3373 5062 cui
3407 5010 3626 5066 uidisset
3655 5011 3891 5077 Petrus.

611 5069 869 5160 diligebat
903 5085 1062 5143 Jesus
1088 5105 1102 5141 :
1126 5101 1302 5157 neque
1327 5088 1470 5142 enim
1501 5090 1793 5144 arcendum
1829 5105 1889 5146 se
1924 5106 1955 5144 a
1994 5106 2185 5146 conse-
2293 5069 2418 5151 dicit
2445 5069 2573 5152 Iesu
2599 5113 2617 5150 :
2649 5069 2890 5163 Domine,
2917 5101 3004 5154 hic
3033 5069 3206 5154 autem
3227 5103 3356 5172 quid
3375 5104 3402 5157 7
3433 5101 3576 5171 Quia
3604 5119 3670 5161 se
3697 5069 3894 5164 beatus

606 5181 756 5234 (Statu
783 5177 984 5260 Christi
1009 5177 1252 5251 putabat,
1279 5177 1369 5247 qui
1409 5195 1514 5234 non
1537 5181 1745 5236 minore
1777 5196 1836 5237 se
1863 5183 2034 5254 gratia
2058 5184 2189 5238 dile-
2292 5186 2487 5242 Petrus
2532 5190 2774 5244 audierat
2799 5201 2898 5259 per
2921 5192 3226 5260 passionem
3247 5195 3431 5250 crucis
3453 5196 3893 5257 darﬂieaturum

606 5265 805 5326 ctionis
827 5287 857 5326 a
880 5257 1098 5327 Christo
1121 5268 1459 5340 complexum
1483 5280 1726 5326 noverat.
1753 5271 1937 5344 Neque
1965 5274 2191 5329 incredi-
2293 5294 2413 5334 esse
2443 5280 2632 5346 Deum,
2661 5257 2829 5335 voluit
2865 5257 3030 5336 etiam
3078 5282 3145 5337 de
3187 5281 3358 5340 {tam
3401 5295 3462 5340 et
3505 5289 3897 5362 condiscipulo

606 5363 714 5423 bile
740 5373 823 5421 est
851 5364 973 5421 ideo
995 5372 1284 5437 utrumque
1319 5365 1643 5437 discipulum
1683 5369 1947 5438 corporali
1997 5385 2185 5440 gressu
2291 5385 2640 5440 cognoscere,
2667 5385 2773 5440 qua
2801 5380 2946 5427 esset
2972 5373 3089 5443 ipse
3134 5385 3658 5449 meper-petum
3703 5387 3895 5440 trans-

607 5455 833 5529 vestigia
861 5458 1074 5514 Domini
1099 5468 1364 5525 secutum,
1395 5461 1521 5530 quia
1548 5461 1778 5516 necdum
1807 5461 2187 5518 intellexerunt
2237 5452 2242 5456 ’
2291 5461 2468 5517 iturus
2495 5463 2564 5516 ad
2581 5463 2770 5518 vitam.

608 5547 735 5616 quid
767 5541 1154 5620 significaverit
1175 5551 1228 5605 in
1254 5565 1319 5606 eo
1340 5553 1486 5620 quod
1525 5549 1748 5606 Petrum
1769 5566 1828 5606 se
1856 5553 2006 5622 sequi
2051 5569 2189 5624 prm-
2364 5556 2526 5611 Vens.
2559 5556 2648 5614 22.
2678 5559 2909 5616 -——Dicit
2929 5563 2982 5618 ei
3001 5563 3160 5618 Iesus
3185 5577 3204 5616 :
3232 5563 3320 5620 Sic
3357 5578 3478 5622 eum
3505 5569 3626 5625 nolo
3664 5585 3898 5628 nam

611 5642 770 5712 cepit.
803 5642 1000 5699 Notum
1030 5653 1212 5700 autem
1241 5646 1368 5700 uovi
1397 5653 1590 5701 vestrae
1615 5646 1944 5701 fraternitati
1968 5649 2092 5717 quis
2117 5649 2188 5703 sit
2293 5655 2455 5710 donec
2494 5659 2659 5724 uenio,
2683 5659 2809 5730 quid
2830 5660 2898 5715 ad
2923 5662 3010 5716 te?
3041 5661 3116 5716 Tu
3144 5677 3226 5717 me
3243 5675 3477 5735 sequere.
3504 5657 3650 5730 Non,
3674 5664 3892 5738 inquit,

1166 2281 1396 2340 CAPUT
1423 2275 1605 2338 XLVI.

596 2399 740 2457 Dicit
769 2395 1026 2458 Dentinus
1057 2391 1217 2454 Petro
1252 2412 1272 2452 :
1311 2397 1552 2469 Sequere
1576 2405 1685 2463 me,
1733 2411 1895 2470 usque
1921 2396 2011 2452 ubi
2057 2395 2186 2470 dici-

669 2485 759 2528 tur
787 2487 806 2525 :
841 2482 897 2529 et
929 2474 1134 2528 scimus
1153 2470 1279 2540 quia
1308 2467 1498 2526 verum
1524 2477 1610 2526 est
1632 2467 2002 2525 testimonium
2047 2467 2182 2536 ejus.

683 5803 708 5841 ά
741 5802 820 5858 Ex
847 5802 995 5859 hom.
1024 5805 1158 5862 Ven.
1189 5788 1347 5863 Dedin
1377 5809 1431 5863 in
1461 5809 1546 5866 die
1581 5808 1750 5865 sancti
1797 5807 2018 5864 Joannis
2063 5811 2292 5880 apostoli
2321 5822 2377 5870 et
2399 5817 2757 5886 evangelistae.
