4088 6330
277 345 422 405 1005

993 342 1000 348 ’
1077 351 1484 410 EXEGETICA.
1521 381 1595 396 —
1627 347 1982 410 COMMENT.
2021 351 2092 410 IN
2126 353 2315 414 JOAN.
2353 385 2425 400 -—
2455 355 2582 415 LIB.
2619 357 2729 416 VII.

3385 365 3524 426 1006

267 471 398 514 eum
419 469 518 528 per
549 461 852 529 passionem
877 462 1126 532 martyrii
1173 464 1296 519 volo
1333 464 1720 528 consummari,
1753 461 1848 519 sed
1873 465 1922 524 Δ
1951 474 2255 534 exercetur,
2279 469 2511 524 activam
2535 469 2744 526 scilicet
2777 477 2832 526 et
2861 471 3356 544 contemplativam,
3383 477 3526 533 des-iu

267 551 475 620 absque
501 552 760 608 violentia
785 555 1144 623 persecutoris
1166 557 1308 612 diem
1335 565 1648 626 exspectare
1673 557 1852 611 novis-

227 675 232 680 -
265 641 490 707 simum,
527 645 744 713 quando
773 644 886 714 ipse
909 645 1130 700 veniens
1153 659 1278 700 eum
1305 647 1360 700 in
1387 655 1590 702 aeterna
1617 646 1850 701 beatitu-

265 735 456 800 tidinis
481 739 762 793 mansione
791 723 1046 808 recipiam
1079 758 1092 793 :
1122 751 1176 794 et
1203 741 1336 812 quid
1365 739 1470 796 hoc
1515 740 1580 794 ad
1605 735 1720 796 'te?
1765 740 1847 794 'i'u

263 835 480 882 tantum
520 830 698 886 crucis
735 829 1036 900 patibulum
1061 833 1341 888 subeundo
1381 847 1502 888 mea
1527 839 1582 888 te
1621 833 1846 904 vestigia

259 923 417 990 sequi
475 923 672 979 debere
729 933 1017 981 memento.
1065 925 1134 981 Et
1173 927 1396 996 quidem
1446 927 1584 981 hanc
1627 927 1848 983 Domini

259 1017 671 1088 responsionem
709 1017 906 1075 fratres
935 1029 1064 1076 tunc
1093 1021 1350 1090 temporis
1395 1021 1470 1074 ita
1519 1019 1838 1084 tradtabant,

255 1107 416 1175 quasi
439 1105 674 1164 Joannes
696 1125 972 1181 nunquam
1001 1119 1144 1167 esset
1170 1111 1497 1174 moriturus;
1546 1111 1690 1180 quod
1737 1121 1844 1165 non

255 1193 337 1251 ita
365 1211 484 1252 esse
505 1197 927 1269 intelligendum,
955 1201 1070 1270 ipse
1092 1200 1332 1256 Ioannes
1365 1202 1660 1255 admonere
1687 1215 1846 1254 cura-

253 1291 362 1357 vit,
393 1292 484 1361 qui
533 1307 654 1347 cum
701 1295 1054 1364 praemisisset
1093 1295 1290 1349 txiisse
1327 1307 1632 1349 sermonem
1679 1292 1842 1348 istum

253 1381 406 1438 inter
429 1383 625 1440 fratres
643 1387 768 1455 quia
795 1385 1086 1457 discipulus
1109 1387 1196 1440 ilic.
1217 1401 1322 1442 non
1348 1385 1844 1450 moritur,solertcr

253 1473 453 1543 adjecit
485 1481 646 1545 auiae
669 1477 744 1530 ait
769 1491 784 1530 :
809 1478 997 1548 (Vt-tas.
1046 1477 1232 1548 23)th
1253 1493 1356 1530 non
1390 1477 1524 1530 diarit
1567 1478 1614 1529 ei
1661 1475 1839 1542 Iesus,

253 1581 364 1622 non
387 1569 635 1636 moritur,
664 1570 752 1623 sed
779 1571 853 1623 sic
879 1585 996 1623 eum
1045 1571 1156 1624 voto
1197 1585 1410 1622 manere
1428 1609 1442 1632 ,
1465 1569 1628 1622 donec
1671 1570 1836 1634 venio,

252 1658 386 1727 quid
417 1657 486 1712 ad
521 1660 610 1712 te?
641 1659 756 1715 Non
779 1673 910 1730 ergo
933 1659 1246 1729 putandum,
1277 1660 1404 1728 quia
1433 1659 1726 1728 discipulus
1751 1655 1842 1712 ille

255 1765 367 1804 non
389 1751 466 1804 sit
489 1757 738 1806 mortuus
761 1753 814 1806 in
843 1765 1028 1816 carne,
1063 1753 1188 1822 quia
1240 1765 1341 1806 nec
1379 1752 1638 1806 Dominus
1675 1751 1836 1822 647

1951 565 2144 627 gnatas
2177 561 2443 629 accipere,
2483 575 2710 630 quarum
2763 563 2940 618 activa
2983 567 3284 622 communis
3327 569 3524 640 populo

1948 648 2044 704 Dei
2081 651 2170 706 via
2197 651 2412 708 vivendi
2437 661 2558 706 est:
2589 655 2658 708 ad
2701 654 3173 726 contemplativam
3217 673 3368 724 vom,
3391 673 3521 730 per—

1946 737 2102 812 pauci
2126 781 2140 806 ,
2161 749 2216 796 et
2243 743 2347 798 hoc
2371 741 2562 814 [Beda,
2597 751 2654 798 et
2679 745 2732 798 in
2765 744 2888 818 hoc]
2941 747 3280 805 sublimiores
3321 753 3523 824 quitu

1945 841 2068 906 post
2098 836 2480 905 perfectionem
2505 838 2608 907 pie
2637 838 2866 894 actionis
2907 840 3224 898 ascendunt.
3257 841 3316 897 in
3335 859 3403 900 eo
3437 855 3522 902 et-

1945 927 2089 980 enim
2103 927 2256 996 queui
2281 928 2360 981 ait
2377 929 2546 982 Petro
2569 925 2858 988 Dominus:
2877 929 3140 986 Emndes
3167 949 3355 988 manus
3373 941 3517 1002 tuas,

1945 1021 1994 1069 et
2017 1013 2153 1069 alius
2181 1025 2230 1071 te
2265 1017 2454 1088 cinget,
2475 1025 2526 1071 et
2571 1018 2720 1072 ducet
2745 1031 2850 1090 quo
2875 1033 2980 1074 non
3005 1022 3102 1087 vis,
3129 1022 3518 1090 perfectionem

1944 1107 2198 1177 exprimit
2223 1109 2412 1164 activae
2431 1111 2877 1177 conversationis,
2899 1125 3020 1182 qua)
3049 1115 3404 1170 tcntatiomun
3429 1131 3520 1172 so-

1943 1202 2019 1258 iet
2045 1205 2166 1275 igne
2183 1205 2428 1275 probari.
2459 1205 2612 1260 Unde
2639 1203 2766 1262 alibi
2811 1208 2878 1262 de
2929 1217 2994 1262 ea
3037 1209 3168 1263 dicit
3213 1210 3452 1278 apertius
3499 1227 3516 1264 :

1942 1293 2096 1349 Beati
2123 1297 2212 1366 qui
2237 1298 2644 1367 persecutionem
2693 1300 2968 1369 patiuntur
3005 1309 3222 1372 propter
3255 1302 3519 1372 justitiam

1945 1385 2162 1458 (Matth.
2195 1403 2250 1454 ν,
2275 1387 2387 1460 ιθ).
2419 1387 2518 1444 Cui
2551 1397 2698 1444 route
2724 1389 3000 1462 subiungit
3033 1391 3220 1448 dicens
3246 1411 3260 1447 :
3288 1393 3518 1466 Sequere

1942 1493 2042 1532 me.
2065 1477 2200 1544 Quia
2227 1479 2480 1534 nimirum
2501 1478 2656 1548 juxta
2678 1477 2918 1549 ejusdem
2938 1481 3082 1536 Rari
3107 1497 3292 1538 vocem
3315 1499 3332 1538 :
3359 1483 3518 1539 Chri-

1941 1577 2056 1623 stus
2089 1587 2276 1640 passus
2301 1581 2376 1623 est
2399 1581 2492 1640 pro
2523 1571 2694 1636 nobis,
2713 1570 3011 1642 relinquens
3037 1571 3184 1628 nobis
3205 1574 3520 1646 assumtum,

1941 1669 2000 1714 ut
2021 1639 2300 1732 sequamur
2323 1639 2535 1731 vestigia
2557 1661 2672 1731 ejus
2703 1659 2754 1734 (1
2781 1639 2924 1718 Patr.
2949 1661 3136 1738 11,21).
3161 1663 3314 1730 Quod
3339 1639 3518 1721 autem

1942 1752 2072 1807 dicit
2101 1753 2166 1806 de
2213 1749 2440 1817 Joanne,
2465 1751 2556 1806 Sic
2583 1767 2702 1806 eum
2729 1753 2844 1808 solo
2873 1769 3085 1809 manere
3103 1795 3118 1820 ,
3145 1755 3308 1810 donec
3349 1758 3518 1823 venio,

251 1838 362 1894 hoc
391 1841 456 1895 de
477 1841 570 1895 illo
595 1840 832 1896 futurum
865 1843 1130 1911 praedixit.
1161 1843 1227 1896 Et
1255 1841 1541 1896 Psalmista
1563 1841 1639 1895 ait
1665 1859 1680 1894 ι
1709 1841 1840 1906 Quis
1868 1839 1916 1901 Β
1943 1849 2142 1898 statum
2163 1843 2592 1912 contemplativte
2619 1844 2838 1898 virtutis
2867 1843 3126 1911 insinuat,
3147 1861 3266 1916 quae
3287 1859 3394 1904 non
3415 1863 3520 1918 per

251 1943 330 1989 est
357 1936 532 2002 homo,
577 1937 666 2008 qui
707 1937 845 2002 vivit,
905 1947 953 1991 et
985 1951 1088 1990 non
1135 1937 1326 1990 uidebit
1379 1945 1596 1990 mortem
1646 1937 1662 2006 (
1687 1934 1836 1990 Psol.

251 2037 515 2092 Lxxxvm,
531 2025 650 2096 49)?
679 2026 782 2081 Sed
807 2028 878 2082 ita
903 2027 1083 2097 potius
1103 2027 1659 2098 intelligendum.un
1681 2035 1839 2084 cate-

247 2117 329 2171 ris
362 2118 560 2174 Christi
603 2117 882 2190 discipulis
925 2133 1024 2188 per
1065 2119 1370 2188 passionem
1419 2117 1832 2182 consummatis,

247 2206 366 2278 ipse
393 2212 446 2264 in
471 2225 602 2280 pace
633 2211 888 2265 Ecclesiae
913 2212 1203 2264 adventum
1241 2224 1492 2279 supernae
1533 2209 1835 2264 vocationis

245 2303 669 2370 exspectaret-it,
699 2305 882 2358 ethoc
905 2317 1026 2358 esse
1067 2305 1208 2372 quod
1249 2303 1325 2357 ait
1349 2303 1507 2358 Jesus
1533 2322 1546 2356 :
1579 2303 1668 2358 Sic
1715 2319 1833 2356 eum

249 2391 370 2445 uolo
393 2409 627 2458 "tenere,
654 2395 816 2448 donec
839 2397 1008 2460 venio,
1035 2411 1142 2450 non
1168 2395 1293 2464 quia
1333 2409 1440 2450 non
1463 2403 1518 2450 et
1547 2395 1662 2466 ipse
1675 2395 1834 2449 .muio

243 2483 335 2537 tos
360 2489 514 2538 antea
549 2485 763 2541 labores
780 2499 880 2556 pro
901 2487 1127 2542 Domino
1155 2501 1543 2557 prcssurasque
1563 2487 1831 2542 maiorum

241 2572 594 2640 toleraverit,
617 2577 712 2631 sed
735 2578 861 2631 cuia
890 2577 1138 2632 ultimum
1173 2577 1226 2631 in
1272 2593 1406 2647 pace
1435 2578 1644 2632 senium
1680 2577 1832 2633 ﬁnie-

247 2663 354 2730 rit;
385 2673 445 2719 ut
471 2673 596 2721 cote
623 2667 866 2722 ecclesiis
891 2667 1094 2726 Christi
1117 2677 1217 2738 per
1257 2669 1442 2724 Asiam
1485 2685 1646 2739 quam
1674 2687 1829 2741 rege-

248 2753 496 2827 bat,jam
525 2759 682 2830 longe
705 2759 916 2830 lateque
940 2762 1196 2815 tendatis.
1223 2759 1356 2814 Nam
1403 2767 1457 2814 et
1503 2762 1556 2814 in
1607 2759 1830 2817 Actibus

246 2850 634 2920 apostolorum,
663 2869 786 2908 cum
815 2855 1026 2908 czeteris
1067 2854 1322 2924 apostolis
1357 2853 1651 2924 ﬂagellatus
1682 2855 1829 2910 inve-

246 2943 416 3009 nitur,
449 2945 540 3012 qui
571 2943 724 3022 [Μες.2
751 2945 986 3018 quando]
1019 2947 1160 3000 ibant
1183 2947 1464 3018 gaudentes
1492 2965 1524 3000 a
1553 2957 1826 3018 conspectu

243 3033 475 3101 concilii,
507 3037 753 3106 quoniam
784 3038 928 3108 digni
973 3039 1136 3092 habiti
1181 3047 1299 3092 sunt
1342 3055 1436 3108 pro
1465 3040 1669 3093 nomine
1697 3037 1825 3093 Iesu

243 3127 609 3182 contumeliam
639 3131 748 3200 pati
809 3127 943 3200 (Act.
969 3146 1024 3194 v,
1052 3129 1172 3200 il);
1215 3137 1268 3184 ct
1303 3146 1332 3184 a
1371 3131 1673 3184 Domitiano
1713 3131 1823 3185 Ca:-

1937 1941 2167 1990 mortem
2189 1933 2422 1988 ﬁnienda
2443 1941 2504 1987 ut
2533 1934 2738 2000 activa;
2765 1936 2859 1990 sed
2879 1944 3002 2006 post
3025 1944 3254 1992 mortem
3287 1946 3374 1994 est
3395 1951 3520 2008 per»

1937 2027 2131 2084 fectius
2155 2023 2384 2080 Domino
2400 2026 2652 2080 veniente
2671 2026 3006 2096 complenda.
3029 2029 3252 2084 Activus
3283 2045 3516 2102 namque

1937 2115 2090 2170 labor
2113 2129 2234 2170 cum
2267 2123 2441 2169 morte
2463 2115 2666 2180 deficit,
2695 2117 3000 2171 mercedan
3021 2126 3146 2186 post
3171 2127 3399 2174 mortem
3419 2135 3514 2176 ac-

1937 2213 2194 2275 cepturus
2217 2213 2475 2260 (sternam
2512 2221 2525 2258 :
2553 2205 2880 2274 speculativa
2915 2214 3095 2262 autem
3119 2197 3369 2276 felicitas,
3395 2227 3516 2280 quae

1934 2297 2024 2350 hic
2043 2297 2364 2376 inchoatur,
2393 2295 2502 2350 illic
2539 2297 2656 2351 sine
2701 2296 2812 2354 ﬁne
2867 2298 3168 2368 perficitur.
3199 2303 3414 2369 quando
3461 2309 3518 2356 et

1933 2403 2291 2460 supernorum
2323 2389 2615 2456 civium,et
2641 2391 2811 2462 ipsius
2831 2391 3044 2448 Domini
3074 2395 3382 2463 praesentia,
3401 2411 3510 2451 non

1931 2493 2030 2556 per
2069 2483 2342 2554 speculum
2371 2491 2427 2538 et
2455 2485 2510 2538 in
2553 2469 2840 2556 aenigmate
2867 2487 3008 2542 sicut
3051 2505 3224 2555 nunc,
3255 2491 3352 2562 sed
3376 2489 3515 2546 facie

1933 2575 2001 2628 ad
2028 2573 2220 2630 faciem
2241 2573 2512 2630 videbitur
2539 2575 2596 2648 (Ι
2635 2573 2758 2632 Cor.
2786 2593 2910 2644 xm,
2933 2577 3045 2650 12).
3071 2579 3366 2651 Sequitur:

2001 2663 2165 2722 Vsus.
2189 2665 2278 2720 24.
2301 2693 2373 2707 -ι-
2391 2665 2495 2720 Hic
2515 2675 2589 2721 est
2599 2667 2896 2740 discipulus
2909 2669 3020 2736 ille,
3043 2673 3132 2742 qui
3162 2673 3512 2728 testimonium

1929 2757 2158 2828 perhibet
2178 2757 2242 2811 de
2262 2757 2364 2822 Itis,
2387 2767 2434 2811 et
2455 2759 2661 2829 scripsit
2704 2759 2814 2814 hare
2835 2773 2854 2811 :
2885 2769 2934 2814 et
2967 2763 3160 2816 scimus
3185 2763 3310 2835 quia
3333 2779 3512 2820 verum

1930 2859 2006 2904 est
2039 2850 2546 2920 testimoniumejus.
2581 2851 2708 2908 Jam
2735 2852 3022 2910 manifeste
3049 2855 3244 2910 beatus
3277 2853 3514 2912 Joannes

1929 2955 2084 3000 suam
2129 2957 2416 3012 personam
2451 2943 2696 3014 designat
2721 2960 2790 3000 cx
2813 2943 3008 3012 oiiicio,
3041 2963 3202 3018 quam
3229 2949 3512 3020 designare

1927 3035 2065 3090 vitat
2089 3050 2153 3091 ex
2192 3037 2470 3092 vocabulo.
2503 3037 2619 3092 Non
2666 3045 2846 3093 autem
2883 3048 3272 3108 prtetereunter
3299 3042 3512 3096 intuen-

1929 3129 2078 3195 dum,
2109 3130 2250 3198 quod
2279 3129 2513 3184 dicitur:
2549 3127 2652 3194 Qui
2689 3131 3040 3185 testimonium
3065 3131 3296 3202 perhibet
3320 3133 3382 3186 de
3407 3133 3508 3200 his,

239 3229 370 3274 Sare
405 3219 457 3271 in
483 3218 741 3274 ferventis
769 3220 874 3274 olei
905 3219 1103 3274 dolium
1133 3220 1332 3275 missus
1357 3221 1411 3274 in
1458 3221 1819 3276 ecclesiastica
1841 3207 1897 3272 (Ξ
1926 3231 1976 3277 et
2005 3223 2212 3292 scripsit
2243 3221 2372 3276 hinc.
2401 3223 2680 3278 Perbibuit
2707 3223 2904 3294 quippe
2947 3225 3314 3278 testimonium
3342 3227 3506 3280 verba

241 3319 497 3365 narratur
519 3311 780 3374 historia;
807 3325 872 3366 ex
896 3327 1000 3381 quo
1025 3319 1204 3365 tamen
1229 3311 1408 3364 divina
1436 3325 1493 3365 se
1511 3319 1824 3381 protegente

239 3405 438 3475 gratia,
465 3413 572 3458 tam
599 3405 833 3460 intactus
881 3403 1102 3470 exierit,
1134 3419 1294 3476 quam
1335 3403 1515 3458 fuerat
1562 3420 1590 3460 a
1634 3419 1824 3458 corru-

240 3497 429 3566 ptione
456 3498 906 3566 concupiscentiae
929 3498 1165 3552 carnalis
1189 3507 1496 3552 exn-ancus.
1520 3497 1630 3550 Nec.
1655 3497 1824 3550 multo

238 3585 364 3658 post
388 3589 454 3642 ab
478 3589 663 3644 eodem
685 3590 946 3660 principe,
967 3599 1188 3660 propter
1203 3587 1625 3660 inseparabilem
1659 3603 1824 3648 evan-

239 3677 508 3750 gelizandi
549 3681 928 3744 constantiam,
963 3681 1016 3734 in
1061 3681 1317 3738 Pathmos
1361 3680 1588 3734 insulam
1632 3681 1822 3736 exsilio

239 3771 536 3841 relegatur,
562 3773 652 3827 ubi
681 3773 916 3828 humano
937 3773 1064 3828 licet
1089 3774 1376 3829 destitutus
1399 3771 1818 3840 solatio,divinac'

239 3870 422 3916 tamen
449 3864 670 3918 visionis
697 3873 752 3918 et
779 3865 1118 3918 allocutionis
1156 3865 1355 3919 meruit
1399 3865 1592 3919 crebra
1623 3879 1818 3918 conso-

237 3950 441 4006 latione
471 3953 716 4009 rolevari.
749 3953 988 4024 Denique
1013 3953 1216 4010 ibidem
1247 3953 1634 4024 Apocalypsin,
1661 3968 1822 4022 quam

238 4037 288 4100 ei
335 4041 591 4098 Dominus
637 4043 703 4098 de
747 4049 889 4098 statu
933 4041 1186 4098 Ecclesia:
1230 4044 1504 4112 praesenti,
1533 4041 1616 4098 vel
1641 4041 1822 4098 futuro

237 4135 525 4200 revelavit,
553 4151 712 4189 manu
753 4151 850 4190 sua
892 4135 1232 4204 conscripsit.
1265 4133 1418 4190 Unde
1447 4142 1658 4188 constat
1695 4151 1822 4204 pro-

235 4229 553 4284 missionem
583 4230 663 4286 sic
687 4229 960 4295 manendi,
985 4231 1155 4284 donec
1175 4227 1384 4282 veniret
1411 4227 1690 4292 Dominus,
1711 4239 1818 4281 non

237 4337 308 4378 eo
339 4323 608 4391 pertinere
633 4323 778 4392 quod
801 4323 916 4377 sine
945 4322 1130 4377 labore
1159 4321 1471 4376 certaminis
1499 4322 1736 4377 victurus
1765 4321 1816 4374 in

235 4413 466 4480 mundo,
490 4413 584 4468 sed
620 4413 713 4468 illo
747 4415 946 4484 potius,
984 4413 1124 4484 quod
1169 4415 1285 4467 sine
1323 4411 1505 4466 dolore
1551 4413 1818 4482 passionis

237 4503 572 4558 transiturus
599 4509 741 4558 esset
772 4503 838 4557 de
865 4501 1082 4556 mundo.
1135 4499 1288 4557 Sicut
1329 4503 1469 4556 enim
1515 4503 1568 4556 in
1595 4501 1815 4558 Patrum

1927 3312 2024 3367 Dei
2051 3311 2182 3384 [Μδ.
2213 3321 2262 3366 et
2288 3311 2454 3378 Beda,
2481 3314 2648 3367 verbo
2675 3313 2793 3386 Dei]
2823 3315 3165 3384 praedicando
3193 3331 3207 3380 ;
3237 3316 3512 3384 perhibuit

1926 3403 2249 3468 Scribendo;
2291 3403 2562 3474 perhibuit
2607 3405 2803 3470 denuo,
2827 3405 3015 3460 eadem
3049 3421 3168 3474 quae
3216 3407 3510 3476 scripserat

1925 3493 2210 3558 docendo;
2267 3495 2510 3563 perhibet
2561 3495 2722 3548 etiam
2781 3510 2942 3561 nunc,
2967 3496 3314 3566 Evangelium
3369 3497 3508 3566 quod

1925 3584 2210 3652 descripsit
2235 3583 2288 3636 in
2315 3582 2572 3638 Eccicsiis
2601 3583 2884 3656 legendum
2909 3587 3212 3654 pandendo.
3247 3598 3272 3625 α
3306 3585 3510 3658 [Siqui-

1924 3676 2048 3731 dcm
2076 3693 2104 3730 a
2145 3684 2384 3745 tempore
2429 3677 2720 3732 Dominicae
2759 3679 3046 3746 passionis,
3097 3681 3510 3737 resurrectionis

1919 3773 1981 3822 'et
2005 3765 2337 3823 ascensionis
2369 3767 2428 3822 in
2451 3768 2672 3834 cmlum,
2704 3784 2873 3838 usque
2902 3771 2970 3822 ad
2999 3770 3184 3823 ultima
3215 3770 3504 3824 Domitiani

1921 3859 2182 3930 principis
2219 3865 2480 3926 tempora,
2529 3873 2627 3926 per
2670 3874 2839 3914 annos
2881 3859 3101 3914 circiter
3149 3861 3426 3930 sexaginta
3454 3869 3510 3916 et

1923 3950 2162 4020 quinque
2191 3991 2204 4013 ,
2249 3949 2452 4018 absque
2482 3947 2590 4004 ullo
2619 3948 2889 4004 scribendi
2927 3949 3254 4006 adminiculo
3281 3951 3505 4006 verbum
3547 4021 3554 4026 .

1923 4039 2017 4095 Dei
2049 4041 2393 4110 praedicabat.
2431 4041 2501 4094 At
2540 4042 2630 4096 ubi
2676 4039 2842 4113 648
2869 4057 2899 4095 a
2939 4041 3264 4107 Domitiano,
3301 4041 3393 4111 qui
3424 4057 3509 4097 se-

1923 4135 2128 4188 cundus
2197 4141 2320 4204 post
2379 4133 2645 4188 Neronem
2705 4125 3132 4188 Christianorum
3193 4143 3508 4204 persecutor

1921 4228 2146 4292 exstitit,
2177 4229 2230 4281 in
2261 4227 2508 4282 exsilium
2553 4229 2750 4283 missus
2791 4236 2893 4292 est,
2921 4229 3279 4298 irrumpentes
3303 4229 3360 4282 in
3406 4228 3508 4284 Ec-

1921 4319 2142 4374 clesium
2169 4319 2428 4384 haeretici,
2463 4319 2616 4389 quasi
2665 4319 2718 4373 iu
2745 4319 2999 4374 destituta
3031 4335 3058 4370 a
3087 4327 3306 4388 pastore
3337 4318 3498 4374 ovilia

1919 4409 2050 4480 lupi,
2083 4410 2343 4476 Marcion,
2367 4409 2676 4475 Ccrinthus,
2701 4410 2894 4475 Ebion,
2923 4409 3214 4478 canorique
3231 4407 3508 4464 Antichri-

1921 4503 2012 4570 Sti,
2042 4503 2134 4573 qui
2161 4500 2433 4558 Christum
2459 4501 2624 4556 fuisse
2649 4507 2774 4556 ante
2811 4499 3028 4554 Mariam
3059 4501 3346 4572 negabant,
3375 4501 3505 4556 sim—

225 4592 446 4648 =litteris.
466 4592 790 4658 invenimus,
817 4605 940 4648 cum
967 4592 1126 4664 longo
1155 4591 1436 4648 confectus
1459 4593 1634 4658 senio,
1655 4595 1820 4649 sciret
1845 4564 1896 4623 Β
1923 4596 2218 4666 plicitatem
2245 4595 2368 4650 iidei
2393 4595 2715 4666 evangelium
2743 4608 2994 4666 perversa
3039 4594 3379 4650 maculaverc
3407 4595 3504 4649 do-

233 4683 530 4740 imminere
578 4684 722 4739 diem
769 4697 1015 4742 recessus
1057 4685 1163 4750 sui,
1193 4686 1502 4742 convocatis
1544 4685 1822 4754 discipulis

237 4775 358 4834 suis
383 4789 483 4848 per
509 4777 712 4832 monita
750 4775 942 4850 [Beda,
965 4785 1087 4849 post
1125 4777 1352 4851 monita]
1387 4777 1820 4836 exhortationum

225 4884 308 4928 iac
331 4869 622 4926 missarum
645 4869 1088 4938 celebrationem,
1112 4871 1362 4928 ultimum
1391 4873 1470 4928 eis
1499 4873 1616 4930 vale
1645 4873 1776 4930 fecit
1807 4891 1819 4927 :

225 4959 438 5014 deinde
447 4959 784 5014 descendens
805 4959 858 5012 in
877 4958 1150 5015 defossum
1175 4961 1464 5030 sepultura:
1488 4977 1598 5018 suae
1619 4963 1822 5032 locum,

235 5049 387 5108 facta
414 5049 680 5116 oratione,
706 5051 979 5121 appositus
1002 5057 1085 5104 est
1110 5051 1174 5104 ad
1195 5059 1378 5120 patres
1406 5069 1532 5109 suos
1557 5061 1664 5108 tam
1689 5053 1825 5110 liber

221 5156 272 5198 .a
301 5139 490 5198 dolore
511 5139 731 5206 mortis,
757 5155 920 5210 quam
947 5156 980 5196 a
1005 5143 1352 5211 corruptione
1389 5145 1571 5198 carnis
1613 5145 1822 5202 inveni-

219 5242 336 5290 ,ων
361 5232 590 5288 alienus.
615 5232 796 5303 Atque
824 5233 898 5286 ita
924 5233 1190 5304 completa
1211 5241 1296 5288 est
1316 5234 1550 5289 veridica
1581 5236 1674 5291 illa
1702 5235 1820 5291 Sal—

237 5322 450 5380 vatoris
491 5324 781 5388 sententia,
823 5321 950 5396 quia
1001 5322 1080 5378 sic
1121 5337 1247 5378 eum
1297 5323 1530 5380 voluerit
1581 5339 1823 5392 manere,

239 5415 420 5476 donec
459 5413 573 5486 ipse
599 5415 829 5470 veniret.
858 5413 1154 5470 Possumus
1181 5425 1362 5470 autem
1395 5417 1622 5487 mystice
1659 5417 1712 5472 in
1741 5419 1826 5476 bis

1919 4689 2114 4742 ctrina.
2174 4687 2282 4742 Sed
2327 4690 2454 4742 dum
2499 4689 2614 4756 ipse
2661 4695 2782 4756 post
2817 4687 3142 4744 occisionem
3191 4686 3502 4754 Domitiani,

1917 4779 2264 4849 permittente
2303 4779 2392 4850 pio
2433 4780 2676 4850 principe
2721 4777 2914 4842 Nerva,
2953 4779 3166 4834 rediret
3206 4780 3501 4848 Ephesum,

1917 4871 2229 4942 compulsus
2255 4879 2338 4928 est
2361 4871 2430 4940 ab
2454 4869 2702 4926 oumibus
2729 4886 2864 4940 pene
2903 4879 3028 4930 tunc
3053 4873 3194 4928 Asiae
3231 4871 3500 4942 episcopis

1927 4971 1980 5018 et
2007 4963 2299 5018 multarum
2329 4962 2689 5032 Ecclesiarum
2737 4963 3108 5034 legationibus,
3141 4966 3206 5018 de
3234 4971 3502 5024 coaeterni:

1929 5053 2078 5110 Patri
2111 5055 2389 5109 divinitate
2431 5053 2630 5109 Christi
2673 5054 2836 5110 altius
2877 5053 3056 5110 facere
3083 5067 3410 5120 sermonem,
3437 5069 3503 5110 eo

1931 5145 2156 5216 quodin
2187 5145 2349 5204 trium
2396 5145 2842 5215 evangelistarum
2887 5143 3119 5214 scriptis,
3147 5142 3390 5200 Matthxi
3425 5143 3507 5199 vi—

1911 5235 2141 5300 delicet,
2169 5235 2358 5301 Marci,
2387 5245 2442 5290 et
2474 5235 2651 5304 Lucae,
2681 5238 2747 5296 de
2784 5235 3116 5294 humanitate
3159 5233 3297 5304 eius,
3343 5251 3408 5292 ac
3437 5235 3504 5292 de

1913 5325 2030 5390 his,
2059 5339 2180 5393 quae
2221 5339 2320 5394 per
2362 5325 2633 5382 hominem
2679 5329 2862 5395 gessit,
2901 5323 3175 5380 subiciens
3205 5323 3306 5380 sibi
3357 5325 3505 5386 vide-

1923 5427 2112 5476 rentur
2137 5419 2340 5476 habere
2368 5419 2756 5475 testimonium.
2801 5415 2954 5488 Quod
2991 5417 3082 5472 ille
3109 5431 3172 5471 sc
3201 5429 3317 5478 non
3341 5415 3502 5472 aliter

221 5523 370 5580 qua
393 5505 556 5564 Petro
581 5505 850 5562 etJoanni
878 5523 908 5561 a
937 5507 1164 5562 Domino
1187 5509 1442 5576 praedicta
1473 5509 1714 5578 atquein
1749 5510 1829 5568 eis
1915 5511 2190 5570 facturum
2237 5513 2529 5581 respondit,
2575 5511 2678 5566 nisi
2721 5509 2928 5568 indicto
2961 5509 3167 5582 jejunio
3211 5521 3401 5572 omnes
3447 5505 3501 5570 in

229 5607 374 5662 sunt
397 5607 572 5682 gesta,
601 5599 736 5655 duas
763 5599 1021 5654 Ecclesiae
1064 5600 1226 5665 vitas,
1249 5601 1443 5668 quibus
1473 5600 1527 5653 in
1571 5603 1826 5670 praesenti

1926 5615 2208 5658 contmunc
2237 5602 2519 5658 Dominum
2555 5607 2930 5670 precarentur,
2951 5607 3016 5656 ut
3064 5599 3152 5656 illo
3181 5599 3340 5668 digna
3367 5595 3504 5654 sori-

319 5751 351 5810 s
379 5736 650 5810 gannit:
689 5747 993 5810 sequuntur
1045 5737 1254 5810 uncinis
1305 5735 1532 5798 inclusa,
1567 5737 1826 5805 sppetias
1864 5741 1964 5796 col.
2009 5743 2134 5808 Ἠῶ,
2159 5745 2320 5800 etiam
2351 5744 2564 5808 inst-ma
2609 5741 2952 5800 hahoutm’iu
2997 5738 3235 5810 liniﬂibia
3275 5735 3505 5806 Mi?"

245 5809 389 5864 toria
413 5808 480 5861 ad
498 5806 700 5862 Gislam
725 5815 782 5862 et
805 5808 1174 5864 Richtrudam.
