4088 6330
619 403 756 463 10οἸ

1488 402 1550 455 Β.
1591 400 1652 454 F.
1693 397 1918 454 ALBINI
1959 397 2089 455 SEU
2126 397 2403 454 ALCUlNl
2441 394 2726 454 OPERUM
2762 391 2940 450 PARS
2975 393 3038 450 ll.

3768 402 3916 463 1008

616 527 746 580 bere
785 530 984 594 posset.
1031 522 1098 576 Et
1138 522 1238 575 hoc
1284 520 1356 573 ita
1401 527 1635 590 patrato,
1667 519 1959 573 instructus
1998 517 2201 572 revela—
2227 520 2281 580 Δ
2303 517 2484 583 Jesus,
2515 534 2631 588 quae
2659 517 2704 571 si
2741 517 3043 570 scribantur
3068 533 3162 588 per
3187 517 3420 590 singula,
3459 535 3550 574 nec
3578 520 3787 592 ipsum,
3821 543 3914 580 ar-

616 618 785 682 tione,
816 633 880 671 ac
905 615 1078 671 sancti
1105 613 1340 683 Spiritus
1369 612 1538 680 gratia
1574 611 1835 675 ebriatus,
1879 625 2066 665 omnes
2093 611 2202 664 ha:-

617 711 912 766 reticorum
948 708 1219 772 tenebras,
1267 705 1534 776 patefacta
1564 703 1750 776 (Beda,
1778 701 2080 775 patefactae)
2106 719 2198 758 su-

616 800 731 856 bito
755 797 1000 854 veritatis
1030 797 1146 851 lucc
1195 794 1446 864 dispulit:
1498 793 1565 847 In
1600 794 1878 864 principio,
1927 793 2199 863 inquiens,

617 899 731 946 erat
773 888 1020 953 Verbum,
1048 896 1096 941 et
1161 883 1385 940 Verbum
1412 894 1523 940 erat
1555 884 1697 954 apud
1739 884 1930 950 Deum,
1961 893 2010 938 et
2057 883 2200 938 Deus

615 988 729 1035 erat
761 977 1033 1050 Verbum]
1065 976 1414 1045 Similemque
1436 975 1606 1030 initiis
1632 984 1802 1031 totum
1829 976 1910 1031 sui
1936 976 2201 1032 sermonis

617 1083 834 1123 cursum
862 1066 1090 1131 faciens,
1123 1065 1410 1122 Dominum
1438 1076 1683 1120 nostrum
1711 1063 1893 1121 Jesum
1923 1066 2201 1121 Christum

616 1157 757 1214 sicut
783 1172 970 1212 verum
999 1156 1298 1222 hominem,
1323 1170 1451 1210 vere
1480 1171 1549 1210 ex
1577 1155 1796 1211 homine
1836 1158 2201 1226 temporaliter

615 1251 840 1316 factum,
869 1250 941 1305 ita
987 1249 1152 1305 etiam
1176 1264 1365 1304 verum
1406 1249 1596 1315 Deum,
1642 1262 1766 1303 vere
1792 1264 1858 1303 ex
1890 1250 1998 1305 Deo
2041 1249 2202 1304 Patre

613 1343 940 1398 aeternaliter
968 1351 1176 1409 natum,
1223 1355 1349 1396 vere
1377 1356 1501 1395 cum
1549 1339 1709 1395 Patre
1744 1347 1800 1395 et
1827 1355 1947 1394 cum
1995 1340 2200 1411 Spiritu

614 1443 804 1489 sancto
833 1449 1047 1504 semper
1076 1434 1415 1498 existentem,
1438 1432 1735 1487 clarissima
1759 1433 2056 1488 assertione
2079 1447 2202 1501 per-

615 1527 835 1584 docuit:
865 1527 974 1582 imo
1000 1527 1182 1582 omnia
1228 1526 1423 1581 divina:
1467 1525 1713 1580 veritatis
1740 1532 1795 1580 et
1832 1540 1973 1579 verae
2007 1524 2201 1579 divini-

616 1620 764 1684 tatis,
795 1627 1057 1688 quantum
1084 1618 1238 1672 alteri
1271 1617 1580 1673 mortalium
1624 1615 1754 1671 nulli
1799 1616 1972 1682 licuit,
2003 1632 2200 1671 arcana

615 1709 896 1764 reseravit.
946 1709 1012 1762 Et
1037 1709 1141 1763 hoc
1183 1707 1376 1778 virgini
1406 1707 1744 1777 privilegium
1775 1718 1920 1761 recte
1951 1721 2198 1761 reserva-

612 1801 794 1865 batur,
823 1808 878 1855 et
905 1800 973 1854 ad
1015 1799 1303 1854 scrutanda
1347 1798 1507 1853 Verbi
1545 1797 1971 1866 incorruptibilis
2017 1813 2202 1851 sacra-

613 1898 818 1957 menta,
845 1890 1155 1958 incorrupto
1182 1890 1295 1958 ipse
1318 1903 1426 1943 non
1463 1888 1636 1942 solum
1662 1888 1844 1951 corde,
1873 1887 1966 1941 sed
1996 1894 2049 1942 et
2075 1903 2197 1942 cor-
2228 1875 2272 1936 Β

614 1995 746 2050 pore
784 1982 1120 2053 procederet.
1168 1982 1246 2036 De
1279 1981 1430 2050 cujus
1459 1979 1727 2034 dictorum
1754 1979 2003 2044 veritate,
2033 1996 2195 2050 quam

615 2071 688 2126 sit
717 2072 918 2125 nemini
946 2071 1342 2142 ambigendum,
1392 2071 1507 2141 ipse
1533 2086 1747 2140 quoque
1785 2071 1992 2126 curavit
2017 2081 2198 2126 osten—

613 2162 778 2216 dere:
813 2163 904 2231 qui
935 2178 1058 2217 cum
1098 2163 1359 2217 dixisset:
1405 2162 1507 2216 Hic
1544 2172 1619 2217 est
1661 2162 1948 2232 discipulus
1973 2162 2078 2226 ille,
2109 2163 2198 2234 qui

613 2256 967 2310 testimonium
989 2255 1217 2325 perhibet
1241 2254 1304 2308 de
1329 2255 1430 2318 his,
1457 2263 1504 2308 et
1530 2255 1736 2324 scripsit
1781 2254 1911 2318 Ita'c,
1943 2255 2198 2309 continuo

613 2345 840 2415 subjecit
865 2351 919 2399 et
939 2345 1013 2400 ait
1038 2363 1051 2398 :
1085 2344 1155 2398 Et
1177 2345 1389 2409 scimus,
1413 2344 1535 2414 quia
1556 2359 1734 2396 verum
1755 2353 1829 2397 est
1851 2343 2200 2397 testimonium

612 2437 746 2507 ejus.
777 2435 909 2502 Quia
936 2452 1064 2507 ergo
1093 2446 1148 2492 et
1189 2451 1288 2491 nos
1333 2451 1456 2492 cum
1485 2435 1695 2490 caeteris
1727 2434 1970 2490 ﬁdelibus
2001 2435 2202 2490 scimus

615 2527 743 2595 quia
771 2538 957 2582 verum
988 2535 1071 2580 est
1097 2525 1462 2580 testimonium
1508 2522 1641 2592 ejus,
1689 2538 1939 2579 curemus
1969 2539 2064 2595 per
2088 2539 2206 2578 (πη-ι

617 2618 706 2672 nia
737 2626 796 2674 ut
821 2626 967 2674 recta
995 2617 1100 2673 fide
1137 2616 1502 2687 intelligendo,
1529 2622 1677 2669 recta
1715 2615 2025 2685 operatione
2051 2631 2204 2670 exer-

615 2712 783 2766 cendo
807 2727 927 2782 quae
948 2711 1152 2776 docuit,
1185 2711 1251 2764 ad
1279 2709 1418 2764 dona
1459 2707 1834 2779 perveniamus
1875 2709 2202 2780 sempiterna

615 2817 735 2872 quae
759 2802 1024 2872 promisit.
1059 2821 1078 2854 ι

838 2913 1195 2970 SUPPLETA
1226 2913 1320 2968 EX
1359 2913 1470 2970 MS.
1501 2914 1558 2969 S.
1595 2913 1981 2970 EMMERAMI.

689 3025 851 3080 Vens.
879 3025 968 3080 25.
1001 3056 1072 3066 —-
1097 3024 1234 3081 Sunt
1263 3035 1437 3080 autem
1471 3035 1521 3080 et
1560 3026 1669 3081 alia
1697 3027 1886 3094 multa,
1924 3043 2041 3100 qua:
2084 3027 2204 3098 fecit
2232 3007 2281 3072 θ

694 3169 720 3197 α
752 3157 830 3212 Ex
863 3157 919 3213 S.
952 3158 1114 3228 Aug.,
1145 3165 1303 3214 tract.
1334 3173 1515 3226 cxxw,
1547 3174 1696 3214 num.
1729 3161 1782 3216 8.

2303 607 2485 673 bitror,
2524 607 2778 662 mundum
2806 623 2990 676 capere
3016 623 3102 662 eos
3131 609 3220 680 qui
3262 610 3526 664 scribendi
3551 624 3675 667 sunt
3720 614 3911 671 libros.

2308 715 2326 749 ι
2363 709 2389 737 ι
2434 696 2551 752 Νοη
2586 697 2760 768 spatio
2805 696 3053 752 locorum
3093 698 3428 754 credendum
3475 711 3578 768 est,
3630 706 3908 762 mundum

2301 805 2495 860 capere
2522 805 2628 846 non
2651 806 2830 860 posse,
2859 807 2978 862 quae
3004 791 3060 847 in
3085 807 3150 848 eo
3171 793 3337 849 scribi
3359 796 3627 864 quomodo
3651 809 3906 868 possent,

2301 886 2347 942 si
2373 886 2573 957 scripta
2599 902 2704 942 non
2732 885 2922 953 ferret,
2950 887 3045 944 sed
3071 890 3370 960 capacitate
3407 890 3709 961 legentium
3756 910 3906 949 com-

2299 979 2557 1051 prehendi
2604 979 2836 1036 fortasse
2880 994 2990 1036 non
3027 991 3268 1052 possent,
3321 985 3588 1054 quamvis,
3623 985 3790 1041 salva
3821 1005 3906 1044 re-

2301 1087 2421 1126 rum
2443 1071 2566 1137 ﬁde,
2583 1072 2900 1143 plerumque
2921 1075 3085 1129 verba
3105 1075 3370 1130 excedere
3394 1076 3690 1132 videantur
3718 1079 3906 1135 ﬁdem.

2299 1160 2454 1229 Quod
2477 1178 2585 1218 non
2614 1163 2675 1218 fit
2697 1164 2911 1234 quando
2935 1165 3141 1234 aliquid
3172 1168 3316 1236 quod
3344 1175 3462 1222 erat
3487 1169 3800 1226 obscurum
3827 1173 3906 1228 vel

2301 1252 2542 1319 dubium,
2592 1270 2754 1310 causa
2779 1263 2833 1311 et
2884 1257 3094 1312 ratione
3144 1256 3376 1324 reddita,
3433 1260 3761 1329 exponitur,
3820 1266 3907 1319 sed

2300 1346 2515 1415 quando
2545 1345 2598 1399 id
2622 1347 2765 1416 quod
2804 1356 3050 1417 apertum
3094 1356 3196 1414 est,
3230 1349 3316 1405 vel
3360 1359 3615 1421 augetur,
3643 1353 3738 1407 vel
3766 1363 3906 1410 exte~

2301 1447 2536 1504 nuatur;
2581 1455 2682 1494 nec
2711 1449 2890 1496 tamen
2917 1456 2948 1495 a
2979 1441 3196 1497 tramite
3238 1441 3609 1511 signiﬁcanda:
3646 1447 3898 1502 veritatis

2301 1540 2533 1596 erratur,
2565 1533 2818 1603 quoniam
2845 1533 2926 1589 sic
2971 1534 3135 1590 verba
3164 1549 3280 1588 rem
3321 1551 3442 1604 qua:
3487 1537 3779 1593 indicatur
3818 1556 3902 1596 ex-

2300 1627 2517 1689 cedunt,
2547 1635 2606 1680 ut
2633 1627 2880 1682 voluntas
2905 1627 3196 1697 loquentis,
3225 1643 3328 1682 nec
3351 1627 3591 1684 fallentis
3619 1643 3893 1702 appareat,

2301 1719 2393 1786 qui
2427 1717 2578 1772 novit
2602 1734 2885 1788 quousque
2913 1718 3187 1785 credatur,
3216 1735 3248 1774 a
3276 1736 3382 1791 quo
3408 1721 3550 1776 ultra
3578 1738 3750 1792 quam
3789 1741 3897 1780 cre-

2302 1809 2535 1864 dendum
2561 1819 2666 1875 est,
2698 1809 2783 1864 vel
2827 1811 3090 1866 minuitur
3116 1811 3383 1881 loquendo
3425 1812 3656 1883 aliquid,
3690 1815 3778 1869 vel
3806 1832 3895 1870 au-

2301 1911 2474 1972 getur.
2529 1901 2683 1956 Hunc
2735 1901 2986 1971 loquendi
3035 1904 3253 1958 modum
3302 1901 3493 1960 (ἔντεα)
3539 1907 3762 1962 nomine
3797 1924 3897 1962 non

2302 1993 2474 2050 solum
2512 1992 2843 2058 Gnecarum,
2892 1994 2973 2048 vel
3006 1994 3171 2048 etiam
3215 1994 3532 2051 Latinarum
3579 1998 3889 2053 litterarum

2305 2084 2548 2155 magistri
2583 2083 2873 2154 Yperbolen
2902 2093 3116 2150 vocant,
3147 2085 3241 2155 qui
3269 2088 3475 2152 modus,
3515 2089 3651 2144 sicut
3680 2091 3790 2145 hoc
3815 2091 3898 2146 lo-

2303 2192 2391 2241 co,
2422 2175 2497 2230 ita
2524 2176 2578 2229 in
2603 2176 2873 2231 nonnullis
2895 2177 3015 2232 aliis
3038 2177 3235 2233 divinis
3269 2178 3457 2235 litteris
3482 2180 3752 2236 invenitur
3775 2201 3792 2236 :
3825 2193 3888 2237 ut

2303 2275 2423 2324 est:
2471 2267 2764 2322 Posuerunt
2793 2269 2848 2322 in
2884 2268 3009 2322 caelo
3037 2286 3093 2323 os
3139 2287 3293 2324 suum
3342 2269 3506 2342 (Psal.
3532 2288 3631 2336 \‘ll,
3657 2272 3717 2345 9)
3741 2291 3758 2337 ς
3787 2283 3843 2328 et
3867 2291 3884 2327 :

2316 2356 2567 2412 Verticem
2590 2357 2767 2429 capilli
2791 2359 3266 2427 perambulantium
3286 2361 3343 2416 in
3365 2362 3563 2416 delictis
3585 2365 3696 2416 suis
3720 2361 3896 2432 (Psal.

2307 2465 2471 2514 vau,
2501 2449 2591 2520 22)
2619 2469 2631 2503 :
2663 2458 2718 2504 et
2742 2451 2908 2504 multa
2935 2451 3260 2522 hujusmodi,
3292 2470 3411 2524 qua:
3442 2455 3748 2524 Scripturis
3774 2473 3897 2511 san-

2308 2540 2411 2595 ctis
2442 2557 2547 2596 non
2575 2543 2790 2609 desunt,
2819 2543 2960 2598 sicut
2993 2544 3084 2598 alii
3114 2545 3275 2616 tropi,
3301 2546 3404 2602 hoc
3427 2555 3534 2612 est,
3566 2547 3900 2604 locutionum

2309 2632 2473 2686 modi.
2518 2633 2592 2686 De
2632 2634 2830 2702 quibus
2873 2635 3154 2706 Operosius
3199 2637 3554 2706 disputarem,
3607 2641 3721 2694 nisi
3746 2657 3904 2696 evan-

2309 2724 2496 2794 gelista
2550 2727 2870 2782 terminante
2923 2728 3270 2800 Evangelium
3329 2747 3510 2796 suum,
3569 2732 3742 2787 etiam
3798 2735 3903 2804 ipse

2307 2816 2660 2886 compellerer
2689 2834 2870 2874 meum
2899 2820 3191 2875 terminare
3215 2837 3543 2879 sermonem.
3577 2845 3597 2876 ι

2843 2990 3074 3065 Explicit
3107 2993 3239 3049 liber
3266 3009 3364 3051 vu.

650 3302 3896 3336 __..__..___.________.______.___._______________

1277 3423 1440 3496 6‘9
1521 3437 1960 3554 OPUSC
1977 3439 2368 3556 ULUM
2484 3439 3254 3562 SEPTIMUM.

1148 3645 1806 3731 TRACTAT
1841 3648 1994 3732 US
2074 3650 2565 3736 ALBINI
2648 3653 3339 3745 MAGISTRI

1669 3819 2008 3892 SUPER
2063 3816 2346 3893 TRES
2415 3822 2502 3895 S.
2567 3822 2893 3899 PAULI

620 3992 755 4121 Al)
841 3993 1214 4139 Tl'l‘llM,
1303 3992 1438 4120 All
1535 3992 2195 4120 PHILEMONEM
2285 3994 2415 4120 ET
2499 3993 2633 4122 ΑΙ)
2717 3919 3216 4133 HEBRMOS'
3270 4007 3868 4138 EPISTOLAS.

1845 4266 2223 4330 MONITUM
2264 4267 2671 4330 PRIEVIUM.

693 4472 912 4526 Beatum
939 4466 1347 4548 Fl.A.A_l\cui‘nu‘m
1381 4463 1660 4548 scripsisse
1695 4466 2128 4548 commentarios
2147 4465 2202 4518 in
2233 4469 2281 4528 D
2305 4479 2520 4548 censeo,
2549 4471 2707 4546 atque
2728 4460 3013 4518 dicendum
3034 4461 3316 4548 Alcu'inum
3328 4465 3557 4548 quidem
3578 4467 3634 4523 in
3661 4470 3904 4543 aliquas,

619 4549 850 4612 quatuor
891 4537 1060 4612 sancti
1092 4535 1242 4612 P_a_uli
1269 4535 1512 4612 .apostoli
1559 4535 1849 4606 Epistolas,
1885 4536 2031 4612 Vita:
2057 4535 2200 4612 illius

618 4605 829 4666 coaevus
858 4607 1090 4678 scriptor
1114 4607 1214 4660 [ide
1249 4605 1855 4678 dignissimus’tgsta‘tur
1885 4605 2197 4678 hisverbis:

625 4700 643 4732 ε
678 4679 905 4748 Scripsit
929 4675 985 4731 et
1011 4678 1065 4732 in
1096 4687 1328 4748 quatuor
1356 4675 1619 4748 Epistolas
1647 4675 1820 4741 Pauli,
1851 4676 1919 4748 ad
1941 4676 2200 4745 Ephesios

617 4746 843 4813 scilicet,
875 4750 942 4801 ad
975 4746 1170 4809 Titum,
1201 4748 1265 4802 ad
1293 4747 1659 4802 Philemonem
1691 4754 1744 4801 et
1771 4748 1838 4800 ad
1867 4746 2138 4800 Hebraeos.
2175 4767 2192 4798 ι

617 4821 926 4890 Scriptores
949 4819 1166 4890 quidam
1189 4818 1506 4890 posterjoris
1526 4817 1926 4890 aetatis,wSixtu_s
1948 4816 2200 4890 Senensis

617 4886 762 4947 Bibl:
812 4889 1021 4944 Sanctae
1064 4886 1301 4958 libb—Ill,
1349 4888 1679 4958 Trithemius
1717 4889 1840 4958 libr.
1881 4888 1956 4941 De
1998 4886 2196 4958 Script.

618 4961 827 5018 Eccles.
855 4968 910 5013 et
935 4959 1056 5012 libr.
1086 4974 1125 5028 ιι
1167 4959 1242 5012 De
1281 4957 1478 5028 Script.
1533 4957 1661 5014 0rd.
1694 4957 1752 5013 S.
1802 4957 1934 5011 Ben.
1962 4957 2197 5028 cap.756,

616 5033 852 5089 Joannes
879 5029 1072 5083 Baleus
1094 5027 1319 5098 Centum
1350 5027 1547 5098 Script.
1580 5029 1735 5088 Brit..
1783 5027 2200 5098 AntoniusPos-

617 5105 839 5160 sevinus
862 5101 916 5155 in
943 5101 1217 5170 Apparatu
1241 5097 1407 5170 Sacro
1433 5097 1561 5154 tom.
1587 5099 1628 5164 Ι,
1655 5097 2198 5170 ι-θΐθιθυηιίΑιευίιιυιη

614 5173 899 5244 scripsisse
939 5169 1115 5244 _l_ib_ro_s
1171 5169 1388 5244 omnino
1447 5170 1852 5244 quatuordecim
1905 5169 2198 5244 in__omnes

615 5238 788 5300 sancti
827 5240 977 5298 Pauli
1007 5239 1310 5312 Epistolas:
1354 5253 1540 5312 verum
1570 5242 1710 5296 unde
1737 5241 1842 5295 hoc
1890 5238 2193 5312 didicerint,

616 5322 672 5370 et
703 5327 961 5384 quamam
981 5309 1068 5366 sit'
1095 5310 1332 5384 ιςίίξινιιῐιι⁸
1356 5309 1615 5384 librorum
1661 5309 2198 5384 seugcommentario-

617 5379 738 5440 runi
766 5383 1021 5447 conditio,
1059 5381 1280 5436 minime
1317 5379 1598 5445 indicant;
1630 5395 1736 5449 quo
1763 5381 1880 5451 ipso
1913 5380 2044 5435 satis
2066 5395 2194 5451 pro-

617 5401 738 5440 rum
766 5397 1021 5447 conuitio,
1059 5397 1280 5436 minime
1317 5397 1598 5445 mancam;
1630 5397 1736 5449 quo
1763 5397 1880 5451 Ipso
1913 5397 2044 5435 satis
2066 5397 2194 5502 Pro-

615 5455 773 5521 dunt,
798 5451 941 5524 quod
971 5452 1148 5524 nullus
1173 5466 1359 5524 eorum
1402 5451 1819 5524 commentarios
1853 5451 1971 5524 illos
1997 5466 2063 5505 ve
2109 5450 2194 5504 vi-

617 5525 778 5592 derit,
815 5521 909 5579 _vel
952 5522 1040 5578 cui
1089 5521 1327 5592 auctori,
1363 5537 1498 5590 quos
1543 5521 1812 5584 viderunt,
1849 5521 2192 5592 deberentur,

617 5595 752 5652 satis
799 5592 1235 5658 examinaverit;
1282 5591 1415 5659 alias
1454 5600 1620 5656 certe,
1662 5593 1804 5661 quod
1843 5591 1897 5645 in
1935 5591 2055 5647 aliis
2092 5591 2194 5645 sibi

613 5664 772 5746 bene_
787 5662 1017 5746 cognitis
1033 5661 1252 5746 _Al_cuini
1272 5662 1801 5746 cptisculisfaciunt,
1846 5661 2197 5746 ill‘orum‘sal-

617 5741 730 5804 tem
759 5729 984 5804 initium
1017 5729 1331 5788 dedissentf
1357 5731 1506 5788 Fidei
1554 5733 1718 5804 igitur
1741 5729 2032 5804 scriptoris
2061 5731 2196 5804 Vita:

620 5802 851 5872 Alcuini,
900 5801 1076 5861 cidem
1124 5814 1263 5876 pene
1315 5801 1776 5875 contemporanei,
1834 5801 2193 5859 insistendum

2305 4551 2412 4589 non
2443 4543 2622 4607 tamen
2651 4533 2706 4588 in
2737 4549 2925 4589 omnes
2951 4534 3120 4589 sancti
3151 4534 3299 4590 Pauli
3326 4533 3592 4607 Epistolas
3619 4533 3904 4600 comfnenl

2305 4613 2472 4660 tatum
2503 4605 2687 4659 fuisse.

2372 4675 2553 4730 Latuit
2598 4689 2727 4730 vero
2771 4674 2874 4728 hoc
2922 4689 3055 4744 opus
3086 4676 3138 4730 in
3184 4677 3329 4732 hunc
3357 4679 3518 4744 diem,
3566 4692 3622 4736 et
3663 4685 3903 4740 necdum

2303 4747 2570 4830 integrum
2595 4753 2831 4830 apparet.
2856 4744 2924 4830 ἔῃ
2951 4747 3145 4830 insigni
3171 4749 3388 4830 quidem
3410 4752 3727 4830 bibliotheca
3747 4755 3905 4811 cele-

2301 4817 2553 4872 berrima
2587 4816 2815 4870 abbatiaa
2854 4815 3240 4873 Eiusied'lensis
3288 4831 3539 4877 servatur
3566 4825 3733 4880 codex
3783 4841 3900 4882 ms.

2302 4887 2680 4965 membraneus
2710 4901 2834 4940 suae.
2865 4897 3190 4965 Ix,_n_ot_atus
3216 4889 3410 4965 litteris
3439 4893 3502 4958 Β,
3535 4895 3588 4960 9,
3627 4911 3734 4965 quo
3765 4911 3901 4952 con-

2304 4958 2540 5034 tinetur:
2581 4955 2856 5034 Tractatus
2902 4957 3086 5034 Albini
3112 4961 3352 5034 magistri
3380 4955 3550 5034 super
3576 4955 3695 5019 tre:
3722 4969 3901 5021 murti

2302 5025 2462 5081 Pauli
2496 5025 3042 5099 apostoli__Epistolas,
3068 5030 3124 5082 id
3151 5025 3246 5094 es},
3277 5033 3346 5085 ad
3378 5025 3572 5099 Til'um,
3608 5037 3683 5089 ad
3714 5035 3903 5091 Phila

2301 5114 2506 5151 manem
2530 5107 2577 5150 et
2605 5096 2674 5150 ad
2702 5096 2970 5152 Hebraeos.
3008 5100 3084 5153 Ita
3111 5101 3253 5155 enim
3283 5103 3482 5158 ibidem
3515 5096 3706 5163 titulus
3731 5124 3900 5162 manu

2301 5169 2490 5242 eadem
2521 5182 2625 5237 qua
2660 5167 2870 5242 integer
2898 5168 3034 5242 liber
3072 5172 3317 5242 scriptus
3346 5185 3450 5239 est,
3499 5186 3766 5233 exaratus
3795 5189 3898 5233 est.

2300 5237 2491 5319 Deficit
2519 5252 2647 5319 ergo
2674 5237 2958 5319 Tractatus
2985 5241 3039 5296 in
3070 5237 3378 5319 ΕρρξῖιοιειῐῐιΔ
3391 5237 3458 5299 ad
3484 5247 3774 5316 Ephesios,
3806 5250 3898 5319 qui

2299 5309 2506 5384 primus
2526 5317 2608 5364 est
2635 5309 2776 5362 inter
2798 5319 3032 5384 quatuor
3059 5328 3089 5365 a
3117 5309 3254 5384 Vita:
3273 5309 3546 5384 scriptore
3567 5309 3894 5376 recensitos.

2301 5379 2430 5451 Quae
2457 5395 2591 5451 vero
2612 5395 2786 5451 causa
2810 5381 2879 5434 sit
2910 5382 3069 5451 hujus
3099 5382 3340 5439 defectus
3369 5379 3423 5440 in
3464 5389 3652 5443 codice
3681 5389 3897 5446 Einsie-

2301 5449 2490 5513 dlcnsi,
2521 5449 2760 5504 divinare
2789 5451 2928 5505 haud
2969 5449 3114 5508 licet.
3151 5453 3421 5512 Fortassis
3449 5459 3591 5513 idem
3616 5459 3710 5514 hic
3752 5460 3894 5516 Tra—

2300 5529 2474 5601 ctatus
2498 5521 2551 5601 in
2581 5521 2873 5601 Epistolam
2901 5522 2966 5601 ad
2995 5523 3267 5601 Ephesios
3283 5529 3577 5596 separatim
3605 5545 3637 5583 a
3665 5529 3894 5601 reliquis

2299 5591 2472 5662 tribus
2501 5592 2568 5662 ab
2604 5591 2829 5662 Alcuino
2856 5591 3202 5650 editus—fuit?
3227 5591 3386 5651 Cet-tie
3414 5601 3471 5654 in
3492 5607 3710 5656 vetusto
3732 5591 3890 5662 dt:-

2299 5661 2422 5732 logo
2451 5660 2816 5716 celeberrime
2860 5663 3195 5721 bibliothecae
3225 5665 3508 5725 Fuldensis
3536 5660 3892 5732 singulariter

2299 5739 2610 5806 recensetur
2659 5733 2799 5806 apud
2843 5732 3120 5806 Scbannat
3151 5745 3294 5806 part.
3342 5753 3361 5792 ι
3407 5739 3545 5795 Hist.
3596 5732 3888 5796 Fuldensis

2299 5817 2419 5875 pag.
2449 5801 2538 5858 64.
2568 5800 2702 5858 Tres
2728 5803 2894 5874 igitur
2917 5804 3038 5864 illos
3064 5800 3352 5867 Tractatus
3381 5823 3414 5866 ο
3434 5808 3770 5881 praelaudata
3796 5809 3883 5866 bi-
