4090 6438
603 337 735 393 1011
797 371 799 374 -

1463 335 1519 388 Β.
1558 335 1620 388 F.
1662 334 1887 391 ALBINI
1927 335 2059 392 SEU
2097 334 2373 392 ALCUINI
2411 336 2693 392 OPERUM
2725 336 2906 394 PARS
2941 338 3004 394 ll.

3730 341 3876 400 1012

600 451 800 505 dicitur
823 449 1301 514 immortalitatem,
1332 465 1453 504 cum
1481 460 1536 504 et
1558 450 1776 521 angelos
1792 459 1847 505 et
1874 450 2070 505 multas
2092 467 2178 505 ra-
2209 457 2256 512 Α
2286 452 2517 518 mundo,
2560 462 2615 508 et
2656 454 2962 510 hominibus
3004 464 3129 512 nota
3176 454 3354 520 fieret,
3387 455 3542 524 juxta
3581 457 3872 528 imperium

603 542 890 598 tionabiles
933 541 1060 597 fecit
1103 551 1380 598 creaturas
1427 543 1622 612 quibus
1658 543 1868 598 dederit
1907 544 2186 599 immorta-

601 633 847 701 litatem;
873 635 946 690 ita
968 643 1022 690 et
1042 634 1186 689 solus
1207 634 1403 689 dicitur
1420 651 1539 690 esse
1561 651 1742 701 verax,
1768 652 1877 693 non
1895 635 2055 708 351
2079 650 2187 706 quo

605 724 806 798 [Hier.,
837 725 1000 798 quod]
1045 733 1101 781 et
1126 727 1304 782 cateri
1345 743 1451 784 non
1493 727 1828 782 immortales
1857 735 1913 782 et
1947 728 2190 782 veritatis

605 816 714 871 sint
751 823 1043 882 amatores,
1087 817 1181 873 sed
1216 832 1322 887 quo
1350 817 1440 873 ille
1480 819 1626 874 solus
1675 818 1993 874 naturaliter
2035 820 2104 874 sit
2131 825 2188 874 et

604 908 928 966 immortalis
979 915 1034 965 et
1080 924 1285 965 verus:
1327 910 1507 966 caeteri
1562 925 1693 968 vero
1731 910 2188 974 immortalitatem

603 1010 660 1056 et
707 1002 990 1058 veritatem
1035 1018 1103 1058 ex
1147 1003 1429 1075 largitione
1479 1003 1622 1059 illius
1665 1012 2102 1074 consequantur;
2132 1013 2190 1059 et

602 1093 746 1148 aliud
775 1093 846 1148 sit
880 1108 1067 1148 verum
1107 1107 1228 1149 esse
1269 1095 1469 1150 habere
1511 1093 1630 1170 [per
1675 1103 1923 1152 naturam
1973 1093 2051 1167 et]
2089 1109 2187 1164 per

602 1183 969 1254 semetipsum,
1020 1184 1168 1242 aliud
1206 1185 1260 1240 in
1305 1193 1578 1254 potestate
1621 1186 1870 1241 donantis
1899 1200 2015 1240 esse
2043 1185 2186 1254 quod

600 1276 820 1333 habeas.
851 1275 959 1336 Sed
984 1293 1086 1334 nec
1104 1279 1208 1336 hoc
1235 1276 1448 1333 silentio
1466 1278 1893 1346 praetereundum
1917 1277 2188 1346 quomodo

599 1384 707 1423 non
731 1369 963 1424 mendax
993 1369 1150 1432 Deus,
1183 1376 1306 1423 ante
1335 1378 1534 1424 aeterna
1563 1369 1756 1423 szccula
1783 1375 2042 1424 aeternam
2063 1382 2187 1437 spo-

598 1441 853 1531 ponderit
873 1462 1058 1516 vitam.
1110 1460 1188 1514 Ex
1218 1475 1346 1531 quo,
1389 1461 1541 1534 juxta
1571 1461 1854 1516 historiam
1886 1459 2182 1528 Geneseos,

598 1550 777 1608 factus
801 1562 883 1609 est
924 1553 1176 1617 mundus,
1203 1560 1257 1606 et
1297 1567 1396 1622 per
1420 1553 1566 1610 vices
1591 1553 1830 1608 noctium
1858 1568 1922 1608 ac
1947 1553 2184 1620 dierum,

597 1647 866 1702 mensium
910 1649 1110 1718 pariter
1157 1654 1211 1702 et
1253 1662 1538 1713 annorum,
1592 1657 1832 1718 tempora
1890 1648 2186 1703 constituta

597 1746 742 1805 sunt,
768 1739 823 1793 in
850 1740 952 1795 hoc
979 1739 1247 1795 curriculo
1271 1748 1325 1796 et
1349 1747 1468 1796 rota
1506 1740 1690 1796 mundi
1732 1749 1973 1810 tempora
1995 1740 2185 1796 labun-

2291 541 2584 597 Salvatoris
2614 541 2740 608 Dei,
2769 545 2858 614 qui
2894 559 2992 599 nos
3017 545 3192 601 salvos
3219 562 3338 603 esse
3377 547 3574 612 voluit,
3605 549 3692 614 id,
3730 553 3880 618 quod

2286 633 2553 704 pollicitus
2576 633 2770 700 fuerat,
2795 637 3084 706 implendo.
3114 636 3166 708 [1
3171 655 3202 690 n
3224 638 3597 707 pradicatioue
3616 657 3736 708 quae
3764 657 3878 696 cra

2286 723 2398 777 dita
2427 732 2502 778 est
2529 726 2657 778 mihi
2692 726 2976 780 secundum
3015 738 3326 797 prtcceptum
3371 727 3670 784 Saluatoris
3710 733 3884 786 nostri

2286 812 2404 868 Dei.
2432 812 2682 884 Legimus
2705 815 2758 868 in
2782 815 3006 870 Actibus
3029 817 3411 886 apostolorum,
3439 821 3715 888 quomodo
3735 819 3874 874 Pau-

2286 901 2368 960 lus
2395 905 2448 958 in
2475 905 2560 962 via
2584 904 2902 962 Damascum
2938 925 3170 980 pergens
3205 910 3382 966 subito
3412 919 3640 967 vocatus
3675 921 3794 976 est,
3826 929 3880 968 ut

2286 997 2552 1064 quomodo
2581 996 2801 1050 Ananiae
2835 999 3032 1053 dicitur
3063 1019 3074 1053 :
3108 1001 3213 1055 Iste
3240 1013 3313 1055 est
3334 1004 3461 1056 mihi
3487 1021 3582 1058 vas
3610 1005 3886 1060 electionis

2289 1083 2424 1153 (Act.
2459 1097 2534 1149 Ix,
2568 1083 2675 1152 1-5).
2711 1085 2776 1138 Et
2812 1086 3005 1141 iterum
3037 1105 3048 1141 :
3085 1089 3362 1160 Segregate
3395 1093 3523 1146 mihi
3552 1089 3790 1150 Paulum
3832 1106 3881 1150 et

2285 1173 2586 1236 Barnabam
2615 1174 2776 1246 (Ibid.
2804 1193 2923 1244 xui,
2949 1178 3026 1252 2).
3060 1179 3169 1236 Hoc
3204 1190 3285 1238 est
3312 1191 3646 1253 praeceptum
3692 1185 3880 1242 Salva-

2287 1266 2453 1332 toris,
2499 1275 2559 1324 ut
2603 1269 2895 1337 praedicent
2945 1271 3194 1340 gentibus
3235 1272 3560 1340 Christum.)
3615 1277 3811 1335 Sermo
3853 1279 3888 1322 δ

2287 1362 2484 1431 quippe
2509 1371 2565 1416 et
2586 1365 2847 1434 sapientia
2871 1374 2928 1420 et
2955 1367 3217 1433 doctrina,
3249 1383 3352 1438 qua
3382 1369 3536 1424 Titus
3561 1370 3772 1432 Christi
3793 1389 3881 1429 ec-

2287 1453 2480 1508 clesias
2508 1453 2828 1522 instruebat,
2859 1455 3163 1514 efﬁciebant
3187 1473 3309 1516 eum
3334 1463 3617 1534 proprium
3647 1463 3882 1534 apostoli

2288 1545 2477 1612 filium,
2505 1556 2560 1601 et
2589 1549 2656 1603 ab
2679 1548 2825 1603 omni
2856 1548 3082 1606 aliorum
3117 1553 3390 1607 consortio
3423 1563 3764 1624 separatum.
3793 1556 3882 1611 Vi.-

2286 1638 2511 1695 deamus
2537 1650 2659 1709 post
2683 1643 2795 1697 hinc
2827 1644 2969 1713 quod
2998 1645 3242 1713 sequitur
3274 1665 3286 1698 :
3320 1646 3626 1701 Secundum
3651 1665 3871 1703 ams-

2288 1747 2404 1785 nem
2427 1729 2603 1800 fidem.
2636 1732 2955 1789 Utrumnam
2980 1737 3220 1791 omnium
3243 1739 3333 1808 qui
3367 1739 3422 1793 in
3443 1738 3671 1796 Christo
3701 1741 3875 1796 crede-

599 1837 710 1897 tur,
733 1839 788 1888 et
808 1832 1048 1900 veniunt,
1071 1843 1127 1887 et
1146 1842 1243 1888 aut
1265 1832 1447 1889 futura
1473 1842 1616 1899 sunt,
1648 1843 1742 1888 aut
1765 1833 2002 1890 fuerunt.
2031 1834 2184 1890 Unde
2212 1822 2259 1884 Β
2287 1823 2440 1888 bant.
2471 1838 2808 1880 Communem
2833 1827 3036 1882 dixem
3055 1827 3235 1895 ﬁdem.
3266 1845 3332 1885 an
3362 1845 3714 1887 communem
3732 1847 3880 1888 suam

600 1923 819 1990 quidam
848 1923 1290 1992 philosophorum
1317 1940 1426 1980 non
1451 1933 1648 1994 putant
1669 1939 1790 1979 esse
1812 1933 2022 1994 tempus
2049 1939 2186 1992 prae—

597 2026 744 2077 sens,
775 2013 869 2067 sed
897 2022 988 2067 aut
1035 2015 1369 2084 prmteritum
1416 2023 1507 2069 aut
1553 2014 1827 2081 futurum;
1875 2016 2000 2084 quia
2027 2031 2188 2070 omne

598 2103 743 2183 quod
766 2103 1058 2173 loquimur,
1081 2106 1309 2178 agimus,
1333 2105 1656 2177 cogitamus,
1681 2114 1772 2158 aut
1794 2105 1918 2159 dum
1944 2104 2022 2170 tit,
2051 2120 2189 2175 prie-

599 2196 760 2260 terit;
789 2205 883 2251 aut
907 2198 952 2251 si
979 2198 1214 2252 nondum
1252 2197 1453 2254 factum
1495 2207 1600 2263 est,
1630 2204 1977 2270 exspectatur
2009 2195 2186 2270 μίξιν,

594 2287 1013 2360 exspectamus].
1047 2289 1187 2343 Ante
1230 2291 1346 2343 haec
1373 2305 1500 2360 ergo
1529 2289 1714 2343 mundi
1742 2297 2004 2359 tempora,
2031 2297 2187 2342 :rter-

592 2379 820 2436 nitatem
851 2381 1143 2450 quamdam
1169 2380 1487 2437 saeculorum
1516 2381 1682 2437 fuisse
1725 2381 2053 2436 credendum
2081 2389 2185 2448 est,

594 2473 793 2543 quibus
823 2488 1037 2544 semper
1055 2488 1177 2528 cum
1203 2473 1340 2529 Filio
1365 2482 1418 2529 et
1445 2473 1649 2543 Spiritu
1679 2482 1867 2528 sancto
1893 2471 2058 2528 fuerit
2082 2471 2186 2527 Pa-

595 2575 718 2622 ter:
745 2574 820 2634 et,
863 2575 924 2620 ut
962 2567 1035 2621 ita
1065 2566 1257 2631 dicam,
1291 2583 1456 2624 unum
1484 2576 1696 2637 tempus
1725 2566 1840 2632 Dei,
1882 2574 1967 2622 est
2007 2565 2185 2621 omnis

594 2659 910 2714 aeternitas:
959 2659 1070 2713 imo
1115 2659 1525 2716 innumerabilia
1575 2667 1813 2732 tempora
1865 2665 2007 2722 sunt,
2060 2673 2184 2713 cum

594 2748 837 2805 inﬁnitus
873 2749 944 2805 sit
979 2749 1113 2832 ipse,
1165 2751 1256 2820 qui
1303 2757 1430 2808 ante
1475 2758 1718 2819 tempora
1764 2764 1923 2805 omne
1973 2758 2186 2819 tempus

593 2841 826 2898 excedit.
857 2841 963 2898 Sex
999 2842 1167 2900 millia
1197 2841 1394 2914 [ωιτη
1433 2857 1528 2898 sex
1556 2839 1726 2914 mille]
1754 2841 1986 2896 necdum
2012 2841 2185 2896 nostri

591 2939 743 2996 orbis
777 2939 1068 3010 implentur
1096 2941 1242 3007 anni,
1288 2949 1343 2994 et
1369 2947 1602 3014 quantas
1644 2937 1796 3008 prius
1829 2935 2184 3004 aiternitates,

593 3042 796 3104 quanta
825 3042 1065 3102 tempora
1113 3039 1237 3088 ante
1267 3031 1586 3088 saeculorum
1623 3029 1861 3100 origines
1907 3027 2074 3083 fuisse
2098 3043 2185 3081 ar-

592 3127 902 3184 bitrandum
947 3132 1050 3190 est,
1097 3125 1151 3180 in
1195 3127 1392 3195 quibus
1436 3123 1633 3195 angeli,
1681 3121 1883 3188 throni,
1933 3119 2180 3176 domina-

2291 1927 2498 1974 tantum
2525 1930 2577 1976 et
2616 1920 2754 1976 Titi?
2788 1921 2939 1989 Quod
2983 1925 3207 1994 quidem
3239 1925 3372 1980 mihi
3415 1927 3611 1982 melius
3647 1928 3879 1994 videtur,

2290 2013 2514 2082 apostoli
2545 2012 2694 2067 Pauli
2718 2023 2773 2068 ct
2803 2014 2906 2069 Titi
2937 2014 3095 2070 fidem
3125 2015 3294 2074 fuisse
3320 2034 3685 2083 communem,
3720 2035 3882 2088 quam

2286 2109 2528 2163 omnium
2573 2111 2936 2174 credentium,
2984 2111 3037 2165 in
3071 2113 3268 2182 quibus
3305 2129 3406 2183 pro
3435 2115 3694 2168 varietate
3726 2131 3878 2168 men-

2289 2201 2422 2255 tium
2471 2200 2604 2258 ﬁdes
2655 2202 2958 2258 communis
3008 2218 3127 2260 esse
3179 2220 3286 2261 non
3337 2213 3573 2274 poterat,
3638 2206 3735 2260 sed
3793 2205 3870 2260 di-

2288 2307 2466 2346 versa.

2358 2385 2439 2439 Ad
2470 2372 2771 2442 extremum
2794 2389 3042 2458 prmfatio
3067 2390 3307 2461 epistolae
3333 2399 3387 2444 et
3409 2390 3664 2446 salutatio
3690 2392 3886 2462 przefa-

2287 2476 2450 2532 tionis
2475 2478 2715 2547 Apostoli
2747 2482 2812 2534 ad
2838 2481 3017 2536 Titum
3047 2481 3140 2536 tali
3177 2481 3285 2537 fine
3310 2483 3618 2554 completur
3649 2502 3664 2536 :
3697 2484 3884 2555 (Vens.

2287 2569 2342 2639 4)
2373 2568 2558 2622 Gratia
2608 2580 2657 2625 et
2685 2589 2789 2643 pax
2823 2590 2854 2626 a
2881 2572 2990 2628 Deo
3019 2573 3178 2629 Patre
3205 2585 3253 2631 et
3283 2573 3490 2630 Christo
3520 2575 3655 2630 Iesu
3699 2573 3888 2631 Salta-

2288 2672 2400 2717 tore
2433 2673 2608 2719 nostra
2641 2679 2658 2717 :
2691 2665 2806 2720 sive
2845 2668 2989 2736 quod
3025 2675 3080 2723 et
3123 2670 3295 2740 gratia
3328 2677 3382 2724 et
3414 2684 3520 2739 pax
3556 2677 3693 2724 tam.
3715 2687 3745 2724 a
3779 2671 3890 2725 Deo

2288 2753 2448 2808 Patre
2471 2754 2562 2820 sit,
2595 2771 2754 2826 quam
2777 2773 2805 2814 a
2828 2756 3044 2816 Christo
3069 2757 3216 2826 Jesu,
3243 2767 3300 2815 et
3323 2769 3620 2832 utrumque
3648 2758 3720 2819 ab
3748 2770 3890 2815 utro—

2289 2860 2394 2916 que
2421 2846 2601 2900 datum
2633 2847 2803 2916 possit
2848 2847 3104 2920 intelligi;
3137 2849 3250 2908 sive
3290 2850 3430 2921 quod
3460 2852 3641 2924 gratia
3687 2852 3756 2905 ad
3796 2851 3891 2906 Pa-

2289 2943 2458 3001 trem,
2487 2943 2541 2990 et
2576 2952 2680 3007 pax
2709 2935 2977 2994 referatur
3007 2941 3074 2994 ad
3102 2939 3319 2998 Filium.
3359 2943 3548 3013 (Vens.
3591 2942 3678 3014 5.)
3714 2941 3891 3012 Hujus

2289 3030 2366 3083 rei
2405 3030 2577 3100 gratia
2620 3030 2806 3102 reliqui
2833 3041 2881 3086 te
2912 3031 3078 3087 Creta:
3099 3075 3112 3099 ,
3137 3044 3193 3088 ut
3230 3051 3291 3092 ea
3319 3052 3435 3106 qua:
3462 3036 3691 3091 deerant
3730 3036 3892 3110 652

2290 3123 2594 3193 corrigeres.
2636 3121 2978 3195 [Apostolicze
3018 3125 3294 3197 dignitatis
3331 3125 3430 3181 fuit
3469 3110 3888 3184 fundamentum

591 3219 792 3285 tiones,
815 3227 1129 3288 eietermque
1147 3192 1377 3273 virtutes
1406 3192 1949 3272 servierintCrcatori
1980 3209 2182 3288 [Πίον-η
2216 3192 2262 3258 C
2291 3192 2507 3286 ponere,
2540 3192 2678 3271 sicut
2706 3192 2921 3287 sapiens
2958 3192 3318 3287 architectus;
3357 3219 3464 3276 Titi
3505 3237 3640 3275 vero
3672 3231 3729 3275 et
3757 3221 3887 3275 alio-

591 3311 884 3365 servierint
912 3309 1065 3382 Deo],
1097 3318 1154 3364 et
1197 3310 1402 3379 absque
1443 3317 1745 3378 temporum
1783 3303 1992 3360 vicibus
2023 3311 2187 3372 atque
2290 3324 2409 3362 rum
2457 3309 2840 3378 discipulorum
2888 3311 3005 3381 ejus
3057 3310 3535 3384 supermdificare.)
3586 3311 3889 3382 Postquam

593 3401 882 3466 mensuris.
912 3399 1279 3469 Deojubcnte,
1313 3399 1655 3456 substiterint
1693 3411 1742 3452 ι.
1780 3397 1919 3452 Ante
1947 3395 2063 3451 haec
2083 3395 2186 3449 ita-
2289 3402 2422 3456 dura
2446 3401 2784 3457 Cretensium
2813 3402 3012 3459 Paulus
3035 3403 3102 3458 ad
3128 3403 3327 3458 Christi
3359 3403 3518 3459 ﬁdem
3546 3406 3720 3460 corda
3750 3403 3885 3458 mol-

592 3507 700 3564 qne
745 3493 926 3548 omnia
979 3500 1241 3562 tempora,
1292 3508 1411 3562 quae
1462 3507 1560 3547 nec
1612 3505 1790 3547 sermo
1835 3488 2035 3558 eloqui,
2081 3503 2184 3544 nec
2287 3493 2474 3560 lierat,
2501 3502 2554 3548 et
2583 3502 2692 3546 tam
2731 3494 2786 3548 in
2824 3507 3072 3549 sermone
3106 3509 3271 3564 quam
3305 3495 3472 3565 signis
3502 3496 3831 3551 edomuerat
3860 3505 3881 3533 ε

592 3600 748 3645 mens
773 3587 1248 3656 comprehendere,
1291 3600 1393 3640 nec
1421 3584 1679 3653 cogitatio
1706 3581 1869 3636 tacita
1900 3580 2063 3636 audet
2099 3587 2183 3633 at-
2286 3600 2414 3649 eos,
2452 3593 2508 3639 ut
2533 3585 2588 3639 in
2620 3586 2787 3640 Deum
2824 3584 3042 3640 Patrem
3080 3594 3136 3644 et
3165 3586 3217 3642 in
3255 3586 3531 3642 Christum
3569 3589 3882 3650 crederent,

591 3677 822 3748 tingere,
850 3677 1098 3748 promisit
1135 3675 1278 3730 Deus
1317 3673 1478 3730 Pater
1503 3672 1782 3742 sapientiae
1811 3685 1924 3724 sum
1951 3668 2178 3723 verbum

589 3787 768 3836 suum,
817 3779 873 3825 et
901 3771 1072 3840 ipsam
1116 3767 1435 3838 sapientiam
1481 3781 1656 3829 suam,
1703 3771 1758 3820 et
1793 3762 1959 3816 vitam
1989 3775 2178 3816 eorum

590 3861 682 3931 qui
711 3861 964 3917 credituri
1001 3868 1177 3926 erant,
1225 3857 1425 3914 mundo
1451 3872 1571 3914 esse
1604 3865 1908 3910 venturam.
1946 3851 2179 3922 Diligen-

481 3956 484 3957 ⁷
589 3961 672 4008 ter
717 3956 978 4009 attendite
1005 3963 1211 4009 textum
1239 3960 1292 4008 et
1332 3951 1580 4008 ordinem
1608 3947 1874 4012 lectionis,
1906 3944 2177 4017 quomodo

588 4043 784 4118 [Hier.,
830 4044 1107 4116 quoniam]
1154 4043 1262 4098 vita
1305 4049 1531 4107 aeterna,
1578 4055 1742 4112 quam
1790 4053 1899 4094 non
1942 4038 2176 4092 mendax

585 4139 727 4195 Deus
754 4148 879 4194 ante
904 4138 1101 4195 saecula
1139 4146 1342 4193 aeterna
1367 4135 1637 4206 promisit,
1668 4149 1778 4194 non
1803 4131 1910 4188 alia
1954 4131 2026 4188 sit
2051 4131 2176 4186 abs-

584 4249 689 4304 que
715 4235 878 4288 verbo
907 4233 1022 4288 Dei.

2286 3677 2505 3746 reliquit
2543 3676 2721 3732 Titum
2750 3675 3068 3747 discipulum
3109 3676 3312 3746 Cretae,
3341 3686 3401 3732 ut
3445 3679 3764 3736 rudimenta
3793 3694 3885 3734 na-

2284 3769 2487 3824 scentis
2512 3765 2768 3824 Ecclesia:
2793 3767 3162 3836 conﬁrmaret,
3185 3776 3240 3826 et
3265 3769 3311 3825 si
3327 3769 3456 3840 quid
3474 3769 3768 3826 videbatur
3795 3771 3884 3825 de-

2281 3853 2400 3916 esse
2418 3901 2432 3925 ,
2464 3859 2790 3932 corrigeret,
2819 3860 3039 3932 ipseque
3064 3875 3295 3931 pergens
3325 3860 3393 3916 ad
3430 3859 3566 3916 alias
3606 3861 3882 3924 nationes.

2279 3957 2342 4005 ut
2367 3965 2583 4006 rursum
2615 3949 2668 4006 in
2704 3951 2785 4006 eis
2813 3950 3013 4007 Christi
3049 3951 3258 4021 iaceret
3290 3951 3710 4008 fundamentum
3745 3971 3758 4007 :
3792 3953 3884 4023 qui

2279 4036 2409 4100 licet
2433 4043 2499 4100 ab
2525 4042 2790 4114 Apostolo
2817 4044 3047 4100 correcti
3073 4043 3306 4111 fuerant,
3335 4045 3718 4114 tamen_adhuc
3745 4045 3881 4101 indi-

2277 4133 2478 4205 gebant
2497 4135 2851 4192 correctione.
2876 4133 3046 4191 Omne
3065 4142 3246 4192 autem
3270 4135 3413 4206 quod
3435 4137 3632 4208 corrigi
3642 4145 3754 4202 tur.
3783 4137 3880 4192 im-

2274 4222 2577 4294 perfectum
2604 4233 2706 4280 est.
2734 4223 2804 4278 Et
2828 4228 3115 4282 constituas
3138 4243 3228 4297 per
3258 4228 3491 4284 civitates
3516 4229 3882 4302 presbyteros.

659 4327 1006 4396 Mauifestavit
1041 4325 1207 4388 enim,
1237 4324 1426 4394 inquit,
1459 4322 1774 4392 temporibus
1798 4335 1908 4375 suis
1945 4317 2170 4372 Verbum
2273 4317 2407 4370 sicut
2435 4327 2482 4371 et
2499 4333 2590 4388 ego
2610 4316 2842 4386 disposui
2862 4317 2974 4370 tibi.
2994 4317 3156 4389 [Sunt
3175 4327 3355 4376 autern
3379 4319 3618 4391 episcopi
3633 4321 3880 4390 quidam.

582 4435 735 4472 suum
763 4431 778 4468 :
812 4417 863 4472 id
889 4425 1002 4480 est,
1039 4430 1201 4484 quam
1238 4413 1488 4484 promisit
1521 4413 1686 4466 vitam
1723 4419 2010 4474 ieiunam,
2051 4408 2168 4478 ipsa
2273 4423 2382 4463 non
2412 4409 2603 4463 merita
2632 4409 2966 4478 singulorum
3001 4411 3405 4476 examinantes,
3435 4411 3530 4466 sed
3571 4425 3765 4467 eorum
3797 4397 3882 4467 vel

581 4516 667 4563 est
693 4507 927 4562 Verbum
958 4520 1148 4568 suum,
1180 4505 1322 4573 quod
1360 4505 1414 4558 in
1441 4503 1703 4572 principio
1731 4510 1854 4556 erat
1887 4499 2029 4571 apud
2069 4497 2168 4554 Pa-
2198 4553 2254 4614 Β
2275 4499 2452 4556 oﬂicio
2479 4501 2718 4565 deliniti,
2750 4501 2834 4556 vel
2872 4503 3132 4573 sanguine
3151 4501 3371 4577 juncti.]
3400 4503 3476 4560 Ex
3507 4520 3617 4577 quo
3644 4504 3882 4562 manife-

584 4607 599 4614 -
625 4613 654 4614 η
706 4613 745 4614 ,,
793 4607 828 4614 ,.
860 4597 998 4614 ενι-Λ-
1038 4603 1140 4614 ___-4
1175 4595 1404 4614 IT_-,L____-
1431 4611 1440 4614 _
1477 4601 1520 4614 ,ι
1545 4594 1777 4614 ιγ...ι....Δ
1819 4606 1936 4614 --._..
1966 4589 2165 4614 0....1-.-“
2278 4598 2414 4614 ..μ--.Α
2451 4600 2522 4614 Α-.
2577 4607 2664 4614 .U...
2692 4591 2777 4614 ---ε
2814 4592 3040 4614 Δ-...,.ι,.Ιε
3075 4592 3186 4614 1..--
3225 4602 3513 4614 ---,.-...-.-
3555 4596 3775 4614 -_-I-_2_
3820 4597 3856 4614 .-

583 4607 752 4660 trcm;
780 4607 836 4652 et
860 4597 1002 4652 Deus
1028 4603 1147 4650 erat
1175 4595 1444 4659 Verbum;
1471 4601 1526 4650 et
1545 4594 1782 4649 Verbum
1813 4606 1940 4650 caro
1963 4589 2169 4646 factum
2198 4589 2254 4614 υ
2276 4598 2419 4648 stum
2446 4600 2544 4656 est.
2572 4607 2666 4648 eos
2689 4591 2779 4661 qui
2801 4592 3046 4661 Apostoli
3075 4592 3192 4666 lege
3217 4602 3525 4664 contempta
3549 4596 3880 4652 ecclesiasti-

581 4695 686 4751 est,
711 4697 767 4742 et
793 4687 1053 4744 habitavit
1080 4687 1132 4742 in
1163 4687 1336 4742 nobis.
1377 4685 1530 4753 Quod
1565 4694 1746 4742 autem
1773 4685 2008 4742 Verbum
2049 4685 2166 4752 Dei,
2277 4699 2401 4739 cum
2423 4685 2650 4757 gradum
2680 4698 2785 4738 non
2813 4685 3010 4748 merito
3034 4684 3303 4744 voluerint
3328 4685 3486 4741 alicui
3516 4685 3760 4754 deferre,
3783 4688 3878 4743 sed

581 4781 684 4836 hoc
707 4787 822 4844 est,
851 4778 1097 4836 Christus
1119 4780 1232 4849 ipse
1259 4780 1328 4834 sit
1355 4778 1461 4832 vita
1479 4818 1492 4844 ,
1533 4779 1588 4834 in
1624 4777 1731 4834 alio
1778 4777 1897 4833 loco
1939 4785 2173 4834 testatur
2275 4777 2472 4848 gratia,
2497 4783 2684 4830 contra
2709 4774 2986 4830 Christum
3013 4774 3211 4840 facere,
3235 4776 3328 4846 qui
3353 4774 3529 4846 qualis
3557 4775 3617 4829 in
3642 4777 3877 4833 ecclesia

581 4872 767 4926 dicens
799 4889 812 4924 :
839 4869 952 4942 Ego
979 4887 1096 4925 sum
1133 4871 1238 4924 vita
1263 4868 1444 4941 (Joau.
1476 4885 1587 4934 xiv,
1623 4869 1700 4941 6).
1740 4870 1864 4926 Vita
1896 4884 2024 4926 vero
2059 4884 2168 4926 non
2271 4869 2557 4939 presbyter
2585 4868 2993 4924 constituendus
3020 4868 3118 4933 sit,
3147 4883 3246 4938 per
3279 4866 3601 4939 Apostolum
3629 4883 3790 4924 suum
3822 4869 3876 4922 in

580 4963 778 5027 brevis,
807 4977 916 5017 non
951 4960 1220 5030 aliquibus
1252 4960 1662 5030 circumscripta
1690 4959 2040 5028 temporibus,
2073 4956 2169 5014 sed
2275 4957 2625 5030 sequentibus
2650 4966 2938 5014 exsecutus
2971 4967 3071 5014 est.
3111 4956 3310 5032 [Super
3335 4957 3450 5014 haec
3486 4957 3671 5012 omnia
3703 4959 3880 5012 maxi-

578 5068 856 5128 perpetua,
881 5056 977 5113 sed
997 5065 1200 5114 eterna
1220 5074 1233 5108 :
1257 5071 1375 5126 quae
1399 5054 1739 5115 manifestata
1758 5056 1908 5112 estin
1931 5053 2132 5110 novissi
2149 5081 2166 5094 -
2275 5067 2422 5108 mum
2447 5049 2646 5105 malum
2667 5058 2773 5116 est,
2794 5051 2888 5120 qui
2911 5050 3226 5106 muneribus
3244 5051 3558 5108 clericatum
3579 5050 3834 5106 obtinent
3859 5067 3874 5105 :

579 5151 681 5204 mis
702 5149 912 5206 siccatis
934 5165 1030 5220 per
1045 5148 1497 5218 prmdicationem,
1520 5162 1641 5217 quae
1661 5145 1868 5202 credita
1889 5152 1972 5199 est
1991 5141 2162 5198 Paulo
2269 5157 2460 5198 omnes
2507 5143 2702 5199 beatus
2747 5140 2941 5199 Petrus
2991 5142 3245 5214 princeps
3289 5141 3658 5214 apostolorum
3714 5143 3875 5200 initio

578 5241 783 5296 doctori
831 5239 1072 5313 gentium
1118 5248 1174 5294 et
1218 5240 1476 5311 magistro
1498 5279 1516 5306 ,
1554 5247 1614 5295 ut
1651 5237 2061 5298 aununtiaretur
2100 5235 2158 5291 in
2265 5237 2524 5296 Ecclesia:
2550 5237 2606 5292 in
2631 5235 2852 5294 Simone
2872 5236 3026 5311 Mago
3045 5236 3361 5294 terribiliter
3382 5235 3666 5309 percutit.]
3699 5235 3874 5308 Opor-

2261 5383 2386 5424 cum
2413 5375 2558 5423 terra
2593 5381 2658 5423 ac
2693 5367 2816 5425 luce
2838 5369 3016 5439 prima
3043 5367 3131 5425 die
3158 5369 3344 5424 mundi
3383 5369 3631 5425 conditos
3667 5370 3866 5428 fuisse.

648 5385 674 5416 ι
713 5375 1031 5449 Opinionem
1060 5377 1126 5432 de
1166 5377 1476 5449 angelorum
1511 5374 1953 5449 creatioue__a_nte
1994 5369 2155 5440 hujus

2270 5439 2430 5494 Enir.
2476 5439 2679 5497 Vsnou.

575 5448 759 5502 mundi
788 5447 1017 5502 visibilis
1043 5444 1430 5508 conditionem,
1459 5462 1526 5500 an
1551 5454 1768 5500 sanctus
1803 5444 2161 5514 Hieronymus

576 5533 646 5574 ex
675 5519 913 5588 propria,
943 5534 1010 5572 an
1037 5517 1264 5573 aliorum
1291 5527 1531 5573 veterum
1557 5527 1733 5570 mente
1758 5515 1975 5578 referat,
2007 5515 2161 5570 «lubi-

575 5597 693 5658 tare
719 5589 862 5644 licet.
893 5589 1027 5644 Vide
1054 5588 1291 5657 ejusdem
1319 5589 1475 5658 epist.
1515 5591 1571 5641 i8
1598 5589 1664 5640 ad
1693 5588 1976 5640 Diui-asum
2006 5603 2154 5658 num.

577 5657 630 5739 '_7.
672 5657 984 5739 Oppositum
1041 5661 1237 5739 dogma
1281 5660 1434 5739 longe
1474 5658 1712 5739 plurium
1743 5658 1995 5738 Ecclesia:
2051 5657 2156 5739 Pa-

577 5737 721 5782 trum
744 5727 1063 5786 auctoritate
1084 5727 1359 5784 sufl'ultum
1381 5727 1632 5794 invaluit;
1661 5729 1918 5783 nimirum
1938 5728 2160 5798 angeltm

2343 5510 2372 5549 δ
2403 5510 2510 5585 llic
2545 5511 2804 5585 omissum
2847 5511 2903 5566 in
2933 5528 3042 5585 ins.
3089 5512 3299 5585 videtur
3333 5512 3549 5585 initium
3584 5513 3869 5585 Epistolze,

2273 5581 2416 5663 quod
2447 5581 2802 5663 sgpplendum
2826 5597 2898 5663 ex
2932 5582 3080 5663 Hier.
3115 5584 3187 5639 ibi
3221 5599 3235 5637 :
3269 5583 3459 5640 scribit
3494 5581 3680 5641 autem
3717 5586 3868 5656 Apo-

2270 5652 2445 5724 stultis
2470 5652 2584 5706 Tito
2615 5653 2924 5724 charissima
2950 5654 3082 5724 ﬁlio.

2342 5734 2363 5760 ο
2405 5722 2532 5776 llier
2569 5723 2719 5780 addit
2747 5743 2760 5779 :
2795 5743 2813 5776 ε
2850 5734 2906 5780 et
2928 5722 3217 5782 edocuerat
3254 5743 3347 5782 eos
3378 5743 3484 5782 non
3510 5729 3868 5784 vernaculum

2265 5791 2476 5860 Jovem,
2499 5795 2594 5851 sed
2617 5794 2672 5850 in
2693 5794 2865 5852 Deum
2889 5796 3184 5868 Patreinet
3205 5799 3255 5851 in
3277 5798 3554 5854 Christum
3579 5801 3820 5856 credere.
3837 5820 3858 5852 ι
