4088 6330
278 203 424 264 ίθίδ

968 205 1374 278 exsomnes,
1414 239 1484 276 .g-
1521 210 1766 280 euros.
1809 209 1844 264 ι]

1942 209 2140 272 inter.
2199 213 2254 270 s.
2289 213 2494 288 eam
2527 215 2630 272 an.
2657 215 2890 276 mnu.

3404 225 3539 294 tati

275 327 350 374 tot
385 319 524 376 enim
564 317 860 390 episcopum
895 319 1006 380 sine
1050 322 1264 386 crimine
1301 339 1438 390 esse,
1473 333 1726 394 tanquam
1759 323 1856 386 Dei
1884 320 1932 388 Α
1957 325 2138 392 scopis
2161 341 2268 380 non
2295 327 2457 402 licere
2489 331 2719 396 transire
2746 331 2812 386 de
2845 331 3070 400 ecclesia
3103 341 3200 402 aut.
3221 335 3287 389 de
3316 336 3537 408 civitate

275 411 710 482 dispensatorem.
735 410 882 468 Idem
919 420 1006 476 est
1033 427 1163 484 ergo
1187 416 1486 485 presbyter,
1527 415 1618 484 qui
1653 422 1710 470 et
1747 415 1858 484 epi-

277 517 476 570 scopus
504 514 532 554 ς
566 519 580 556 :
611 509 670 558 et
705 509 994 574 antequam
1032 503 1224 560 diaboli
1265 505 1522 564 instinctu
1549 505 1726 572 studia
1755 503 1857 578 [di-

273 593 460 667 versa]
487 595 544 650 in
580 594 838 666 religione
865 596 1231 660 ecclesiastica
1261 597 1472 664 tierent,
1503 607 1558 662 et
1587 599 1858 670 diceretur

275 689 336 748 in
363 690 574 760 populis
601 709 614 744 :
645 689 760 760 Ego
785 707 900 752 sum
931 690 1122 758 Pauli;
1161 709 1254 763 ego
1290 691 1508 764 Apollo;
1551 708 1644 766 ego
1681 701 1856 756 mitem

1961 414 2028 468 ad
2054 417 2340 478 ecclesiam
2369 430 2605 490 quaestus
2637 437 2818 490 causa.
2862 421 2996 490 Quia
3029 439 3186 480 rarus
3223 433 3306 480 est
3343 427 3434 496 qui
3472 429 3538 484 de

1957 507 2150 584 majori
2186 517 2242 574 et
2273 510 2436 590 653
2482 512 2660 578 ditiori
2697 513 2928 570 transire
2969 515 3148 584 cupiat
3182 515 3250 582 ad
3275 518 3538 572 minorem

1956 603 2010 648 et
2027 587 2454 674 paupercula-111.]
2481 599 2650 662 Filios
2675 604 2867 666 habens
2887 603 3089 682 ﬁdeles,
3112 622 3213 660 non
3243 606 3296 660 in
3325 624 3540 662 accusa-

1955 686 2094 742 tione
2124 687 2368 758 luctarier,
2393 701 2484 746 aut
2519 709 2622 750 non
2656 695 2888 758 subditos
2911 703 3156 764 peccato.
3199 695 3316 756 Non
3351 699 3534 770 itaque

273 779 466 850 (ἱερὰς
491 779 546 850 (1
567 777 688 838 Cos.
718 795 759 844 ι,
785 780 894 852 12),
921 782 1190 838 communi
1213 784 1650 854 presbyterorum
1679 785 1856 848 censi.
1947 773 2124 844 justus
2151 781 2408 850 polluitur
2430 799 2497 844 ex
2525 785 2672 842 vitiis
2701 785 2952 854 ﬁliorum,
2985 789 3080 852 sed
3107 789 3326 850 libertas
3356 791 3542 864 [casti-

271 869 350 930 lio
369 869 612 928 ecclesia}
635 871 979 940 gubernaban
987 879 1092 928 tur.
1111 873 1400 946 Postquam
1421 889 1550 940 vero
1569 876 1857 948 unusquis-

269 977 382 1032 que
407 976 501 1018 eos
522 977 658 1032 quos
679 961 1061 1034 baptizauerat,
1088 966 1310 1035 putabat
1327 982 1474 1033 suos,
1501 983 1606 1024 non
1630 967 1852 1040 Christi,

265 1053 330 1114 in
354 1060 468 1112 toto
499 1055 631 1116 orbe
669 1057 942 1120 decretum
971 1067 1058 1122 est
1079 1100 1094 1126 ,
1139 1068 1198 1114 ιιι
1235 1077 1376 1124 unus
1413 1062 1480 1122 de
1522 1063 1854 1136 presbyteris

265 1147 478 1206 electus
505 1159 956 1220 superpmeretur
978 1153 1210 1220 caneris,
1241 1155 1308 1218 ad
1333 1169 1496 1224 quem
1518 1156 1696 1220 omnis
1722 1173 1858 1220 cura.

263 1237 524 1302 Ecclesia:
547 1241 871 1309 pertineret,
901 1250 956 1300 et
983 1244 1336 1311 schismatum
1369 1246 1575 1314 semina
1599 1246 1851 1304 tolleren-

264 1337 358 1390 tur
381 1349 394 1384 :
421 1329 586 1403 [quod
615 1346 682 1386 ex
706 1332 949 1401 epistolis
973 1334 1096 1389 aliis
1119 1335 1360 1405 ejusdem
1385 1337 1610 1406 apostoli
1631 1339 1856 1408 probari

260 1423 493 1493 poterit;
525 1423 610 1477 vel
639 1424 802 1484 etiam
853 1440 920 1479 ex
963 1425 1188 1482 Actibus
1227 1429 1622 1498 apostolorum,
1651 1431 1740 1486 ubi
1772 1431 1850 1496 di-

261 1517 426 1583 σίων,
454 1532 676 1580 vocasse
703 1519 928 1584 Paulum
954 1521 1022 1576 de
1059 1522 1268 1591 Epheso
1305 1523 1696 1596 presbyteros,]
1725 1524 1846 1596 qui-

261 1609 362 1668 bus
394 1621 580 1682 postea
607 1613 746 1670 inter
769 1621 964 1670 caetera
994 1616 1064 1674 sit
1101 1615 1310 1676 locutus
1349 1634 1362 1668 :
1407 1617 1667 1682 Attendite
1705 1617 1844 1672 vobis

257 1712 308 1756 et
339 1704 480 1758 omni
507 1705 670 1774 gregi,
699 1705 754 1762 in
781 1721 884 1776 quo
913 1723 999 1760 vos
1038 1705 1266 1778 Spiritus
1297 1717 1510 1772 sanctus
1535 1709 1708 1778 potuit
1736 1708 1846 1780 epi-

259 1812 440 1867 scopos
463 1813 675 1868 pascere
702 1796 994 1858 Ecclesium
1021 1799 1252 1864 Domini,
1281 1817 1438 1871 quam
1461 1803 1732 1872 acquisivit
1759 1817 1852 1872 per

257 1892 568 1962 sanguinem
597 1909 752 1948 suam
783 1891 918 1965 (Act.
953 1909 1020 1948 ιι
1039 1933 1054 1957 ,
1082 1893 1194 1962 28).
1225 1893 1394 1966 [Quos
1419 1904 1542 1958 ante
1569 1897 1848 1966 presbyte-

257 1995 368 2048 ros,
396 1999 540 2040 nunc
561 1993 742 2040 autem
771 1985 1056 2054 episcopos
1083 1986 1362 2059 appellat.]
1399 1987 1466 2042 Et
1496 1988 1692 2054 Petrus
1713 2030 1726 2054 ,
1755 1990 1846 2058 qui

256 2089 326 2128 ex
357 2075 482 2131 ﬁdei
505 2075 762 2132 ﬁrmitate
785 2092 980 2132 nomen
1011 2079 1252 2146 accepit,
1287 2079 1341 2132 in
1373 2079 1612 2148 Epistola
1635 2095 1732 2138 sua
1763 2081 1844 2136 lo-

255 2167 460 2238 quitur,
510 2169 692 2224 dicens
737 2185 752 2222 :
803 2169 1130 2239 Presbyter-os
1177 2187 1296 2239 ergo
1345 2171 1399 2234 in
1447 2170 1586 2226 vobis
1635 2172 1844 2228 obsecro

253 2258 638 2328 compresbytcr
663 2269 710 2313 et
741 2260 884 2316 testis
923 2258 1115 2320 Christi
1151 2262 1489 2328 passionum;
1527 2263 1720 2331 pascite
1754 2265 1844 2332 qui

253 2347 310 2401 in
343 2348 482 2402 vobis
511 2357 586 2402 est
617 2365 820 2419 gregem
847 2348 1058 2406 Domini
1081 2349 1134 2420 (Ι
1159 2347 1302 2408 Pclr.
1335 2366 1390 2416 ν,
1423 2351 1497 2422 l).
1527 2351 1689 2422 [Olim
1717 2369 1844 2422 vero

252 2437 433 2491 omnis
456 2439 740 2509 presbyter
763 2440 1045 2508 episcopus
1081 2449 1226 2500 recte
1263 2441 1544 2504 dicebatur
1577 2461 1590 2496 :
1621 2453 1678 2498 at
1699 2461 1844 2512 nunc

253 2527 434 2580 omnis
477 2528 764 2598 episcopus
806 2531 1086 2600 presbyter
1123 2539 1300 2600 potest
1342 2531 1482 2599 dici,
1519 2549 1630 2588 non
1667 2537 1844 2592 omnis

253 2617 538 2687 presbyter
565 2619 880 2690 episcopus;
919 2620 1075 2688 quia,
1103 2629 1162 2676 ut
1204 2622 1552 2688 dissensionis
1575 2625 1844 2697 plantaria

255 2709 688 2776 excluderentur,
723 2714 791 2768 ad
821 2729 986 2774 unum
1026 2715 1204 2780 prunis
1238 2716 1540 2782 sollicitudo
1577 2718 1846 2786 Ecclesia-

254 2817 398 2864 rum,
429 2803 586 2872 quasi
613 2805 680 2860 ad
715 2804 958 2870 Patrem,
983 2805 1226 2876 delegata
1265 2816 1368 2874 est,
1399 2809 1490 2878 qui
1518 2812 1670 2880 quasi
1709 2812 1852 2878 filios

253 2891 474 2962 diligat,
523 2899 580 2954 et
619 2894 882 2963 gubernet
919 2895 1190 2964 subjectos
1231 2897 1358 2960 sibi,
1417 2914 1522 2954 non
1568 2901 1848 2974 tribunitia

251 2993 556 3056 potestate,
605 2987 702 3046 sed
741 2987 944 3056 pietate
986 2997 1255 3058 paterna:
1299 2991 1570 3060 iidemque
1605 3002 1660 3048 et
1683 2993 1840 3064 quasi

251 3077 382 3143 ﬁlii,
421 3078 614 3150 singuli
643 3080 842 3150 gradus
870 3081 922 3138 in
951 3081 1213 3148 ecclesiis,
1248 3084 1604 3148 honorificam
1631 3089 1840 3158 episco—

250 3181 352 3237 pos
380 3167 552 3242 suos.]
577 3169 868 3230 Videamus
895 3172 1060 3242 igitur
1085 3173 1259 3242 qualis
1283 3174 1564 3247 presbyter
1587 3178 1702 3248 sive
1727 3181 1841 3252 epi-

252 3271 450 3327 scopus
473 3259 810 3324 ordinandus.
833 3261 924 3326 sit.

327 3352 490 3409 Vsus.
529 3351 600 3420 6,
637 3352 690 3410 7.
725 3383 801 3408 -τ-
835 3353 898 3416 Si
939 3357 1058 3426 quis
1103 3366 1180 3412 est
1230 3359 1341 3414 sine
1384 3360 1632 3430 crimine,
1682 3365 1838 3432 utrius

249 3443 436 3510 uxoris
466 3443 562 3508 uir,
580 3441 722 3512 ﬁlios
747 3443 942 3500 habens
963 3445 1164 3514 ﬁdeles,
1190 3463 1293 3516 non
1319 3450 1372 3504 in
1395 3453 1725 3522 accusatione
1749 3453 1836 3510 lu-

247 3534 442 3600 xuriae,
473 3543 564 3592 aut
590 3551 694 3598 non
721 3536 958 3602 subditos
981 3549 1222 3608 peccato.
1245 3539 1460 3612 Oportet
1484 3543 1622 3600 enim
1641 3546 1838 3618 episco-

247 3644 376 3698 pum
399 3627 508 3682 sine
537 3628 752 3690 crimine
789 3645 934 3702 esse,
975 3640 1226 3702 tanquam
1267 3633 1366 3704 Dei
1403 3633 1832 3706 dispensatorem.

247 3719 492 3782 Primum
522 3720 664 3784 enim
693 3722 812 3778 sine
835 3721 1062 3778 crimine
1087 3725 1158 3784 sit
1187 3723 1470 3798 [ejusmodi
1499 3728 1837 3802 dispensator

247 3813 510 3882 Ecclesiae
533 3813 788 3888 Christi];
812 3819 954 3887 quod
981 3820 1122 3888 apud
1149 3819 1492 3886 Timotheum
1513 3822 1836 3893 irreprelten-

245 3907 454 3966 sibilent
485 3907 634 3966 dicit.
667 3907 943 3975 Quomodo
984 3912 1126 3976 enim
1155 3919 1332 3981 potest
1363 3910 1616 3981 [praeesse
1653 3915 1836 3970 Eccle-

247 3999 368 4062 siae,
403 3996 478 4072 et]
509 3997 724 4068 auferre
749 3999 948 4062 malum
975 4001 1043 4070 de
1083 4001 1260 4064 medio
1304 4002 1453 4072 ejus,
1481 4004 1572 4074 qui
1613 4005 1666 4074 in
1704 4005 1837 4076 delia

247 4099 402 4152 ctum
451 4091 628 4158 simile
675 4093 984 4154 corruerit?
1025 4093 1134 4158 Aut
1183 4109 1288 4163 qua
1339 4095 1586 4160 libertate
1631 4098 1838 4168 poterit

243 4182 526 4252 corrigere
549 4183 1028 4254 peccantemdum
1049 4185 1198 4248 novit
1221 4201 1281 4250 se
1309 4186 1520 4252 eadem,
1537 4202 1656 4258 quae
1674 4189 1836 4256 casti-

245 4283 347 4352 gat
370 4275 424 4332 in
459 4274 599 4342 alio,
625 4276 906 4336 admisisse
945 4275 1142 4350 [ωιτη
1175 4294 1298 4342 cum
1338 4279 1532 4338 tacitus
1573 4279 1676 4336 sibi
1719 4281 1834 4350 ipse

245 4366 604 4468 κενοιιὼξω.
633 4369 826 4470 βψω
868 4369 1182 4470 admisisse,
1207 4370 1642 4470 qum-corripit]?
1679 4371 1836 4440 Quod
1859 4393 1914 4470 Ι)

243 4465 432 4516 autem
463 4457 566 4522 ait,
603 4459 764 4522 unius
789 4461 970 4530 unctis
996 4462 1094 4528 vir,
1123 4461 1200 4522 sic
1230 4460 1528 4532 intelligere
1553 4464 1834 4538 debemus,

245 4548 337 4622 [ut
365 4549 682 4610 honorabile
697 4552 1036 4616 coenobium
1063 4553 1287 4622 habeat,
1315 4554 1408 4624 qui
1437 4555 1490 4608 in
1527 4556 1836 4628 episcopatu

242 4641 531 4711 eligendus
559 4649 646 4704 est
683 4661 699 4700 :
733 4659 844 4718 non
882 4659 1020 4717 vaga
1060 4645 1282 4710 libidine
1319 4647 1630 4716 inquinatus
1677 4641 1835 4702 altari

243 4731 350 4794 Dei
373 4732 628 4792 assistere
655 4733 898 4812 audeat.)
916 4734 1034 4800 Non
1059 4743 1244 4804 tamen
1267 4737 1594 4794 omnimodis
1619 4752 1838 4808 omnem

243 4835 632 4896 monogamum
671 4825 886 4897 dignum
926 4833 1182 4898 putamus
1215 4841 1336 4884 esse
1381 4827 1690 4902 meliorem;
1739 4828 1838 4906 sed

243 4930 360 4986 quo
397 4915 445 4978 is
485 4916 658 4986 possit
701 4917 771 4984 ad
809 4919 1204 4990 monogamiam
1243 4927 1298 4988 et
1327 4919 1715 4980 continentiam
1743 4935 1835 4978 co-

245 5008 494 5074 hortari,
526 5008 619 5078 qui
647 5024 806 5074 suum
829 5010 1137 5080 exemplum
1163 5011 1383 5084 pmfert
1413 5011 1610 5086 [Hier.,
1643 5012 1837 5084 praefe-

247 5098 360 5172 rat]
393 5101 448 5162 in
483 5101 741 5158 docendo.
785 5099 949 5172 [Sunt
981 5102 1075 5172 qui
1101 5101 1176 5172 ita
1211 5101 1514 5174 intelligunt
1537 5102 1642 5160 hoc
1681 5119 1836 5162 man-

245 5192 440 5256 datum
453 5189 695 5262 Apostoli
721 5211 732 5246 :
755 5193 912 5248 unius
931 5195 1110 5248 umoris
1131 5193 1318 5266 uirgini,
1345 5193 1402 5248 id
1423 5202 1528 5268 est,
1557 5195 1835 5252 catholicae

249 5287 508 5348 Ecclesia:
533 5287 830 5356 doctorem,
859 5303 930 5344 ne
953 5301 1052 5358 per
1079 5287 1360 5344 haereticos
1385 5289 1680 5358 pravitates
1704 5287 1836 5346 ede.-

247 5391 408 5444 ratur
437 5380 583 5436 foras
606 5396 704 5453 per
733 5381 1010 5451 lupanaria
1037 5381 1372 5446 diversarum
1401 5388 1692 5444 sectarum.
1727 5381 1834 5440 Sed

245 5479 310 5538 et
336 5472 604 5538 mstimant
628 5473 870 5544 quidam,
896 5487 966 5528 ex
993 5472 1095 5528 hac
1113 5471 1407 5542 apostolica
1431 5473 1702 5534 sententia
1721 5476 1835 5544 epi-

329 5597 354 5624 υ
397 5585 471 5638 De
499 5585 600 5639 hac
623 5584 794 5639 sancti
825 5583 1134 5655 Hieronymi
1163 5583 1450 5648 sententia,
1471 5584 1536 5638 de
1559 5585 1834 5655 episcopo-

252 5671 380 5719 rum
407 5669 568 5727 supra
591 5656 933 5726 presbyteros
964 5654 1246 5728 dignitate,
1270 5655 1378 5718 vid.
1407 5655 1561 5726 epist.
1594 5654 1832 5725 ejusdem

1955 871 2114 939 gandi
2142 872 2294 946 alios]
2324 875 2578 932 Ecclesiae
2599 877 2825 952 principi
2848 880 2914 934 ab
2929 878 3184 950 Apostolo
3205 892 3536 937 reservatur.

1957 961 2258 1038 [Quomodo
2283 967 2544 1034 festucam
2583 972 2804 1038 alterius
2838 974 2903 1028 de
2938 974 3096 1029 domo
3123 973 3293 1046 altera
3327 973 3536 1054 (Suppl.

1955 1056 2164 1128 tollere)
2195 1068 2392 1128 potest,
2418 1063 2508 1131 qui
2531 1065 2739 1118 trabem
2769 1065 2930 1120 habet
2957 1066 3010 1120 in
3041 1066 3274 1122 ﬁliorum
3304 1070 3542 1142 peccatis

1953 1146 2008 1200 in
2037 1164 2132 1212 sua
2155 1150 2351 1224 domo?
2373 1152 2520 1207 Talis
2539 1155 2682 1208 enim
2705 1155 2866 1218 debet
2886 1156 3167 1228 episcopus
3189 1173 3328 1222 esse,
3353 1167 3412 1212 ut
3433 1174 3537 1222 non

1953 1240 2140 1296 timeat
2168 1253 2388 1316 propter
2429 1246 2558 1308 vitia
2599 1246 2888 1312 liberorum
2925 1241 3213 1306 es'traneos
3255 1250 3542 1330 reprehen-

1952 1333 2112 1400 dere,
2159 1351 2225 1394 ne
2271 1335 2406 1396 forte
2451 1339 2706 1414 quislibet
2751 1339 2944 1394 tacitus
2985 1341 3150 1395 frater
3193 1341 3537 1420 respondeat,

1951 1441 2119 1495 quare
2151 1429 2399 1500 proprios
2425 1429 2625 1486 liberos
2661 1446 2764 1496 non
2797 1431 3084 1486 emendare
3110 1447 3296 1498 curam
3335 1432 3543 1488 habes?

1954 1518 2012 1580 Si
2040 1520 2182 1576 enim
2213 1531 2432 1594 peccata
2468 1523 2702 1588 ﬁliorum
2735 1525 2801 1578 ab
2840 1524 3381 1608 episcopatuq'ustum
3409 1541 3538 1598 pro-

1950 1610 2156 1678 hibent,
2185 1624 2385 1682 quanto
2413 1615 2584 1686 magis
2610 1617 2826 1688 pmpria
2851 1625 3069 1686 peccata
3109 1633 3386 1674 removere
3413 1632 3538 1674 eum

1877 1675 1930 1760 Β
1956 1675 2152 1764 debent
2180 1675 2258 1759 alr
2277 1705 2434 1762 altari
2465 1675 2728 1780 Cirris-tv].
2750 1709 2832 1764 Ad
2851 1675 3168 1765 .extremum
3210 1711 3314 1767 hoc
3351 1711 3538 1776 dicen-

1956 1793 2080 1850 dum
2111 1803 2214 1858 est,
2247 1795 2300 1848 in
2341 1795 2635 1866 Scripturis
2675 1796 2812 1852 ﬁlios
2837 1799 3113 1876 λογισμοὺς
3133 1841 3146 1865 ,
3185 1801 3235 1855 id
3265 1809 3369 1868 est,
3398 1803 3541 1874 cogi-

1952 1886 2207 1951 tationes,
2258 1885 2394 1954 tilias
2432 1903 2562 1954 vero
2599 1891 2840 1966 πράξεις,
2889 1891 2938 1944 id
2975 1899 3086 1956 est,
3119 1908 3275 1962 opera
3315 1891 3542 1964 intelligi

1950 1974 2144 2030 debere
2189 1994 2200 2030 :
2243 1987 2300 2036 et
2347 1993 2466 2032 eum
2515 1995 2656 2036 nunc
2694 1981 3004 2052 episcopum
3054 1982 3300 2056 prmcipit
3343 1983 3541 2038 debere

1951 2068 2064 2124 ﬁeri
2088 2111 2100 2134 ,
2133 2070 2222 2140 qui
2266 2079 2322 2124 ct
2360 2071 2710 2140 cogitationes
2739 2081 2794 2126 et
2826 2089 2988 2144 opera
3029 2075 3082 2140 in
3129 2059 3230 2130 sua.
3257 2075 3418 2142 habet
3443 2091 3540 2146 po-

1947 2167 2162 2224 testate,
2193 2168 2247 2214 et
2273 2173 2398 2214 vere
2423 2161 2609 2216 credat
2637 2162 2690 2214 in
2718 2160 2956 2230 Christo,
2984 2171 3040 2217 et
3065 2164 3210 2218 nulla
3235 2165 3540 2236 subripien-

1950 2252 2082 2318 tium
2111 2253 2372 2320 vitiorum
2393 2253 2514 2318 labe
2538 2254 2854 2318 maculatur.

2020 2341 2232 2414 Oportet
2261 2359 2380 2414 ergo
2406 2345 2700 2416 episwfum
2725 2347 2838 2400 sine
2873 2348 3088 2418 crimine
3124 2366 3253 2416 esse,
3285 2357 3537 2422 tanquam

1945 2432 2042 2496 Dei
2070 2435 2498 2504 dispensatorem.
2529 2437 2800 2506 Quaeritur
2826 2454 2957 2512 ergo
2981 2440 3120 2495 inter
3139 2442 3539 2512 dispensatores

1947 2532 2005 2578 ut
2037 2525 2208 2592 ﬁdelis
2234 2527 2355 2610 quis
2379 2527 2703 2604 inveniatur,
2730 2539 2784 2584 et
2811 2546 2917 2586 non
2950 2533 3238 2588 comedens
3265 2541 3318 2586 et
3345 2531 3537 2606 bibens

1947 2631 2070 2670 cum
2115 2617 2376 2688 ebriosis,
2421 2619 2692 2687 percutiat
2729 2635 2913 2680 servos
2947 2631 3001 2690 et
3036 2622 3257 2692 ancillas
3301 2621 3536 2696 [Domini

1947 2706 2088 2780 sui];
2117 2709 2210 2762 sed
2237 2709 2502 2778 incertum
2541 2710 2752 2767 Domini
2795 2711 2994 2786 [Hilam
3025 2715 3142 2788 Dei]
3175 2714 3410 2790 [cautus]
3444 2731 3537 2790 ex;-

1949 2807 2154 2868 spectct
2181 2800 2500 2870 adventum,
2537 2811 2592 2858 et
2618 2804 2707 2866 det
2748 2805 3023 2876 conservis
3060 2807 3111 2874 in
3149 2815 3388 2888 tempore
3417 2805 3537 2880 [do-

1948 2890 2138 2944 ctrinm
2166 2889 2468 2964 catholicae]
2495 2891 2717 2960 cibaria.
2764 2891 2912 2948 Sciat
2944 2903 3122 2950 autem
3162 2896 3444 2970 episcopus
3481 2903 3538 2950 et

1947 2981 2230 3052 presbyter
2253 2983 2352 3038 sibi
2377 2985 2630 3054 populum
2658 3001 2978 3042 conservum
3000 3004 3142 3060 esse,
3165 3005 3270 3043 non
3294 3005 3531 3045 servum.

1893 3071 1914 3116 Ρ
1947 3071 2312 3146 [Quapropter
2357 3093 2465 3144 non
2511 3079 2782 3148 opprimat
2829 3095 2954 3144 eum
2991 3081 3142 3150 quasi
3183 3081 3289 3138 vile
3330 3082 3535 3148 manci-

1941 3165 2123 3242 pium,
2158 3167 2252 3220 sed
2292 3169 2504 3224 erudiat
2541 3183 2664 3224 eum
2705 3187 2828 3227 cum
2873 3173 3021 3227 omni
3067 3175 3332 3230 charitate
3379 3174 3535 3246 quasi

1941 3258 2160 3332 ﬁlium]
2213 3260 2338 3315 Non
2381 3262 2693 3330 superbum,
2736 3264 2792 3320 id
2825 3272 2938 3330 est,
2976 3281 3084 3320 non
3115 3273 3410 3334 tumentem
3440 3273 3533 3324 aut

1940 3339 2240 3422 placentem
2271 3354 2372 3408 sibi
2400 3355 2542 3424 quod
2578 3357 2862 3428 episcopus
2889 3357 2992 3422 sit,
3026 3355 3120 3424 sed
3147 3373 3282 3428 opus
3309 3355 3533 3430 [bonum

1941 3445 2354 3514 annplectentem
2407 3445 2492 3518 et]
2552 3447 2608 3502 id
2645 3448 3026 3518 _requirentem
3091 3437 3231 3520 quod
3285 3443 3535 3520 plurimis

1939 3538 2129 3608 prosit.
2164 3537 2288 3592 Non
2309 3537 2619 3608 iracundum
2640 3580 2655 3606 ,
2684 3537 2762 3616 [id
2791 3547 2906 3606 est,
2935 3539 3042 3596 levi
3069 3549 3230 3612 vento
3267 3541 3420 3622 quasi
3447 3539 3532 3596 fo-

1940 3627 2070 3684 lium
2099 3631 2339 3706 pendens
2363 3631 2418 3685 in
2447 3647 2600 3686 ramo
2627 3632 2954 3710 moveatur.]
2983 3633 3050 3687 Et
3078 3649 3264 3690 revera
3291 3633 3425 3700 nihil
3451 3639 3535 3688 est

1940 3721 2140 3790 foedius
2163 3731 2494 3802 praeceptore
2519 3723 2724 3782 furioso
2753 3739 2767 3777 :
2802 3723 2928 3798 [non
2947 3713 3104 3784 enim
3126 3725 3217 3794 qui
3244 3725 3531 3802 aliquando

1939 3814 2216 3880 irascitur,
2257 3813 2549 3886 iracundus
2575 3823 2689 3880 est;
2727 3815 2820 3870 sed
2857 3815 2943 3868 ille
2978 3814 3176 3868 dicitur
3213 3815 3526 3884 iracundus,

1942 3906 2032 3974 qui
2059 3889 2249 3960 crebro
2275 3904 2377 3958 hac
2397 3905 2646 3974 passione
2678 3905 3008 3982 superatur.]
3035 3905 3159 3960 Non
3187 3905 3523 3966 vinolentum.

1942 3995 2050 4051 Sed
2083 3995 2182 4050 hoc
2215 4011 2358 4066 nunc
2383 3995 2582 4064 dixisse
2611 3993 2858 4064 sufﬁciat,
2887 3987 3030 4076 quod
3061 3997 3353 4058 secundum
3383 3995 3528 4076 Apo-

1941 4088 2138 4154 stolum
2173 4088 2226 4152 in
2267 4087 2392 4158 vino
2429 4085 2642 4144 luxuria
2685 4095 2766 4158 est
2795 4103 2809 4141 :
2839 4097 2892 4142 et
2927 4089 3233 4160 ubicunque
3268 4089 3527 4164 saturitas

1941 4188 2104 4252 atque
2129 4179 2363 4250 ebrietas
2383 4177 2600 4250 fuerint,
2625 4180 2700 4236 ibi
2735 4181 2901 4250 libido
2924 4181 3245 4244 dominetur.
3270 4181 3528 4254 Miramur

1943 4257 2124 4328 autem
2155 4271 2454 4342 apostolum
2498 4271 2552 4326 in
2583 4271 2849 4346 episcopis
2877 4275 2989 4328 sive
3015 4276 3347 4362 presbyteris
3375 4275 3526 4348 dam-

1943 4379 2100 4426 nasse
2121 4365 2488 4434 vinolentiam,
2521 4380 2644 4434 cum
2674 4366 2729 4438 in
2753 4365 2925 4422 veteri
2952 4355 3163 4438 quoque
3181 4355 3302 4438 lege
3321 4383 3525 4444 praece-

1939 4465 2090 4528 ptum
2122 4458 2192 4526 sit
2216 4457 2544 4524 sacerdotes,
2577 4473 2701 4514 cum
2740 4458 3111 4536 ingrediuntur
3141 4445 3394 4548 templum
3424 4461 3526 4528 mi-

1939 4549 2173 4622 nistrare
2198 4549 2343 4620 Deo,
2375 4549 2561 4606 vinum
2602 4551 2819 4620 omnino
2855 4567 2964 4622 non
3003 4551 3188 4626 bibere
3224 4549 3410 4634 (Leuit.
3441 4551 3518 4624 ι).

1941 4638 2234 4714 [Nazareos
2259 4656 2474 4712 quoque
2506 4641 2573 4696 ab
2601 4643 2748 4696 omni
2776 4643 2900 4722 vino
2941 4649 2994 4716 et
3042 4643 3242 4730 sicera,
3284 4645 3523 4728 quandiu

1939 4723 2178 4800 Sanctam
2200 4747 2408 4792 comam
2428 4733 2689 4799 nutriant,
2711 4732 2984 4788 abstinere
3012 4733 3200 4816 (Nunt.
3223 4723 3360 4818 iul]
3397 4735 3452 4789 Ν
3455 4723 3524 4806 on

1935 4837 2290 4894 percussorem
2317 4835 2335 4872 :
2366 4822 2510 4894 quod
2536 4821 2754 4894 quidem
2779 4829 2834 4879 et
2853 4823 3168 4895 simpliciter
3190 4819 3520 4900 intellectum

1937 4912 2168 4982 aediﬁcat
2196 4913 2523 4984 audientem,
2549 4928 2619 4969 ne
2641 4911 2798 4988 faciie
2818 4903 3038 4984 manum
3057 4916 3299 4987 porrigat
3321 4915 3389 4992 ad
3417 4929 3520 4992 cae-

1936 5005 2172 5064 dendum
2206 5004 2314 5080 [vel
2343 5005 2407 5059 ad
2447 5019 2598 5060 arma
2633 5019 2982 5084 prorumpere
3018 5025 3032 5060 :
3063 4992 3160 5061 sed
3193 4995 3353 5086 altius
3388 5019 3520 5076 con-

1936 5099 2236 5170 sideratam
2271 5099 2463 5170 melius
2489 5096 2748 5176 aediﬁcat,
2771 5115 2841 5170 ne
2868 5099 3067 5178 aliquid
3103 5099 3382 5178 episcopus
3406 5095 3520 5154 etii-

1937 5190 2069 5258 ciat,
2100 5182 2248 5260 quod
2273 5197 2482 5246 mentes
2508 5190 2918 5264 intelligentium
2945 5177 2998 5245 et
3023 5177 3318 5270 videntium
3349 5187 3518 5274 oden-

1936 5281 2066 5352 dat,
2113 5271 2206 5338 Sed
2259 5283 2331 5338 sit
2377 5292 2688 5342 mansuetus
2731 5285 2784 5338 in
2837 5297 3085 5366 sermone
3109 5323 3125 5350 ,
3174 5290 3230 5354 et
3277 5271 3518 5339 moribus

1920 5375 2230 5446 honestus,
2259 5390 2326 5446 ne
2354 5376 2546 5450 perdat
2573 5392 2695 5431 eum
2725 5391 2884 5450 quem
2923 5375 3276 5456 temperantia
3306 5375 3433 5450 vita;
3463 5383 3517 5430 et

1936 5468 2226 5522 verborum
2268 5467 2480 5528 erudire
2526 5469 2696 5538 potuit
2731 5465 2772 5538 ].
2820 5467 2944 5520 Non
2987 5453 3156 5536 turpis
3196 5466 3355 5551 lucri,
3406 5474 3512 5536 etc.

1935 5581 2042 5714 ἔξω
2068 5583 2135 5636 ad
2179 5581 2536 5650 Evangelum,
2579 5589 2633 5636 et
2674 5547 2896 5638 editoris
2932 5547 3256 5640 Veronensis
3290 5587 3514 5639 annota—

1981 5669 2157 5714 onem.

1981 5669 2157 5716 onem.
