4090 6456
596 334 736 414 ςοίε

1440 332 1501 388 Β.
1540 328 1603 387 F.
1644 325 1870 386 ALBINI
1909 328 2039 386 SEU
2075 324 2351 385 ALCUlNl
2391 322 2676 383 OPERUM
2711 325 2893 383 PARS
2924 324 2984 382 ll.

3722 328 3871 384 1M6

595 448 815 525 [o'l‘urpis
852 447 987 504 lucri
1016 442 1065 518 ι]
1105 446 1361 517 appetitio
1379 484 1394 511 ,
1439 452 1523 500 est
1561 444 1681 515 plus
1714 444 1781 500 de
1817 441 2173 513 praesentibus
2199 443 2249 503 Α
2275 439 2571 494 destruere.
2600 437 2745 493 Sana
2772 446 2951 494 autem
2977 437 3225 494 doctrina
3249 437 3450 494 dicitur
3473 437 3541 495 ad
3563 439 3874 501 distinctio-

594 542 833 617 cogitare
861 555 1024 611 quam
1047 538 1112 595 de
1132 537 1344 592 futuris.
1372 536 1666 606 Episcopus
1686 535 1779 605 qui
1798 534 2036 589 imitator
2055 546 2175 587 esse

593 632 835 703 Apostoli
862 630 1030 701 cupit,
1056 630 1259 685 habens
1288 630 1490 684 victum
1518 635 1575 682 et
1609 627 1862 682 vestitum
1882 667 1899 692 ,
1939 625 2024 681 his
2050 633 2173 679 tan-

594 733 712 776 tum
739 721 897 776 debet
921 736 1040 775 esse
1068 727 1353 775 contentus
1373 718 1425 790 (I
1449 718 1583 773 Tim.
1607 718 1705 789 vi).
1728 717 1829 785 Qui
1853 717 2043 773 altario
2062 732 2177 772 ser-

592 815 775 879 viunt,
819 814 885 869 de
913 813 1101 867 altario
1126 812 1309 867 vivant
1345 812 1397 884 (I
1420 810 1542 866 Cor.
1579 811 1679 883 ix).
1725 809 1939 876 Vivont,
1980 810 2170 881 inquit,

595 914 652 961 et
684 922 821 972 non,
847 904 1029 960 divites
1053 906 1202 974 ﬁant.
1238 906 1526 976 Hucusque
1563 905 1693 976 quid
1725 922 1831 961 non
1859 905 2053 961 debeat
2078 905 2177 959 ha-

591 996 723 1052 bere
739 997 1021 1067 episcopus
1042 996 1156 1052 sive
1179 997 1479 1067 presbyter,
1501 994 1743 1065 Apostoli
1766 1008 2014 1051 sermone
2037 1008 2175 1064 prae-

592 1098 806 1160 ceptum
833 1098 918 1147 est
948 1109 961 1145 :
993 1107 1136 1147 nunc
1170 1107 1201 1147 e
1233 1095 1506 1147 contrario
1525 1132 1540 1160 ,
1582 1092 1711 1161 quid
1749 1092 1950 1147 habere
1981 1089 2177 1145 debeat

591 1182 912 1253 explicatur.

661 1273 825 1329 Vens.
858 1275 912 1330 8.
939 1304 1013 1320 --
1036 1274 1143 1331 Sed
1154 1275 1486 1347 hospitalem,
1513 1276 1805 1347 benignum.
1831 1276 1969 1330 Ante
1993 1273 2175 1330 omnia

589 1364 932 1435 hospitalitas
969 1365 1151 1422 futuro
1189 1368 1440 1438 episcopo
1484 1368 1796 1437 praecipitur
1844 1365 2041 1439 [Hier.,
2084 1365 2178 1420 de-

588 1455 911 1530 nuntiatur].
944 1456 1000 1513 Si
1030 1443 1397 1513 enim°omnes
1426 1456 1555 1513 illud
1582 1458 1647 1514 de
1674 1456 1963 1529 Evangelio
1988 1456 2176 1511 audire

589 1546 900 1606 desiderant
926 1567 938 1601 :
966 1549 1167 1620 Hospes
1196 1549 1296 1619 fui,
1323 1559 1373 1604 et
1398 1549 1787 1620 suscepistisme
1809 1547 2022 1619 (Matth.
2047 1562 2174 1615 xxv,

587 1638 701 1710 55),
730 1647 932 1710 quanto
959 1641 1132 1712 magis
1168 1642 1470 1712 episcopus,
1508 1641 1663 1712 cujus
1700 1641 1889 1696 domus
1932 1640 2175 1695 omnium

587 1745 873 1788 commune
894 1733 1054 1788 debet
1072 1748 1191 1789 esse
1210 1733 1499 1804 hospitium
1521 1731 1599 1806 [et
1617 1734 1751 1789 satis
1770 1733 2176 1804 peregrinorum

589 1833 750 1891 atque
775 1824 1101 1880 venientium
1128 1825 1360 1895 benigna
1389 1826 1661 1896 susceptio
1688 1825 1741 1879 in
1769 1840 1852 1889 ea,
1880 1825 1954 1878 ita
1983 1833 2041 1878 ut
2075 1825 2175 1879 hu-

587 1913 701 1967 mili
728 1913 902 1971 oﬁicio
927 1918 1090 1971 etiam
1118 1917 1282 1986 pedes
1318 1917 1567 1972 laventur
1598 1917 1847 1989 eorum]?
1887 1914 2170 1983 Pudicam,

580 2005 816 2074 justum,
848 2016 1104 2061 sanctum.
1154 2008 1212 2063 Si
1241 2016 1419 2063 autem
1447 2008 1599 2064 laicis
1633 2008 1929 2078 imperatur
1962 2019 2020 2062 ut
2048 2021 2174 2085 pro-

586 2105 710 2165 pter
754 2099 1055 2154 orationem
1098 2099 1405 2155 abstineant
1453 2116 1512 2155 se
1558 2100 1627 2155 ab
1675 2115 1841 2155 uxore
1879 2098 2076 2173 [Hier.,
2104 2100 2172 2155 ab

586 2191 839 2265 uxorum]
868 2192 1035 2257 coitu,
1062 2193 1189 2261 quid
1218 2193 1282 2247 de
1308 2194 1559 2263 episcopo
1588 2193 1926 2248 sentiendum
1954 2200 2057 2258 est,
2079 2191 2172 2263 qui

584 2282 823 2351 quotidie
867 2300 966 2354 pro
1017 2284 1130 2339 suis
1173 2284 1461 2355 populique
1510 2285 1748 2354 peccatis
1800 2283 2173 2339 immaculatas

587 2372 788 2443 [llier.,
817 2373 1072 2447 illibatas]
1102 2374 1397 2447 [orationes
1425 2383 1737 2431 sanctorum
1769 2373 1939 2447 (Leg.,
1969 2374 2173 2430 oratio-

585 2482 712 2520 num
743 2466 1114 2541 sanctarum)j
1140 2468 1252 2524 Deo
1283 2468 1565 2524 oblaturus
1592 2476 1677 2525 est
1701 2469 1984 2525 victimas?
2014 2466 2172 2540 [Nam

583 2555 896 2614 Ahimelech
918 2559 1170 2615 sacerdos
1190 2561 1575 2630 propositionis
1602 2576 1769 2631 panes
1794 2562 1974 2617 renuit
2003 2560 2173 2616 David

582 2658 637 2703 et
665 2650 849 2719 pueris
879 2651 991 2707 suis
1020 2652 1169 2717 dare,
1198 2652 1302 2707 nisi
1331 2654 1542 2709 audiret
1569 2670 1769 2724 pueros
1796 2669 1917 2711 esse
1943 2655 2173 2710 mundos

581 2755 613 2794 a
641 2741 977 2810 mulieribus,
1003 2758 1113 2800 non
1146 2744 1333 2813 utique
1361 2745 1571 2812 alienis,
1596 2746 1688 2801 sed
1718 2744 1999 2818 propriis.]
2028 2746 2170 2801 Tau-

584 2839 697 2885 tum
745 2832 971 2888 interest
1022 2834 1164 2889 inter
1217 2836 1603 2906 propositionis
1653 2851 1822 2906 panes
1870 2843 1925 2891 et
1976 2852 2173 2907 corpus

580 2917 810 2986 Christi,
857 2930 1119 2992 quantum
1159 2924 1302 2979 inter
1344 2927 1593 2982 umbram
1639 2935 1695 2982 et
1739 2942 1997 2998 corpora,
2029 2928 2173 2983 inter

578 3013 869 3086 imaginem
900 3024 958 3070 et
979 3017 1292 3083 veritatem,
1322 3018 1465 3074 inter
1492 3020 1823 3091 exemplaria
1862 3018 2170 3075 futurorum

2275 545 2398 585 nem
2421 528 2687 601 languidas
2706 528 3040 599 inﬁrmaeque
3058 527 3337 587 doctrinae.
3364 528 3511 586 Talis
3530 547 3753 602 quoque
3777 535 3870 600 sit,

2274 632 2335 681 ut
2358 626 2789 681 contradicentes
2823 623 3017 697 [libera
3042 623 3198 697 voce]
3226 639 3455 693 arguere
3489 624 3673 681 valeat
3694 626 3876 683 haere-

2276 719 2445 785 ticos,
2473 718 2588 775 sive
2623 716 2837 773 Iudaeos
2864 724 2921 773 et
2946 717 3126 773 muli
3163 717 3319 773 istius
3360 718 3657 788 sapientes.
3699 719 3876 791 Supe-

2274 813 2422 868 riora
2446 812 2694 883 quidem,
2727 826 2847 882 quae
2877 811 2931 865 in
2958 811 3196 882 epise0pi
3234 810 3529 867 virtutibus
3564 814 3778 882 posuit,
3806 814 3877 869 ad

2273 906 2440 961 vitam
2477 904 2751 973 pertinent
2789 900 3151 977 [honestam];
3198 903 3303 958 hoc
3339 916 3469 959 vero
3505 904 3651 974 quod
3681 906 3791 971 ait,
3818 914 3876 959 ut

2274 1006 2454 1069 potem
2480 999 2546 1052 sit
2574 995 2835 1052 consolari
2859 996 2914 1049 in
2934 995 3175 1049 doctrina
3200 1012 3353 1061 sana,
3377 1005 3424 1050 et
3455 998 3876 1052 contradicentes

2275 1105 2528 1161 arguere,
2559 1086 2899 1143 referendum
2928 1094 3011 1142 est
3047 1088 3118 1141 ad
3155 1087 3434 1143 scientiam
3474 1087 3825 1161 [perfectam]
3858 1108 3876 1144 :

2275 1180 2402 1252 quia
2433 1180 2478 1236 si
2507 1180 2746 1251 episcOpi
2782 1186 2988 1233 tantum
3029 1187 3217 1235 sancta
3258 1180 3331 1235 sit
3366 1180 3508 1246 vita,
3550 1181 3658 1236 sibi
3696 1190 3881 1252 potest

2274 1273 2531 1343 prodesse
2560 1272 2641 1327 sic
2658 1271 2884 1337 vivens;
2910 1285 3075 1341 porro
3103 1270 3148 1326 si
3174 1279 3230 1327 et
3256 1270 3507 1327 doctrina
3534 1280 3590 1326 et
3619 1287 3880 1330 sermone

2275 1365 2441 1422 fuerit
2464 1366 2737 1434 eruditus,
2765 1371 2947 1436 potest
2967 1372 3195 1420 caateros
3231 1379 3446 1435 quoque
3482 1365 3798 1432 instruere;
3826 1375 3881 1423 et

2278 1473 2386 1512 non
2412 1455 2585 1511 solum
2616 1456 2886 1512 instruere
2913 1452 3196 1512 et'docere
3218 1468 3375 1523 suos,
3411 1456 3510 1513 sed
3536 1464 3597 1512 et
3619 1457 3879 1513 adversa-

2258 1551 2392 1629 ‘rios
2417 1536 2781 1621 repercutere.

2349 1642 2511 1696 Vens.
2556 1642 2643 1707 l0,
2685 1641 2770 1695 ll.
2810 1672 2883 1683 -—
2921 1641 3058 1699 Sunt
3094 1643 3250 1697 etiam
3296 1640 3448 1697 multi
3490 1643 3872 1711 inobedientes,

2278 1730 2572 1802 vaniloqui,
2602 1731 2897 1788 seductores
2921 1772 2937 1799 ,
2979 1733 3205 1789 maxime
3240 1734 3329 1805 qui
3366 1734 3430 1789 de
3473 1735 3873 1792 circumcisione

2203 1806 2251 1869 Β
2275 1832 2419 1888 sunt,
2450 1839 2581 1894 quos
2598 1812 2810 1893 oportet
2834 1824 3006 1895 argui,
3026 1825 3120 1895 qui
3150 1826 3417 1879 universas
3446 1825 3641 1880 domus
3665 1827 3874 1881 subver-

2273 1923 2389 1969 tunt
2410 1956 2426 1982 ,
2455 1915 2693 1970 docentes
2726 1932 2844 1987 qua:
2880 1932 2984 1971 non
3019 1924 3238 1987 oportet,
3275 1919 3446 1988 turpis
3486 1917 3626 1973 lateri
3679 1920 3872 1990 gratis.

2273 2009 2373 2077 Qui
2419 2010 2674 2066 Ecclesiae
2712 2008 2927 2065 futurus
2961 2017 3046 2064 est
3071 2007 3344 2078 princeps,
3378 2007 3578 2063 habeat
3616 2009 3877 2079 eloquen-

2272 2102 2405 2157 tiam
2435 2118 2559 2157 cum
2586 2101 2711 2156 vitae
2737 2101 3048 2172 integritate
3076 2099 3360 2165 sociatam,
3383 2114 3452 2155 ne
3472 2115 3634 2170 opera
3660 2101 3878 2171 absque

2272 2209 2523 2250 sermone
2571 2194 2678 2248 sint
2722 2192 2916 2265 tacita,
2962 2198 3019 2246 et
3059 2190 3203 2245 dicta
3241 2188 3403 2244 factis
3432 2189 3873 2259 delinquentibus

2275 2286 2449 2360 [Hien
2462 2329 2477 2353 ,
2499 2286 2655 2341 factis
2674 2282 3069 2356 deﬁcientibus]
3097 2283 3437 2339 erubescant.
3464 2281 3619 2354 [Sunt
3636 2281 3868 2352 plurimi

2273 2388 2327 2435 et
2354 2393 2463 2434 non
2489 2378 2648 2449 pauci
2677 2374 2770 2449 qui
2797 2378 2996 2433 bonam
3034 2382 3329 2431 sementem
3359 2374 3523 2429 Verbi
3555 2372 3685 2444 Dei]
3720 2373 3877 2428 inani

2272 2470 2623 2540 persuasione
2646 2474 3027 2538 corrumpunt;
3060 2463 3139 2538 [hi
3167 2466 3333 2520 etiam
3358 2465 3638 2535 perversis
3666 2465 3877 2520 doctri—

2271 2578 2399 2618 nam
2434 2570 2746 2618 sanctarum
2789 2561 3190 2631 Scripturarum
3229 2558 3517 2615 sententiis
3546 2558 3882 2614 conﬁrmare

2272 2654 2519 2709 nituntur
2555 2672 2569 2708 :
2610 2654 2731 2709 ideo
2755 2653 3034 2708 doctorem
3070 2651 3329 2708 Ecclesia:
3362 2651 3522 2706 decet
3560 2651 3885 2723 Scriptum

2273 2753 2491 2800 sanctas
2532 2743 2742 2799 discere
2787 2742 3088 2814 diligenter,
3131 2748 3194 2797 ut
3238 2741 3282 2798 si
3327 2756 3632 2813 percussus
3682 2740 3783 2796 ﬁat
3830 2742 3882 2797 in

2274 2837 2555 2893 dexteram
2593 2835 2894 2903 maxillam,
2928 2852 3055 2892 mox
3095 2836 3334 2905 praebeat
3368 2835 3715 2907 percutienti
3755 2836 3883 2891 alte-

2274 2928 2439 3002 ram.]
2468 2929 2534 2985 lli
2559 2937 2685 2985 sunt
2713 2930 2779 2985 de
2807 2928 3220 2985 circumcisione
3245 2926 3434 2995 Judzei,
3457 2929 3556 2999 qui
3585 2937 3727 2985 tunc
3755 2938 3887 2985 tem-

2271 3023 2420 3093 poris
2445 3031 2756 3079 nascentem
2785 3020 2987 3078 Christi
3018 3020 3316 3077 Ecclesiam
3346 3022 3678 3080 subvertere
3705 3023 3885 3079 conati

578 3113 633 3161 et
662 3120 726 3161 ea
747 3107 863 3179 ipsa
886 3124 1007 3179 quae
1025 3124 1125 3180 per
1143 3110 1472 3183 exemplaria
1493 3111 1999 3184 praeﬁgurabantur.
2024 3112 2169 3181 Quo-
2194 3162 2239 3186 η
2274 3123 2400 3170 sunt
2422 3113 2624 3186 [Hier.,
2655 3111 3010 3186 nitebantur],
3036 3119 3092 3167 et
3121 3113 3464 3169 introducere
3488 3125 3782 3186 praecepta
3811 3116 3886 3171 le-

577 3198 738 3253 modo
764 3198 929 3271 igitur
955 3201 1316 3273 hospitalitas,
1338 3204 1644 3275 benignitas
1668 3205 1937 3275 praecipue
1966 3205 2165 3262 debent

577 3304 697 3345 esse
724 3292 778 3345 in
804 3294 1075 3365 episcopo,
1109 3296 1189 3351 sic
1212 3295 1373 3351 etiam
1398 3305 1449 3351 et
1479 3298 1704 3353 casulas
1732 3298 1971 3368 proprie,
2003 3307 2075 3365 et,
2105 3306 2167 3354 ut

575 3381 741 3456 654
774 3385 849 3439 ita
876 3388 1127 3453 dixerim,
1156 3390 1418 3459 pudicitia
1448 3390 1797 3447 sacerdotalis
1825 3400 1908 3447 est
1926 3433 1941 3459 ,
1966 3401 2028 3448 ut
2059 3408 2167 3449 non

577 3474 750 3529 solum
771 3475 839 3531 ab
862 3491 1025 3548 opere
1046 3478 1322 3536 immundo
1351 3482 1638 3548 abstineat,
1666 3483 1761 3538 sed
1781 3483 1945 3538 etiam
1967 3500 1998 3539 a
2020 3491 2166 3540 tactu

2192 3162 2241 3228 C

2272 3207 2441 3280 galia,
2475 3204 2966 3280 [circumcisionem
2998 3203 3204 3260 scilicet
3235 3212 3291 3260 et
3322 3205 3553 3261 sabbata
3591 3214 3654 3262 et
3682 3216 3880 3262 caetera

2268 3299 2404 3369 legis
2424 3294 2739 3369 praecepta]
2770 3296 2925 3352 Tales
2959 3297 3205 3353 homines
3231 3296 3419 3353 doctor
3455 3297 3758 3364 Ecclesiae,
3796 3300 3880 3354 cui

2270 3392 2465 3448 animae
2487 3390 2806 3462 populorum
2832 3388 3053 3445 credita:
3081 3395 3238 3454 sunt,
3270 3388 3690 3460 Scripturarum
3723 3391 3881 3445 debet

2270 3483 2479 3539 ratione
2499 3495 2778 3553 superare,
2800 3488 2855 3535 et
2876 3478 3149 3536 silentium
3171 3479 3611 3536 testimonion
3635 3482 3879 3552 pondere

578 3565 765 3621 illicito
791 3575 847 3622 et
873 3570 1200 3639 cogitatione
1240 3572 1443 3627 erroris
1469 3569 1676 3642 [Hier.,
1707 3590 1738 3627 a
1760 3571 1909 3643 jactu
1938 3575 2081 3630 oculi
2109 3582 2165 3631 et
2270 3576 2549 3646 imponere
2592 3590 2607 3629 :
2655 3574 2747 3645 qui
2790 3589 2897 3629 non
2940 3587 3103 3627 unam
3149 3578 3244 3626 aut
3280 3587 3483 3642 paucas
3525 3573 3746 3639 domos,
3785 3573 3879 3629 sed

576 3660 921 3728 cogitationis
946 3662 1155 3735 errore]
1200 3679 1355 3719 mens
1392 3664 1594 3720 Christi
1633 3681 1829 3736 corpus
1858 3668 2169 3723 confectura
2269 3668 2552 3723 universas
2589 3682 2712 3723 cum
2742 3665 2975 3722 dominis
3003 3662 3345 3735 familiasque
3383 3666 3745 3730 subvertunt,
3784 3668 3874 3722 do-

577 3749 648 3803 sit
695 3750 884 3807 libera.
930 3753 1119 3810 Justus
1165 3772 1379 3827 quoque
1427 3758 1710 3831 episcopus
1755 3774 1876 3816 esse
1914 3760 2074 3817 debet
2113 3768 2172 3818 et
2270 3767 2454 3817 centes
2491 3757 2558 3815 de
2599 3759 2843 3814 ciborum
2875 3755 3223 3823 differentiis,
3255 3756 3400 3829 [cum
3442 3758 3632 3812 omnia
3675 3760 3871 3814 munda

574 3854 810 3912 sanctus,
842 3854 897 3903 et
916 3848 1187 3919 justitiam
1213 3850 1265 3905 in
1293 3851 1503 3923 populis
1540 3853 1736 3924 quibus
1778 3863 1975 3925 praeest
2012 3870 2171 3912 exer-

574 3952 733 4006 cere,
780 3955 881 3997 nec
915 3957 1179 4012 personas
1214 3946 1482 4016 respicere
1519 3946 1573 4001 in
1603 3946 1842 4018 judicio,
1876 3946 1993 4020 [sed
2020 3948 2169 4003 omni

572 4044 819 4100 persona
838 4032 984 4104 justa
1011 4034 1327 4092 discernens
1354 4035 1560 4109 (Forte,
1587 4038 1929 4113 decernens).
1958 4038 2026 4094 Et
2046 4057 2171 4095 san-

574 4129 711 4176 ctum
730 4163 745 4189 ,
776 4124 842 4181 ad
874 4140 1026 4181 suam
1057 4128 1260 4196 vitam;
1294 4136 1354 4183 ut
1389 4146 1495 4186 non
1525 4129 1700 4186 solum
1735 4130 1917 4187 verbis
1953 4132 2166 4205 doceat,

572 4211 668 4267 sed
699 4215 864 4270 etiam
903 4218 1166 4289 exemplis
1215 4219 1429 4276 erudiat
1473 4220 1728 4292 populum
1774 4222 1879 4279 sibi
1914 4224 2169 4280 commis-

572 4316 713 4358 sum.
744 4305 930 4378 (Vsus.
968 4308 1046 4379 9.)
1076 4309 1457 4377 Continentem,
1497 4311 1889 4383 amplectentem
1916 4330 2056 4381 eum,
2079 4314 2169 4386 qui

571 4395 858 4451 secundum
896 4398 1192 4454 doctrinam
1236 4410 1331 4467 est,
1367 4400 1577 4469 ﬁdelem
1618 4418 1929 4458 sermonem.
1988 4405 2171 4460 Absti-

573 4493 791 4539 nentem
827 4488 970 4542 enim
1016 4489 1172 4544 decet
1215 4492 1526 4560 episcOpum
1565 4507 1717 4559 esse,
1760 4509 1865 4548 non
1906 4493 2080 4549 solum
2108 4495 2160 4551 in
2185 4523 2239 4584 D

571 4576 778 4630 carnali
805 4577 1089 4644 desiderio,
1114 4595 1301 4635 verum
1328 4581 1494 4635 etiam
1518 4581 1571 4636 in
1596 4584 1885 4639 verborum
1917 4587 2162 4643 modera-

570 4666 750 4732 tione;
778 4666 887 4724 imo
911 4677 969 4726 et
990 4670 1259 4744 praecipue
1289 4673 1341 4727 in
1380 4672 1737 4744 cogitatione,
1769 4685 1831 4732 ut
1870 4677 2066 4733 habeat
2105 4677 2159 4735 in

568 4769 840 4832 petestate
866 4766 995 4835 quid
1023 4768 1244 4839 cogitet,
1272 4771 1400 4841 quid
1417 4771 1692 4843 loquatur,
1716 4779 1771 4828 ct
1796 4772 1925 4843 quid
1946 4772 2156 4847 faciat.]

474 4882 475 4887 η
568 4856 651 4913 Ad
672 4866 976 4918 extremm
1003 4864 1244 4921 obtineat
1262 4881 1386 4923 eum
1406 4909 1421 4935 ,
1450 4870 1539 4939 qui
1558 4869 1843 4923 secundum
1863 4868 2155 4925 doctrinam

566 4962 665 5021 est,
687 4954 895 5025 ﬁdelem
927 4974 1249 5027 sermonem;
1274 4970 1336 5017 ut
1355 4964 1624 5033 quomodo
1648 4979 1826 5020 sermo
1859 4964 1956 5020 Dei
1983 4964 2156 5021 ﬁdelis

566 5052 651 5101 est
682 5054 740 5103 et
778 5048 925 5104 omni
964 5052 1279 5123 acceptione
1314 5054 1541 5125 dignus,
1582 5056 1661 5111 sic
1689 5064 1745 5111 et
1777 5056 1869 5111 ille
1903 5055 2065 5111 talem
2095 5072 2154 5113 se

563 5139 823 5211 praebeat,
851 5152 914 5197 ut
933 5159 1094 5201 omne
1121 5146 1265 5216 quod
1291 5146 1546 5217 loquitur,
1577 5147 1680 5205 ﬁde
1708 5150 1929 5219 dignum
1967 5148 2154 5203 existi—

564 5240 765 5301 metur,
788 5242 846 5291 et
868 5236 1035 5293 verba
1061 5237 1230 5308 ipsius
1257 5238 1366 5293 sint
1384 5238 1567 5310 regula
1591 5239 1854 5295 veritatis.
1882 5237 1949 5293 Ut
1969 5249 2173 5311 potenr

550 5322 633 5383 ,σεε
658 5325 926 5381 exhortari
947 5330 1004 5382 in
1029 5328 1267 5384 doctrina
1292 5347 1443 5396 sana,
1466 5340 1514 5383 et
1536 5347 1622 5384 eos
1645 5331 1735 5401 qui
1760 5329 2146 5396 contradicunt,

2271 3852 2378 3908 sint
2407 3849 2670 3923 mundis.]
2706 3851 2899 3906 Verum
2932 3849 3056 3919 quia
3094 3848 3237 3905 Deus
3272 3856 3357 3904 est
3383 3856 3575 3903 venter
3602 3848 3868 3919 ipsorum,

2270 3943 2438 4013 turpis
2468 3941 2602 3997 lucri
2623 3941 2797 4013 gratia
2820 3941 3007 3995 volunt
3042 3941 3290 4011 proprios
3330 3939 3510 3996 facere
3548 3939 3869 4011 discipulos,

2270 4044 2332 4091 ut
2359 4036 2513 4107 quasi
2541 4034 2786 4105 magistri
2807 4049 2836 4087 a
2858 4034 3217 4089 sectatoribus
3236 4034 3350 4089 suis
3378 4032 3641 4089 fallantur
3667 4033 3869 4107 [Hier.,

2272 4126 2510 4200 alantur]
2537 4124 2614 4199 [et
2634 4124 3101 4197 honoriﬁcentur].
3133 4122 3323 4180 Omnis
3342 4125 3526 4194 itaque
3553 4127 3869 4191 haereticus,

2272 4220 2363 4291 qui
2392 4219 2711 4290 quibusdam
2740 4215 3028 4288 praestigiis
3054 4216 3300 4272 homines
3345 4216 3510 4283 fallit,
3542 4224 3597 4273 et
3638 4210 3871 4283 fallitur,

2270 4312 2512 4382 loquitur
2530 4326 2649 4381 quae
2670 4324 2776 4363 non
2789 4314 3001 4379 oportet
3022 4307 3194 4378 turpis
3212 4306 3349 4363 lucri
3368 4308 3543 4380 gratia
3562 4326 3577 4376 ;
3598 4308 3875 4381 [lucrator

2270 4414 2355 4460 est
2379 4419 2666 4475 perversus
2693 4401 2757 4458 ad
2787 4408 3018 4457 mortem
3044 4401 3367 4468 animarum,
3395 4418 3503 4458 non
3538 4402 3606 4457 ad
3634 4403 3812 4459 vitam
3828 4401 3873 4479 ;]

2270 4514 2302 4553 e
2327 4504 2511 4552 contra
2547 4495 2638 4566 qui
2672 4501 2943 4549 errantem
2980 4491 3206 4550 fratrem
3252 4509 3409 4550 suum
3438 4493 3596 4563 juxta
3622 4494 3871 4569 Evange-

2264 4590 2395 4645 lium
2423 4588 2745 4658 corripuerit
2790 4586 2868 4661 [et
2910 4584 3268 4659 correxerit],
3314 4585 3556 4643 lucratus
3586 4596 3677 4644 est
3704 4602 3871 4656 eum;

2260 4682 2404 4754 quod
2431 4681 2574 4736 enim
2606 4680 2777 4751 magis
2810 4678 3018 4733 lucrum
3058 4685 3237 4750 potest
3260 4693 3413 4746 esse,
3445 4687 3539 4735 aut
3578 4681 3714 4750 quid
3741 4695 3870 4751 pre-

2262 4772 2453 4828 tiosius
2473 4787 2636 4841 quam
2663 4770 2708 4826 si
2728 4771 3020 4826 humanam
3045 4770 3280 4826 animam
3308 4770 3430 4841 quis
3452 4770 3700 4828 lucretur
3717 4772 3871 4829 Deo!

2259 4865 2446 4938 (Vens.
2497 4862 2611 4933 l2.)
2649 4862 2798 4917 Dixit
2845 4862 3059 4932 quidam
3097 4879 3164 4918 ea;
3198 4863 3304 4919 illis
3336 4865 3583 4936 proprius
3623 4867 3872 4937 ipsorum

2259 4957 2509 5028 propheta
2536 4970 2554 5009 :
2586 4952 2852 5010 Cretenses
2886 4970 3087 5027 semper
3123 4956 3426 5024 mendaces,
3457 4958 3617 5013 mala
3663 4960 3871 5027 bestic,

2260 5056 2459 5102 ventres
2486 5046 2641 5116 pigri.
2668 5046 2855 5103 Videte
2884 5046 3086 5120 [Hier.,
3111 5047 3345 5121 videtur]
3375 5049 3479 5105 hoc
3519 5064 3644 5106 esse
3689 5051 3869 5122 dupli-

2260 5139 2396 5194 citer
2419 5136 2728 5208 legendum,
2756 5149 2817 5195 ut
2840 5141 2944 5197 hoc
2970 5140 3114 5212 quod
3134 5141 3229 5207 ait,
3255 5142 3390 5196 dixit
3409 5142 3629 5213 quidam
3658 5159 3730 5198 es:
3755 5144 3870 5199 illis

2257 5232 2499 5303 proprius
2520 5249 2699 5287 eorum
2719 5234 2988 5304 propheta,
3014 5249 3136 5290 cum
3161 5234 3528 5305 superioribus
3546 5236 3868 5305 copuletur,

2262 5322 2438 5394 Hujus
2473 5325 2547 5378 rei
2582 5325 2752 5395 gratia
2788 5325 2974 5397 requui
3001 5337 3048 5381 te
3078 5325 3277 5394 Creta,
3315 5336 3371 5382 ut
3400 5344 3462 5382 ea
3485 5345 3607 5399 qua:
3636 5329 3867 5383 deerunt

564 5429 802 5483 arguere.
838 5416 952 5474 Hoc
995 5427 1107 5486 est,
1143 5429 1337 5490 potens
1383 5422 1452 5477 sit
1495 5436 1588 5476 eos
1629 5423 1722 5491 qui
1760 5420 1941 5477 saeculi
1991 5422 2149 5477 istius
2249 5417 2571 5487 corrigeres;
2597 5416 2673 5489 [et
2702 5418 2769 5472 ad
2799 5419 2941 5474 hunc
2979 5435 3196 5475 sensum
3221 5421 3497 5491 respiciat,
3529 5423 3678 5491 quod
3708 5423 3790 5476 ait
3816 5419 3865 5497 ε]

563 5504 868 5563 turbinibus
889 5510 1254 5582 exagitantur,
1282 5512 1578 5577 consolari,
1611 5519 1664 5565 et
1699 5526 1798 5581 per
1833 5526 2021 5567 sanam
2049 5512 2147 5566 do—

563 5598 794 5656 ctrinam
836 5600 914 5675 [id
953 5612 1067 5671 est,
1119 5605 1470 5672 catholicam,
1513 5606 1800 5662 haereticus
1832 5600 2147 5677 pravitates]

2250 5505 2399 5562 Dixit
2432 5508 2648 5579 quidam
2676 5527 2740 5564 ex
2765 5509 2873 5566 illis
2895 5515 3137 5584 proprius
3158 5530 3335 5568 eorum
3359 5514 3633 5584 propheta,
3661 5515 3721 5570 id
3749 5523 3862 5581 est,

2250 5598 2609 5655 Cretensium.
2638 5602 2747 5656 Aut
2774 5618 2898 5658 cum
2930 5606 3278 5664 vicinioribus
3309 5605 3646 5678 jungendum
3669 5613 3864 5679 οεψα

632 5789 660 5829 ι
696 5778 823 5841 Haec
846 5783 1008 5845 verba
1031 5798 1153 5861 quae
1178 5783 1234 5842 in
1262 5798 1371 5843 ms.
1402 5784 1617 5856 desunt,
1649 5780 1891 5840 addimus
1906 5778 1980 5838 ex
2007 5777 2313 5856 conjectura
2344 5780 2413 5837 ob
2437 5780 2801 5857 integritatem
2825 5801 3034 5847 sensus.
