4088 6330
223 308 358 366 1017

916 300 1326 361 EXEGETICA.
1364 328 1437 344 -
1473 299 1717 358 EXPOS.
1755 297 1828 357 IN
1861 295 2080 357 EPIST.
2132 296 2191 356 S.
2245 297 2453 357 PAULI
2487 297 2581 355 AD
2616 297 2852 358 TITUM.

3353 298 3498 363 1018

219 424 465 496 legamus
489 435 504 477 :
531 420 672 478 Sunt
697 419 862 476 etiam
884 419 1039 474 multi
1063 428 1119 474 et
1144 435 1252 475 non
1276 418 1498 487 subditi,
1526 417 1799 487 vaniloqui
1830 417 1883 480 Α
1905 417 2179 490 inquinata
2189 426 2266 473 est
2276 433 2457 473 eorum
2470 403 3316 489 memetcanscientia.Propterea
3331 419 3497 477 etiam

220 523 276 572 et
300 515 562 571 mentium
601 514 943 584 deceptores,
979 512 1212 567 maxime
1246 519 1427 567 autem
1466 511 1557 581 qui
1605 511 1670 565 de
1704 507 1809 565 cir-

218 608 552 665 cumcisione
577 614 704 662 sunt
732 624 746 660 :
773 619 909 675 quos
936 602 1133 658 multos
1159 611 1215 658 et
1231 619 1337 659 non
1363 602 1630 667 subditos,
1659 598 1809 655 vani-

216 698 412 768 loquos
438 706 493 754 et
515 697 773 754 mentium
794 695 1107 764 deceptores
1125 709 1248 749 cum
1268 694 1353 749 bis
1376 693 1467 763 qui
1488 692 1555 747 de
1577 692 1807 747 circum-

214 790 423 845 cisione
454 796 598 857 sunt,
624 794 836 859 oportet
860 784 1022 858 655
1059 783 1351 850 refrenari;
1393 783 1487 854 qui
1526 782 1808 837 universas

213 881 407 937 domos
431 882 819 944 subvertentes,
839 879 1091 934 docentes
1113 893 1234 948 qua:
1253 892 1361 932 non
1379 883 1609 946 oportet,
1634 874 1807 945 turpis

212 973 350 1029 lucri
387 973 594 1045 gratia;
637 971 846 1045 [talium
884 971 1027 1027 enim
1051 1010 1067 1037 ,
1093 970 1148 1025 id
1192 978 1304 1034 est,
1336 968 1427 1038 qui
1468 967 1641 1037 turpis
1669 965 1807 1021 lucri

211 1066 388 1136 gratia
417 1064 656 1138 docent,]
686 1065 820 1121 dixit
838 1063 1056 1134 quidam
1079 1078 1146 1119 ex
1168 1062 1274 1118 illis
1288 1061 1539 1132 proprius
1567 1062 1804 1131 ipsorum

208 1157 476 1226 propheta
511 1175 525 1211 :
555 1165 617 1211 ut
640 1157 694 1212 id
722 1156 865 1226 quod
891 1154 968 1209 ait
1000 1173 1013 1209 :
1042 1155 1284 1226 praprius
1320 1169 1499 1208 eorum
1533 1154 1803 1225 propheta,

209 1265 321 1305 non
369 1249 677 1321 specialiter
723 1249 791 1304 ad
837 1246 1079 1315 Iudaeos,
1121 1255 1179 1304 et
1208 1263 1304 1303 eos
1339 1247 1577 1303 maxime
1612 1247 1704 1316 qui
1740 1248 1806 1303 de

208 1345 623 1402 circumcisione
647 1352 789 1411 sunt,
823 1346 919 1401 sed
943 1345 1013 1401 ad
1039 1345 1241 1401 multos
1265 1344 1551 1409 referatur,
1581 1348 1674 1414 qui
1697 1359 1803 1399 non

206 1437 412 1492 subditi
461 1443 612 1501 sunt,
663 1443 718 1491 et
760 1436 1034 1506 vaniloqui
1083 1444 1138 1492 et
1186 1437 1447 1492 mentium
1492 1436 1805 1506 deceptores

207 1537 360 1595 sunt,
382 1543 612 1599 quorum
632 1528 818 1597 utique
842 1526 1043 1599 [Hier.,
1061 1527 1154 1599 qui
1176 1527 1405 1600 utique],
1422 1528 1546 1597 quia
1568 1526 1623 1581 in
1644 1526 1805 1582 Crete

204 1629 385 1688 erant,
405 1620 691 1677 Cretenses
711 1634 830 1676 esse
856 1619 1111 1676 credendi
1137 1628 1282 1676 sunt.
1314 1619 1523 1675 Dicitur
1546 1617 1802 1674 enimille

203 1711 506 1768 versiculus
542 1712 594 1767 in
634 1711 966 1783 Epimenidis
1020 1709 1295 1768 Cretensis
1333 1718 1506 1781 poetae
1554 1710 1801 1766 Oraculis

1908 524 2029 580 quae
2041 509 2238 565 munda
2262 518 2390 565 sunt
2404 524 2505 580 per
2521 516 2793 576 naturam,
2814 509 2893 565 eis
2914 509 3185 565 immunda
3209 509 3347 567 ﬁunt
3374 511 3497 586 [per

1909 599 2143 673 culpam]
2161 617 2175 667 ;
2190 616 2298 657 non
2317 601 2458 671 quod
2477 600 2562 656 vel
2587 600 2844 657 mundum
2859 601 2930 656 sit
2949 600 3149 672 aliquid
3161 602 3246 657 vel
3264 602 3496 660 immun-

1907 692 2057 761 dum,
2070 695 2163 750 sed
2184 709 2285 764 pro
2300 695 2562 766 qualitate
2576 695 2926 751 vescentium.
2943 692 3258 767 [Legitimus
3268 696 3422 753 cibus
3441 703 3499 753 et

1907 799 1939 838 a
1960 785 2225 841 catholica
2240 785 2480 842 Ecclesia
2503 787 2753 851 usitatus,
2774 786 3005 841 mundus
3026 794 3111 841 est
3128 786 3372 855 mundis;
3395 787 3497 844 im-

1908 877 2139 937 mundus
2158 878 2539 948 coinquinatis,
2555 894 2783 949 quorum
2805 893 2959 934 mens
2971 886 3025 932 et
3045 879 3374 935 conscientia
3393 880 3497 936 im-

1907 966 2105 1021 munda
2124 975 2209 1022 est
2222 966 2261 1040 :]
2278 968 2395 1023 ideo
2406 968 2648 1024 inﬁdeles
2661 983 2903 1039 quosque
2913 977 3074 1040 atque
3087 969 3318 1040 pollutos
3330 972 3495 1026 etiam

1905 1058 2061 1129 panis
2079 1060 2491 1127 benedictionis,
2508 1068 2564 1116 et
2578 1061 2718 1117 calix
2737 1061 3045 1117 Dominicus
3064 1075 3170 1116 non
3187 1061 3362 1132 juvat,
3378 1060 3497 1135 [sed

1907 1151 2080 1221 magis
2100 1151 2332 1220 pollutos
2355 1150 2530 1226 facit,]
2553 1154 2686 1223 .quia
2713 1153 2805 1223 qui
2839 1153 3056 1224 indigne
3100 1153 3396 1210 comederit
3430 1153 3498 1211 de

1905 1256 2044 1312 pane
2072 1241 2186 1308 illo,
2217 1249 2273 1297 et
2305 1242 2370 1297 de
2398 1243 2569 1299 calice
2593 1243 2812 1310 biberit,
2836 1242 3101 1313 judicium
3131 1243 3235 1300 sibi
3263 1243 3496 1300 mandu-

1907 1343 1995 1390 cat
2014 1342 2070 1390 et
2095 1335 2231 1390 bibit
2263 1334 2315 1405 (I
2340 1333 2461 1389 Cor.
2494 1334 2577 1406 ιι).
2609 1334 2668 1390 In
2692 1335 2848 1391 nobis
2878 1334 3062 1405 itaque
3084 1342 3168 1390 est
3186 1334 3273 1391 vel
3297 1334 3496 1390 munda

1905 1427 2187 1482 comedere
2234 1427 2320 1482 vel
2371 1426 2666 1482 immunda.
2723 1425 2780 1482 Si
2835 1427 2980 1482 enim
3035 1426 3221 1482 mundi
3268 1441 3496 1494 sumus,

1904 1521 2103 1576 munda
2130 1520 2285 1576 nobis
2309 1527 2391 1575 est
2411 1527 2695 1586 creatura;
2727 1519 2772 1575 si
2802 1525 2983 1574 autem
3011 1518 3275 1574 immundi
3295 1526 3353 1575 et
3376 1516 3500 1574 inﬁ-

1903 1612 2071 1679 deles,
2101 1622 2227 1669 sunt
2262 1612 2460 1686 [Hier.,
2493 1611 2650 1685 ﬁunt]
2682 1612 2847 1667 etiam
2882 1612 3039 1668 nobis
3071 1611 3321 1668 universa
3348 1625 3498 1666 com-

1903 1705 2120 1771 munia;
2171 1706 2284 1759 sive
2329 1720 2426 1775 per
2471 1704 2864 1760 inbabitantem
2904 1704 2960 1761 in
2998 1705 3255 1761 cordibus
3294 1703 3499 1760 nostris

202 1803 452 1873 reperiri,
482 1818 645 1873 quem
671 1780 727 1857 in
764 1803 1179 1873 prtesentiarum
1215 1780 1563 1875 sibii[Forte,
1593 1800 1689 1872 ibi]
1719 1801 1797 1855 lu-
1828 1780 1874 1840 Β
1902 1794 2132 1849 haeresin
2153 1835 2168 1860 ,
2213 1795 2327 1851 sive
2366 1809 2465 1865 per
2497 1796 2884 1851 conscientiam
2925 1796 3262 1852 delictorum.
3305 1795 3493 1868 (Vens.

201 1894 671 1965 dengprophetam
690 1895 932 1962 vocavit;
958 1893 1098 1965 quod
1127 1893 1332 1949 scilicet
1350 1892 1484 1947 tales
1503 1890 1796 1947 Christiani

200 1989 342 2047 tales
369 1998 679 2046 mereantur
706 1989 908 2045 habere
936 1989 1256 2060 prophetas,
1289 1986 1560 2058 quomodo
1589 1993 1642 2041 et
1669 2000 1797 2055 pro-

203 2081 380 2152 phetat
406 2089 563 2136 erant
589 2080 755 2136 Bahal
781 2079 955 2154 [Baal]
988 2079 1066 2153 [et
1103 2080 1367 2136 idolorum
1385 2120 1401 2146 ,
1431 2087 1490 2135 ut
1516 2078 1712 2150 legitur
1739 2078 1796 2133 in

202 2172 411 2244 Regum
447 2173 643 2246 libris].
681 2174 922 2244 Denique
960 2174 1076 2242 ipse
1112 2173 1267 2239 liber,
1314 2170 1480 2244 [unde
1505 2171 1795 2241 Apostolus

200 2264 319 2320 hmo
340 2262 506 2336 tulit,]
532 2263 881 2319 Oraculorum
908 2264 1066 2319 titulo
1088 2270 1450 2335 praenotatur;
1482 2278 1642 2334 quem
1668 2262 1795 2333 quia

198 2356 488 2412 videbatur
529 2356 768 2411 divinum
817 2355 1019 2427 aliquid
1066 2354 1475 2425 repromittere,
1510 2361 1795 2425 propterea

198 2449 517 2518 Apostolum
537 2449 772 2505 arbitror
797 2449 1116 2519 inspexisse,
1144 2455 1206 2503 ut
1232 2449 1442 2504 videret
1467 2447 1796 2519 quid..genti-

199 2540 335 2595 lium
376 2541 634 2596 divinatio
683 2540 1027 2612 polliceretur
1074 2559 1089 2596 ς
1126 2549 1181 2596 et
1213 2541 1269 2596 in
1295 2548 1537 2612 tempore
1565 2541 1794 2596 abusum

198 2646 323 2688 esse
347 2631 617 2689 versiculo
643 2632 968 2688 scribentem
997 2632 1066 2688 ad
1092 2631 1273 2687 Titum
1293 2673 1308 2695 ,
1342 2632 1432 2702 qui
1467 2638 1587 2686 erat
1611 2629 1792 2697 Crete,

201 2729 260 2777 ut
281 2720 446 2778 falsos
472 2721 810 2777 Cretensium
837 2723 1086 2778 doctores
1109 2723 1328 2794 proprio
1357 2721 1546 2778 insula),
1573 2729 1795 2776 auctore

198 2820 506 2869 contereret
528 2810 729 2885 [Hier.,
752 2813 941 2869 insulae
961 2813 1181 2869 doctore
1204 2812 1596 2886 convinceret],
1627 2811 1796 2884 [quod

198 2905 446 2961 eumdem
483 2905 799 2976 Apostolum
832 2906 888 2959 in
928 2906 1050 2961 aliis
1085 2905 1219 2963 locis
1258 2905 1453 2962 fecisse
1487 2905 1792 2971 invenitur;

200 2997 344 3053 sicut
383 2998 438 3053 in
473 2996 699 3053 Actibus
737 2998 1102 3068 apostolorum
1145 2998 1359 3054 titulum
1410 2998 1690 3054 inveniens
1728 2998 1796 3054 de

196 3090 378 3163 ignoto
424 3089 570 3158 Deo,
614 3097 670 3145 et
711 3089 908 3146 exinde
955 3090 1185 3161 sumpsit
1230 3090 1629 3162 praedicationis
1679 3089 1793 3147 olli-

198 3181 392 3256 cium.]

269 3276 434 3332 Vens.
473 3276 561 3333 15.
585 3308 658 3318 -
682 3277 1079 3346 Testimonium,
1110 3278 1305 3350 inquit,
1331 3295 1508 3334 verum
1538 3288 1651 3345 est;
1686 3294 1793 3335 non

195 3375 371 3424 totum
416 3382 670 3438 carmen,
708 3372 777 3426 de
811 3388 919 3444 quo
960 3372 1330 3429 testimonium
1371 3380 1642 3444 sumptum
1688 3380 1791 3439 est,

196 3471 309 3512 non
347 3458 658 3515 universum
686 3475 851 3531 opus,
882 3461 977 3518 sed
1017 3469 1225 3517 tantum
1262 3463 1365 3518 hoc
1404 3463 1789 3518 testimonium.

195 3545 373 3613 Quam
400 3549 463 3602 ob
496 3566 710 3604 causam
754 3552 966 3623 increpa
1005 3551 1125 3606 illos
1169 3552 1321 3619 dure,
1364 3563 1423 3607 ut
1450 3554 1567 3608 sani
1608 3554 1710 3608 sint
1736 3554 1792 3608 in

190 3638 321 3709 ﬁde.
360 3640 545 3711 (Vens.
581 3641 696 3715 14.)
727 3641 851 3698 Νοη
884 3642 1207 3698 intendentes
1232 3642 1474 3699 Iudaicis
1509 3644 1704 3715 fabulis
1743 3652 1791 3699 et

191 3732 460 3787 mandatis
503 3734 770 3788 hominum
812 3752 867 3789 se
915 3736 1267 3790 aversantium
1318 3753 1352 3790 a
1412 3737 1645 3792 veritate.
1699 3736 1791 3793 Ait

191 3824 341 3878 enim
366 3841 378 3877 :
402 3822 625 3895 lncrepa
651 3824 769 3881 illos
796 3826 1023 3892 acriter;
1051 3827 1339 3884 mendaces
1362 3827 1559 3898 quippe
1586 3837 1710 3884 sunt
1736 3838 1791 3885 et

190 3919 354 3975 mala:
380 3921 568 3977 bestia:
596 3929 651 3977 et
679 3922 886 3977 ventris
912 3923 1083 3993 pigri,
1115 3924 1207 3994 qui
1237 3922 1368 3978 falsa
1396 3924 1659 3990 suadent,
1696 3926 1789 3994 qui

191 4013 433 4069 ferarum
462 4016 569 4070 ritu
598 4016 912 4085 sanguinem
959 4016 1149 4069 sitiunt
1185 4016 1563 4085 deceptorum;
1596 4025 1651 4071 et
1679 4033 1788 4072 non

188 4119 320 4161 cum
345 4106 558 4163 silentio
579 4115 865 4177 opcrantes
882 4122 1039 4161 suum
1064 4122 1256 4176 panem
1283 4108 1632 4175 manducent,
1659 4126 1790 4179 quo-

187 4215 313 4253 rum
338 4198 480 4254 Deus
509 4206 682 4255 venter
705 4206 815 4264 est,
855 4207 903 4252 et
932 4196 1106 4269 gloria
1142 4199 1199 4253 in
1241 4199 1544 4270 confusione
1582 4215 1784 4253 eorum.

187 4289 307 4351 Hos
332 4293 471 4349 tales
496 4293 735 4363 increpa,
770 4301 825 4345 ut
853 4292 971 4347 sani
1004 4291 1104 4347 sint
1141 4291 1195 4346 in
1227 4292 1333 4361 ﬁde
1363 4306 1381 4345 :
1412 4292 1480 4348 de
1516 4308 1621 4364 qua
1662 4292 1787 4348 ﬁdei

189 4386 428 4442 sanitate
466 4386 524 4442 in
563 4387 1018 4457 consequentibus
1055 4386 1326 4456 loquitur;
1374 4402 1532 4443 senes
1580 4388 1787 4444 sobrios

184 4492 335 4543 esse,
360 4476 646 4544 honestos,
671 4477 927 4546 pudicos,
952 4492 1111 4533 sanos
1136 4477 1189 4532 in
1216 4477 1320 4533 ﬁde
1349 4487 1403 4532 et
1435 4478 1702 4534 charitate
1730 4487 1786 4534 et

182 4567 484 4640 patientia;
535 4567 624 4640 [de
672 4582 777 4636 qua
813 4568 1045 4623 sanitate
1080 4566 1203 4623 ﬁdei
1236 4575 1293 4623 et
1336 4568 1402 4622 ad
1442 4568 1784 4625 Timotheum

88 4695 108 4703 ς
184 4659 383 4716 scribit
410 4656 449 4731 :]
484 4656 544 4713 Si
568 4660 684 4730 quis
713 4658 866 4713 aliter
893 4658 1040 4712 docet
1087 4667 1135 4714 et
1173 4675 1276 4712 non
1312 4660 1589 4730 acquiescit
1632 4679 1787 4717 sanos

181 4768 455 4807 sermones
487 4749 638 4824 [Leg.
668 4750 812 4806 sanis
840 4751 1186 4824 sermonibus]
1216 4751 1429 4807 Domini
1464 4755 1628 4808 nostri
1658 4754 1789 4810 Iesu

182 4842 390 4899 Christi
417 4841 470 4916 (Ι
493 4842 627 4897 Tim.
650 4859 727 4910 vi,
750 4842 825 4915 '5).
852 4841 1051 4917 [Sanos
1073 4857 1352 4898 sermones
1372 4852 1550 4911 vocat,
1574 4853 1629 4900 et
1649 4845 1790 4916 quod

182 4933 608 4991 observantibus
633 4948 726 4989 eos
753 4934 958 4990 sanitas
1001 4944 1256 5005 operetur
1294 4935 1350 4990 in
1392 4934 1520 5008 eis.]
1563 4936 1686 4992 Non
1710 4938 1792 4992 in-

182 5027 459 5084 tendentes
485 5028 725 5083 Judaicis
754 5027 948 5099 fabulis
975 5036 1024 5083 et
1052 5030 1316 5085 mandatis
1355 5030 1624 5085 hominum
1655 5048 1799 5086 aver-

181 5122 425 5177 santium
457 5122 747 5187 veritatem,
779 5120 869 5192 [de
888 5121 1086 5191 quibus
1109 5122 1177 5177 ad
1203 5120 1425 5179 Galatas
1447 5132 1503 5178 et
1521 5123 1795 5179 Romanos

180 5215 504 5287 plenissime
530 5215 858 5286 disputatur,
889 5214 982 5284 qui
1019 5215 1283 5284 putabant
1317 5216 1460 5269 inter
1497 5216 1647 5270 cibos
1672 5229 1809 5271 esse.

183 5310 528 5376 distantiam,
553 5324 679 5363 cum
704 5307 870 5377 aliqui
903 5307 1111 5373 mundi,
1149 5306 1314 5378 aliqui
1346 5308 1656 5363 viderentur
1682 5307 1782 5361 im-

185 5402 403 5460 mundi.
439 5401 733 5472 Propterea
773 5416 916 5456 nnnc
947 5398 1111 5454 infert
1143 5397 1181 5472 :]
1216 5399 1403 5472 (Vsus.
1464 5397 1550 5469 l5)
1592 5398 1783 5455 Omnia

186 5494 397 5549 munda
419 5494 661 5561 mundis;
689 5493 775 5550 his
797 5491 1046 5548 videlicet
1073 5490 1165 5559 qui
1204 5491 1258 5545 in
1293 5489 1510 5545 Christo
1537 5489 1786 5556 credunt,

187 5595 254 5643 et
276 5576 457 5644 sciunt
481 5602 694 5645 omnem
722 5595 1031 5643 creaturam
1058 5586 1256 5641 bonam
1282 5598 1423 5650 esse,
1453 5591 1507 5637 et
1532 5582 1665 5638 nihil
1695 5583 1788 5638 ab-

182 5678 490 5752 jiciendum
534 5682 677 5752 quod
722 5695 843 5736 cum
886 5679 1182 5750 gratiarum
1222 5675 1433 5731 actione
1475 5674 1787 5745 percipitur.

194 5770 565 5845 coinquinatis
588 5781 762 5834 autem
783 5782 830 5833 et
848 5771 1131 5835 immundis
1156 5767 1283 5827 nihil
1305 5776 1381 5827 est
1401 5766 1680 5841 mundum,
1701 5764 1790 5825 sed

1899 1886 2011 1956 16.)
2039 1884 2389 1955 Conﬁtentur,
2421 1888 2615 1957 inquit,
2645 1904 2699 1941 se
2738 1904 2888 1942 nosse
2912 1888 3104 1953 Deum,
3132 1889 3284 1958 factis
3320 1897 3497 1942 autem

1898 1986 2110 2047 negant,
2141 1994 2260 2031 cum
2289 1977 2394 2031 sint
2420 1977 2707 2032 abominati
2728 1988 2774 2031 et
2797 1976 3145 2043 incredibiles,
3173 1986 3223 2032 et
3249 1979 3319 2033 ad
3345 1994 3499 2033 omne

1896 2083 2026 2138 opus
2052 2067 2243 2121 bonum
2282 2067 2518 2139 reprobi;
2556 2068 2852 2123 secundum
2890 2067 3054 2135 illud,
3083 2069 3228 2140 quod
3265 2068 3319 2124 in
3358 2067 3497 2125 Isaia

1896 2159 2026 2214 dicit
2051 2177 2063 2211 :
2085 2156 2324 2229 Populus
2347 2158 2431 2211 hic
2455 2156 2607 2212 labiis
2629 2174 2710 2213 me
2731 2158 2979 2224 honorat,
3000 2175 3092 2213 cor
3111 2168 3287 2214 autem
3313 2175 3494 2214 eorum

1896 2247 2045 2319 longe
2071 2258 2145 2302 est
2175 2266 2207 2303 a
2235 2265 2315 2302 me
2350 2247 2532 2318 (Isaia:
2573 2264 2698 2302 xxix
2720 2289 2735 2315 ,
2761 2246 2871 2319 15).
2916 2247 3195 2316 Quomodo
3221 2250 3388 2321 igitur
3410 2250 3491 2306 la-

1894 2338 1999 2395 biis
2027 2339 2149 2408 quis
2193 2341 2423 2395 honorat
2460 2347 2514 2395 et
2559 2341 2723 2397 corde
2768 2341 2957 2411 procul
3001 2342 3228 2409 recedit,
3268 2343 3342 2398 ita
3371 2344 3495 2413 quis

1894 2432 2063 2487 Deum
2086 2447 2337 2489 sermone
2357 2433 2642 2500 conﬁtens,
2664 2433 2921 2504 operibus
2941 2443 3103 2507 negat
3130 2449 3145 2489 :
3172 2449 3379 2506 negans
3402 2452 3497 2491 au-

1898 2533 2003 2581 tem
2035 2526 2203 2582 Deum
2232 2527 2509 2597 operibus,
2539 2526 2878 2584 confessione
2897 2528 3172 2595 simulata,
3198 2537 3346 2585 recte
3365 2543 3492 2588 exe-

1895 2617 2112 2673 crabilis
2149 2626 2205 2673 et
2244 2618 2504 2689 profanus
2540 2626 2652 2685 est;
2700 2627 2755 2675 et
2801 2619 2945 2675 nulla
2993 2619 3239 2675 veritatis
3283 2620 3494 2676 ratione

1893 2724 2185 2779 persuasus
2214 2710 2550 2775 inobediens,
2576 2719 2633 2766 et
2656 2710 2968 2767 incredulus
2997 2720 3147 2767 recte
3169 2710 3492 2782 appellatur.

1899 2800 2033 2873 [Nec
2058 2801 2111 2856 in
2137 2803 2396 2874 martyrio
2421 2809 2602 2858 mente
2640 2810 2928 2872 corruptus
2946 2842 2961 2868 ,
3005 2802 3128 2874 quis
3155 2801 3497 2858 solummodo

1896 2892 2168 2949 Christum
2202 2892 2476 2965 negabit;]
2508 2894 2603 2949 sed
2640 2893 3066 2964 quotiescunque
3101 2893 3373 2949 vincimur
3412 2894 3496 2949 vi-

1898 2983 1988 3039 tiis
2017 2992 2178 3053 atque
2221 2984 2491 3055 peccatis,
2520 2983 2598 3057 [et
2636 2983 2734 3039 Dei
2778 2982 3046 3040 mandatis
3071 2983 3348 3040 contraria
3379 2983 3495 3054 agi-

1898 3075 2040 3148 mus]
2071 3075 2232 3131 toties
2277 3075 2445 3132 Deum
2486 3090 2774 3147 negamus;
2804 3083 2858 3131 et
2885 3089 2916 3130 e
2942 3076 3250 3143 contrario,
3279 3075 3494 3146 quoties

1899 3170 2037 3225 bene
2083 3169 2211 3240 quid
2257 3169 2500 3240 agimus,
2547 3168 2834 3224 Dominum
2877 3168 3197 3225 conﬁtemur
3243 3165 3329 3240 [et
3371 3166 3492 3222 lau-

1898 3257 2133 3333 damus].

2422 3391 2587 3465 353
2618 3390 2847 3449 CAPUT
2882 3389 2946 3447 ιι.

1963 3551 2128 3609 Vsus.
2170 3551 2224 3606 1.
2262 3579 2334 3591 --
2373 3550 2453 3605 Tu
2500 3566 2621 3605 vero
2671 3548 2879 3622 loquere
2929 3566 3114 3606 sanam
3166 3549 3485 3606 doctrinam.

1890 3642 2049 3697 Aliud
2072 3647 2156 3697 est
2182 3656 2368 3696 sanam
2400 3639 2702 3696 doctrinam
2729 3640 2898 3711 loqui,
2924 3640 3069 3697 aliud
3105 3654 3171 3696 ea
3196 3656 3316 3712 quae
3340 3655 3488 3697 sanae

1892 3734 2221 3790 conveniunt
2248 3733 2447 3789 docere
2475 3732 2766 3799 doctrinae;
2798 3734 2927 3803 quia
2965 3734 3020 3789 in
3049 3716 3228 3789 'altero
3261 3732 3489 3803 simplex

1892 3834 2099 3885 tantum
2135 3824 2400 3879 inslitutio
2445 3831 2551 3890 est,
2588 3824 2644 3877 in
2673 3824 2843 3879 altero
2879 3839 3001 3879 cum
3035 3840 3099 3879 ea
3138 3839 3259 3892 quae
3292 3824 3490 3879 doceas

1894 3915 2095 3987 [Hier.,
2118 3929 2240 3970 cum
2266 3930 2353 3979 eo,
2378 3915 2522 3983 quod
2544 3912 2753 3984 doces],
2789 3915 2912 3969 vita:
2940 3928 3154 3984 quoque
3184 3914 3483 3980 correctio;

1889 4007 1979 4077 qui
2003 4006 2140 4060 enim
2162 4003 2369 4059 solverit
2393 4020 2557 4058 unum
2578 4003 2642 4058 de
2662 4004 2927 4058 mandatis
2946 4004 3198 4070 minimis,
3218 4013 3267 4059 et
3289 4004 3484 4059 docue-

1890 4100 1957 4154 rit
1984 4099 2058 4153 sic
2087 4098 2341 4164 homines,
2372 4098 2618 4152 minimus
2650 4097 2919 4152 vocabitur
2948 4098 3004 4151 in
3038 4112 3196 4168 regno
3236 4096 3483 4151 caelorum

1891 4192 2106 4263 (Matth.
2133 4208 2189 4257 v,
2217 4190 2326 4261 l9).
2356 4190 2498 4263 [Erit
2524 4198 2704 4245 autem
2743 4189 2933 4244 doctor
2967 4189 3060 4258 qui
3094 4188 3260 4244 verbo
3302 4187 3482 4255 docet,

1889 4291 1943 4339 et
1969 4297 2131 4354 opere
2156 4283 2387 4338 destruit
2407 4297 2527 4352 qua:
2552 4282 2730 4345 docet,
2757 4280 2852 4336 sed
2875 4281 3129 4336 minimus
3153 4297 3167 4334 :
3194 4280 3282 4351 qui
3308 4289 3484 4335 autem

1890 4376 2069 4447 fecerit
2097 4385 2145 4431 et
2170 4375 2406 4430 docuerit
2447 4374 2523 4429 sic
2560 4372 2828 4439 homines,
2867 4388 3089 4444 magnus
3126 4372 3395 4427 vocabitur
3429 4370 3485 4427 in

1890 4487 2047 4541 regno
2072 4470 2318 4525 caelorum
2338 4511 2352 4535 ,
2387 4469 2512 4540 quia
2560 4482 2723 4539 opere
2753 4466 2940 4545 implet
2970 4466 3116 4538 quod
3150 4480 3247 4522 ore
3277 4463 3482 4537 docet.]

1889 4561 2002 4618 Hoc
2029 4563 2172 4618 enim
2202 4577 2343 4617 nunc
2366 4560 2657 4633 Apostolus
2683 4559 2862 4614 Titum
2892 4558 3061 4615 ﬁlium
3088 4558 3141 4614 in
3181 4557 3400 4615 Christo
3427 4566 3485 4614 et

1890 4657 2208 4727 discipulum
2239 4657 2426 4721 docet,
2456 4663 2517 4709 ut
2557 4669 2623 4708 ea
2651 4653 2902 4724 loquatur
2934 4668 3055 4722 quae
3093 4667 3239 4708 sanae
3275 4667 3480 4708 conve-

1888 4750 2046 4805 niunt
2069 4749 2355 4814 doctrinm;
2386 4748 2512 4817 quia
2542 4756 2671 4802 tunc
2694 4747 2938 4801 doctrina
2974 4753 3059 4801 est
3084 4747 3291 4802 sanitas
3311 4787 3325 4813 ,
3357 4760 3481 4802 cum

1891 4840 2129 4897 doctoris
2157 4839 2400 4894 doctrina
2426 4839 2630 4908 pariter
2656 4847 2712 4892 et
2744 4838 2854 4892 vita
2890 4839 3250 4894 consentiunt.
3292 4837 3478 4911 (Vens.

1892 4932 1970 5002 2.)
1994 4931 2156 4987 Senes
2184 4929 2381 4985 sobrios
2402 4945 2534 4994 esse,
2554 4930 2818 4996 honestos,
2845 4928 3086 5001 pudicos,
3114 4945 3270 4984 sanos
3297 4928 3352 4984 in
3375 4928 3483 4997 fide
3576 5006 3579 5007 ν

1899 5034 1948 5080 et
1975 5025 2227 5079 charitate
2252 5032 2299 5077 et
2326 5022 2595 5093 patientia.
2621 5020 2774 5079 Nunc
2798 5037 2925 5079 vero
2957 5037 3057 5094 per
3082 5021 3320 5093 singulas
3344 5028 3479 5075 teta—

1898 5125 1980 5173 tes
2000 5123 2057 5171 et
2086 5129 2344 5186 personas
2378 5114 2455 5169 sic
2492 5114 2746 5170 decenter
2772 5123 3041 5185 prmeepta
3083 5112 3383 5179 constituit,
3420 5120 3481 5168 ut

1896 5223 2075 5264 sermo
2098 5208 2213 5278 ejus
2236 5206 2362 5261 vita:
2394 5221 2604 5261 morum
2637 5208 2709 5262 sit
2748 5207 2950 5277 regula.
2997 5205 3166 5260 Senes
3204 5204 3507 5275 igitnr‘sor

1896 5301 2057 5364 brios,
2089 5300 2164 5371 [in
2191 5299 2344 5355 bonis
2364 5299 2602 5354 moribus
2617 5298 2660 5370 ;]
2681 5300 2942 5363 honestos,
2969 5305 3028 5352 ut
3048 5297 3225 5353 aetatis
3248 5296 3479 5369 gratiam

1898 5391 2096 5464 [Hier.,
2124 5389 2465 5462 gravitatem]
2509 5406 2718 5446 morum
2758 5390 2995 5460 gravitas
3033 5390 3270 5446 decoret.
3313 5387 3483 5443 Pudi~

1893 5502 2011 5552 cos,
2042 5501 2111 5541 ne
2142 5486 2196 5540 in
2241 5486 2414 5540 aliena
2451 5492 2608 5543 (etate
2644 5484 2944 5551 luxurient,
2974 5498 3043 5538 ne
3063 5482 3177 5552 jam
3214 5483 3409 5553 frigido
3446 5495 3479 5537 a

1891 5577 2113 5633 libidine
2153 5578 2412 5648 sanguine
2457 5576 2758 5645 exemplum
2805 5576 2913 5630 sint
2947 5575 3374 5632 adolescentibus
3410 5573 3481 5630 ad

1896 5670 2127 5724 ruinam.
2162 5667 2334 5724 Sanos
2362 5669 2417 5724 in
2444 5668 2578 5739 ﬁde;
2609 5682 2713 5721 non
2742 5675 2948 5722 tantum
2983 5669 3037 5726 in
3067 5667 3204 5735 ﬁde,
3231 5667 3395 5723 etiam
3420 5664 3478 5724 in

1894 5763 2159 5822 charitate
2189 5770 2241 5821 et
2264 5760 2521 5839 patientia
2558 5758 2636 5836 [et
2664 5761 2809 5819 omni
2846 5775 3045 5839 genere
3080 5756 3391 5839 virtutum],
3415 5773 3479 5846 ιιι
