4088 6330
238 351 375 408 1021

925 350 1330 410 EXEGETICA.
1369 385 1440 396 —
1478 354 1720 413 EXPOS.
1761 351 1829 409 IN
1865 352 2083 410 EPIST.
2122 353 2179 411 S.
2218 354 2425 421 PAULI
2460 354 2552 423 AD
2590 354 2828 427 TITUIL

3357 357 3496 427 1029

220 466 435 533 ‘bes‘cit,
466 472 522 520 et
546 465 860 543 criminator
887 481 992 520 non
1019 468 1215 536 poterit
1234 468 1532 523 criminari.
1565 466 1817 522 Diabolus
1847 462 1897 526 Α
1922 465 2036 520 bus.
2070 465 2187 522 Non
2232 478 2315 523 est
2349 470 2492 523 enim
2521 469 2699 543 aliqua
2727 464 3032 533 differentia
3058 468 3216 535 liberi
3244 477 3300 526 et
3325 473 3494 539 servi,

238 565 423 613 autem
446 556 503 611 in
525 540 725 611 Latina
741 554 921 627 lingua
943 557 1250 611 criminator
1270 568 1444 613 sonat.

298 645 560 731 'Vsus.‘9,
593 644 679 698 10.
698 642 992 731 ‘—_Sems
1022 645 1246 700 davninis
1272 648 1383 701 suis
1416 646 1653 700 subditos
1679 663 1817 713 esse,

230 726 301 793 in!
336 726 581 792 omnibus
616 723 897 809 placentes,
928 753 1031 791 non
1061 737 1495 805 contradicentes,
1539 756 1644 795 non
1680 738 1823 809 frau-

238 826 446 892 dontes,
498 827 589 882 sed
632 829 692 881 in
730 827 975 882 omnibus
1021 827 1179 897 ﬁdem
1227 828 1414 883 bonam
1463 829 1820 897 ostendentes;

237 920 498 990 quoniam
524 919 789 975 Dominus
808 924 867 974 et
896 918 1151 975 Salvator
1176 929 1382 986 noster,
1431 922 1522 992 qui
1562 921 1614 976 in
1644 921 1823 977 Evan-

237 1011 385 1083 geiio
408 1011 485 1066 ait
510 1028 524 1064 :
566 1007 754 1066 Venite
778 1010 851 1065 ad
876 1027 963 1065 me
980 1016 1186 1077 omnes,
1222 1012 1311 1082 qui
1350 1010 1600 1066 laboratis
1628 1021 1674 1066 et
1705 1026 1823 1067 one-

237 1105 347 1157 rati
374 1104 516 1169 estis,
541 1112 592 1157 et
618 1118 711 1173 ego
744 1103 978 1173 reﬁciam
1005 1120 1093 1159 vos
1123 1102 1336 1177 (Matth.
1368 1118 1445 1169 In,
1469 1103 1582 1177 28),
1620 1105 1822 1161 nuliam

235 1193 619 1259 conditionem,
654 1187 899 1260 natatum,
932 1208 1121 1249 sexum
1160 1209 1206 1272 a_
1231 1194 1565 1250 beatitudine
1582 1196 1820 1264 arbitra-

233 1291 330 1339 tur
377 1285 613 1341 ahenum
650 1302 665 1338 :
708 1294 997 1357 propterea
1040 1300 1190 1340 nunc
1218 1285 1504 1361 Apostolus
1546 1294 1602 1341 et
1649 1286 1822 1342 servis

228 1387 507 1447 praecepta
536 1377 845 1444 constituit;
878 1375 1105 1450 [scilicet
1135 1385 1194 1431 ut
1216 1375 1623 1432 iactiEcclesiae
1653 1391 1821 1431 mem-

235 1470 418 1535 brum,
471 1484 590 1538 (pne
635 1482 831 1540 corpus
880 1477 961 1525 est
1005 1468 1229 1536 Christi,
1276 1478 1332 1524 et
1371 1468 1543 1543 ipsam
1591 1470 1820 1525 salutem

231 1568 637 1632 consequantur
654 1558 961 1637 atomum]
991 1561 1057 1617 Et
1079 1562 1348 1632 quomodo
1372 1563 1620 1633 superius
1639 1574 1818 1627 senes,

232 1666 394 1717 anus,
442 1651 885 1716 adulescentulas,
936 1653 1183 1729 juvenes,
1233 1653 1363 1724 quid
1409 1654 1564 1708 Titus
1605 1655 1819 1709 erudire

1924 554 2097 611 Graeci
2139 566 2195 613 et
2239 558 2483 624 Barbari,
2537 559 2842 619 circumcisi
2890 567 2946 615 et
2988 558 3239 621 habentis
3289 577 3495 640 pracpa-

1923 647 2081 715 tium,
2105 649 2347 705 mulieris
2368 658 2423 705 et
2439 651 2573 717 viri;
2606 651 2698 706 sed
2725 667 2844 711 eum
2876 652 3093 708 Christo
3118 668 3284 707 unum
3313 669 3498 711 sumus

1922 740 2184 810 universi,
2213 741 2281 797 ad
2304 741 2399 796 Dei
2424 756 2649 814 regnum
2669 757 2927 807 vocamur
2947 758 3154 815 omnes.
3179 745 3310 802 Post
3333 744 3496 803 oii‘en-

1922 843 2036 885 sam
2062 830 2212 886 Patri
2251 841 2440 888 nostro
2480 832 2865 888 reconciliandi
2889 849 3096 901 sumus,
3128 851 3233 890 non
3262 851 3360 911 per
3389 851 3498 895 me-

1922 923 2022 977 rita
2063 933 2269 991 nostra,
2311 924 2408 987 sed
2446 940 2544 996 per
2584 925 2813 996 gratiam
2858 923 3156 983 Salvatoris
3184 945 3197 980 :
3228 926 3312 982 vel
3355 929 3497 999 quod

1919 1013 2015 1069 Dei
2031 1013 2413 1077 Patrisvivens
2431 1015 2515 1071 vel
2549 1014 2846 1075 subsistens
2868 1017 3053 1087 gratia:
3075 1014 3283 1091 [Hier.,
3303 1016 3497 1091 gratia]

1920 1104 2036 1174 ipse
2078 1104 2149 1159 sit
2180 1104 2459 1173 Christus;
2507 1104 2591 1160 vel
2629 1105 2773 1175 quod
2819 1104 3020 1161 Christi
3065 1105 3359 1167 Salvatoris
3404 1106 3498 1162 Dei

1917 1194 2036 1250 haec
2062 1194 2133 1249 sit
2155 1195 2327 1271 gratia
2357 1213 2370 1249 :
2396 1204 2453 1251 et
2478 1211 2583 1251 non
2616 1205 2800 1251 nostro
2837 1196 3031 1251 merito
3078 1196 3268 1252 salvati
3311 1197 3498 1263 simus,

1926 1289 2220 1342 secundum
2250 1286 2381 1342 illud
2412 1289 2553 1359 quod
2578 1287 2631 1341 in
2658 1284 2763 1347 alio
2793 1288 2911 1342 loco
2934 1287 3130 1342 dicitur
3154 1306 3166 1341 :
3195 1285 3303 1342 Pro
3336 1286 3499 1344 nihilo

1920 1376 2143 1431 salvebis
2168 1395 2257 1433 eos
2295 1378 2466 1450 (Psal.
2493 1393 2579 1441 Lv,
2611 1379 2687 1451 8).
2744 1377 2873 1447 Qum
2913 1379 3083 1449 gratia
3122 1378 3372 1439 omnibus
3403 1379 3498 1433 ho-

1920 1467 2156 1523 minibus
2184 1468 2302 1524 ideo
2329 1468 2523 1536 iliuxit,
2551 1477 2609 1524 ut
2637 1469 2876 1523 crudiret
2899 1484 2998 1522 nos
3024 1468 3289 1539 abnegare
3314 1468 3499 1540 impie-

1919 1568 2104 1624 tatem,
2156 1561 2438 1616 saecularia
2484 1561 2773 1628 desideria,
2819 1561 3012 1632 pudice
3059 1568 3113 1616 et
3149 1559 3295 1631 juste
3335 1572 3388 1617 et
3414 1563 3502 1633 pie

1918 1650 2100 1704 vivere
2128 1650 2180 1705 iu
2210 1651 2312 1706 hoc
2336 1651 2551 1706 saeculo.
2595 1651 2738 1719 Quid
2773 1651 2843 1706 sit
2889 1660 3072 1717 autem
3107 1650 3375 1725 abnegare
3404 1653 3503 1708 im-

233 1743 481 1809 deberet,
512 1744 746 1809 edocuit,
776 1746 857 1800 ita
884 1760 1027 1801 nunc
1048 1745 1223 1800 servis
1251 1753 1372 1814 apta
1398 1754 1669 1815 praecepta
1698 1758 1821 1799 con-
1851 1815 1873 1817 ᾗ
1904 1740 2197 1809 pietatem,
2223 1741 2353 1813 quid
2374 1741 2654 1796 Stecularia
2675 1742 2963 1807 desideria,
2988 1756 3053 1796 ex
3085 1754 3151 1797 eo
3174 1742 3317 1814 quod
3340 1757 3502 1817 supra

233 1835 430 1890 stituit.
460 1835 701 1889 Primum
728 1842 787 1889 ut
810 1835 1008 1891 subditi
1043 1836 1151 1891 sint
1194 1835 1425 1890 dominis
1468 1836 1579 1890 suis
1614 1835 1669 1889 in
1703 1848 1819 1889 om-
1921 1832 2305 1905 exposuimus:
2338 1831 2506 1886 Deum
2556 1832 2871 1902 conﬁtentur
2909 1850 2964 1888 se
3006 1836 3162 1900 scire,
3200 1834 3359 1905 [actis
3403 1815 3502 1888 au—

230 1927 429 1993 nibus;
467 1926 521 1981 in
552 1926 640 1981 his
672 1936 853 1980 autem
884 1925 1135 1981 omnibus
1164 1941 1284 1995 qua:
1313 1940 1423 1979 non
1455 1931 1580 1978 sunt
1604 1932 1818 1979 contra-

233 2016 316 2070 ria
344 2014 485 2082 Deo;
520 2024 581 2070 ut
615 2016 664 2071 si
704 2017 957 2072 donrinus
979 2029 1074 2072 eos
1091 2014 1247 2085 jubet
1273 2030 1394 2086 qua:
1419 2030 1526 2070 non
1563 2022 1689 2069 sunt
1719 2014 1818 2070 ad-

233 2122 393 2163 versa
442 2106 740 2178 Scripturis
780 2107 1002 2175 sanctis,
1052 2107 1411 2179 subiiciantur
1448 2107 1696 2162 servituti
1725 2108 1821 2163 do-

228 2200 373 2254 mini
400 2196 606 2271 {Hier.,
640 2199 960 2271 subjiciatur
999 2213 1187 2254 servus
1233 2197 1507 2270 domino];
1555 2200 1639 2253 sin
1689 2210 1820 2253 vero

233 2290 513 2345 corrtrariu
546 2299 837 2360 praecide,
884 2290 1055 2360 magis
1099 2290 1355 2343 obediaut
1405 2289 1618 2359 spiritui
1655 2284 1820 2360 quam

231 2382 453 2450 corpori
486 2380 693 2449 illim,
725 2381 898 2451 magis
935 2380 1191 2435 obediant
1225 2380 1465 2451 spiritus,
1508 2396 1672 2451 quam
1700 2397 1821 2436 cor-

229 2472 385 2541 poris
400 2469 642 2542 domino]
663 2488 682 2523 :-
696 2469 1016 2542 [Plaeentes,
1035 2470 1241 2526 duobus
1268 2468 1442 2526 modis
1461 2471 1816 2541 intelligitur;

231 2563 343 2617 hoc
360 2570 463 2628 est,
494 2564 596 2619 sibi
620 2562 892 2633 placentes
922 2563 976 2617 in
1004 2578 1102 2620 suo
1126 2564 1347 2619 servitio
1376 2582 1389 2618 :
1417 2572 1511 2620 aut
1538 2564 1699 2620 etiam
1723 2567 1820 2622 do-

229 2656 396 2711 minis
420 2655 719 2725 placentes,
741 2657 921 2712 omnia
951 2654 1187 2711 ﬁdeliter
1209 2664 1264 2711 et
1288 2656 1570 2713 humiliter
1592 2657 1820 2729 implen-

231 2756 453 2819 καθίμα
473 2748 778 2822 jubentium]
804 2748 928 2804 Non
955 2750 1366 2806 contradicentes
1398 2770 1410 2804 :
1442 2749 1546 2806 hoc
1572 2752 1693 2807 ideo
1718 2752 1816 2825 ait,

231 2839 362 2910 quia
390 2839 695 2894 maximum
712 2840 904 2895 vitium
933 2848 1020 2896 est
1047 2856 1328 2896 servorum
1354 2841 1585 2898 dominis
1604 2852 1821 2899 contra-

230 2930 438 2994 dicere,
464 2935 522 2985 et
549 2945 679 2985 cum
704 2930 907 3002 aliquid
928 2932 1215 3003 iusserint,
1244 2933 1553 2989 mussitare.
1585 2931 1645 2989 Si
1673 2935 1820 2989 enim

230 3036 356 3093 quae
381 3022 633 3078 dominus
653 3023 887 3095 imperat
909 3039 1129 3081 necesse
1157 3025 1322 3081 habet
1359 3042 1549 3082 servus
1571 3026 1817 3097 implere,

230 3129 334 3169 cur
361 3112 465 3169 hoc
493 3113 669 3183 ipsum
694 3129 809 3169 non
836 3131 965 3171 cum
989 3116 1131 3172 bona
1158 3115 1325 3173 iaciat
1347 3118 1657 3174 voluntate?
1687 3117 1814 3173 Non

1921 1933 2023 1979 tem
2054 1934 2261 1999 negant,
2305 1925 2529 1997 intelligi
2554 1941 2712 1996 posse
2751 1926 2980 1981 conﬁdo.
3016 1923 3309 1985 Saecularis
3338 1926 3504 1998 igitur

1920 2014 2185 2071 desideria
2233 2022 2379 2083 sunt,
2437 2004 2557 2089 quae
2600 2032 2631 2083 a
2676 2016 2861 2072 mundi
2908 2013 3068 2085 hujus
3112 2014 3355 2095 principe
3381 2032 3505 2091 sug-

1924 2115 2227 2177 geruntur;
2288 2115 2343 2161 et
2398 2122 2521 2162 cum
2579 2107 2688 2162 sint
2742 2106 2924 2162 saeculi
2982 2105 3142 2176 hujus
3199 2114 3501 2173 amatores,

1921 2212 2044 2252 cum
2102 2197 2282 2252 sazeuli
2332 2196 2478 2253 nube
2532 2204 2935 2268 pertranseunt.
2993 2194 3101 2250 Nos
3143 2202 3325 2251 autem
3380 2210 3505 2255 cum

1920 2286 2121 2361 pudico
2158 2295 2213 2357 et
2253 2287 2397 2358 iuste
2420 2327 2435 2353 ,
2480 2301 2582 2341 nec
2633 2300 2861 2356 corpore
2905 2284 3111 2341 scilicet
3164 2300 3266 2341 nec
3320 2293 3505 2340 mente

1919 2387 2246 2451 peccantes,
2294 2378 2591 2443 vixerimus
2638 2374 2695 2431 in
2738 2373 2987 2440 Christo,
3033 2376 3122 2446 pie
3169 2389 3383 2446 quoque
3427 2374 3505 2431 vi-

1921 2487 2110 2527 vamus
2143 2471 2197 2527 in
2232 2468 2342 2527 hoc
2379 2469 2576 2527 smculo
2607 2488 2619 2523 :
2646 2484 2765 2540 qute
2807 2468 2984 2539 pietas
3002 2474 3265 2539 exspectat
3301 2467 3504 2527 beatam

1918 2579 2059 2634 spem
2108 2572 2157 2616 et
2200 2561 2479 2616 adventum
2520 2559 2704 2631 gloriae
2749 2558 2930 2629 magni
2975 2556 3077 2612 Dei
3119 2566 3171 2612 et
3213 2554 3506 2621 Saluatoris

1919 2654 2084 2708 nostri
2127 2652 2256 2708 Iesu
2296 2645 2697 2723 Christi.‘Sicut
2726 2648 2872 2707 enim
2904 2649 3153 2719 impietas
3188 2646 3368 2719 magni
3410 2646 3503 2703 Dei

1918 2742 2235 2799 reformidat
2259 2744 2570 2809 adventum,
2595 2740 2671 2797 ita
2705 2730 2895 2797 secura
2922 2741 2988 2796 de
3016 2753 3178 2811 opere
3210 2753 3308 2794 suo
3351 2745 3405 2793 et
3442 2738 3507 2793 de

1920 2835 2025 2891 fide
2056 2836 2205 2890 illum
2234 2836 2406 2909 pietas
2431 2835 2795 2913 prmstolatur.
2822 2833 2926 2891 Ubi
2961 2841 3045 2890 est
3072 2847 3297 2904 serpens
3320 2831 3502 2895 Arius,

1920 2925 2012 2981 ubi
2056 2927 2354 2983 Eunomius
2399 2926 2622 2983 coluber
2672 2923 3031 2998 [tortuosos]?
3085 2923 3307 2996 Magnus
3364 2924 3508 2979 Deus

1921 3016 2170 3073 Salvator
2213 3017 2464 3076 Christus
2510 3017 2727 3084 dicitur,
2770 3033 2877 3073 non
2915 3016 3303 3088 primOgenitus
3331 3013 3507 3075 omnis

1922 3118 2208 3174 creaturae,
2251 3123 2359 3163 non
2396 3108 2625 3164 verbum
2668 3108 2767 3177 Dei
2805 3116 2860 3163 et
2897 3107 3180 3177 sapientia,
3223 3104 3317 3161 sed
3351 3102 3508 3160 Iesus

231 3168 637 3278 furantesfﬂoc
662 3207 810 3265 aliud
1845 3168 1892 3234 ο
1921 3168 2211 3265 Christus;
2242 3215 2363 3277 qum
2389 3199 2649 3254 vocabula
2674 3174 2938 3269 assumpti
2958 3168 3204 3253 hominis
3234 3203 3376 3251 sunt.
3408 3192 3508 3249 Ne-

229 3299 304 3355 sti
344 3299 605 3370 corrigit;
638 3298 727 3354 iur
759 3307 941 3355 autem
966 3316 1076 3357 non
1117 3301 1288 3357 solum
1318 3303 1370 3357 in
1396 3302 1562 3383 058
1601 3300 1820 3371 majori-

228 3391 335 3447 bus
357 3389 453 3446 sed
478 3398 535 3446 et
560 3392 613 3445 in
643 3391 942 3447 minoribus
960 3390 1256 3461 iudicatur.
1286 3394 1401 3450 Non
1425 3396 1569 3450 enim
1596 3394 1651 3451 id
1674 3394 1819 3466 quod

229 3477 382 3537 ωηο
407 3481 646 3537 ablatum
665 3491 771 3550 est,
790 3485 891 3541 sed
911 3500 1068 3541 mens
1095 3485 1329 3542 iurantis
1351 3486 1665 3542 attenditur.
1695 3487 1818 3543 Sint

230 3571 423 3642 itaque
459 3573 605 3628 servi
645 3573 851 3630 subditi
893 3576 1126 3631 dominis
1165 3577 1278 3632 suis
1303 3577 1358 3631 in
1384 3577 1665 3643 omnibus;
1708 3578 1816 3632 sint

227 3665 632 3735 complacentes
673 3664 1000 3723 conditionis
1032 3682 1164 3736 sum,
1196 3675 1256 3723 ut
1284 3684 1392 3724 non
1423 3667 1600 3724 ferant
1625 3681 1817 3739 aspere

227 3758 572 3823 servitutem,
592 3768 655 3813 ut
678 3772 787 3814 non
814 3759 1189 3821 Contradioant
1214 3760 1464 3826 dominis,
1500 3775 1609 3815 non
1632 3759 1817 3815 furen-

228 3863 341 3919 tur,
370 3860 424 3907 et
448 3861 570 3922 post
595 3852 713 3907 haec
744 3852 805 3907 in
843 3851 1082 3906 omnibus
1110 3850 1269 3921 ﬁdem
1299 3850 1487 3906 bonum
1517 3850 1812 3916 ostendant,

227 3954 289 3999 ut
315 3945 611 3999 doctrinam
639 3941 932 3998 Saluatoris
952 3942 1120 3996 nostri
1149 3941 1245 3995 Dei
1267 3950 1451 3996 ornent
1477 3942 1531 3995 in
1557 3930 1815 3994 omnibus.

229 4036 293 4092 Si
323 4036 469 4090 enim
506 4034 649 4103 apud
694 4032 941 4089 carnales
982 4032 1231 4089 dominos
1272 4033 1327 4087 in
1372 4020 1595 4087 minimo
1634 4032 1821 4086 ﬁdeles

225 4126 454 4193 fuerint,
498 4124 758 4195 incipient
799 4124 881 4179 eis
920 4122 1063 4199 apud
1102 4122 1389 4177 Dominum
1440 4120 1636 4195 [Hier.,
1677 4123 1821 4192 apud

226 4214 429 4290 Deum]
480 4216 687 4288 majora
736 4213 1022 4271 committi.
1072 4212 1248 4270 Ornat
1287 4221 1466 4268 autem
1517 4212 1818 4268 doctrinam

225 4306 388 4382 [ϐοά.
437 4308 582 4363 omit.
638 4302 966 4377 doctrinam]
1012 4303 1236 4370 domini,
1269 4303 1362 4374 qui
1392 4318 1453 4357 ea
1486 4317 1606 4372 quas
1634 4301 1821 4357 condi-

226 4398 398 4455 tionis
440 4414 551 4454 suaa
579 4396 759 4452 ablata
799 4407 925 4453 sunt
960 4393 1161 4468 [Hier.,
1208 4406 1330 4464 quae
1368 4392 1662 4449 conditioni
1708 4408 1819 4449 sua:

227 4497 356 4560 apta
386 4486 551 4561 sunt],
587 4486 735 4543 facit.
766 4486 1047 4554 Quomodo
1084 4484 1229 4540 enim
1266 4491 1446 4554 potest
1486 4484 1659 4540 ﬁdelis
1697 4499 1817 4541 esse

226 4582 289 4637 in
332 4579 631 4635 substantia
666 4578 783 4643 Del,
814 4576 894 4649 [et
919 4564 1299 4633 ecclesiastico
1327 4574 1550 4648 oliicio,]
1578 4577 1671 4647 qui
1696 4592 1818 4633 car-

226 4671 345 4730 nali
366 4672 589 4728 domino
618 4671 781 4726 ﬁdem
809 4669 1068 4726 exhibere
1097 4685 1204 4725 non
1231 4669 1442 4741 potuit?

307 4769 471 4826 Vsus.
514 4768 696 4824 ii-ti.
737 4797 810 4808 —
845 4765 1103 4838 Apparuit
1144 4764 1282 4820 enim
1330 4764 1501 4836 gratia
1548 4762 1647 4817 Dei
1699 4761 1821 4818 Sal—

225 4861 429 4918 uatoris
455 4860 624 4915 nostri
655 4858 894 4914 omnibus
932 4856 1262 4923 hminibus,
1303 4853 1546 4910 erudiens
1590 4868 1712 4918 nos,
1764 4861 1824 4907 ut

225 4954 549 5025 abnegautes
586 4954 907 5024 impietatem
930 4960 981 5005 et
1008 4947 1296 5005 στρατηγία
1316 4946 1596 5013 desideria,
1624 4944 1815 5011 sobrie,

218 5046 370 5119 justo
391 5054 445 5101 et
467 5048 552 5118 pie
576 5048 810 5101 ﬂeamus
828 5044 881 5098 in
922 5040 1019 5098 hac
1061 5040 1259 5097 stet:qu
1282 5055 1300 5095 :
1325 5049 1678 5113 exspectantes
1704 5039 1822 5094 bea-

226 5150 343 5197 tam
368 5157 511 5213 spem
539 5151 588 5197 et
622 5140 900 5196 adventum
928 5135 1112 5213 gforiw
1153 5135 1332 5206 magni
1379 5134 1477 5189 Dei
1500 5142 1550 5189 et
1580 5131 1820 5189 Salvato-

226 5232 308 5287 ris
347 5233 512 5288 nostri
540 5232 668 5287 Iesu
705 5228 942 5286 Christi:
967 5228 1057 5303 qui
1091 5224 1236 5281 dedit
1261 5224 1589 5296 semetipsum
1608 5240 1702 5295 pro
1727 5238 1820 5277 no-

228 5322 332 5388 bis,
360 5330 419 5377 ui
444 5338 547 5378 nos
561 5322 834 5378 redimeret
863 5317 927 5377 ab
959 5318 1101 5374 omni
1126 5315 1424 5388 iniquitate,
1455 5324 1504 5370 et
1540 5313 1821 5370 mandaret

227 5413 335 5471 sibi
358 5414 604 5487 populum
643 5408 1009 5485 acceptabilem
1054 5414 1363 5464 sectatorem
1409 5403 1661 5461 bonorum
1703 5420 1822 5478 ope-

227 5513 374 5564 rum.
394 5507 526 5566 Post
545 5506 852 5580 catalogum
874 5503 1135 5562 doctrinae
1163 5502 1232 5575 ad
1250 5502 1456 5567 Titum,
1478 5500 1611 5571 quid
1638 5511 1820 5566 senes,

228 5601 367 5676 quid
401 5618 555 5670 anus,
589 5604 718 5676 quid
747 5600 1178 5661 adolescentulas
1214 5607 1270 5658 et
1298 5598 1543 5674 juvenes,
1586 5595 1716 5667 quid
1753 5594 1822 5651 ad

227 5702 538 5751 extremum
560 5711 746 5755 servos
764 5697 982 5753 erudire
1002 5696 1245 5761 deberet,
1270 5699 1418 5750 recte
1438 5707 1582 5747 nunc
1603 5688 1816 5745 intulit:

228 5787 492 5865 Apparuit
516 5791 657 5850 enim
675 5790 850 5866 gratia
878 5787 1172 5850 Saluatoris
1202 5786 1299 5845 Dei
1322 5785 1560 5843 omnibus
1589 5783 1817 5840 homini-

1917 3304 2027 3361 que
2060 3303 2190 3344 vero
2220 3289 2385 3343 alium
2422 3287 2608 3345 Iesum
2635 3287 2932 3354 Christum,
2967 3288 3129 3344 alium
3156 3285 3394 3343 Verbum
3425 3285 3508 3339 di-

1918 3379 2114 3445 cimus,
2140 3386 2205 3434 ut
2231 3377 2548 3434 Nestoriana
2587 3376 2812 3434 haeresis
2852 3374 3053 3448 [Hier.,
3084 3368 3149 3430 ut
3168 3388 3311 3430 nova
3335 3370 3508 3428 hisre-

1918 3471 2016 3544 sis]
2070 3470 2460 3536 calumniatur;
2509 3466 2607 3525 sed
2651 3469 2900 3524 eumdem
2921 3476 2984 3523 et
3005 3475 3131 3523 ante
3152 3464 3349 3522 saecula
3373 3463 3505 3520 etin

1917 3562 2113 3619 secula
2141 3568 2198 3616 et
2223 3568 2351 3616 ante
2377 3561 2658 3626 mentitam,
2690 3566 2745 3614 et
2781 3572 2878 3631 per
2904 3555 3354 3631 Mariami[ﬂier.,
3383 3560 3506 3627 post

1920 3652 2195 3726 larium],
2231 3654 2342 3708 imo
2384 3668 2452 3709 ex
2488 3651 2662 3707 Maria
2694 3666 2948 3722 magnum
2976 3650 3149 3706 Deum
3177 3646 3509 3721 appeliamus

1918 3743 2257 3802 Salutarem
2298 3751 2547 3801 nostrum
2584 3742 2769 3798 Jesutn
2794 3742 3098 3807 Christum,
3129 3741 3223 3813 qui
3250 3739 3399 3795 dedit
3424 3752 3510 3794 se-

1919 3838 2207 3906 metipsum
2246 3850 2347 3905 pro
2388 3835 2561 3899 nobis,
2605 3843 2665 3888 ut
2682 3834 2928 3904 pretioso
2951 3832 3218 3903 sanguine
3245 3845 3345 3885 nos
3367 3829 3509 3884 redi-

1918 3934 2093 3980 meret
2116 3923 2186 3979 ab
2213 3924 2361 3979 oraui
2396 3924 2701 3993 iniquitate,
2728 3929 2785 3976 et
2809 3921 3097 3976 mandaret
3121 3918 3225 3974 sibi
3250 3917 3507 3990 populum

1921 4013 2348 4089 Eaceeptabil‘em,
2384 4021 2710 4069 sectatorem
2736 4011 3005 4068 bonorum
3037 4024 3279 4089 operum,
3332 4008 3388 4063 id
3420 4016 3509 4064 est

1918 4104 2329 4177 simulatorem].
2360 4104 2550 4176 (Vsus.
2602 4101 2716 4174 l5.)
2741 4101 2870 4157 Haec
2901 4102 3112 4172 loquere
3133 4108 3183 4154 et
3208 4099 3503 4155 exhortare.

1920 4196 2074 4264 Quod
2105 4212 2234 4251 vero
2263 4196 2357 4262 ait,
2398 4195 2626 4267 loquere,
2671 4195 2741 4249 ad
2782 4193 3085 4249 doctrinam
3128 4191 3353 4247 videtur
3386 4203 3507 4246 esse

1920 4288 2297 4353 referendum;
2330 4288 2475 4357 quod
2502 4296 2631 4342 vero
2670 4285 2875 4352 intulit,
2923 4284 3222 4349 esbartare,
3266 4282 3335 4337 sd
3378 4295 3508 4337 con-

1921 4381 2235 4437 solationem
2284 4379 2538 4451 pertinet.
2598 4376 2753 4445 Quod
2799 4391 2931 4432 vero
2984 4374 3147 4432 tertio
3196 4369 3463 4430 subint‘ert
3487 4386 3507 4427 ι

1921 4473 2143 4544 increpa
2163 4488 2280 4529 cum
2305 4471 2448 4525 omni
2476 4471 2712 4541 imperio,
2757 4468 2811 4523 id
2835 4475 2939 4543 est,
2964 4467 3278 4540 quicunque
3307 4464 3507 4521 doctri-

1843 4545 1896 4608 Ῑ)
1920 4580 2045 4620 nam
2069 4575 2126 4618 et
2152 4562 2575 4621 consolationem
2616 4575 2725 4614 non
2767 4558 2980 4623 audiat,
3029 4555 3402 4627 increpatione
3436 4553 3509 4609 sit

1919 4655 2133 4726 dignus,
2168 4663 2225 4709 et
2243 4660 2521 4708 mereatur
2542 4648 2767 4704 autﬁre:
2800 4646 2962 4703 Obliti
2987 4648 3110 4702 estis
3129 4644 3509 4701 aemulationis

1919 4763 2037 4821 qur
2060 4746 2205 4801 vobis
2250 4755 2305 4799 ut
2343 4743 2473 4812 ﬁliis
2509 4741 2743 4812 loquitur
2788 4739 2948 4795 Deus.
3006 4737 3175 4793 Nemo
3202 4747 3252 4792 te
3278 4743 3507 4791 contem—

1922 4847 2032 4901 nat,
2063 4836 2208 4891 hunc
2229 4847 2447 4890 sarisam
2480 4831 2684 4886 habet:
2710 4826 2879 4889 Nemo
2898 4842 3088 4883 eorum
3115 4826 3207 4899 qui
3236 4825 3295 4881 in
3320 4822 3507 4883 Eccle-

1921 4931 2003 4987 sia
2028 4935 2177 4993 sunt,
2212 4934 2268 4981 to
2293 4924 2535 4995 segniter
2573 4929 2771 4993 age-te
2806 4918 2890 4974 sic
2935 4918 3104 4983 vivat,
3154 4923 3215 4971 ut
3253 4929 3313 4972 se
3349 4920 3505 4983 patet

1926 5018 2226 5076 meliorem.
2258 5014 2447 5083 Qualis
2489 5012 2635 5068 enim
2679 5008 2967 5071 adiﬁcath
3006 5009 3117 5065 erit
3147 5003 3417 5077 discipuli,
3456 5003 3505 5058 si

1919 5112 2186 5184 intelligat
2211 5108 2474 5180 magistro
2503 5119 2562 5162 se
2598 5118 2720 5161 esse
2762 5100 3061 5173 majorem?
3105 5097 3259 5155 Unde
3283 5108 3505 5166 magno-

1919 5220 2052 5279 pere
2094 5202 2354 5276 episcopi,
2398 5197 2704 5272 presbyteri
2740 5204 2799 5252 et
2824 5192 3037 5252 diaconi
3082 5191 3284 5247 debent
3326 5186 3509 5259 provi-

1922 5301 2072 5365 dere,
2101 5306 2164 5357 ut
2187 5302 2443 5353 uinctum
2467 5292 2728 5365 populum
2755 5289 2842 5346 cui
2869 5284 3181 5359 praelucet,
3210 5292 3505 5339 consem-

1922 5394 2069 5451 tiono
2089 5399 2148 5449 et
2172 5401 2424 5448 sermone
2446 5386 2776 5460 precedent.

2425 5541 2594 5617 κω
2636 5534 2868 5601 ωριιτ
2900 5532 2991 5599 nt.

1988 5678 2150 5738 Vens.
2181 5679 2231 5735 l.
2255 5708 2325 5720 -
2348 5674 2583 5732 Admone
2620 5670 2741 5726 illos
2780 5665 3106 5741 principibus
3138 5672 3189 5719 et
3226 5656 3507 5734 potestati-

1919 5781 2012 5836 bus
2042 5777 2275 5834 subditos
2299 5788 2429 5840 esse,
2461 5770 2599 5824 dicto
2628 5766 2857 5832 obedire,
2890 5762 2963 5818 ad
2987 5776 3141 5819 mune
3159 5774 3290 5834 opus
3312 5757 3509 5814 bam
