4088 6330
586 351 724 409 102⁸5

1393 349 1454 406 Β.
1491 349 1553 405 F.
1590 347 1814 405 ALBINI
1855 347 1986 405 SEU
2026 345 2296 403 ALCUINI
2335 346 2616 403 OPERUM
2652 349 2828 405 PARS
2864 347 2926 404 ll.

3708 348 3854 403 1024

584 475 798 540 paratos
811 482 940 522 esse.
958 465 1086 521 Taie
1101 465 1228 536 quid
1248 472 1300 519 et
1321 464 1387 519 ad
1404 463 1673 517 Romanos
1691 461 2154 516 scribitur:0mnis
2183 461 2229 520 Α
2259 460 2529 514 Christum
2559 461 2863 527 crederent,
2889 461 3243 515 damnaturus
3272 457 3456 531 (Cod.,
3483 459 3853 514 damnandus.

588 560 766 613 anima
798 557 1135 629 potestatibus
1163 555 1552 610 sublimioribus
1579 553 1786 608 subdita
1826 553 1913 618 sit,
1952 568 2054 606 non
2084 560 2156 605 est

585 652 724 703 enim
751 658 996 720 potestas,
1022 650 1120 702 nisi
1147 666 1178 702 a
1202 648 1311 702 Deo
1338 646 1515 719 (Rom.
1540 662 1660 710 xm,
1687 643 1759 714 1).
1787 643 1944 716 [Nam
1972 652 2029 698 et
2048 644 2160 713 ipse

588 742 844 796 Dominus
900 741 1231 795 tentantibus
1279 738 1478 794 Judaais
1527 739 1800 808 respondit
1829 737 1887 811 :]
1942 737 2162 791 Reddite

587 828 785 884 ϐατανὶ
837 847 953 900 qua:
1001 840 1119 884 sunt
1167 830 1422 896 Cwsaris,
1476 840 1523 884 et
1571 830 1676 884 Deo
1726 847 1842 898 qua:
1895 839 2014 884 sunt
2064 829 2162 884 Dei

589 917 803 988 (Matth.
828 919 1096 991 xxnﬂl).
1127 919 1222 975 Cui
1269 919 1604 990 responsioni
1649 919 1846 973 Paulus
1889 919 2164 990 apostolus

585 1023 890 1078 congruens
937 1010 1114 1075 docet,
1162 1010 1496 1080 principibus
1549 1018 1605 1064 et
1650 1010 2006 1080 potestatibus
2046 1025 2164 1065 cre-

584 1099 774 1156 dentes
801 1101 857 1154 in
887 1100 1104 1157 Christo
1133 1101 1330 1156 debere
1357 1117 1476 1156 esse
1510 1101 1803 1170 subjectos.
1836 1103 2055 1157 Poterat
2079 1102 2164 1156 his

589 1190 680 1259 qui
710 1200 978 1247 tormenta
1007 1193 1317 1259 formidant,
1355 1194 1570 1248 occasio
1599 1194 1664 1247 ad
1694 1194 1998 1264 negandum
2047 1195 2163 1249 dari

592 1277 679 1351 [ex
719 1281 821 1337 hoc
861 1281 1184 1356 praecepto];
1231 1283 1325 1338 sed
1370 1294 1525 1339 caute
1563 1283 1813 1352 subjecit,
1861 1285 2067 1340 obedire
2095 1285 2165 1339 ad

585 1386 736 1424 omne
763 1390 891 1443 opus
921 1373 1132 1426 bonum.
1179 1373 1235 1428 Si
1270 1374 1467 1428 bonum
1498 1384 1582 1430 est
1612 1375 1754 1444 quod
1785 1377 2038 1445 praecepit
2065 1376 2165 1430 im-

583 1471 802 1532 perator
835 1473 889 1519 et
915 1481 1136 1535 przcses,
1167 1467 1406 1536 jubentis
1431 1467 1730 1536 obsequere
1756 1467 2020 1520 voluntati
2044 1485 2055 1520 :
2083 1468 2164 1521 sin

583 1571 713 1611 vero
741 1559 944 1611 malum
972 1566 1026 1613 et
1053 1568 1242 1612 contra
1278 1558 1445 1612 Deum
1473 1559 1634 1628 sapit,
1664 1559 1930 1628 responde
1954 1558 2004 1613 ei
2036 1558 2166 1613 illud

585 1647 649 1701 de
683 1647 908 1707 Actibus
952 1651 1314 1720 apostolorum
1353 1670 1364 1704 :
1398 1649 1619 1704 Obedire
1653 1661 1850 1722 oportet
1894 1650 2003 1704 Deo
2047 1667 2163 1704 ma-

582 1741 659 1809 gis
686 1759 842 1812 quam
865 1743 1162 1797 hominibus
1194 1743 1332 1815 (Act.
1369 1758 1425 1808 ν,
1473 1743 1586 1812 29).
1636 1742 1748 1797 [Ioc
1793 1743 1968 1811 ipsum
2009 1751 2065 1796 et
2099 1742 2164 1795 de

2263 549 2442 617 Hier.,
2473 552 2539 606 ad
2563 567 2676 606 eos.
2699 592 2711 605 .
2732 592 2746 605 .
2775 550 3158 624 vinciendos).]

2334 640 2496 696 Vens.
2528 642 2643 696 4-7.
2678 672 2748 683 —-
2781 642 2913 697 Cum
2942 651 3115 696 autem
3153 641 3444 712 benignitas
3473 649 3521 696 et
3548 640 3856 696 humanitas

2263 732 2506 800 apparuit
2534 731 2826 787 Saluatoris
2855 733 3018 787 nostri
3038 732 3152 797 Dei,
3187 748 3291 786 non
3319 749 3384 786 ea:
3418 731 3664 802 operibus
3688 731 3856 800 justi-

2263 822 2348 876 tia:
2384 840 2500 895 qua:
2541 825 2761 894 fecimus
2805 841 2922 890 nos,
2968 823 3059 880 sed
3102 823 3388 879 secundum
3430 823 3855 877 misericordiam

2263 932 2412 970 suam
2441 915 2612 972 salvos
2654 935 2746 972 nos
2794 917 2914 988 fecit
2950 935 3043 990 per
3069 917 3337 972 lavacrum
3365 917 3785 988 regenerationis
3810 923 3857 970 et

2263 1009 2610 1062 renovationis
2635 1006 2867 1079 Spiritus
2887 1009 3077 1076 sancti,
3107 1026 3260 1081 quem
3281 1009 3466 1078 eﬂ'udit
3494 1009 3552 1061 in
3577 1025 3672 1062 nos
3700 1007 3860 1062 abun-

2263 1096 2449 1151 danter
2489 1115 2584 1168 per
2621 1099 2802 1153 Iesum
2840 1098 3107 1155 Christum
3151 1099 3435 1154 Dominum
3486 1108 3756 1163 nostrum,
3804 1106 3856 1153 ut

2254 1186 2539 1258 justiﬁcati
2563 1190 2733 1260 gratia
2761 1190 2926 1262 ipsius
2948 1189 3178 1246 hwredes
3199 1191 3364 1245 simus
3395 1189 3690 1244 secundum
3719 1204 3856 1258 spem

2263 1278 2380 1331 vita:
2416 1288 2644 1333 (sternte.
2693 1279 3015 1350 Diligentius
3059 1280 3402 1335 attendamus
3426 1287 3484 1334 et
3511 1279 3855 1334 inveniemus

2265 1371 2319 1425 in
2367 1373 2622 1440 praesenti
2679 1373 2912 1444 capitulo
2955 1372 3454 1428 manifestissimam
3505 1371 3850 1426 Trinitatem.

2263 1461 2571 1532 Benignitas
2593 1463 2788 1533 quippe
2809 1472 2865 1519 et
2887 1447 3170 1519 clementia
3199 1462 3498 1518 Salvatoris
3522 1462 3705 1518 nostri
3739 1461 3850 1525 Dei,

2263 1567 2369 1607 non
2409 1551 2633 1607 alterius
2657 1569 2821 1623 quam
2848 1554 2942 1610 Dei
2970 1554 3170 1621 Patris,
3199 1570 3298 1626 per
3322 1553 3605 1609 lavacrum
3635 1569 3854 1624 regene-

2266 1643 2491 1698 rationis
2514 1652 2570 1698 et
2595 1645 2962 1700 renovationis
2990 1644 3224 1716 Spiritus
3251 1645 3447 1709 sancti,
3476 1658 3646 1714 quem
3672 1641 3851 1698 eﬂ'udit

2266 1749 2429 1802 super
2457 1751 2555 1790 nos
2581 1735 2917 1791 abundanter
2939 1751 3038 1808 per
3064 1734 3248 1791 Jesum
3282 1735 3561 1791 Christum
3611 1734 3852 1790 Salvato-

583 1837 754 1887 servls
803 1833 1166 1904 intelligamus
1205 1833 1344 1902 apud
1393 1832 1663 1897 dominos,
1707 1840 1762 1886 et
1799 1832 1865 1887 de
1904 1830 2164 1886 uxoribus
2192 1821 2238 1882 Β
2267 1842 2382 1882 rem
2432 1836 2699 1894 nostrum,
2744 1827 3062 1896 justificavit
3098 1842 3197 1882 nos
3246 1826 3302 1882 in
3348 1827 3520 1882 vitam
3569 1837 3848 1882 aeternam.

584 1925 726 1991 apud
769 1925 938 1991 viros,
970 1933 1022 1978 et
1051 1926 1114 1980 de
1143 1925 1265 1978 ﬁliis
1315 1924 1456 1993 apud
1482 1932 1736 1994 parentes
1803 1921 1880 1994 [et
1909 1920 1977 1977 de
2006 1923 2166 1977 disci-

582 2015 724 2085 pulis
761 2017 902 2085 apud
941 2015 1274 2088 magistros,]
1321 2015 1463 2086 quod
1508 2016 1562 2069 in
1606 2015 1710 2070 illis
1755 2014 1862 2086 [hae
1897 2013 2162 2086 personat]

583 2113 793 2158 tantum
823 2105 1050 2160 debeant
1080 2105 1305 2174 subjecti
1328 2123 1446 2161 esse
1470 2104 1810 2178 [majoribus]
1836 2121 1956 2175 qua:
1976 2117 2166 2162 contra

584 2197 678 2252 Dei
704 2199 960 2253 mandata
990 2216 1097 2255 non
1130 2200 1380 2265 veniant;
1425 2198 1501 2271 [et
1527 2200 1593 2254 ad
1621 2215 1684 2254 ea
1713 2207 1920 2253 tantum
1946 2207 2166 2269 paratos

584 2304 703 2343 esse
754 2306 872 2360 qua:
921 2299 1106 2344 contra
1149 2290 1362 2345 Domini
1413 2290 1666 2344 mandata
1711 2305 1818 2344 non
1859 2287 2162 2362 jubentur.]

584 2377 770 2449 (Vnus.
793 2377 874 2451 Ξ.)
908 2379 1183 2434 Neminem
1210 2395 1423 2450 quoque
1468 2379 1842 2451 blasphemare.
1874 2379 2043 2450 Igitur
2070 2378 2166 2434 Mi-

581 2469 735 2524 chael
778 2471 1154 2540 archangelus,
1192 2471 1402 2542 quando
1449 2487 1566 2525 cum
1611 2470 1820 2525 diabolo
1866 2470 2166 2541 disputabat

581 2561 646 2616 de
675 2562 846 2634 Moysi
886 2581 1118 2634 corpore,
1171 2581 1275 2617 non
1322 2564 1421 2633 fuit
1466 2581 1626 2618 ausus
1675 2564 1869 2634 inferre
1901 2563 2164 2634 judicium

583 2655 949 2727 blasphemiw,
983 2657 1072 2711 sed
1117 2657 1245 2710 dixit
1275 2671 1292 2708 :
1320 2657 1533 2726 imperet
1584 2657 1674 2710 tibi
1716 2655 1856 2710 Deus
1899 2654 2048 2727 (Jud.
2082 2654 2159 2724 9).

584 2748 726 2819 Ergo
754 2750 798 2803 si
826 2749 1049 2804 Michael
1071 2766 1178 2804 non
1206 2749 1306 2803 fuit
1335 2766 1499 2804 ausus
1529 2750 1765 2815 diabolo,
1795 2758 1850 2804 et
1879 2758 2025 2804 certe
2048 2765 2165 2803 ma-

584 2839 872 2895 ledictione
911 2841 1246 2910 dignissimo,
1271 2840 1531 2909 judicium
1563 2840 1763 2896 inferre
1791 2840 2159 2910 blasphemiae,

580 2939 785 3000 quanto
832 2933 1004 3003 magis
1047 2949 1144 2987 nos
1184 2933 1250 2986 ab
1287 2934 1432 2988 omni
1460 2933 1746 2988 maledicto
1775 2934 1895 3003 puri
1925 2948 2044 2988 esse
2072 2933 2164 2987 de-

581 3021 806 3077 bemus?
843 3022 1151 3078 Merebatur
1177 3025 1421 3080 diabolus
1455 3025 1823 3090 maledictum,
1856 3026 1948 3081 sed
1978 3040 2076 3095 per
2101 3040 2163 3079 os

583 3114 893 3186 archangeli
923 3116 1072 3170 exire
1115 3131 1220 3170 non
1255 3115 1459 3172 debuit.
1495 3115 1609 3170 Hoc
1653 3132 1796 3171 nunc
1841 3124 2049 3170 tantum
2081 3115 2164 3171 di-

2267 1919 2426 1975 Salus
2464 1921 2797 1976 credentium
2841 1920 3155 1992 mysterium
3187 1919 3470 1974 Trinitatis
3503 1930 3589 1973 est
3627 1918 3714 1991 [ut
3743 1920 3852 1989 ipse

2266 2011 2526 2066 Dominus
2554 2011 2607 2066 in
2631 2011 2922 2081 Evangelio
2965 2013 3079 2066 ait:
3112 2013 3215 2078 Ite,
3237 2011 3415 2065 docete
3453 2027 3630 2065 omnes
3672 2020 3853 2081 gentes

2267 2102 2584 2173 baptizantes
2617 2121 2701 2158 eos
2744 2105 2800 2158 in
2844 2105 3050 2159 nomine
3076 2104 3257 2158 Patris
3285 2113 3333 2158 et
3368 2101 3485 2156 Filii
3518 2114 3566 2158 et
3600 2102 3846 2172 Spiritus

2265 2195 2454 2248 sancti.
2507 2193 2625 2248 Non
2675 2195 2781 2249 erit
2823 2194 3063 2266 legitime
3114 2195 3446 2265 baptizatus,
3487 2195 3590 2248 nisi
3621 2195 3840 2251 invoce-

2215 2334 2220 2338 κ
2267 2293 2354 2340 tur
2399 2301 2594 2341 nomen
2631 2295 2832 2342 sanctae
2875 2287 3156 2341 Trinitatis
3197 2302 3361 2358 super
3385 2301 3511 2341 eum
3537 2287 3637 2357 qui
3671 2285 3854 2356 bapti-

2267 2378 2471 2433 zandus
2512 2385 2616 2434 est.
2659 2378 2784 2434 Ideo
2807 2378 2907 2434 sub
2936 2378 3276 2435 festinatione
3313 2380 3651 2436 currendum
3677 2389 3764 2435 est
3789 2381 3853 2435 ad

2265 2467 2616 2538 baptismum,
2651 2483 2719 2523 ne
2754 2469 2893 2524 forte
2921 2470 3038 2525 sine
3073 2481 3413 2526 sacramento
3440 2471 3645 2526 salutis
3673 2470 3854 2539 hujus-

2265 2564 2410 2618 modi
2437 2566 2679 2636 rapiatur
2712 2565 2890 2622 infans
2915 2568 2979 2623 de
3002 2568 3104 2623 hac
3134 2567 3296 2640 luce].
3325 2567 3517 2640 (Vens
3536 2569 3622 2640 8.)
3658 2568 3851 2623 Fidelis

2265 2673 2434 2712 sermo
2459 2668 2533 2712 est
2559 2676 2578 2713 :
2605 2669 2654 2714 et
2680 2661 2745 2714 de
2770 2661 2851 2714 his
2881 2659 2992 2714 volo
3013 2671 3060 2714 te
3083 2661 3418 2730 conﬁrmare,
3448 2671 3510 2716 ut
3539 2678 3734 2715 curam
3764 2663 3850 2715 lte-

2266 2748 2416 2803 beant
2434 2750 2578 2805 bonis
2593 2752 2829 2822 operibus
2840 2752 3004 2824 660
3011 2769 3244 2822 praeesse,
3259 2754 3349 2823 qui
3371 2753 3600 2807 credunt
3621 2755 3680 2806 in
3693 2753 3848 2806 Deum

2266 2837 2419 2910 [Leg.
2445 2842 2537 2912 qui
2561 2841 2776 2896 credunt
2817 2841 2972 2914 Deo].
3028 2843 3157 2898 Herc
3179 2854 3298 2897 sunt
3327 2843 3464 2897 bona
3493 2853 3540 2897 et
3573 2843 3734 2898 utilia
3759 2845 3850 2898 bo-

2265 2932 2510 2986 minibus.
2557 2931 2671 2988 [loc
2707 2933 2851 3003 quod
2893 2934 2990 3000 ait,
3031 2933 3202 3004 fidelis
3236 2951 3425 3000 sermo,
3466 2935 3536 2988 ad
3567 2935 3851 3005 superiora

2257 3019 2590 3092 jungendum
2634 3031 2735 3090 est,
2781 3026 2837 3080 in
2871 3026 3068 3095 quibus
3105 3026 3452 3096 promiserat,
3484 3036 3540 3079 ut
3564 3028 3850 3096 justi/icon

2265 3114 2435 3184 gratia
2469 3115 2630 3186 ipsius
2671 3116 2899 3170 hccredes
2927 3117 3212 3187 efﬁciamur
3239 3116 3527 3171 secundum
3565 3133 3716 3187 spem
3743 3118 3850 3171 rita

580 3205 726 3259 xisse
751 3205 998 3272 sulliciat,
1033 3209 1175 3277 quod
1209 3208 1587 3278 blasphemare
1623 3208 1823 3263 Christi
1869 3199 2235 3279 discipulosC
2266 3213 2495 3259 (Hieme.
2550 3206 2757 3278 Dignus
2814 3207 2960 3262 enim
3019 3206 3124 3263 fide
3171 3223 3332 3278 super
3377 3207 3704 3263 haereditate
3760 3207 3852 3264 Dei

578 3313 687 3352 non
730 3307 1120 3368 oportet,nec,
1171 3300 1312 3370 quod
1362 3300 1598 3366 additur,
1649 3317 1756 3354 esse
1786 3299 2075 3370 litigiosos;
2115 3301 2160 3356 si

578 3389 723 3443 enim
747 3405 933 3446 sumus
971 3391 1065 3444 filii
1092 3393 1263 3461 pacis,
1294 3401 1350 3446 et
1377 3392 1625 3447 volumus
1656 3408 1818 3464 super
1843 3408 1941 3449 nos
1969 3408 2161 3464 pacem

579 3485 944 3554 requiescere,
972 3494 1027 3539 et
1057 3486 1384 3539 accessimus
1418 3483 1485 3538 ad
1521 3483 1822 3540 Jerusalem
1857 3486 2160 3565 caelestem,

581 3590 699 3643 quae
727 3590 794 3629 ex
823 3590 957 3645 pace
1007 3590 1203 3630 nomen
1250 3576 1469 3645 accipit,
1515 3591 1638 3631 cum
1686 3577 1772 3631 his
1811 3578 1902 3647 qui
1933 3579 2162 3634 oderunt

579 3679 775 3733 pacem
800 3665 1096 3721 habeamus
1127 3680 1316 3735 pacem
1347 3684 1360 3720 :
1401 3672 1458 3722 et
1491 3674 1751 3736 quantum
1778 3667 1834 3722 in
1871 3668 2026 3724 nobis
2055 3679 2160 3738 est,

578 3771 702 3811 cum
752 3759 1002 3813 omnibus
1051 3758 1358 3814 hominibus
1394 3759 1573 3828 pacati
1612 3759 1801 3826 simus,
1841 3775 1948 3815 non
1986 3761 2160 3817 solum

579 3862 702 3901 cum
731 3847 1010 3915 modestis,
1061 3850 1156 3905 sed
1197 3851 1362 3905 etiam
1409 3866 1532 3906 cum
1583 3851 1802 3919 rixosis,
1846 3855 1972 3923 quia
2015 3856 2159 3912 nulla

578 3940 753 3995 virtus
817 3951 900 3996 est
963 3941 1107 3996 ferre
1165 3951 1518 4009 mansuetos;
1589 3955 1916 4016 quapropter
1979 3948 2158 4004 locum

579 4030 768 4086 demus
811 4033 926 4096 ira},
969 4032 1186 4088 Omnem
1229 4036 1552 4091 ostendentes
1594 4040 2047 4094 mansuetudinem
2087 4041 2158 4096 ad

577 4136 752 4175 omnes
775 4123 1027 4178 homines.

649 4215 812 4270 Vnus.
843 4215 894 4270 5.
919 4214 1238 4271 —Fuimus
1292 4220 1430 4272 enim
1475 4229 1522 4273 et
1567 4236 1660 4274 nos
1704 4220 1987 4291 aliquando
2028 4223 2158 4277 insi-

573 4306 769 4374 pientes
789 4314 838 4359 et
856 4305 1135 4371 increduli,
1176 4318 1432 4373 errantes,
1475 4311 1748 4365 servientes
1793 4311 2067 4367 desideriis
2107 4321 2156 4368 et

576 4398 922 4468 voluptatibus
951 4399 1130 4463 variis,
1167 4399 1223 4452 in
1255 4399 1457 4453 malitia
1487 4410 1533 4453 et
1556 4401 1750 4455 invidia
1776 4412 2008 4472 agentes,
2039 4405 2154 4458 odi-

576 4487 724 4554 biles,
755 4488 984 4543 odientes
1006 4489 1239 4544 invicem.
1265 4489 1481 4556 Quaerat
1505 4491 1697 4560 aliquis
1721 4496 1990 4563 quomodo
2015 4496 2154 4552 Pau-

2266 3311 2464 3363 sermo,
2496 3303 2553 3352 et
2579 3313 2742 3368 super
2776 3314 2870 3368 spe
2907 3299 3033 3352 vita:
3061 3307 3296 3354 aeternas.
3338 3297 3493 3354 Unde
3527 3307 3752 3368 oportet
3788 3299 3851 3354 de

2263 3387 2349 3442 his
2374 3403 2482 3442 non
2509 3388 2751 3455 dubium,
2775 3404 2883 3444 non
2913 3389 3213 3456 timentem,
3244 3397 3300 3444 et
3322 3389 3498 3460 ipsum
3522 3391 3775 3453 credere,
3800 3397 3854 3443 et

2261 3486 2322 3532 ut
2343 3479 2567 3535 credant
2591 3481 2794 3546 exteri,
2821 3479 3164 3537 conﬁrmare.
3177 3480 3294 3538 Non
3313 3481 3488 3536 solum
3510 3491 3696 3538 autem
3724 3483 3849 3549 hoc,

2262 3569 2356 3623 sed
2392 3569 2578 3626 ethoc
2619 3585 2739 3626 cum
2779 3571 2990 3626 caeteris
3029 3572 3113 3628 his
3149 3572 3240 3642 qui
3282 3573 3553 3628 voluerint
3600 3577 3849 3638 credere.

2261 3660 2693 3717 confirmandum
2723 3673 2807 3718 est
2833 3683 2844 3718 :
2873 3673 3201 3736 quapropter
3236 3665 3329 3730 ait,
3362 3674 3410 3718 et
3444 3664 3509 3718 de
3535 3665 3621 3719 his
3648 3665 3770 3719 volo
3802 3676 3851 3720 te

2225 3751 2591 3821 confirmare.
2635 3753 2738 3822 Qui
2768 3763 2946 3810 autem
3001 3757 3104 3811 ista
3150 3772 3279 3812 vera
3324 3771 3445 3813 esse
3488 3758 3851 3822 crediderint,

2259 3859 2480 3900 necesse
2527 3854 2611 3901 est
2658 3854 2718 3901 ut
2767 3863 2952 3902 curam
3014 3847 3250 3903 habeant
3300 3849 3566 3904 bonorum
3616 3864 3854 3918 operum

2263 3932 2622 4009 [adimplere],
2666 3951 2764 4006 per
2801 3953 2920 4007 quae
2964 3938 3253 3994 haereditas
3295 3938 3392 3996 Dei
3443 3947 3496 3994 et
3535 3953 3661 4008 spes
3717 3940 3852 3993 vita:

2257 4034 2596 4096 praeparatur
2635 4035 2871 4084 atteram.
2901 4029 2969 4084 Et
3000 4029 3246 4099 pulchre,
3288 4038 3350 4086 ut
3381 4032 3646 4102 majorem
3677 4030 3854 4086 ﬁdem

2257 4115 2484 4185 faceret,
2529 4134 2635 4173 non
2679 4119 2835 4186 dixit,
2883 4121 2974 4191 qui
3006 4121 3234 4177 credunt
3261 4123 3596 4188 hominibus,
3624 4121 3727 4176 sed
3759 4123 3858 4192 qui

2257 4210 2482 4264 credunt
2523 4210 2653 4268 Deo.
2698 4210 2930 4266 Necesse
2967 4219 3050 4266 est
3088 4212 3232 4266 enim
3263 4221 3323 4267 ut
3347 4229 3529 4268 curam
3569 4213 3856 4266 bonorum

2256 4315 2479 4370 operum
2528 4303 2794 4366 habeant,
2853 4319 2973 4372 qua:
3027 4304 3316 4376 adimpleta
3363 4314 3418 4361 et
3462 4306 3610 4360 omni
3655 4305 3857 4361 studio

2255 4402 2562 4464 perpetrata
2589 4397 2730 4450 bona
2760 4405 2887 4451 sunt
2921 4397 3184 4468 utiliaque
3229 4397 3595 4456 credentibus.
3644 4397 3854 4469 (Vens.

2257 4485 2336 4557 9.)
2367 4485 2570 4542 Stultus
2596 4497 2766 4542 autem
2795 4489 3128 4560 qua‘stiones,
3163 4493 3214 4544 "et
3247 4491 3600 4562 genealogias,
3636 4507 3688 4550 et
3722 4516 3859 4555 con-

534 4647 536 4649 ,
577 4579 661 4632 ius
680 4592 822 4633 esset
846 4579 1124 4648 insipiens,
1148 4581 1478 4648 incredulus,
1499 4597 1709 4650 errans,
1734 4592 1789 4640 et
1805 4587 2048 4644 serviens
2063 4590 2153 4644 de-

2258 4581 2527 4647 tentiones,
2570 4593 2617 4636 et
2641 4599 2842 4653 pugnas
2875 4582 2999 4652 legis
3039 4582 3242 4647 devita;
3283 4594 3406 4638 sunt
3453 4587 3591 4640 enim
3625 4589 3856 4648 inutiles

577 4669 790 4723 sideriis
812 4680 867 4724 et
889 4672 1051 4726 variis
1074 4673 1442 4742 voluptatibus
1464 4673 1517 4726 in
1539 4674 1743 4730 malitia
1770 4685 1825 4732 et
1842 4677 1896 4732 in
1924 4678 2150 4749 invidia,

575 4773 698 4814 cum
728 4760 996 4816 eruditum
1026 4779 1147 4817 eum
1182 4765 1248 4819 ad
1280 4766 1444 4836 pedes
1474 4765 1772 4826 Gamalihel
1799 4779 1855 4825 et
1881 4772 1949 4826 ab
1975 4772 2154 4828 infan-

579 4851 649 4905 tia
680 4853 852 4907 sacris
881 4852 1079 4910 litteris
1119 4856 1426 4913 institutum
1474 4858 1965 4935 [Adde:legamus]
2012 4865 2148 4935 (Act.

574 4943 742 5016 XXII)!
795 4942 900 4998 Sed
931 4945 999 4999 ab
1027 4962 1092 5001 eo
1124 4955 1363 5018 tempore
1386 4965 1494 5019 quo
1523 4951 1576 5004 in
1603 4951 1876 5006 Christum
1900 4969 2004 5008 non
2033 4969 2155 5011 cre-

574 5030 728 5098 didit,
783 5033 803 5106 [
807 5036 921 5090 haec
958 5037 1022 5091 dc
1064 5037 1156 5093 illo
1189 5036 1335 5107 juste
1361 5041 1464 5096 dici
1493 5051 1807 5112 potuerunt,
1839 5044 1980 5114 quod
2010 5055 2155 5102 esset

575 5124 834 5196 insipiens
869 5136 926 5182 et
960 5129 1171 5185 invidus
1214 5133 1371 5188 saluti
1409 5133 1890 5209 Christianorum]
1936 5138 2019 5192 An
2068 5140 2152 5195 di-

575 5216 803 5269 cendum
824 5226 906 5272 est
933 5219 1156 5275 Paulum
1198 5237 1305 5276 non
1349 5222 1513 5278 fuisse
1554 5225 1897 5295 insipientem
1947 5227 2150 5300 [Hier.,

576 5324 644 5361 an
669 5325 774 5364 non
806 5313 961 5367 nobis
1000 5314 1214 5369 videtur
1237 5314 1437 5371 Paulus
1467 5315 1629 5370 fuisse
1656 5317 1896 5390 stultus],
1937 5321 2151 5388 quando

575 5400 807 5458 habebat
834 5404 1006 5459 zelum
1027 5405 1146 5472 Dei,
1174 5406 1265 5462 sed
1296 5423 1401 5462 non
1433 5408 1725 5464 secundum
1756 5410 2067 5477 scientiam;
2097 5418 2153 5466 et

573 5496 994 5565 persequebatur
1026 5497 1320 5555 Ecclesiam
1351 5509 1405 5556 et
1433 5501 1783 5571 lapidantium
1816 5501 2149 5572 Stephanum

573 5589 889 5643 vestimenta
928 5591 1211 5658 servabat;
1261 5608 1380 5647 cum
1419 5595 1472 5648 in
1511 5601 1720 5648 tantum
1749 5593 1930 5648 odium
1961 5601 2147 5650 contra

575 5679 904 5736 Salvatorem
950 5684 1237 5754 instigatus
1279 5687 1583 5753 exarserit,
1633 5695 1694 5742 ut
1734 5686 1941 5742 litteras
1984 5702 2014 5741 a
2061 5703 2146 5742 sa-

573 5773 880 5836 cerdotibus
933 5776 1202 5849 acciperet
1245 5792 1476 5852 pergens
1529 5781 1882 5853 Damascum,
1928 5779 2042 5858 [qui
2088 5786 2142 5848 in

2254 4681 2304 4726 et
2345 4689 2511 4726 eunte.
2555 4671 2622 4744 [Α
2647 4674 2799 4727 vanis
2823 4689 2953 4744 ergo
2978 4681 3032 4728 et
3059 4675 3329 4730 rationem
3353 4692 3460 4731 non
3491 4677 3852 4751 habentibus,

2254 4773 2309 4819 et
2336 4763 2461 4819 fidei
2487 4764 2764 4820 catholica:
2789 4780 2895 4820 non
2919 4764 3224 4822 faventibus
3253 4777 3470 4825 revocat
3495 4787 3596 4828 nos
3609 4774 3856 4844 Aposto-

2252 4854 2337 4910 lus
2371 4855 2803 4929 quarstionibus.]
2849 4857 3118 4914 Caeterum
3165 4861 3234 4916 ad
3281 4863 3574 4933 sapientes,
3621 4874 3677 4921 et
3722 4884 3854 4938 qua

2257 4944 2654 5013 Scripturarum
2701 4948 3020 5004 auctoritate
3053 4958 3179 5005 sunt
3222 4950 3392 5020 fultae,
3431 4956 3606 5025 magis
3644 4959 3853 5014 cohor-

2257 5045 2403 5092 tatur
2440 5046 2494 5092 et
2526 5045 2822 5106 provocat:
2855 5041 3014 5096 modo
3064 5057 3172 5096 non
3221 5043 3294 5098 sit
3339 5059 3536 5115 corpus
3583 5055 3845 5110 nostrum

2255 5131 2526 5186 subditum
2555 5131 2810 5201 peccatis,
2855 5139 2910 5187 et
2946 5133 3281 5203 ingredietur
3311 5137 3363 5190 in
3397 5153 3498 5192 nos
3543 5140 3843 5209 sapientia.

2254 5222 2582 5278 Exerceatur
2608 5238 2762 5279 mens
2787 5226 3048 5294 quotidie,
3081 5226 3261 5294 divina
3287 5228 3520 5285 lectione
3542 5243 3841 5302 pascatur:

2255 5321 2308 5368 et
2345 5315 2667 5384 quaestiones
2715 5325 2916 5371 nostrae
2962 5317 3140 5374 stultae
3167 5334 3273 5374 non
3302 5332 3458 5376 erunt
3485 5323 3843 5392 quaestiones.

2255 5403 2408 5474 Quod
2441 5417 2619 5462 autem
2648 5409 2758 5463 ait:
2789 5406 3129 5481 Genealogias
3157 5419 3206 5465 et
3232 5414 3584 5468 contentiones
3615 5427 3663 5470 et
3689 5419 3844 5472 rixas

2253 5516 2369 5570 quw
2413 5499 2623 5554 veniunt
2662 5517 2726 5553 ea:
2759 5498 2868 5569 lege
2897 5499 3102 5566 devita;
3144 5504 3359 5574 proprie
3398 5504 3575 5574 pulsat
3619 5504 3843 5563 Judmos

2253 5594 2343 5662 qui
2368 5593 2419 5647 in
2443 5608 2506 5648 eo
2537 5609 2593 5648 se
2613 5591 2846 5661 jactant,
2879 5600 2932 5647 et
2953 5601 3146 5662 putant
3173 5595 3307 5663 legis
3329 5596 3527 5651 habere
3553 5599 3838 5667 notitiam,

2251 5688 2297 5740 si
2349 5690 2566 5743 nomina
2625 5697 2842 5744 teneant
2894 5688 3267 5758 singulorum,
3320 5691 3461 5763 [quae
3505 5695 3842 5762 quaestiones

2250 5785 2558 5846 Christiano
2607 5801 2713 5843 non
2768 5784 3138 5866 conveniunt,]
3185 5785 3273 5846 cui
3307 5786 3439 5845 rixae
3479 5785 3680 5864 legales
3708 5785 3840 5868 [per
