4088 6330
234 370 376 430 1025

909 363 1322 424 EXEGETICA.
1352 393 1425 409 ι-
1457 361 1702 420 EXPOS.
1743 361 1812 419 IN
1847 358 2065 418 EPIST.
2108 359 2166 418 S.
2206 359 2411 418 PAULI
2444 359 2537 417 AD
2572 360 2838 419 PHILEM.

3351 371 3491 429 1026

228 486 545 563 patientiam
583 483 784 559 (Hier.,
820 484 1082 557 penitus)]
1113 486 1427 556 respuendae
1453 492 1596 549 sunt,
1636 491 1691 540 ct
1717 483 1810 540 Ju—
1836 488 1888 550 Α
1913 487 2227 557 temperatis
2250 526 2265 553 ,
2313 501 2528 542 rursum
2577 485 2895 542 Corinthum
2944 480 3251 538 revertisse.
3305 482 3489 543 Zenan

232 583 472 638 (latorum
515 578 752 636 stultitia:
805 578 1200 647 relinquendae;
1251 587 1377 634 sunt
1413 577 1558 632 enim
1598 577 1815 633 inutiles

229 679 285 728 et
334 686 520 736 vanae,
570 685 691 740 qua:
744 677 955 724 tantum
1006 671 1240 740 speciem
1290 668 1529 725 scientias
1578 668 1816 724 habeant

231 763 435 839 [Hier.,
460 763 716 835 habent];
749 771 1004 820 caeterum
1026 777 1125 820 nec
1145 763 1448 818 dicentibus
1469 776 1572 816 nec
1595 761 1817 816 audien-

230 857 376 913 tibus
405 862 652 927 prosunt.

304 949 468 1004 Vuus.
486 947 676 1013 10,11.
689 945 1090 1000 -—Ha:reticum
1106 946 1366 1000 hominem
1376 955 1492 1017 post
1508 963 1665 1000 unam
1677 953 1726 1001 et
1737 961 1816 1000 se-

231 1038 459 1095 cundam
476 1039 851 1108 correptionem
868 1037 1058 1091 devita.
1087 1035 1268 1092 Sciens
1284 1037 1407 1108 quia
1429 1036 1700 1091 subversas
1716 1046 1814 1102 est,

228 1146 320 1201 qui
344 1126 648 1197 hujusmodi
669 1136 766 1191 est,
797 1136 845 1180 et
865 1126 1138 1198 delinquit,
1161 1142 1278 1180 cum
1301 1127 1366 1180 sit
1388 1127 1597 1198 proprio
1610 1125 1816 1197 judicio

232 1222 629 1277 condemnatus.
657 1220 901 1276 Ilaeresin
942 1221 1010 1276 ad
1035 1221 1258 1277 Galatas
1284 1222 1425 1277 inter
1449 1223 1627 1278 carnis
1653 1237 1818 1294 opera

232 1310 379 1366 idem
409 1312 716 1367 numeravit
741 1312 1016 1382 apostolus
1030 1307 1230 1384 (Galat.
1248 1327 1302 1377 ν,
1323 1312 1388 1368 19
1408 1312 1562 1384 seq.).
1585 1312 1818 1369 Hieresis

231 1403 419 1459 Graece
440 1404 508 1458 ab
528 1405 792 1460 electione
813 1406 1030 1471 dicitur,
1053 1406 1195 1475 quod
1216 1407 1423 1461 scilicet
1448 1407 1819 1478 unusquisque

233 1494 288 1549 id
311 1495 412 1550 sibi
445 1496 608 1566 eligat
627 1496 770 1566 quod
790 1497 839 1554 ei
857 1497 1048 1551 melius
1065 1510 1183 1552 esse
1200 1499 1464 1553 videatur.
1497 1497 1818 1553 ereticum

233 1583 400 1655 igitur
434 1585 696 1640 hominem
736 1595 850 1656 post
893 1603 1052 1640 unam
1095 1595 1143 1640 et
1187 1587 1408 1641 alteram
1445 1589 1816 1659 correptionem

215 1673 424 1731 devita.
464 1676 577 1732 Hoc
605 1678 725 1734 ideo
750 1679 827 1733 ait
853 1681 995 1750 quod
1021 1679 1230 1736 scilicet
1273 1697 1381 1737 non
1425 1682 1659 1737 sufﬁciat
1700 1690 1819 1737 tan-

236 1776 352 1824 tum
375 1769 541 1823 semel
569 1784 692 1825 eum
721 1771 921 1840 corripi
945 1770 1030 1825 vel
1059 1773 1390 1827 commoneri
1417 1773 1510 1842 qui
1539 1771 1716 1841 aliquo
1750 1771 1819 1826 sit

1918 592 2050 632 vero
2087 575 2499 649 legisdoctorem
2527 577 2592 632 de
2620 576 2725 631 alio
2761 575 3052 644 Scriptura:
3089 574 3228 640 loco,
3260 575 3351 644 qui
3377 575 3492 630 fue-

1922 667 1994 721 rit
2023 683 2131 722 non
2157 683 2442 739 possumus
2477 669 2677 734 dicere,
2707 667 2811 722 nisi
2839 667 2942 721 hoc
2969 672 3178 720 tantum
3200 667 3340 735 quod
3378 668 3493 738 ipse

1921 757 2243 830 apostolicus
2268 760 2350 814 vir
2374 759 2429 814 id
2450 760 2652 830 Operis,
2679 759 2837 830 661
2885 756 3027 828 quod
3061 756 3248 827 Apollo
3275 772 3492 814 exerce-

1918 850 2032 919 bat,
2062 851 2331 918 habnerit,
2361 849 2564 906 Christi
2597 850 2868 911 Ecclesias
2903 848 3229 904 exstrueudi.
3281 848 3493 904 Praece-

1917 941 1996 1012 pit
2025 941 2206 1010 itaque
2235 941 2380 1007 Tito,
2423 949 2484 996 ut
2523 941 2774 1012 quoniam
2821 939 2887 994 de
2926 937 3087 993 Creta
3128 938 3182 992 in
3230 937 3492 994 Graeciam

1918 1035 2220 1105 navigaturi
2283 1042 2480 1101 erant,
2545 1049 2653 1088 non
2701 1048 2793 1088 eos
2853 1032 3016 1087 faciat
3071 1031 3306 1087 sitarciis
3354 1031 3494 1086 indi-

1919 1139 2066 1197 gere,
2110 1125 2204 1181 sed
2250 1126 2452 1180 habere
2497 1139 2585 1195 ea~
2609 1140 2728 1196 quae
2767 1125 2834 1179 ad
2866 1123 3134 1186 _viaticum
3181 1123 3489 1181 necessaria

1921 1225 2065 1275 sunt.

1990 1310 2153 1366 Vnus.
2185 1308 2274 1364 14.
2303 1340 2375 1349 -
2415 1309 2634 1364 Discant
2669 1319 2840 1365 autem
2880 1319 2927 1364 et
2958 1310 3121 1365 nostri
3150 1308 3294 1363 bonis
3325 1307 3492 1380 operi-

1920 1405 2013 1458 bus
2060 1420 2278 1474 prwesse
2301 1404 2370 1458 ad
2412 1421 2537 1460 usus
2569 1404 2908 1468 necessarios,
2956 1411 3013 1456 ut
3047 1419 3150 1457 non
3179 1403 3281 1456 sint
3322 1400 3493 1471 infru-

1919 1497 2105 1550 ctuosi.
2137 1497 2283 1552 Dixit
2326 1497 2469 1550 enim
2501 1514 2514 1550 :
2543 1495 2761 1550 Discant
2786 1503 2834 1550 et
2877 1495 3061 1550 nostri.
3107 1491 3330 1549 Nostros
3366 1506 3493 1548 suos

1919 1597 2093 1655 vocat,
2123 1590 2214 1659 qui
2245 1589 2298 1643 in
2326 1588 2540 1644 Christo
2569 1587 2932 1652 crediderunt,
2964 1587 3076 1657 qui,
3119 1585 3243 1656 quia
3288 1583 3490 1639 Christi

1921 1685 2098 1745 erant,
2124 1687 2270 1735 recte
2298 1679 2449 1733 Pauli
2470 1686 2524 1732 et
2559 1677 2666 1733 Titi
2692 1676 2949 1748 appellari
2989 1675 3355 1730 merebantur.
3382 1673 3492 1728 lla-

1920 1769 2036 1836 bes,
2080 1770 2271 1839 inquit,
2313 1770 2369 1824 in
2397 1768 2686 1838 discipulos
2713 1775 3058 1839 potestatem,
3091 1766 3224 1823 doce
3265 1781 3359 1822 eos
3384 1781 3491 1820 non

235 1862 560 1932 depravatus
586 1876 792 1929 errore,
841 1863 934 1918 sed
970 1871 1025 1917 et
1064 1864 1300 1919 secunda
1338 1864 1388 1919 ei
1415 1863 1486 1919 sit
1513 1862 1819 1918 adhibenda
1849 1855 1897 1916 B
1921 1876 2043 1916 esse
2073 1860 2464 1927 infructuosos;
2497 1861 2592 1916 sed
2627 1860 2948 1931 evangelicis
2976 1858 3176 1931 [Hier.,
3217 1857 3486 1929 evangeli-

236 1953 501 2019 doctrina,
550 1954 681 2008 utin
729 1971 816 2008 ore
864 1955 1092 2008 duorum
1140 1954 1217 2010 vel
1263 1957 1424 2010 trium
1472 1958 1683 2010 testium
1719 1964 1818 2011 stet

236 2061 388 2099 omne
430 2045 661 2099 verbum.
705 2045 882 2113 Quare
920 2054 1099 2100 autem
1132 2055 1256 2117 post
1290 2048 1521 2117 primam
1545 2054 1600 2101 et
1629 2061 1820 2102 secun-

239 2136 366 2189 dam
418 2137 815 2206 correptionem
853 2137 1172 2193 devitandus
1200 2138 1291 2204 sit,
1323 2137 1500 2192 reddit
1527 2152 1716 2192 causas
1741 2136 1821 2192 di-

235 2242 366 2281 cens
396 2245 407 2279 :
441 2225 592 2294 Quod
617 2228 890 2282 subversas
920 2237 994 2282 est
1029 2229 1116 2300 qui
1140 2228 1397 2298 ejusmodi
1425 2237 1522 2294 est,
1546 2237 1593 2282 et
1616 2237 1816 2299 peccat,

235 2336 358 2374 cum
406 2319 472 2370 sit
516 2336 546 2370 a
591 2320 862 2389 semetipso
907 2319 1299 2373 condemnatus.
1337 2318 1441 2386 Qui
1469 2319 1613 2374 enim
1653 2318 1821 2375 semel

234 2410 432 2478 bisque
478 2417 778 2478 correptus,
822 2410 1005 2464 audito
1049 2425 1238 2465 errore
1282 2425 1380 2465 suo
1420 2425 1527 2466 non
1562 2409 1676 2464 vult
1702 2426 1821 2466 cor-

239 2502 345 2570 rigi
377 2500 618 2573 [proprio
641 2500 844 2569 judicio
873 2503 1262 2557 condemnatus
1290 2510 1394 2568 est,
1425 2509 1481 2557 et
1508 2510 1820 2572 segregatus

244 2591 316 2645 ab
363 2591 568 2646 unitate
616 2591 911 2665 Ecclesize].
960 2593 1095 2647 Nam
1141 2593 1437 2649 fornicator
1482 2601 1537 2649 et
1585 2595 1818 2663 adulter,

238 2683 534 2750 homicida,
566 2693 621 2739 et
644 2695 838 2740 caetera
866 2685 995 2740 vitia
1031 2701 1128 2756 per
1155 2687 1464 2742 sacerdotes
1490 2686 1556 2741 de
1580 2686 1818 2742 Ecclesia

236 2777 644 2849 propelluntur;
679 2778 919 2833 haeretici
949 2788 1130 2834 autem
1166 2781 1222 2834 in
1263 2780 1470 2850 seipsos
1499 2780 1821 2835 sententiam

239 2868 448 2934 ferunt,
489 2885 586 2925 suo
634 2870 859 2926 arbitrio
907 2873 972 2926 de
1014 2872 1252 2927 Ecclesia
1306 2873 1652 2939 recedentes;
1704 2887 1824 2944 quae

239 2961 477 3017 recessio
506 2962 738 3032 pr0priae
761 2963 1105 3019 conscientia:
1136 2965 1352 3020 videtur
1377 2980 1496 3020 esse
1524 2965 1817 3020 damnatio.

239 3051 390 3108 Inter
412 3053 642 3108 haeresin
679 3063 733 3109 et
763 3055 998 3110 schisma
1025 3056 1128 3111 hoc
1158 3071 1277 3112 esse
1303 3057 1654 3123 arbitrantur,
1680 3058 1822 3128 quod

237 3144 465 3199 haeresis
501 3158 817 3214 perversum
863 3145 1055 3216 dogma
1092 3147 1290 3213 habet;
1337 3148 1571 3203 schisma
1597 3157 1819 3219 propter

235 3231 600 3302 cpisc0palem
627 3233 1014 3290 dissensionem
1040 3237 1107 3290 ab
1135 3237 1376 3292 Ecclesia
1406 3246 1707 3309 separetur.

313 3345 475 3401 Vsus.
513 3347 599 3400 12.
627 3377 700 3387 -
723 3345 856 3402 Cum
894 3349 1082 3404 misero
1112 3351 1181 3404 ad
1210 3359 1259 3404 te
1288 3351 1575 3407 Artheman
1601 3359 1693 3406 aut
1734 3351 1820 3408 Ti-

234 3439 465 3506 chicum,
499 3440 688 3511 festina
742 3444 914 3497 venire
959 3443 1030 3497 ad
1073 3460 1154 3498 me
1207 3443 1644 3515 Nicopolim:ibi
1683 3446 1821 3501 enim

235 3532 403 3586 statui
435 3532 684 3588 hiemare.
729 3532 850 3605 [Hic
872 3544 1131 3605 paternus
1159 3536 1214 3590 in
1244 3536 1528 3592 Cretenses
1557 3537 1706 3594 Pauli
1730 3539 1831 3618 de:

233 3633 574 3680 monstratur
600 3627 883 3702 all‘ectus;]
917 3631 1278 3685 necessarium
1318 3631 1462 3686 enim
1505 3632 1692 3687 habuit
1733 3633 1823 3688 Ti-

233 3724 356 3771 tum
382 3717 435 3771 in
464 3717 737 3789 Evangelii
767 3720 1156 3787 ministerium;
1194 3728 1373 3776 tamen
1412 3737 1520 3777 non
1545 3739 1670 3778 eum
1697 3731 1823 3779 ante

233 3808 310 3862 ad
335 3821 394 3863 se
426 3809 539 3863 vult
560 3810 766 3876 venire,
812 3811 917 3866 nisi
957 3812 1012 3866 in
1050 3811 1228 3868 locum
1269 3811 1385 3880 ejus
1423 3813 1711 3868 Arthemas
1736 3810 1823 3869 vel

235 3901 496 3956 Tichicus
539 3917 820 3957 successor
864 3904 1161 3958 advenerit.
1209 3903 1481 3973 Nicopolis
1536 3905 1649 3975 ipsa
1709 3914 1821 3970 est,

232 4008 362 4062 quce
405 3991 474 4046 ob
519 3992 803 4046 victoriam
828 3993 1073 4064 Augusti
1121 3993 1277 4065 [Ms.,
1321 3994 1537 4066 Agusti]
1579 3995 1720 4064 quod
1749 3994 1824 4049 ibi

231 4084 538 4138 Antonium
564 4082 1017 4153 Cleopatramque
1051 4084 1342 4154 superarit,
1372 4100 1568 4140 nomen
1595 4085 1820 4154 accepit.

233 4172 428 4246 (Vens.
483 4173 595 4245 15.)
640 4172 822 4230 Zenan
874 4173 1227 4246 legisperitum
1275 4186 1323 4230 et
1370 4175 1555 4247 Apollo
1605 4175 1825 4231 sollicite

231 4285 280 4339 με
305 4268 519 4334 (emitte,
552 4275 610 4322 ut
658 4267 787 4323 nihil
818 4267 923 4323 illis
955 4269 1108 4323 desit.
1143 4269 1249 4324 Iste
1275 4276 1358 4324 est
1384 4269 1592 4340 Apollo,
1625 4269 1690 4324 de
1717 4285 1824 4340 quo

230 4365 296 4412 et
345 4358 412 4412 ad
463 4356 773 4413 Corinthios
826 4359 1082 4414 scribitur
1124 4377 1137 4414 :
1191 4358 1556 4432 Unusquisque
1601 4371 1825 4415 vestrum

231 4449 409 4503 dicit:
439 4449 552 4520 Ego
577 4467 692 4505 sum
717 4449 896 4516 Pauli,
950 4461 998 4506 et
1038 4469 1130 4524 ego
1177 4440 1382 4524 Apollo,
1425 4461 1474 4507 et
1515 4471 1607 4524 ego
1638 4453 1825 4525 Cepha:

1921 1950 2039 2024 stis]
2067 1958 2121 2006 et
2145 1949 2453 2021 apostolicis
2479 1950 2627 2013 viris,
2658 1950 2751 2020 qui
2776 1950 2931 2005 bonis
2951 1949 3202 2019 operibus
3223 1949 3485 2018 serviant,

1919 2042 2259 2106 ministrare;
2315 2048 2371 2097 et
2422 2040 2763 2106 ministrare,
2821 2056 2931 2096 non
2974 2040 3029 2094 in
3079 2039 3492 2110 quibuscunque

1919 2133 2122 2198 causis,
2171 2132 2265 2187 sed
2311 2132 2364 2185 in
2399 2131 2719 2186 necessariis
2757 2131 2966 2185 usibus.
3007 2128 3269 2184 Habentes
3298 2128 3495 2198 quippe

1919 2226 2107 2281 victum
2147 2234 2195 2277 et
2235 2224 2488 2287 vestitum,
2515 2224 2595 2277 his
2620 2223 2843 2276 contenti
2872 2222 3035 2276 simus
3063 2220 3110 2292 (Ι
3149 2220 3282 2274 Tim.
3310 2236 3384 2284 γι,
3415 2218 3492 2290 8).

1918 2312 2284 2368 Infructuosos
2308 2319 2464 2367 vocat
2491 2312 2796 2383 quicunque
2821 2310 3163 2382 evangelistis
3199 2325 3308 2365 non
3337 2307 3496 2363 mini-

1921 2405 2228 2473 straverint,
2265 2404 2343 2477 [et
2386 2404 2829 2475 praedicatoribus
2874 2402 3026 2458 verbi
3062 2401 3158 2457 Dei
3186 2399 3494 2456 necessaria

1921 2496 2217 2553 secundum
2245 2495 2554 2551 facultatem
2582 2510 2733 2550 suam
2752 2510 2860 2550 non
2887 2491 3350 2564 subministrant.]

1994 2593 2155 2647 Vens.
2192 2591 2277 2646 15.
2312 2621 2384 2630 -
2417 2590 2664 2647 Salutant
2689 2600 2738 2645 te
2779 2591 2868 2664 qui
2908 2606 3108 2645 mecum
3133 2597 3254 2645 sunt
3294 2604 3490 2644 omnes.

1923 2685 2020 2742 Vel
2049 2685 2204 2741 solita
2239 2685 2624 2740 consuetudine
2653 2700 2800 2751 usus,
2829 2691 2889 2739 ut
2927 2683 3104 2739 Titum
3132 2683 3201 2738 ab
3245 2682 3496 2738 omnibus

1924 2781 2017 2850 qui
2042 2795 2227 2836 secum
2263 2785 2441 2844 erant,
2472 2779 2675 2833 diceret
2709 2777 2952 2842 salutari,
2983 2775 3067 2832 vel
3105 2782 3252 2831 certe
3281 2773 3497 2846 proprie

1924 2872 1994 2927 ad
2024 2871 2224 2936 Titum,
2256 2871 2398 2940 quod
2428 2869 2548 2925 talis
2575 2876 2752 2936 esset,
2798 2875 2858 2923 ut
2887 2881 3123 2924 amorem
3165 2880 3353 2922 eorum
3401 2864 3496 2935 qui

1924 2978 2048 3018 cum
2074 2963 2241 3017 Paulo
2285 2970 2458 3029 erant,
2492 2961 2732 3016 omnium
2771 2966 3090 3015 mereretur.
3141 2957 3330 3030 Magna
3370 2971 3499 3013 vero

1925 3053 2042 3108 laus
2069 3053 2176 3108 Titi
2203 3069 2302 3124 per
2351 3053 2576 3108 Paulum
2618 3053 2685 3106 ab
2725 3051 2976 3107 omnibus
3019 3049 3262 3105 salutari.
3312 3046 3500 3102 Saluta

1926 3167 2012 3206 eos
2060 3151 2149 3223 qui
2193 3167 2285 3205 nos
2338 3158 2515 3203 amant
2565 3149 2619 3202 in
2670 3148 2795 3217 ﬁde.
2842 3145 3092 3218 [Quidam
3128 3157 3258 3198 vero
3311 3147 3496 3195 amant

1923 3258 2068 3308 suos,
2102 3243 2195 3298 sed
2241 3257 2349 3298 non
2375 3243 2430 3296 in
2459 3241 2582 3307 ﬁde,
2629 3241 2771 3295 sicut
2798 3247 2972 3294 mater
3001 3237 3186 3301 ﬁlium,
3241 3236 3326 3290 vir
3359 3249 3498 3288 uxo-

1922 3350 2060 3390 rem.
2092 3335 2216 3390 Ideo
2261 3334 2546 3403 adjunxit:
2591 3333 2693 3399 Qui
2739 3349 2830 3388 nos
2880 3341 3057 3387 amant
3089 3331 3145 3383 in
3192 3326 3342 3400 ﬁde].
3374 3325 3499 3381 Sola

1922 3435 2231 3484 sanctorum
2269 3425 2485 3482 dilectio
2537 3426 2589 3480 in
2635 3424 2741 3480 ﬁde
2777 3423 2985 3495 diligit;
3053 3421 3109 3476 in
3159 3427 3390 3483 tantum,
3441 3425 3505 3471 ut

1921 3518 2135 3575 etiamsi
2165 3517 2255 3572 ille
2276 3517 2368 3587 qui
2405 3515 2646 3588 diligitur
2671 3513 2906 3568 inﬁdelis
2933 3520 3035 3576 est,
3068 3519 3247 3565 tamen
3277 3508 3503 3579 spiritus

1924 3609 2124 3684 [Hier.,
2168 3616 2348 3664 tamen
2397 3606 2639 3679 sanctus]
2670 3607 2725 3661 in
2761 3605 2867 3662 ﬁde
2908 3620 3034 3660 eum
3063 3604 3266 3675 diliget,
3315 3618 3506 3658 secun-

1923 3703 2049 3758 dum
2079 3702 2211 3756 illud
2240 3716 2254 3755 :
2306 3699 2498 3755 Omnia
2527 3709 2695 3755 vestra
2741 3699 2798 3753 in
2823 3698 2928 3768 ﬁde
2970 3698 3103 3767 ﬁant
3134 3694 3184 3768 (1
3218 3694 3342 3750 Cor.
3372 3710 3461 3748 xvi
3487 3732 3504 3760 ,

1925 3795 2035 3867 14).
2059 3795 2181 3850 Ideo
2204 3794 2256 3847 in
2288 3793 2419 3858 ﬁde;
2451 3792 2602 3865 [quia
2629 3792 2799 3847 credit
2828 3806 2886 3846 se
2911 3790 3066 3844 aDeo
3079 3802 3178 3858 pro
3200 3785 3506 3856 eitpletione

1923 3886 2186 3950 mandati,
2212 3899 2319 3953 quo
2344 3884 2542 3938 dicitur
2569 3899 2582 3934 :
2614 3879 2829 3949 Diligite
2861 3878 3100 3931 inimicos
3135 3884 3326 3929 vestros
3349 3872 3501 3944 (Luc.

1922 3993 1997 4043 vi,
2047 3976 2162 4046 55),
2203 3975 2508 4030 mercedem
2557 3980 2903 4041 recepturum
2953 3966 3120 4040 esse.]
3173 3963 3359 4020 Gratia
3405 3964 3505 4018 Dei

1923 4086 2042 4124 cum
2069 4068 2308 4122 omnibus
2335 4067 2493 4122 vobis.
2536 4065 2719 4120 Amen.
2751 4063 2809 4118 In
2837 4077 3122 4118 commune
3149 4062 3333 4130 itaque
3373 4074 3502 4115 san-

1924 4161 2026 4216 ctis
2067 4168 2227 4230 atque
2269 4158 2633 4220 credentibus,
2679 4155 2799 4210 Tito
2843 4161 2898 4210 et
2925 4153 3134 4208 caeteris
3162 4152 3401 4223 quicum
3440 4164 3507 4204 co

1923 4250 2443 4318 erant,;imprecatur
2463 4247 2711 4319 gratiam.
2740 4246 2804 4300 Et
2826 4243 3095 4315 quomodo
3120 4242 3271 4299 Isaac
3283 4241 3509 4312 patriar-

1924 4341 2023 4396 cha
2075 4340 2349 4395 benedixit
2402 4338 2573 4393 ﬁlium
2613 4353 2771 4393 suum
2817 4335 3019 4402 Iacob;
3069 4343 3126 4391 et
3172 4336 3287 4406 ipse
3335 4331 3505 4388 Iacob

1924 4434 2208 4490 duodecim
2261 4433 2603 4504 patriarchas
2665 4429 2818 4504 (Gen.
2877 4446 3049 4495 xxvii,
3109 4425 3293 4498 nux);
3342 4426 3416 4481 ita
3453 4433 3508 4481 et

233 4541 295 4611 (ι
319 4539 442 4595 Cor.
468 4518 507 4606 i,
534 4543 642 4614 12).
666 4543 792 4598 Fuit
809 4551 988 4598 autem
1011 4518 1092 4598 vir
1113 4518 1510 4600 Alesandrinus
1532 4518 1596 4599 ex
1623 4518 1820 4601 Iudaeis

1927 4541 2070 4579 nunc
2097 4524 2150 4578 in
2183 4523 2289 4578 ﬁne
2315 4523 2555 4593 epistolzc
2583 4538 2693 4578 suae
2713 4521 3000 4593 Apostolus
3028 4519 3258 4591 gratiam
3284 4518 3508 4572 creden-

232 4631 398 4687 valde
439 4633 697 4702 eloquens
743 4642 800 4689 et
833 4632 1106 4703 perfectus
1137 4635 1190 4689 in
1220 4633 1357 4706 lege,
1390 4635 1673 4705 episcopus
1715 4635 1821 4690 Co-

232 4725 567 4782 rinthiorum
595 4745 607 4781 :
633 4742 793 4797 quem
817 4737 1039 4798 propter
1073 4728 1435 4783 dissensiones
1472 4743 1591 4798 quae
1630 4728 1684 4781 in
1720 4727 1824 4783 Co-

231 4817 426 4872 rintho
455 4826 632 4883 erant,
663 4817 732 4872 ad
758 4834 920 4873 unam
949 4819 1182 4875 insulam
1226 4818 1444 4875 Cretam
1481 4835 1604 4874 cum
1642 4819 1824 4873 Zenan

229 4907 598 4977 legisdoctore
648 4910 944 4979 putandum
985 4917 1070 4966 est
1113 4910 1523 4976 transfretasse,
1571 4920 1628 4966 et
1671 4910 1826 4966 Pauli

227 5000 471 5070 epistola
518 5001 940 5060 dissensionibus
985 5021 1106 5075 quae
1151 5004 1396 5062 Corinthi
1433 5012 1568 5061 ortae
1611 5005 1824 5062 fuerant

236 5148 335 5171 β

1931 4618 2074 4671 tibus
2105 4617 2433 4688 imprecetur
2457 4631 2471 4670 :
2522 4631 2642 4686 quae
2667 4630 2792 4670 cum
2820 4621 2943 4668 voto
2972 4614 3206 4668 habebat
3234 4610 3505 4675 effectum,

1930 4719 1986 4766 et
2012 4718 2132 4765 erat
2157 4710 2228 4764 lin
2257 4715 2526 4779 potestate
2555 4706 2908 4769 credentium,
2959 4705 3005 4760 si
3051 4704 3210 4760 talem
3241 4717 3300 4760 se
3343 4703 3510 4759 bene-

1932 4801 2037 4858 dici
2073 4799 2271 4873 [Hier.,
2301 4797 2654 4870 benedictus],
2687 4797 2899 4869 qualem
2925 4797 3248 4855 benedicens
3267 4796 3510 4868 praebere

1929 4894 2206 4950 voluisset.

1984 5007 2215 5077 Explicit
2249 5005 2547 5077 explanatio
2575 5006 2632 5061 in
2659 5004 2953 5077 Epistolam
2982 5003 3142 5061 Pauli
3169 5002 3239 5058 ad
3273 5001 3469 5057 Titum.

660 5248 953 5310 INCIPIT
994 5248 1430 5311 EXPOSITIO
1470 5227 1552 5312 IN'
1593 5251 2050 5314 EPISTOLAM
2097 5252 2336 5315 PAULI
2381 5253 2488 5314 AD
2532 5250 3084 5315 PHILEMONEM.

316 5446 340 5473 ε
371 5432 668 5489 Philemoni
709 5433 998 5490 familiares
1032 5435 1237 5492 litteras
1263 5453 1363 5507 pro
1392 5437 1645 5495 Onesimo
1664 5455 1822 5496 servo

231 5525 358 5594 ejus
403 5525 607 5579 scribit.
660 5524 862 5579 Scribit
900 5532 1080 5580 autem
1105 5527 1155 5580 ei
1206 5544 1234 5581 a
1263 5527 1433 5584 Roma
1476 5531 1542 5584 de
1580 5545 1818 5586 carcere.

235 5618 430 5690 (Vens.
450 5617 587 5689 1-3.)
616 5615 819 5672 Paulus
843 5619 1043 5673 vinctus
1071 5618 1201 5674 Jesu
1227 5620 1422 5676 Christi
1456 5634 1504 5678 et
1527 5621 1825 5678 Timotheus

318 5808 342 5838 ει
381 5795 460 5852 Ex
488 5795 814 5866 Hieronymo
840 5797 892 5852 in
920 5798 1059 5854 hanc
1084 5798 1397 5870 Epistolam.

1929 5442 2118 5512 frater,
2148 5440 2442 5496 Philemoni
2464 5439 2650 5494 dilecto
2677 5447 2725 5492 et
2751 5434 2985 5506 adjutori
3011 5440 3206 5496 nostro,
3235 5436 3284 5483 et
3327 5427 3508 5499 Appiae

1928 5535 2098 5586 sorori
2124 5533 2443 5586 charissima:
2469 5541 2517 5586 et
2548 5529 2804 5599 Archippo
2831 5525 3167 5581 commilitoni
3208 5531 3384 5578 nostro
3405 5561 3420 5587 ,
3459 5528 3510 5576 et

1933 5623 2183 5703 Ecclesia:
2215 5642 2333 5695 qua:
2360 5634 2433 5679 est
2475 5624 2528 5700 in
2555 5623 2708 5694 domo
2735 5628 2847 5678 tua.
2877 5615 3062 5672 Gratia
3089 5615 3228 5671 vobis
3255 5623 3306 5670 et
3339 5629 3447 5677 una:
3476 5629 3511 5669 α
