  <div class='ocr_page' id='page_1' title='image "/cluster/home/n/w/nwhite01/storage/ocr_20150623/100/hvd.32044024239972/520.png"; bbox 0 0 4088 6330; ppageno 0'>
   <div class='ocr_carea' id='block_1_1' title="bbox 255 455 396 520">
    <p class='ocr_par' dir='ltr' id='par_1_1' title="bbox 255 455 396 520">
     <span class='ocr_line' id='line_1_1' title="bbox 255 455 396 520; baseline 0 0"><span class='ocrx_word' id='word_1_1' title='bbox 255 455 396 520; x_wconf 66' lang='grc' dir='ltr'><strong>ἰοεθ</strong></span> 
     </span>
    </p>
   </div>
   <div class='ocr_carea' id='block_1_2' title="bbox 889 421 2866 522">
    <p class='ocr_par' dir='ltr' id='par_1_2' title="bbox 889 421 2866 522">
     <span class='ocr_line' id='line_1_2' title="bbox 889 421 2866 522; baseline 0.002 -4"><span class='ocrx_word' id='word_1_2' title='bbox 889 455 1298 519; x_wconf 81' lang='lat' dir='ltr'><strong>EXEGETICA.</strong></span> <span class='ocrx_word' id='word_1_3' title='bbox 1338 495 1406 504; x_wconf 90' lang='grc'><strong><em>-</em></strong></span> <span class='ocrx_word' id='word_1_4' title='bbox 1443 445 1686 521; x_wconf 61' lang='lat' dir='ltr'><strong>utros.</strong></span> <span class='ocrx_word' id='word_1_5' title='bbox 1729 453 1795 520; x_wconf 79' lang='lat' dir='ltr'><strong>1N</strong></span> <span class='ocrx_word' id='word_1_6' title='bbox 1831 457 2048 521; x_wconf 81' lang='lat' dir='ltr'><strong>EPIST.</strong></span> <span class='ocrx_word' id='word_1_7' title='bbox 2105 463 2164 521; x_wconf 89' lang='lat' dir='ltr'><strong>s.</strong></span> <span class='ocrx_word' id='word_1_8' title='bbox 2223 457 2428 521; x_wconf 76' lang='lat' dir='ltr'><strong>PAULI</strong></span> <span class='ocrx_word' id='word_1_9' title='bbox 2461 463 2554 520; x_wconf 87' lang='lat' dir='ltr'><strong>AD</strong></span> <span class='ocrx_word' id='word_1_10' title='bbox 2589 421 2866 522; x_wconf 70' lang='lat' dir='ltr'><strong>PHILEM.</strong></span> 
     </span>
    </p>
   </div>
   <div class='ocr_carea' id='block_1_3' title="bbox 3368 469 3504 529">
    <p class='ocr_par' dir='ltr' id='par_1_3' title="bbox 3368 469 3504 529">
     <span class='ocr_line' id='line_1_3' title="bbox 3368 469 3504 529; baseline 0.015 -4"><span class='ocrx_word' id='word_1_11' title='bbox 3368 471 3392 525; x_wconf 77' lang='grc'><strong>1</strong></span> <span class='ocrx_word' id='word_1_12' title='bbox 3402 469 3504 529; x_wconf 78' lang='grc'><strong>050</strong></span> 
     </span>
    </p>
   </div>
   <div class='ocr_carea' id='block_1_4' title="bbox 249 573 3503 650">
    <p class='ocr_par' dir='ltr' id='par_1_4' title="bbox 249 573 3503 650">
     <span class='ocr_line' id='line_1_4' title="bbox 249 573 3503 650; baseline 0.002 -17"><span class='ocrx_word' id='word_1_13' title='bbox 249 577 382 633; x_wconf 78' lang='lat' dir='ltr'><strong>vitae</strong></span> <span class='ocrx_word' id='word_1_14' title='bbox 409 575 611 648; x_wconf 84' lang='lat' dir='ltr'><strong>prioris</strong></span> <span class='ocrx_word' id='word_1_15' title='bbox 641 575 912 641; x_wconf 78' lang='lat' dir='ltr'><strong>abstersit,</strong></span> <span class='ocrx_word' id='word_1_16' title='bbox 948 573 1002 630; x_wconf 93' lang='lat' dir='ltr'><strong>in</strong></span> <span class='ocrx_word' id='word_1_17' title='bbox 1029 584 1263 644; x_wconf 89' lang='lat' dir='ltr'><strong>tantum,</strong></span> <span class='ocrx_word' id='word_1_18' title='bbox 1291 583 1352 631; x_wconf 91' lang='lat' dir='ltr'><strong>ut</strong></span> <span class='ocrx_word' id='word_1_19' title='bbox 1379 575 1664 647; x_wconf 79' lang='lat' dir='ltr'><strong>Apostolus</strong></span> <span class='ocrx_word' id='word_1_20' title='bbox 1699 587 1830 632; x_wconf 84' lang='lat' dir='ltr'><strong>con-</strong></span> <span class='ocrx_word' id='word_1_21' title='bbox 1863 585 1906 640; x_wconf 76' lang='grc' dir='ltr'><strong>Α</strong></span> <span class='ocrx_word' id='word_1_22' title='bbox 1933 576 2251 630; x_wconf 88' lang='lat' dir='ltr'><strong>sententiam</strong></span> <span class='ocrx_word' id='word_1_23' title='bbox 2287 575 2622 648; x_wconf 76' lang='lat' dir='ltr'><strong>temperavit.</strong></span> <span class='ocrx_word' id='word_1_24' title='bbox 2669 575 2892 631; x_wconf 86' lang='lat' dir='ltr'><strong>Occulta</strong></span> <span class='ocrx_word' id='word_1_25' title='bbox 2919 577 3116 650; x_wconf 85' lang='lat' dir='ltr'><strong>quippe</strong></span> <span class='ocrx_word' id='word_1_26' title='bbox 3142 587 3267 634; x_wconf 89' lang='lat' dir='ltr'><strong>sunt</strong></span> <span class='ocrx_word' id='word_1_27' title='bbox 3297 577 3503 648; x_wconf 88' lang='lat' dir='ltr'><strong>judicia</strong></span> 
     </span>
    </p>
   </div>
   <div class='ocr_carea' id='block_1_5' title="bbox 251 666 1826 741">
    <p class='ocr_par' dir='ltr' id='par_1_5' title="bbox 251 666 1826 741">
     <span class='ocr_line' id='line_1_5' title="bbox 251 666 1826 741; baseline 0.002 -19"><span class='ocrx_word' id='word_1_28' title='bbox 251 669 522 725; x_wconf 87' lang='lat' dir='ltr'><strong>versionis</strong></span> <span class='ocrx_word' id='word_1_29' title='bbox 566 667 680 738; x_wconf 85' lang='lat' dir='ltr'><strong>ejus</strong></span> <span class='ocrx_word' id='word_1_30' title='bbox 723 667 876 723; x_wconf 89' lang='lat' dir='ltr'><strong>testis</strong></span> <span class='ocrx_word' id='word_1_31' title='bbox 927 666 1100 723; x_wconf 75' lang='lat' dir='ltr'><strong>fieret.</strong></span> <span class='ocrx_word' id='word_1_32' title='bbox 1157 667 1472 741; x_wconf 87' lang='lat' dir='ltr'><strong>[Apostolici</strong></span> <span class='ocrx_word' id='word_1_33' title='bbox 1535 671 1826 725; x_wconf 75' lang='lat' dir='ltr'><strong>testimonii</strong></span> 
     </span>
    </p>
   </div>
   <div class='ocr_carea' id='block_1_6' title="bbox 251 757 1827 834">
    <p class='ocr_par' dir='ltr' id='par_1_6' title="bbox 251 757 1827 834">
     <span class='ocr_line' id='line_1_6' title="bbox 251 757 1827 834; baseline 0 -18"><span class='ocrx_word' id='word_1_34' title='bbox 251 763 494 834; x_wconf 88' lang='lat' dir='ltr'><strong>pondere</strong></span> <span class='ocrx_word' id='word_1_35' title='bbox 520 763 784 832; x_wconf 87' lang='lat' dir='ltr'><strong>premitur</strong></span> <span class='ocrx_word' id='word_1_36' title='bbox 813 759 1060 817; x_wconf 87' lang='lat' dir='ltr'><strong>dominus</strong></span> <span class='ocrx_word' id='word_1_37' title='bbox 1101 757 1262 834; x_wconf 78' lang='lat'><strong>663</strong></span> <span class='ocrx_word' id='word_1_38' title='bbox 1295 759 1604 834; x_wconf 83' lang='lat' dir='ltr'><strong>fugientis,]</strong></span> <span class='ocrx_word' id='word_1_39' title='bbox 1632 771 1707 828; x_wconf 89' lang='lat' dir='ltr'><strong>ut,</strong></span> <span class='ocrx_word' id='word_1_40' title='bbox 1737 763 1827 832; x_wconf 86' lang='lat' dir='ltr'><strong>qui</strong></span> 
     </span>
    </p>
   </div>
   <div class='ocr_carea' id='block_1_7' title="bbox 255 851 1827 924">
    <p class='ocr_par' dir='ltr' id='par_1_7' title="bbox 255 851 1827 924">
     <span class='ocr_line' id='line_1_7' title="bbox 255 851 1827 924; baseline -0.001 -15"><span class='ocrx_word' id='word_1_41' title='bbox 255 869 323 909; x_wconf 73' lang='lat' dir='ltr'><strong>ex</strong></span> <span class='ocrx_word' id='word_1_42' title='bbox 353 867 510 908; x_wconf 80' lang='lat' dir='ltr'><strong>servo</strong></span> <span class='ocrx_word' id='word_1_43' title='bbox 535 859 590 906; x_wconf 87' lang='lat' dir='ltr'><strong>et</strong></span> <span class='ocrx_word' id='word_1_44' title='bbox 617 851 841 923; x_wconf 80' lang='lat' dir='ltr'><strong>fugitivo</strong></span> <span class='ocrx_word' id='word_1_45' title='bbox 885 862 1046 922; x_wconf 89' lang='lat' dir='ltr'><strong>atque</strong></span> <span class='ocrx_word' id='word_1_46' title='bbox 1070 863 1286 923; x_wconf 86' lang='lat' dir='ltr'><strong>raptore</strong></span> <span class='ocrx_word' id='word_1_47' title='bbox 1313 853 1559 908; x_wconf 87' lang='lat' dir='ltr'><strong>minister</strong></span> <span class='ocrx_word' id='word_1_48' title='bbox 1586 854 1827 924; x_wconf 72' lang='lat' dir='ltr'><strong>Apostoli</strong></span> 
     </span>
    </p>
   </div>
   <div class='ocr_carea' id='block_1_8' title="bbox 252 937 1827 1016">
    <p class='ocr_par' dir='ltr' id='par_1_8' title="bbox 252 937 1827 1016">
     <span class='ocr_line' id='line_1_8' title="bbox 252 937 1827 1016; baseline 0 -18"><span class='ocrx_word' id='word_1_49' title='bbox 252 943 431 1000; x_wconf 82' lang='lat' dir='ltr'><strong>factus</strong></span> <span class='ocrx_word' id='word_1_50' title='bbox 457 951 596 1010; x_wconf 88' lang='lat' dir='ltr'><strong>erat,</strong></span> <span class='ocrx_word' id='word_1_51' title='bbox 631 943 834 999; x_wconf 78' lang='lat' dir='ltr'><strong>diceret</strong></span> <span class='ocrx_word' id='word_1_52' title='bbox 864 959 877 998; x_wconf 90' lang='lat'><strong>:</strong></span> <span class='ocrx_word' id='word_1_53' title='bbox 924 945 1109 1011; x_wconf 69' lang='lat' dir='ltr'><strong>(Vens.</strong></span> <span class='ocrx_word' id='word_1_54' title='bbox 1141 937 1325 1014; x_wconf 58' lang='lat'><strong>1043‘)</strong></span> <span class='ocrx_word' id='word_1_55' title='bbox 1375 943 1600 1000; x_wconf 84' lang='lat' dir='ltr'><strong>Obsecro</strong></span> <span class='ocrx_word' id='word_1_56' title='bbox 1649 955 1696 998; x_wconf 88' lang='lat' dir='ltr'><strong>te</strong></span> <span class='ocrx_word' id='word_1_57' title='bbox 1733 961 1827 1016; x_wconf 86' lang='lat' dir='ltr'><strong>pro</strong></span> 
     </span>
    </p>
   </div>
   <div class='ocr_carea' id='block_1_9' title="bbox 245 1033 1828 1110">
    <p class='ocr_par' dir='ltr' id='par_1_9' title="bbox 245 1033 1828 1110">
     <span class='ocr_line' id='line_1_9' title="bbox 245 1033 1828 1110; baseline 0.002 -22"><span class='ocrx_word' id='word_1_58' title='bbox 245 1035 360 1106; x_wconf 81' lang='lat' dir='ltr'><strong>ﬁlio</strong></span> <span class='ocrx_word' id='word_1_59' title='bbox 385 1051 496 1090; x_wconf 91' lang='lat' dir='ltr'><strong>meo</strong></span> <span class='ocrx_word' id='word_1_60' title='bbox 546 1033 812 1100; x_wconf 86' lang='lat' dir='ltr'><strong>Onesimo,</strong></span> <span class='ocrx_word' id='word_1_61' title='bbox 865 1047 1015 1108; x_wconf 85' lang='lat' dir='ltr'><strong>quem</strong></span> <span class='ocrx_word' id='word_1_62' title='bbox 1041 1037 1194 1108; x_wconf 78' lang='lat' dir='ltr'><strong>genui</strong></span> <span class='ocrx_word' id='word_1_63' title='bbox 1227 1037 1280 1092; x_wconf 87' lang='lat' dir='ltr'><strong>in</strong></span> <span class='ocrx_word' id='word_1_64' title='bbox 1308 1037 1560 1102; x_wconf 69' lang='lat' dir='ltr'><strong>vinculis;</strong></span> <span class='ocrx_word' id='word_1_65' title='bbox 1607 1037 1694 1110; x_wconf 90' lang='lat' dir='ltr'><strong>qui</strong></span> <span class='ocrx_word' id='word_1_66' title='bbox 1738 1035 1828 1092; x_wconf 81' lang='lat' dir='ltr'><strong>tibi</strong></span> 
     </span>
    </p>
   </div>
   <div class='ocr_carea' id='block_1_10' title="bbox 249 1125 1828 1200">
    <p class='ocr_par' dir='ltr' id='par_1_10' title="bbox 249 1125 1828 1200">
     <span class='ocr_line' id='line_1_10' title="bbox 249 1125 1828 1200; baseline -0.002 -18"><span class='ocrx_word' id='word_1_67' title='bbox 249 1127 534 1200; x_wconf 80' lang='lat' dir='ltr'><strong>aliquando</strong></span> <span class='ocrx_word' id='word_1_68' title='bbox 556 1125 755 1182; x_wconf 77' lang='lat' dir='ltr'><strong>inutilis</strong></span> <span class='ocrx_word' id='word_1_69' title='bbox 783 1127 902 1198; x_wconf 75' lang='lat' dir='ltr'><strong>fuit,</strong></span> <span class='ocrx_word' id='word_1_70' title='bbox 934 1133 1070 1182; x_wconf 85' lang='lat' dir='ltr'><strong>nunc</strong></span> <span class='ocrx_word' id='word_1_71' title='bbox 1098 1139 1272 1182; x_wconf 85' lang='lat' dir='ltr'><strong>autem</strong></span> <span class='ocrx_word' id='word_1_72' title='bbox 1299 1139 1346 1182; x_wconf 83' lang='lat' dir='ltr'><strong>et</strong></span> <span class='ocrx_word' id='word_1_73' title='bbox 1373 1125 1464 1182; x_wconf 84' lang='lat' dir='ltr'><strong>tibi</strong></span> <span class='ocrx_word' id='word_1_74' title='bbox 1499 1139 1546 1182; x_wconf 88' lang='lat' dir='ltr'><strong>et</strong></span> <span class='ocrx_word' id='word_1_75' title='bbox 1569 1129 1694 1182; x_wconf 87' lang='lat' dir='ltr'><strong>mihi</strong></span> <span class='ocrx_word' id='word_1_76' title='bbox 1725 1127 1828 1180; x_wconf 84' lang='lat' dir='ltr'><strong>uli-</strong></span> 
     </span>
    </p>
   </div>
   <div class='ocr_carea' id='block_1_11' title="bbox 247 1211 1826 1287">
    <p class='ocr_par' dir='ltr' id='par_1_11' title="bbox 247 1211 1826 1287">
     <span class='ocr_line' id='line_1_11' title="bbox 247 1211 1826 1287; baseline 0.001 -17"><span class='ocrx_word' id='word_1_77' title='bbox 247 1215 333 1282; x_wconf 87' lang='lat' dir='ltr'><strong>lis,</strong></span> <span class='ocrx_word' id='word_1_78' title='bbox 360 1231 510 1287; x_wconf 87' lang='lat' dir='ltr'><strong>quem</strong></span> <span class='ocrx_word' id='word_1_79' title='bbox 557 1211 731 1270; x_wconf 78' lang='lat' dir='ltr'><strong>remisi</strong></span> <span class='ocrx_word' id='word_1_80' title='bbox 771 1215 880 1270; x_wconf 80' lang='lat' dir='ltr'><strong>tibi.</strong></span> <span class='ocrx_word' id='word_1_81' title='bbox 915 1213 994 1270; x_wconf 79' lang='lat' dir='ltr'><strong>Tu</strong></span> <span class='ocrx_word' id='word_1_82' title='bbox 1026 1225 1202 1272; x_wconf 81' lang='lat' dir='ltr'><strong>autem</strong></span> <span class='ocrx_word' id='word_1_83' title='bbox 1248 1213 1420 1283; x_wconf 73' lang='lat' dir='ltr'><strong>illum,</strong></span> <span class='ocrx_word' id='word_1_84' title='bbox 1475 1217 1528 1270; x_wconf 80' lang='lat' dir='ltr'><strong>id</strong></span> <span class='ocrx_word' id='word_1_85' title='bbox 1571 1227 1674 1283; x_wconf 83' lang='lat' dir='ltr'><strong>est,</strong></span> <span class='ocrx_word' id='word_1_86' title='bbox 1711 1235 1826 1271; x_wconf 84' lang='lat' dir='ltr'><strong>mea</strong></span> 
     </span>
    </p>
   </div>
   <div class='ocr_carea' id='block_1_12' title="bbox 248 1307 1822 1382">
    <p class='ocr_par' dir='ltr' id='par_1_12' title="bbox 248 1307 1822 1382">
     <span class='ocr_line' id='line_1_12' title="bbox 248 1307 1822 1382; baseline -0.002 -17"><span class='ocrx_word' id='word_1_87' title='bbox 248 1311 448 1365; x_wconf 80' lang='lat' dir='ltr'><strong>viscera</strong></span> <span class='ocrx_word' id='word_1_88' title='bbox 479 1311 712 1382; x_wconf 80' lang='lat' dir='ltr'><strong>suscipe;</strong></span> <span class='ocrx_word' id='word_1_89' title='bbox 738 1327 890 1382; x_wconf 84' lang='lat' dir='ltr'><strong>quem</strong></span> <span class='ocrx_word' id='word_1_90' title='bbox 916 1327 1007 1381; x_wconf 83' lang='lat' dir='ltr'><strong>ego</strong></span> <span class='ocrx_word' id='word_1_91' title='bbox 1032 1307 1295 1365; x_wconf 74' lang='lat' dir='ltr'><strong>volueram</strong></span> <span class='ocrx_word' id='word_1_92' title='bbox 1333 1327 1536 1364; x_wconf 85' lang='lat' dir='ltr'><strong>mecum</strong></span> <span class='ocrx_word' id='word_1_93' title='bbox 1576 1307 1822 1374; x_wconf 86' lang='lat' dir='ltr'><strong>retinere,</strong></span> 
     </span>
    </p>
   </div>
   <div class='ocr_carea' id='block_1_13' title="bbox 247 1399 1828 1472">
    <p class='ocr_par' dir='ltr' id='par_1_13' title="bbox 247 1399 1828 1472">
     <span class='ocr_line' id='line_1_13' title="bbox 247 1399 1828 1472; baseline 0 -16"><span class='ocrx_word' id='word_1_94' title='bbox 247 1411 304 1456; x_wconf 79' lang='lat' dir='ltr'><strong>tu</strong></span> <span class='ocrx_word' id='word_1_95' title='bbox 333 1403 428 1472; x_wconf 76' lang='lat' dir='ltr'><strong>pro</strong></span> <span class='ocrx_word' id='word_1_96' title='bbox 470 1409 517 1454; x_wconf 79' lang='lat' dir='ltr'><strong>te</strong></span> <span class='ocrx_word' id='word_1_97' title='bbox 543 1401 670 1455; x_wconf 84' lang='lat' dir='ltr'><strong>mihi</strong></span> <span class='ocrx_word' id='word_1_98' title='bbox 699 1401 1016 1455; x_wconf 80' lang='lat' dir='ltr'><strong>ministraret</strong></span> <span class='ocrx_word' id='word_1_99' title='bbox 1056 1399 1110 1455; x_wconf 86' lang='lat' dir='ltr'><strong>in</strong></span> <span class='ocrx_word' id='word_1_100' title='bbox 1136 1401 1354 1456; x_wconf 78' lang='lat' dir='ltr'><strong>vinculis</strong></span> <span class='ocrx_word' id='word_1_101' title='bbox 1387 1399 1676 1472; x_wconf 81' lang='lat' dir='ltr'><strong>Evangelii.</strong></span> <span class='ocrx_word' id='word_1_102' title='bbox 1722 1399 1828 1456; x_wconf 76' lang='lat' dir='ltr'><strong>VO—</strong></span> 
     </span>
    </p>
   </div>
   <div class='ocr_carea' id='block_1_14' title="bbox 245 1493 1826 1570">
    <p class='ocr_par' dir='ltr' id='par_1_14' title="bbox 245 1493 1826 1570">
     <span class='ocr_line' id='line_1_14' title="bbox 245 1493 1826 1570; baseline 0.003 -23"><span class='ocrx_word' id='word_1_103' title='bbox 245 1493 365 1548; x_wconf 83' lang='lat' dir='ltr'><strong>lens</strong></span> <span class='ocrx_word' id='word_1_104' title='bbox 409 1495 698 1563; x_wconf 76' lang='lat' dir='ltr'><strong>impetrare</strong></span> <span class='ocrx_word' id='word_1_105' title='bbox 748 1493 890 1564; x_wconf 85' lang='lat' dir='ltr'><strong>quod</strong></span> <span class='ocrx_word' id='word_1_106' title='bbox 937 1496 1194 1564; x_wconf 75' lang='lat' dir='ltr'><strong>&quot;pustulat,</strong></span> <span class='ocrx_word' id='word_1_107' title='bbox 1236 1497 1346 1566; x_wconf 84' lang='lat' dir='ltr'><strong>jam</strong></span> <span class='ocrx_word' id='word_1_108' title='bbox 1381 1513 1484 1552; x_wconf 89' lang='lat' dir='ltr'><strong>non</strong></span> <span class='ocrx_word' id='word_1_109' title='bbox 1513 1511 1629 1570; x_wconf 83' lang='lat' dir='ltr'><strong>_pro</strong></span> <span class='ocrx_word' id='word_1_110' title='bbox 1671 1503 1826 1552; x_wconf 87' lang='lat' dir='ltr'><strong>servo</strong></span> 
     </span>
    </p>
   </div>
   <div class='ocr_carea' id='block_1_15' title="bbox 247 1581 1828 1660">
    <p class='ocr_par' dir='ltr' id='par_1_15' title="bbox 247 1581 1828 1660">
     <span class='ocr_line' id='line_1_15' title="bbox 247 1581 1828 1660; baseline 0.001 -19"><span class='ocrx_word' id='word_1_111' title='bbox 247 1585 599 1653; x_wconf 84' lang='lat' dir='ltr'><strong>Philemonis,</strong></span> <span class='ocrx_word' id='word_1_112' title='bbox 627 1581 719 1642; x_wconf 89' lang='lat' dir='ltr'><strong>sed</strong></span> <span class='ocrx_word' id='word_1_113' title='bbox 746 1603 842 1657; x_wconf 89' lang='lat' dir='ltr'><strong>pro</strong></span> <span class='ocrx_word' id='word_1_114' title='bbox 865 1585 978 1642; x_wconf 80' lang='lat' dir='ltr'><strong>iii-io</strong></span> <span class='ocrx_word' id='word_1_115' title='bbox 1001 1605 1099 1642; x_wconf 86' lang='lat' dir='ltr'><strong>suo</strong></span> <span class='ocrx_word' id='word_1_116' title='bbox 1134 1604 1190 1642; x_wconf 88' lang='lat' dir='ltr'><strong>se</strong></span> <span class='ocrx_word' id='word_1_117' title='bbox 1220 1587 1412 1642; x_wconf 83' lang='lat' dir='ltr'><strong>asserit</strong></span> <span class='ocrx_word' id='word_1_118' title='bbox 1433 1589 1744 1660; x_wconf 83' lang='lat' dir='ltr'><strong>deprecari;</strong></span> <span class='ocrx_word' id='word_1_119' title='bbox 1773 1599 1828 1644; x_wconf 89' lang='lat' dir='ltr'><strong>et</strong></span> 
     </span>
    </p>
   </div>
   <div class='ocr_carea' id='block_1_16' title="bbox 247 1667 1823 1747">
    <p class='ocr_par' dir='ltr' id='par_1_16' title="bbox 247 1667 1823 1747">
     <span class='ocr_line' id='line_1_16' title="bbox 247 1667 1823 1747; baseline 0.001 -17"><span class='ocrx_word' id='word_1_120' title='bbox 247 1675 342 1730; x_wconf 85' lang='lat' dir='ltr'><strong>illo</strong></span> <span class='ocrx_word' id='word_1_121' title='bbox 365 1675 475 1730; x_wconf 82' lang='lat' dir='ltr'><strong>lilio</strong></span> <span class='ocrx_word' id='word_1_122' title='bbox 503 1687 662 1745; x_wconf 86' lang='lat' dir='ltr'><strong>quem</strong></span> <span class='ocrx_word' id='word_1_123' title='bbox 690 1677 874 1746; x_wconf 81' lang='lat' dir='ltr'><strong>genuit</strong></span> <span class='ocrx_word' id='word_1_124' title='bbox 905 1677 956 1730; x_wconf 91' lang='lat' dir='ltr'><strong>in</strong></span> <span class='ocrx_word' id='word_1_125' title='bbox 986 1667 1212 1730; x_wconf 84' lang='lat' dir='ltr'><strong>vi‘nelilis</strong></span> <span class='ocrx_word' id='word_1_126' title='bbox 1243 1677 1547 1747; x_wconf 80' lang='lat' dir='ltr'><strong>Evangelii,</strong></span> <span class='ocrx_word' id='word_1_127' title='bbox 1585 1679 1689 1734; x_wconf 90' lang='lat' dir='ltr'><strong>hoc</strong></span> <span class='ocrx_word' id='word_1_128' title='bbox 1719 1677 1823 1743; x_wconf 80' lang='lat' dir='ltr'><strong>est,</strong></span> 
     </span>
    </p>
   </div>
   <div class='ocr_carea' id='block_1_17' title="bbox 245 1763 1824 1838">
    <p class='ocr_par' dir='ltr' id='par_1_17' title="bbox 245 1763 1824 1838">
     <span class='ocr_line' id='line_1_17' title="bbox 245 1763 1824 1838; baseline 0 -18"><span class='ocrx_word' id='word_1_129' title='bbox 245 1775 368 1838; x_wconf 73' lang='lat' dir='ltr'><strong>qute</strong></span> <span class='ocrx_word' id='word_1_130' title='bbox 389 1779 487 1837; x_wconf 88' lang='lat' dir='ltr'><strong>pro</strong></span> <span class='ocrx_word' id='word_1_131' title='bbox 509 1763 713 1822; x_wconf 84' lang='lat' dir='ltr'><strong>Christi</strong></span> <span class='ocrx_word' id='word_1_132' title='bbox 739 1765 1029 1837; x_wconf 77' lang='lat' dir='ltr'><strong>Evangelia</strong></span> <span class='ocrx_word' id='word_1_133' title='bbox 1053 1767 1383 1831; x_wconf 53' lang='lat' dir='ltr'><strong>sustinet-at;</strong></span> <span class='ocrx_word' id='word_1_134' title='bbox 1410 1767 1498 1836; x_wconf 86' lang='lat' dir='ltr'><strong>qui</strong></span> <span class='ocrx_word' id='word_1_135' title='bbox 1523 1781 1644 1821; x_wconf 87' lang='lat' dir='ltr'><strong>cum</strong></span> <span class='ocrx_word' id='word_1_136' title='bbox 1667 1775 1824 1821; x_wconf 87' lang='lat' dir='ltr'><strong>antea</strong></span> 
     </span>
    </p>
   </div>
   <div class='ocr_carea' id='block_1_18' title="bbox 247 1853 1826 1927">
    <p class='ocr_par' dir='ltr' id='par_1_18' title="bbox 247 1853 1826 1927">
     <span class='ocr_line' id='line_1_18' title="bbox 247 1853 1826 1927; baseline 0 -15"><span class='ocrx_word' id='word_1_137' title='bbox 247 1857 458 1912; x_wconf 84' lang='lat' dir='ltr'><strong>inutilis</strong></span> <span class='ocrx_word' id='word_1_138' title='bbox 498 1853 713 1912; x_wconf 86' lang='lat' dir='ltr'><strong>domino</strong></span> <span class='ocrx_word' id='word_1_139' title='bbox 739 1865 947 1911; x_wconf 85' lang='lat' dir='ltr'><strong>tantum</strong></span> <span class='ocrx_word' id='word_1_140' title='bbox 989 1857 1166 1911; x_wconf 78' lang='lat' dir='ltr'><strong>fuerat</strong></span> <span class='ocrx_word' id='word_1_141' title='bbox 1209 1857 1404 1927; x_wconf 83' lang='lat' dir='ltr'><strong>(neque</strong></span> <span class='ocrx_word' id='word_1_142' title='bbox 1447 1858 1588 1911; x_wconf 78' lang='lat' dir='ltr'><strong>enim</strong></span> <span class='ocrx_word' id='word_1_143' title='bbox 1637 1867 1826 1912; x_wconf 72' lang='lat' dir='ltr'><strong>servus</strong></span> 
     </span>
    </p>
   </div>
   <div class='ocr_carea' id='block_1_19' title="bbox 1927 665 3504 740">
    <p class='ocr_par' dir='ltr' id='par_1_19' title="bbox 1927 665 3504 740">
     <span class='ocr_line' id='line_1_19' title="bbox 1927 665 3504 740; baseline 0.004 -20"><span class='ocrx_word' id='word_1_144' title='bbox 1927 665 2052 738; x_wconf 80' lang='lat' dir='ltr'><strong>Dei;</strong></span> <span class='ocrx_word' id='word_1_145' title='bbox 2098 673 2150 722; x_wconf 90' lang='lat' dir='ltr'><strong>et</strong></span> <span class='ocrx_word' id='word_1_146' title='bbox 2179 667 2525 722; x_wconf 88' lang='lat' dir='ltr'><strong>temerarium</strong></span> <span class='ocrx_word' id='word_1_147' title='bbox 2555 673 2638 721; x_wconf 88' lang='lat' dir='ltr'><strong>est</strong></span> <span class='ocrx_word' id='word_1_148' title='bbox 2667 668 2821 738; x_wconf 85' lang='lat' dir='ltr'><strong>quasi</strong></span> <span class='ocrx_word' id='word_1_149' title='bbox 2867 669 2934 724; x_wconf 91' lang='lat' dir='ltr'><strong>de</strong></span> <span class='ocrx_word' id='word_1_150' title='bbox 2962 677 3111 724; x_wconf 89' lang='lat' dir='ltr'><strong>certo</strong></span> <span class='ocrx_word' id='word_1_151' title='bbox 3153 673 3504 740; x_wconf 84' lang='lat' dir='ltr'><strong>pronuntiare</strong></span> 
     </span>
    </p>
   </div>
   <div class='ocr_carea' id='block_1_20' title="bbox 1929 753 3506 832">
    <p class='ocr_par' dir='ltr' id='par_1_20' title="bbox 1929 753 3506 832">
     <span class='ocr_line' id='line_1_20' title="bbox 1929 753 3506 832; baseline 0.003 -19"><span class='ocrx_word' id='word_1_152' title='bbox 1929 753 2068 832; x_wconf 82' lang='lat' dir='ltr'><strong>quod</strong></span> <span class='ocrx_word' id='word_1_153' title='bbox 2103 759 2324 814; x_wconf 85' lang='lat' dir='ltr'><strong>dubium</strong></span> <span class='ocrx_word' id='word_1_154' title='bbox 2353 767 2454 814; x_wconf 91' lang='lat' dir='ltr'><strong>est.</strong></span> <span class='ocrx_word' id='word_1_155' title='bbox 2481 755 2605 814; x_wconf 87' lang='lat' dir='ltr'><strong>Ideo</strong></span> <span class='ocrx_word' id='word_1_156' title='bbox 2635 767 2792 816; x_wconf 86' lang='lat' dir='ltr'><strong>caute</strong></span> <span class='ocrx_word' id='word_1_157' title='bbox 2825 757 2963 815; x_wconf 75' lang='lat' dir='ltr'><strong>dixit</strong></span> <span class='ocrx_word' id='word_1_158' title='bbox 2991 779 3003 814; x_wconf 95' lang='lat'><strong>:</strong></span> <span class='ocrx_word' id='word_1_159' title='bbox 3043 757 3297 816; x_wconf 76' lang='lat' dir='ltr'><strong>Forsitan</strong></span> <span class='ocrx_word' id='word_1_160' title='bbox 3320 763 3390 816; x_wconf 85' lang='lat' dir='ltr'><strong>ad</strong></span> <span class='ocrx_word' id='word_1_161' title='bbox 3411 763 3506 818; x_wconf 85' lang='lat' dir='ltr'><strong>ho—</strong></span> 
     </span>
    </p>
   </div>
   <div class='ocr_carea' id='block_1_21' title="bbox 1929 849 3502 924">
    <p class='ocr_par' dir='ltr' id='par_1_21' title="bbox 1929 849 3502 924">
     <span class='ocr_line' id='line_1_21' title="bbox 1929 849 3502 924; baseline 0.004 -21"><span class='ocrx_word' id='word_1_162' title='bbox 1929 851 2042 905; x_wconf 81' lang='lat' dir='ltr'><strong>ram</strong></span> <span class='ocrx_word' id='word_1_163' title='bbox 2064 849 2319 904; x_wconf 72' lang='lat' dir='ltr'><strong>discessit.</strong></span> <span class='ocrx_word' id='word_1_164' title='bbox 2335 849 2534 906; x_wconf 81' lang='lat' dir='ltr'><strong>Horam</strong></span> <span class='ocrx_word' id='word_1_165' title='bbox 2549 865 2647 920; x_wconf 90' lang='lat' dir='ltr'><strong>pro</strong></span> <span class='ocrx_word' id='word_1_166' title='bbox 2669 855 2908 920; x_wconf 86' lang='lat' dir='ltr'><strong>tempore</strong></span> <span class='ocrx_word' id='word_1_167' title='bbox 2935 849 3194 907; x_wconf 88' lang='lat' dir='ltr'><strong>debemus</strong></span> <span class='ocrx_word' id='word_1_168' title='bbox 3217 851 3502 924; x_wconf 89' lang='lat' dir='ltr'><strong>accipere;</strong></span> 
     </span>
    </p>
   </div>
   <div class='ocr_carea' id='block_1_22' title="bbox 1928 943 3506 1018">
    <p class='ocr_par' dir='ltr' id='par_1_22' title="bbox 1928 943 3506 1018">
     <span class='ocr_line' id='line_1_22' title="bbox 1928 943 3506 1018; baseline 0.005 -21"><span class='ocrx_word' id='word_1_169' title='bbox 1928 945 1993 998; x_wconf 89' lang='lat' dir='ltr'><strong>ad</strong></span> <span class='ocrx_word' id='word_1_170' title='bbox 2047 944 2502 1014; x_wconf 84' lang='lat' dir='ltr'><strong>comparationem</strong></span> <span class='ocrx_word' id='word_1_171' title='bbox 2552 943 2698 998; x_wconf 89' lang='lat' dir='ltr'><strong>enim</strong></span> <span class='ocrx_word' id='word_1_172' title='bbox 2738 943 3060 1000; x_wconf 63' lang='lat' dir='ltr'><strong>aeternitatis</strong></span> <span class='ocrx_word' id='word_1_173' title='bbox 3108 962 3266 1002; x_wconf 89' lang='lat' dir='ltr'><strong>omne</strong></span> <span class='ocrx_word' id='word_1_174' title='bbox 3297 957 3506 1018; x_wconf 90' lang='lat' dir='ltr'><strong>tempus</strong></span> 
     </span>
    </p>
   </div>
   <div class='ocr_carea' id='block_1_23' title="bbox 1919 1031 3505 1108">
    <p class='ocr_par' dir='ltr' id='par_1_23' title="bbox 1919 1031 3505 1108">
     <span class='ocr_line' id='line_1_23' title="bbox 1919 1031 3505 1108; baseline 0.003 -18"><span class='ocrx_word' id='word_1_175' title='bbox 1919 1031 2089 1090; x_wconf 77' lang='lat' dir='ltr'><strong>breve</strong></span> <span class='ocrx_word' id='word_1_176' title='bbox 2113 1043 2216 1088; x_wconf 89' lang='lat' dir='ltr'><strong>est.</strong></span> <span class='ocrx_word' id='word_1_177' title='bbox 2258 1031 2323 1088; x_wconf 84' lang='lat' dir='ltr'><strong>Ut</strong></span> <span class='ocrx_word' id='word_1_178' title='bbox 2355 1039 2606 1090; x_wconf 49' lang='lat' dir='ltr'><strong>aiternum</strong></span> <span class='ocrx_word' id='word_1_179' title='bbox 2629 1053 2747 1090; x_wconf 84' lang='lat' dir='ltr'><strong>eum</strong></span> <span class='ocrx_word' id='word_1_180' title='bbox 2775 1035 3042 1108; x_wconf 80' lang='lat' dir='ltr'><strong>reciperes.</strong></span> <span class='ocrx_word' id='word_1_181' title='bbox 3073 1035 3358 1094; x_wconf 87' lang='lat' dir='ltr'><strong>Onesimus</strong></span> <span class='ocrx_word' id='word_1_182' title='bbox 3376 1055 3505 1095; x_wconf 89' lang='lat' dir='ltr'><strong>vero</strong></span> 
     </span>
    </p>
   </div>
   <div class='ocr_carea' id='block_1_24' title="bbox 1928 1123 3546 1206">
    <p class='ocr_par' dir='ltr' id='par_1_24' title="bbox 1928 1123 3546 1206">
     <span class='ocr_line' id='line_1_24' title="bbox 1928 1123 3546 1206; baseline 0.004 -26"><span class='ocrx_word' id='word_1_183' title='bbox 1928 1125 2018 1198; x_wconf 91' lang='lat' dir='ltr'><strong>qui</strong></span> <span class='ocrx_word' id='word_1_184' title='bbox 2051 1143 2119 1180; x_wconf 77' lang='lat' dir='ltr'><strong>ex</strong></span> <span class='ocrx_word' id='word_1_185' title='bbox 2165 1123 2268 1181; x_wconf 81' lang='lat' dir='ltr'><strong>fide</strong></span> <span class='ocrx_word' id='word_1_186' title='bbox 2309 1125 2510 1181; x_wconf 73' lang='lat' dir='ltr'><strong>Christi</strong></span> <span class='ocrx_word' id='word_1_187' title='bbox 2541 1127 2716 1182; x_wconf 88' lang='lat' dir='ltr'><strong>factus</strong></span> <span class='ocrx_word' id='word_1_188' title='bbox 2744 1137 2847 1194; x_wconf 89' lang='lat' dir='ltr'><strong>est,</strong></span> <span class='ocrx_word' id='word_1_189' title='bbox 2872 1135 2926 1183; x_wconf 91' lang='lat' dir='ltr'><strong>et</strong></span> <span class='ocrx_word' id='word_1_190' title='bbox 2951 1139 3188 1184; x_wconf 82' lang='lat' dir='ltr'><strong>aeternus</strong></span> <span class='ocrx_word' id='word_1_191' title='bbox 3220 1139 3320 1196; x_wconf 89' lang='lat' dir='ltr'><strong>est,</strong></span> <span class='ocrx_word' id='word_1_192' title='bbox 3345 1139 3546 1206; x_wconf 60' lang='lat' dir='ltr'><strong>teter-,v</strong></span> 
     </span>
    </p>
   </div>
   <div class='ocr_carea' id='block_1_25' title="bbox 1927 1213 3532 1290">
    <p class='ocr_par' dir='ltr' id='par_1_25' title="bbox 1927 1213 3532 1290">
     <span class='ocr_line' id='line_1_25' title="bbox 1927 1213 3532 1290; baseline 0.004 -20"><span class='ocrx_word' id='word_1_193' title='bbox 1927 1231 2030 1271; x_wconf 86' lang='lat' dir='ltr'><strong>nus</strong></span> <span class='ocrx_word' id='word_1_194' title='bbox 2076 1213 2374 1270; x_wconf 84' lang='lat' dir='ltr'><strong>Philemoni</strong></span> <span class='ocrx_word' id='word_1_195' title='bbox 2423 1215 2623 1290; x_wconf 84' lang='lat' dir='ltr'><strong>[Ilier.,</strong></span> <span class='ocrx_word' id='word_1_196' title='bbox 2671 1215 2846 1274; x_wconf 83' lang='lat' dir='ltr'><strong>factus</strong></span> <span class='ocrx_word' id='word_1_197' title='bbox 2887 1221 3122 1276; x_wconf 56' lang='lat' dir='ltr'><strong>aeternus</strong></span> <span class='ocrx_word' id='word_1_198' title='bbox 3157 1227 3262 1288; x_wconf 84' lang='lat' dir='ltr'><strong>est,</strong></span> <span class='ocrx_word' id='word_1_199' title='bbox 3301 1215 3532 1277; x_wconf 63' lang='lat' dir='ltr'><strong>aeterno</strong></span> 
     </span>
    </p>
   </div>
   <div class='ocr_carea' id='block_1_26' title="bbox 1926 1303 3502 1382">
    <p class='ocr_par' dir='ltr' id='par_1_26' title="bbox 1926 1303 3502 1382">
     <span class='ocr_line' id='line_1_26' title="bbox 1926 1303 3502 1382; baseline 0.003 -20"><span class='ocrx_word' id='word_1_200' title='bbox 1926 1303 2268 1382; x_wconf 77' lang='lat' dir='ltr'><strong>Philemoni],</strong></span> <span class='ocrx_word' id='word_1_201' title='bbox 2321 1309 2446 1378; x_wconf 84' lang='lat' dir='ltr'><strong>quia</strong></span> <span class='ocrx_word' id='word_1_202' title='bbox 2490 1317 2543 1364; x_wconf 87' lang='lat' dir='ltr'><strong>et</strong></span> <span class='ocrx_word' id='word_1_203' title='bbox 2591 1310 2706 1380; x_wconf 91' lang='lat' dir='ltr'><strong>ipse</strong></span> <span class='ocrx_word' id='word_1_204' title='bbox 2740 1309 2795 1364; x_wconf 91' lang='lat' dir='ltr'><strong>in</strong></span> <span class='ocrx_word' id='word_1_205' title='bbox 2843 1303 3116 1367; x_wconf 81' lang='lat' dir='ltr'><strong>Christum</strong></span> <span class='ocrx_word' id='word_1_206' title='bbox 3162 1311 3502 1382; x_wconf 85' lang='lat' dir='ltr'><strong>crediderat;</strong></span> 
     </span>
    </p>
   </div>
   <div class='ocr_carea' id='block_1_27' title="bbox 1929 1399 3503 1473">
    <p class='ocr_par' dir='ltr' id='par_1_27' title="bbox 1929 1399 3503 1473">
     <span class='ocr_line' id='line_1_27' title="bbox 1929 1399 3503 1473; baseline 0.003 -18"><span class='ocrx_word' id='word_1_207' title='bbox 1929 1401 2115 1470; x_wconf 88' lang='lat' dir='ltr'><strong>spiritu</strong></span> <span class='ocrx_word' id='word_1_208' title='bbox 2143 1399 2406 1456; x_wconf 82' lang='lat' dir='ltr'><strong>libertatis</strong></span> <span class='ocrx_word' id='word_1_209' title='bbox 2433 1409 2671 1472; x_wconf 89' lang='lat' dir='ltr'><strong>accepto,</strong></span> <span class='ocrx_word' id='word_1_210' title='bbox 2699 1401 2812 1473; x_wconf 88' lang='lat' dir='ltr'><strong>jam</strong></span> <span class='ocrx_word' id='word_1_211' title='bbox 2839 1419 2945 1457; x_wconf 90' lang='lat' dir='ltr'><strong>nou</strong></span> <span class='ocrx_word' id='word_1_212' title='bbox 2970 1419 3178 1472; x_wconf 85' lang='lat' dir='ltr'><strong>servus,</strong></span> <span class='ocrx_word' id='word_1_213' title='bbox 3209 1405 3304 1462; x_wconf 88' lang='lat' dir='ltr'><strong>sed</strong></span> <span class='ocrx_word' id='word_1_214' title='bbox 3335 1403 3503 1462; x_wconf 81' lang='lat' dir='ltr'><strong>frater</strong></span> 
     </span>
    </p>
   </div>
   <div class='ocr_carea' id='block_1_28' title="bbox 1927 1495 3418 1566">
    <p class='ocr_par' dir='ltr' id='par_1_28' title="bbox 1927 1495 3418 1566">
     <span class='ocr_line' id='line_1_28' title="bbox 1927 1495 3418 1566; baseline 0.004 -18"><span class='ocrx_word' id='word_1_215' title='bbox 1927 1511 2044 1550; x_wconf 89' lang='lat' dir='ltr'><strong>esse</strong></span> <span class='ocrx_word' id='word_1_216' title='bbox 2069 1495 2230 1566; x_wconf 83' lang='lat' dir='ltr'><strong>coepit</strong></span> <span class='ocrx_word' id='word_1_217' title='bbox 2267 1511 2332 1549; x_wconf 87' lang='lat' dir='ltr'><strong>ex</strong></span> <span class='ocrx_word' id='word_1_218' title='bbox 2361 1509 2537 1564; x_wconf 87' lang='lat' dir='ltr'><strong>servo,</strong></span> <span class='ocrx_word' id='word_1_219' title='bbox 2569 1496 2737 1552; x_wconf 86' lang='lat' dir='ltr'><strong>frater</strong></span> <span class='ocrx_word' id='word_1_220' title='bbox 2766 1497 3133 1564; x_wconf 88' lang='lat' dir='ltr'><strong>charissimus,</strong></span> <span class='ocrx_word' id='word_1_221' title='bbox 3163 1509 3418 1554; x_wconf 75' lang='lat' dir='ltr'><strong>teternus.</strong></span> 
     </span>
    </p>
   </div>
   <div class='ocr_carea' id='block_1_29' title="bbox 1999 1583 3499 1660">
    <p class='ocr_par' dir='ltr' id='par_1_29' title="bbox 1999 1583 3499 1660">
     <span class='ocr_line' id='line_1_29' title="bbox 1999 1583 3499 1660; baseline 0.003 -21"><span class='ocrx_word' id='word_1_222' title='bbox 1999 1585 2160 1639; x_wconf 65' lang='lat' dir='ltr'><strong>Vnus.</strong></span> <span class='ocrx_word' id='word_1_223' title='bbox 2199 1583 2280 1639; x_wconf 88' lang='lat' dir='ltr'><strong>l7.</strong></span> <span class='ocrx_word' id='word_1_224' title='bbox 2306 1616 2376 1625; x_wconf 91' lang='lat'><strong>—</strong></span> <span class='ocrx_word' id='word_1_225' title='bbox 2409 1584 2466 1640; x_wconf 88' lang='lat' dir='ltr'><strong>Si</strong></span> <span class='ocrx_word' id='word_1_226' title='bbox 2511 1603 2630 1656; x_wconf 88' lang='lat' dir='ltr'><strong>ergo</strong></span> <span class='ocrx_word' id='word_1_227' title='bbox 2675 1603 2754 1642; x_wconf 88' lang='lat' dir='ltr'><strong>me</strong></span> <span class='ocrx_word' id='word_1_228' title='bbox 2811 1588 2968 1642; x_wconf 82' lang='lat' dir='ltr'><strong>habes</strong></span> <span class='ocrx_word' id='word_1_229' title='bbox 3013 1591 3243 1656; x_wconf 79' lang='lat' dir='ltr'><strong>socium,</strong></span> <span class='ocrx_word' id='word_1_230' title='bbox 3297 1591 3499 1660; x_wconf 77' lang='lat' dir='ltr'><strong>suscipe</strong></span> 
     </span>
    </p>
   </div>
   <div class='ocr_carea' id='block_1_30' title="bbox 1923 1669 3502 1746">
    <p class='ocr_par' dir='ltr' id='par_1_30' title="bbox 1923 1669 3502 1746">
     <span class='ocr_line' id='line_1_30' title="bbox 1923 1669 3502 1746; baseline 0.006 -17"><span class='ocrx_word' id='word_1_231' title='bbox 1923 1669 2074 1730; x_wconf 85' lang='lat' dir='ltr'><strong>illum</strong></span> <span class='ocrx_word' id='word_1_232' title='bbox 2099 1679 2227 1732; x_wconf 83' lang='lat' dir='ltr'><strong>sicut</strong></span> <span class='ocrx_word' id='word_1_233' title='bbox 2255 1695 2355 1732; x_wconf 89' lang='lat' dir='ltr'><strong>me.</strong></span> <span class='ocrx_word' id='word_1_234' title='bbox 2385 1679 2536 1746; x_wconf 79' lang='lat' dir='ltr'><strong>Quod</strong></span> <span class='ocrx_word' id='word_1_235' title='bbox 2558 1679 2705 1746; x_wconf 85' lang='lat' dir='ltr'><strong>dicit,</strong></span> <span class='ocrx_word' id='word_1_236' title='bbox 2723 1683 2826 1738; x_wconf 87' lang='lat' dir='ltr'><strong>tale</strong></span> <span class='ocrx_word' id='word_1_237' title='bbox 2851 1691 2970 1738; x_wconf 90' lang='lat' dir='ltr'><strong>est:</strong></span> <span class='ocrx_word' id='word_1_238' title='bbox 3003 1679 3063 1738; x_wconf 87' lang='lat' dir='ltr'><strong>Si</strong></span> <span class='ocrx_word' id='word_1_239' title='bbox 3088 1700 3174 1739; x_wconf 88' lang='lat' dir='ltr'><strong>me</strong></span> <span class='ocrx_word' id='word_1_240' title='bbox 3195 1685 3277 1740; x_wconf 85' lang='lat' dir='ltr'><strong>vis</strong></span> <span class='ocrx_word' id='word_1_241' title='bbox 3301 1683 3502 1740; x_wconf 87' lang='lat' dir='ltr'><strong>habere</strong></span> 
     </span>
    </p>
   </div>
   <div class='ocr_carea' id='block_1_31' title="bbox 1929 1771 3500 1846">
    <p class='ocr_par' dir='ltr' id='par_1_31' title="bbox 1929 1771 3500 1846">
     <span class='ocr_line' id='line_1_31' title="bbox 1929 1771 3500 1846; baseline 0.005 -24"><span class='ocrx_word' id='word_1_242' title='bbox 1929 1775 2255 1834; x_wconf 83' lang='lat' dir='ltr'><strong>eonsorte‘m,</strong></span> <span class='ocrx_word' id='word_1_243' title='bbox 2285 1771 2483 1825; x_wconf 85' lang='lat' dir='ltr'><strong>habeto</strong></span> <span class='ocrx_word' id='word_1_244' title='bbox 2512 1779 2566 1825; x_wconf 89' lang='lat' dir='ltr'><strong>et</strong></span> <span class='ocrx_word' id='word_1_245' title='bbox 2589 1771 2925 1838; x_wconf 84' lang='lat' dir='ltr'><strong>Onesimum,</strong></span> <span class='ocrx_word' id='word_1_246' title='bbox 2957 1779 3116 1842; x_wconf 85' lang='lat' dir='ltr'><strong>quem</strong></span> <span class='ocrx_word' id='word_1_247' title='bbox 3149 1790 3247 1846; x_wconf 88' lang='lat' dir='ltr'><strong>ego</strong></span> <span class='ocrx_word' id='word_1_248' title='bbox 3276 1791 3500 1832; x_wconf 87' lang='lat' dir='ltr'><strong>consor-</strong></span> 
     </span>
    </p>
   </div>
   <div class='ocr_carea' id='block_1_32' title="bbox 1929 1855 3502 1933">
    <p class='ocr_par' dir='ltr' id='par_1_32' title="bbox 1929 1855 3502 1933">
     <span class='ocr_line' id='line_1_32' title="bbox 1929 1855 3502 1933; baseline 0.005 -21"><span class='ocrx_word' id='word_1_249' title='bbox 1929 1865 2036 1912; x_wconf 88' lang='lat' dir='ltr'><strong>tem</strong></span> <span class='ocrx_word' id='word_1_250' title='bbox 2082 1867 2136 1914; x_wconf 92' lang='lat' dir='ltr'><strong>et</strong></span> <span class='ocrx_word' id='word_1_251' title='bbox 2159 1855 2326 1914; x_wconf 83' lang='lat' dir='ltr'><strong>lilium</strong></span> <span class='ocrx_word' id='word_1_252' title='bbox 2361 1865 2414 1916; x_wconf 83' lang='lat' dir='ltr'><strong>et</strong></span> <span class='ocrx_word' id='word_1_253' title='bbox 2439 1859 2646 1916; x_wconf 81' lang='lat' dir='ltr'><strong>viscera</strong></span> <span class='ocrx_word' id='word_1_254' title='bbox 2693 1869 2811 1917; x_wconf 85' lang='lat' dir='ltr'><strong>mea</strong></span> <span class='ocrx_word' id='word_1_255' title='bbox 2853 1863 3028 1919; x_wconf 82' lang='lat' dir='ltr'><strong>habeo</strong></span> <span class='ocrx_word' id='word_1_256' title='bbox 3062 1879 3076 1918; x_wconf 90' lang='lat'><strong>:</strong></span> <span class='ocrx_word' id='word_1_257' title='bbox 3119 1875 3276 1933; x_wconf 86' lang='lat' dir='ltr'><strong>quem</strong></span> <span class='ocrx_word' id='word_1_258' title='bbox 3308 1866 3352 1920; x_wconf 91' lang='lat' dir='ltr'><strong>si</strong></span> <span class='ocrx_word' id='word_1_259' title='bbox 3395 1881 3502 1920; x_wconf 90' lang='lat' dir='ltr'><strong>non</strong></span> 
     </span>
    </p>
   </div>
   <div class='ocr_carea' id='block_1_33' title="bbox 247 1947 3506 2028">
    <p class='ocr_par' dir='ltr' id='par_1_33' title="bbox 247 1947 3506 2028">
     <span class='ocr_line' id='line_1_33' title="bbox 247 1947 3506 2028; baseline 0.001 -24"><span class='ocrx_word' id='word_1_260' title='bbox 247 1951 336 2006; x_wconf 86' lang='lat' dir='ltr'><strong>fur</strong></span> <span class='ocrx_word' id='word_1_261' title='bbox 363 1961 522 2022; x_wconf 87' lang='lat' dir='ltr'><strong>atque</strong></span> <span class='ocrx_word' id='word_1_262' title='bbox 569 1950 822 2020; x_wconf 80' lang='lat' dir='ltr'><strong>fugitivus</strong></span> <span class='ocrx_word' id='word_1_263' title='bbox 849 1951 1004 2004; x_wconf 82' lang='lat' dir='ltr'><strong>alteri</strong></span> <span class='ocrx_word' id='word_1_264' title='bbox 1049 1951 1252 2015; x_wconf 88' lang='lat' dir='ltr'><strong>nocuit,</strong></span> <span class='ocrx_word' id='word_1_265' title='bbox 1285 1950 1388 2004; x_wconf 86' lang='lat' dir='ltr'><strong>nisi</strong></span> <span class='ocrx_word' id='word_1_266' title='bbox 1413 1951 1629 2006; x_wconf 89' lang='lat' dir='ltr'><strong>domino</strong></span> <span class='ocrx_word' id='word_1_267' title='bbox 1671 1947 1818 2021; x_wconf 81' lang='lat' dir='ltr'><strong>suo),</strong></span> <span class='ocrx_word' id='word_1_268' title='bbox 1857 1959 1900 2018; x_wconf 74' lang='grc' dir='ltr'><strong>Β</strong></span> <span class='ocrx_word' id='word_1_269' title='bbox 1927 1949 2250 2020; x_wconf 82' lang='lat' dir='ltr'><strong>susceperis,</strong></span> <span class='ocrx_word' id='word_1_270' title='bbox 2303 1957 2402 2006; x_wconf 81' lang='lat' dir='ltr'><strong>nec</strong></span> <span class='ocrx_word' id='word_1_271' title='bbox 2447 1951 2647 2006; x_wconf 85' lang='lat' dir='ltr'><strong>habere</strong></span> <span class='ocrx_word' id='word_1_272' title='bbox 2692 1951 2958 2020; x_wconf 87' lang='lat' dir='ltr'><strong>volueris,</strong></span> <span class='ocrx_word' id='word_1_273' title='bbox 3012 1961 3066 2008; x_wconf 88' lang='lat' dir='ltr'><strong>et</strong></span> <span class='ocrx_word' id='word_1_274' title='bbox 3113 1953 3226 2024; x_wconf 86' lang='lat' dir='ltr'><strong>ipse</strong></span> <span class='ocrx_word' id='word_1_275' title='bbox 3268 1947 3506 2028; x_wconf 80' lang='lat' dir='ltr'><strong>intelligo</strong></span> 
     </span>
    </p>
   </div>
   <div class='ocr_carea' id='block_1_34' title="bbox 245 2037 1828 2110">
    <p class='ocr_par' dir='ltr' id='par_1_34' title="bbox 245 2037 1828 2110">
     <span class='ocr_line' id='line_1_34' title="bbox 245 2037 1828 2110; baseline -0.002 -13"><span class='ocrx_word' id='word_1_276' title='bbox 245 2049 392 2098; x_wconf 80' lang='lat' dir='ltr'><strong>hunc</strong></span> <span class='ocrx_word' id='word_1_277' title='bbox 441 2057 470 2098; x_wconf 92' lang='lat' dir='ltr'><strong>e</strong></span> <span class='ocrx_word' id='word_1_278' title='bbox 517 2042 789 2097; x_wconf 85' lang='lat' dir='ltr'><strong>contrario</strong></span> <span class='ocrx_word' id='word_1_279' title='bbox 829 2037 1078 2095; x_wconf 80' lang='lat' dir='ltr'><strong>utilitatis</strong></span> <span class='ocrx_word' id='word_1_280' title='bbox 1117 2041 1571 2110; x_wconf 82' lang='lat' dir='ltr'><strong>compensatione,</strong></span> <span class='ocrx_word' id='word_1_281' title='bbox 1618 2055 1722 2109; x_wconf 87' lang='lat' dir='ltr'><strong>qua</strong></span> <span class='ocrx_word' id='word_1_282' title='bbox 1773 2047 1828 2094; x_wconf 87' lang='lat' dir='ltr'><strong>et</strong></span> 
     </span>
    </p>
   </div>
   <div class='ocr_carea' id='block_1_35' title="bbox 245 2127 1821 2205">
    <p class='ocr_par' dir='ltr' id='par_1_35' title="bbox 245 2127 1821 2205">
     <span class='ocr_line' id='line_1_35' title="bbox 245 2127 1821 2205; baseline -0.002 -16"><span class='ocrx_word' id='word_1_283' title='bbox 245 2127 363 2204; x_wconf 87' lang='lat' dir='ltr'><strong>ipse</strong></span> <span class='ocrx_word' id='word_1_284' title='bbox 393 2135 609 2189; x_wconf 88' lang='lat' dir='ltr'><strong>domino</strong></span> <span class='ocrx_word' id='word_1_285' title='bbox 639 2131 842 2205; x_wconf 82' lang='lat' dir='ltr'><strong>[Hier.,</strong></span> <span class='ocrx_word' id='word_1_286' title='bbox 875 2133 974 2203; x_wconf 88' lang='lat' dir='ltr'><strong>ipsi</strong></span> <span class='ocrx_word' id='word_1_287' title='bbox 1001 2127 1239 2204; x_wconf 79' lang='lat' dir='ltr'><strong>domino]</strong></span> <span class='ocrx_word' id='word_1_288' title='bbox 1269 2140 1322 2185; x_wconf 89' lang='lat' dir='ltr'><strong>et</strong></span> <span class='ocrx_word' id='word_1_289' title='bbox 1341 2131 1509 2186; x_wconf 85' lang='lat' dir='ltr'><strong>Paulo</strong></span> <span class='ocrx_word' id='word_1_290' title='bbox 1544 2129 1693 2186; x_wconf 88' lang='lat' dir='ltr'><strong>utilis</strong></span> <span class='ocrx_word' id='word_1_291' title='bbox 1721 2129 1821 2197; x_wconf 78' lang='lat' dir='ltr'><strong>est,</strong></span> 
     </span>
    </p>
   </div>
   <div class='ocr_carea' id='block_1_36' title="bbox 243 2223 1829 2296">
    <p class='ocr_par' dir='ltr' id='par_1_36' title="bbox 243 2223 1829 2296">
     <span class='ocr_line' id='line_1_36' title="bbox 243 2223 1829 2296; baseline -0.003 -15"><span class='ocrx_word' id='word_1_292' title='bbox 243 2227 567 2296; x_wconf 57' lang='lat' dir='ltr'><strong>&quot;ceterisque</strong></span> <span class='ocrx_word' id='word_1_293' title='bbox 609 2237 708 2294; x_wconf 85' lang='lat' dir='ltr'><strong>per</strong></span> <span class='ocrx_word' id='word_1_294' title='bbox 763 2225 1024 2288; x_wconf 85' lang='lat' dir='ltr'><strong>Paulum,</strong></span> <span class='ocrx_word' id='word_1_295' title='bbox 1076 2225 1196 2294; x_wconf 88' lang='lat' dir='ltr'><strong>plus</strong></span> <span class='ocrx_word' id='word_1_296' title='bbox 1251 2223 1536 2277; x_wconf 85' lang='lat' dir='ltr'><strong>charitatis</strong></span> <span class='ocrx_word' id='word_1_297' title='bbox 1587 2229 1829 2276; x_wconf 85' lang='lat' dir='ltr'><strong>meretur</strong></span> 
     </span>
    </p>
   </div>
   <div class='ocr_carea' id='block_1_37' title="bbox 252 2309 1830 2390">
    <p class='ocr_par' dir='ltr' id='par_1_37' title="bbox 252 2309 1830 2390">
     <span class='ocr_line' id='line_1_37' title="bbox 252 2309 1830 2390; baseline -0.004 -16"><span class='ocrx_word' id='word_1_298' title='bbox 252 2325 416 2390; x_wconf 88' lang='lat' dir='ltr'><strong>quain</strong></span> <span class='ocrx_word' id='word_1_299' title='bbox 465 2315 574 2374; x_wconf 82' lang='lat' dir='ltr'><strong>0dii</strong></span> <span class='ocrx_word' id='word_1_300' title='bbox 611 2327 734 2372; x_wconf 89' lang='lat' dir='ltr'><strong>ante</strong></span> <span class='ocrx_word' id='word_1_301' title='bbox 779 2327 1071 2372; x_wconf 79' lang='lat' dir='ltr'><strong>meruerat.</strong></span> <span class='ocrx_word' id='word_1_302' title='bbox 1125 2317 1278 2372; x_wconf 85' lang='lat' dir='ltr'><strong>Unde</strong></span> <span class='ocrx_word' id='word_1_303' title='bbox 1317 2315 1414 2382; x_wconf 88' lang='lat' dir='ltr'><strong>ait,</strong></span> <span class='ocrx_word' id='word_1_304' title='bbox 1460 2317 1547 2388; x_wconf 83' lang='lat' dir='ltr'><strong>qui</strong></span> <span class='ocrx_word' id='word_1_305' title='bbox 1593 2315 1686 2369; x_wconf 88' lang='lat' dir='ltr'><strong>tibi</strong></span> <span class='ocrx_word' id='word_1_306' title='bbox 1732 2309 1830 2369; x_wconf 80' lang='lat' dir='ltr'><strong>ali-</strong></span> 
     </span>
    </p>
   </div>
   <div class='ocr_carea' id='block_1_38' title="bbox 246 2403 1826 2482">
    <p class='ocr_par' dir='ltr' id='par_1_38' title="bbox 246 2403 1826 2482">
     <span class='ocr_line' id='line_1_38' title="bbox 246 2403 1826 2482; baseline -0.003 -18"><span class='ocrx_word' id='word_1_307' title='bbox 246 2411 462 2482; x_wconf 81' lang='lat' dir='ltr'><strong>quando</strong></span> <span class='ocrx_word' id='word_1_308' title='bbox 493 2407 696 2462; x_wconf 78' lang='lat' dir='ltr'><strong>intttilis</strong></span> <span class='ocrx_word' id='word_1_309' title='bbox 727 2409 847 2477; x_wconf 83' lang='lat' dir='ltr'><strong>fuit.</strong></span> <span class='ocrx_word' id='word_1_310' title='bbox 881 2403 1024 2472; x_wconf 83' lang='lat' dir='ltr'><strong>Tibi,</strong></span> <span class='ocrx_word' id='word_1_311' title='bbox 1058 2407 1255 2477; x_wconf 86' lang='lat' dir='ltr'><strong>inquit,</strong></span> <span class='ocrx_word' id='word_1_312' title='bbox 1284 2407 1402 2473; x_wconf 91' lang='lat' dir='ltr'><strong>soli,</strong></span> <span class='ocrx_word' id='word_1_313' title='bbox 1448 2421 1554 2460; x_wconf 88' lang='lat' dir='ltr'><strong>non</strong></span> <span class='ocrx_word' id='word_1_314' title='bbox 1585 2407 1826 2472; x_wconf 62' lang='lat' dir='ltr'><strong>caeteris;</strong></span> 
     </span>
    </p>
   </div>
   <div class='ocr_carea' id='block_1_39' title="bbox 243 2489 1830 2554">
    <p class='ocr_par' dir='ltr' id='par_1_39' title="bbox 243 2489 1830 2554">
     <span class='ocr_line' id='line_1_39' title="bbox 243 2489 1830 2554; baseline 0 -2"><span class='ocrx_word' id='word_1_315' title='bbox 243 2509 397 2553; x_wconf 80' lang='lat' dir='ltr'><strong>nunc</strong></span> <span class='ocrx_word' id='word_1_316' title='bbox 423 2507 604 2553; x_wconf 83' lang='lat' dir='ltr'><strong>autem</strong></span> <span class='ocrx_word' id='word_1_317' title='bbox 629 2497 732 2553; x_wconf 82' lang='lat' dir='ltr'><strong>tibi</strong></span> <span class='ocrx_word' id='word_1_318' title='bbox 775 2505 833 2552; x_wconf 83' lang='lat' dir='ltr'><strong>et</strong></span> <span class='ocrx_word' id='word_1_319' title='bbox 855 2497 992 2552; x_wconf 89' lang='lat' dir='ltr'><strong>mihi</strong></span> <span class='ocrx_word' id='word_1_320' title='bbox 1015 2499 1185 2553; x_wconf 89' lang='lat' dir='ltr'><strong>utilis.</strong></span> <span class='ocrx_word' id='word_1_321' title='bbox 1227 2489 1392 2553; x_wconf 78' lang='lat' dir='ltr'><strong>Utilis</strong></span> <span class='ocrx_word' id='word_1_322' title='bbox 1413 2497 1630 2554; x_wconf 83' lang='lat' dir='ltr'><strong>demino</strong></span> <span class='ocrx_word' id='word_1_323' title='bbox 1669 2495 1730 2552; x_wconf 89' lang='lat' dir='ltr'><strong>in</strong></span> <span class='ocrx_word' id='word_1_324' title='bbox 1766 2503 1830 2552; x_wconf 83' lang='lat' dir='ltr'><strong>eo</strong></span> 
     </span>
    </p>
   </div>
   <div class='ocr_carea' id='block_1_40' title="bbox 247 2581 1830 2660">
    <p class='ocr_par' dir='ltr' id='par_1_40' title="bbox 247 2581 1830 2660">
     <span class='ocr_line' id='line_1_40' title="bbox 247 2581 1830 2660; baseline 0.002 -18"><span class='ocrx_word' id='word_1_325' title='bbox 247 2589 394 2660; x_wconf 81' lang='lat' dir='ltr'><strong>quod</strong></span> <span class='ocrx_word' id='word_1_326' title='bbox 435 2591 605 2660; x_wconf 65' lang='lat' dir='ltr'><strong>passu</strong></span> <span class='ocrx_word' id='word_1_327' title='bbox 635 2581 800 2644; x_wconf 73' lang='lat' dir='ltr'><strong>Paulo</strong></span> <span class='ocrx_word' id='word_1_328' title='bbox 827 2591 1037 2646; x_wconf 77' lang='lat' dir='ltr'><strong>servire</strong></span> <span class='ocrx_word' id='word_1_329' title='bbox 1083 2595 1180 2660; x_wconf 82' lang='lat' dir='ltr'><strong>pro</strong></span> <span class='ocrx_word' id='word_1_330' title='bbox 1227 2591 1442 2646; x_wconf 85' lang='lat' dir='ltr'><strong>domino</strong></span> <span class='ocrx_word' id='word_1_331' title='bbox 1488 2605 1616 2656; x_wconf 89' lang='lat' dir='ltr'><strong>suo;</strong></span> <span class='ocrx_word' id='word_1_332' title='bbox 1662 2587 1830 2645; x_wconf 80' lang='lat' dir='ltr'><strong>Paulo</strong></span> 
     </span>
    </p>
   </div>
   <div class='ocr_carea' id='block_1_41' title="bbox 239 2677 1832 2752">
    <p class='ocr_par' dir='ltr' id='par_1_41' title="bbox 239 2677 1832 2752">
     <span class='ocr_line' id='line_1_41' title="bbox 239 2677 1832 2752; baseline 0.001 -16"><span class='ocrx_word' id='word_1_333' title='bbox 239 2687 382 2736; x_wconf 57' lang='lat' dir='ltr'><strong>Vtere</strong></span> <span class='ocrx_word' id='word_1_334' title='bbox 405 2677 462 2735; x_wconf 82' lang='lat' dir='ltr'><strong>in</strong></span> <span class='ocrx_word' id='word_1_335' title='bbox 489 2693 553 2736; x_wconf 90' lang='lat' dir='ltr'><strong>eo</strong></span> <span class='ocrx_word' id='word_1_336' title='bbox 578 2677 726 2736; x_wconf 79' lang='lat' dir='ltr'><strong>utilis</strong></span> <span class='ocrx_word' id='word_1_337' title='bbox 755 2681 879 2751; x_wconf 86' lang='lat' dir='ltr'><strong>quia</strong></span> <span class='ocrx_word' id='word_1_338' title='bbox 919 2677 1010 2737; x_wconf 86' lang='lat' dir='ltr'><strong>illo</strong></span> <span class='ocrx_word' id='word_1_339' title='bbox 1035 2683 1088 2736; x_wconf 85' lang='lat' dir='ltr'><strong>in</strong></span> <span class='ocrx_word' id='word_1_340' title='bbox 1115 2685 1334 2738; x_wconf 78' lang='lat' dir='ltr'><strong>carcere</strong></span> <span class='ocrx_word' id='word_1_341' title='bbox 1375 2683 1710 2752; x_wconf 78' lang='lat' dir='ltr'><strong>vinculisque</strong></span> <span class='ocrx_word' id='word_1_342' title='bbox 1740 2677 1832 2737; x_wconf 85' lang='lat' dir='ltr'><strong>de-</strong></span> 
     </span>
    </p>
   </div>
   <div class='ocr_carea' id='block_1_42' title="bbox 245 2765 1831 2847">
    <p class='ocr_par' dir='ltr' id='par_1_42' title="bbox 245 2765 1831 2847">
     <span class='ocr_line' id='line_1_42' title="bbox 245 2765 1831 2847; baseline 0.002 -20"><span class='ocrx_word' id='word_1_343' title='bbox 245 2779 402 2829; x_wconf 84' lang='lat' dir='ltr'><strong>tento</strong></span> <span class='ocrx_word' id='word_1_344' title='bbox 431 2775 601 2844; x_wconf 82' lang='lat' dir='ltr'><strong>possit</strong></span> <span class='ocrx_word' id='word_1_345' title='bbox 621 2773 668 2828; x_wconf 84' lang='lat' dir='ltr'><strong>ei</strong></span> <span class='ocrx_word' id='word_1_346' title='bbox 691 2769 748 2827; x_wconf 86' lang='lat' dir='ltr'><strong>in</strong></span> <span class='ocrx_word' id='word_1_347' title='bbox 777 2765 1066 2844; x_wconf 77' lang='lat' dir='ltr'><strong>Evangelio</strong></span> <span class='ocrx_word' id='word_1_348' title='bbox 1087 2775 1417 2830; x_wconf 83' lang='lat' dir='ltr'><strong>ministrare.</strong></span> <span class='ocrx_word' id='word_1_349' title='bbox 1453 2773 1646 2847; x_wconf 85' lang='lat' dir='ltr'><strong>[Quem</strong></span> <span class='ocrx_word' id='word_1_350' title='bbox 1667 2775 1831 2830; x_wconf 85' lang='lat' dir='ltr'><strong>etiam</strong></span> 
     </span>
    </p>
   </div>
   <div class='ocr_carea' id='block_1_43' title="bbox 239 2863 1828 2936">
    <p class='ocr_par' dir='ltr' id='par_1_43' title="bbox 239 2863 1828 2936">
     <span class='ocr_line' id='line_1_43' title="bbox 239 2863 1828 2936; baseline 0.001 -18"><span class='ocrx_word' id='word_1_351' title='bbox 239 2864 420 2918; x_wconf 73' lang='lat' dir='ltr'><strong>&#39;tiiiur&#39;n</strong></span> <span class='ocrx_word' id='word_1_352' title='bbox 465 2879 620 2918; x_wconf 88' lang='lat' dir='ltr'><strong>suum</strong></span> <span class='ocrx_word' id='word_1_353' title='bbox 651 2863 932 2920; x_wconf 85' lang='lat' dir='ltr'><strong>nominare</strong></span> <span class='ocrx_word' id='word_1_354' title='bbox 961 2875 1070 2920; x_wconf 77' lang='lat' dir='ltr'><strong>nun</strong></span> <span class='ocrx_word' id='word_1_355' title='bbox 1115 2863 1421 2936; x_wconf 75' lang='lat' dir='ltr'><strong>dubitavit.[</strong></span> <span class='ocrx_word' id='word_1_356' title='bbox 1455 2863 1604 2932; x_wconf 84' lang='lat' dir='ltr'><strong>Quod</strong></span> <span class='ocrx_word' id='word_1_357' title='bbox 1651 2873 1828 2921; x_wconf 83' lang='lat' dir='ltr'><strong>autem</strong></span> 
     </span>
    </p>
   </div>
   <div class='ocr_carea' id='block_1_44' title="bbox 247 2955 1832 3028">
    <p class='ocr_par' dir='ltr' id='par_1_44' title="bbox 247 2955 1832 3028">
     <span class='ocr_line' id='line_1_44' title="bbox 247 2955 1832 3028; baseline 0.002 -18"><span class='ocrx_word' id='word_1_358' title='bbox 247 2957 330 3010; x_wconf 78' lang='lat' dir='ltr'><strong>ait</strong></span> <span class='ocrx_word' id='word_1_359' title='bbox 355 2971 370 3010; x_wconf 90' lang='lat'><strong>:</strong></span> <span class='ocrx_word' id='word_1_360' title='bbox 405 2955 482 3009; x_wconf 84' lang='lat' dir='ltr'><strong>Tn</strong></span> <span class='ocrx_word' id='word_1_361' title='bbox 513 2965 688 3010; x_wconf 76' lang='lat' dir='ltr'><strong>autem</strong></span> <span class='ocrx_word' id='word_1_362' title='bbox 711 2955 882 3020; x_wconf 86' lang='lat' dir='ltr'><strong>illum,</strong></span> <span class='ocrx_word' id='word_1_363' title='bbox 907 2955 967 3010; x_wconf 77' lang='lat' dir='ltr'><strong>id</strong></span> <span class='ocrx_word' id='word_1_364' title='bbox 991 2967 1070 3012; x_wconf 84' lang='lat' dir='ltr'><strong>est</strong></span> <span class='ocrx_word' id='word_1_365' title='bbox 1097 2958 1292 3012; x_wconf 75' lang='lat' dir='ltr'><strong>viscera</strong></span> <span class='ocrx_word' id='word_1_366' title='bbox 1321 2975 1434 3012; x_wconf 88' lang='lat' dir='ltr'><strong>mea</strong></span> <span class='ocrx_word' id='word_1_367' title='bbox 1461 2958 1683 3028; x_wconf 76' lang='lat' dir='ltr'><strong>suscipe,</strong></span> <span class='ocrx_word' id='word_1_368' title='bbox 1729 2957 1832 3014; x_wconf 90' lang='lat' dir='ltr'><strong>hoc</strong></span> 
     </span>
    </p>
   </div>
   <div class='ocr_carea' id='block_1_45' title="bbox 245 3047 1832 3130">
    <p class='ocr_par' dir='ltr' id='par_1_45' title="bbox 245 3047 1832 3130">
     <span class='ocr_line' id='line_1_45' title="bbox 245 3047 1832 3130; baseline 0 -26"><span class='ocrx_word' id='word_1_369' title='bbox 245 3055 356 3112; x_wconf 52' lang='lat' dir='ltr'><strong>egit,</strong></span> <span class='ocrx_word' id='word_1_370' title='bbox 383 3047 522 3118; x_wconf 87' lang='lat' dir='ltr'><strong>quod</strong></span> <span class='ocrx_word' id='word_1_371' title='bbox 553 3049 710 3119; x_wconf 88' lang='lat' dir='ltr'><strong>paulo</strong></span> <span class='ocrx_word' id='word_1_372' title='bbox 751 3057 876 3130; x_wconf 72' lang='lat' dir='ltr'><strong>ante</strong></span> <span class='ocrx_word' id='word_1_373' title='bbox 905 3049 1036 3115; x_wconf 75' lang='lat' dir='ltr'><strong>dixi,</strong></span> <span class='ocrx_word' id='word_1_374' title='bbox 1073 3049 1281 3105; x_wconf 79' lang='lat' dir='ltr'><strong>viscera</strong></span> <span class='ocrx_word' id='word_1_375' title='bbox 1311 3049 1618 3121; x_wconf 80' lang='lat' dir='ltr'><strong>signiﬁcare</strong></span> <span class='ocrx_word' id='word_1_376' title='bbox 1663 3049 1832 3104; x_wconf 75' lang='lat' dir='ltr'><strong>inter-</strong></span> 
     </span>
    </p>
   </div>
   <div class='ocr_carea' id='block_1_46' title="bbox 247 3139 1830 3213">
    <p class='ocr_par' dir='ltr' id='par_1_46' title="bbox 247 3139 1830 3213">
     <span class='ocr_line' id='line_1_46' title="bbox 247 3139 1830 3213; baseline 0.001 -18"><span class='ocrx_word' id='word_1_377' title='bbox 247 3155 382 3195; x_wconf 80' lang='lat' dir='ltr'><strong>num</strong></span> <span class='ocrx_word' id='word_1_378' title='bbox 409 3141 590 3197; x_wconf 81' lang='lat' dir='ltr'><strong>cordis</strong></span> <span class='ocrx_word' id='word_1_379' title='bbox 619 3139 889 3208; x_wconf 66' lang='lat' dir='ltr'><strong>allectum,</strong></span> <span class='ocrx_word' id='word_1_380' title='bbox 919 3149 972 3196; x_wconf 86' lang='lat' dir='ltr'><strong>et</strong></span> <span class='ocrx_word' id='word_1_381' title='bbox 997 3143 1212 3213; x_wconf 85' lang='lat' dir='ltr'><strong>plenam</strong></span> <span class='ocrx_word' id='word_1_382' title='bbox 1242 3159 1306 3198; x_wconf 80' lang='lat' dir='ltr'><strong>ex</strong></span> <span class='ocrx_word' id='word_1_383' title='bbox 1355 3143 1535 3198; x_wconf 89' lang='lat' dir='ltr'><strong>animo</strong></span> <span class='ocrx_word' id='word_1_384' title='bbox 1577 3141 1830 3198; x_wconf 82' lang='lat' dir='ltr'><strong>volunta-</strong></span> 
     </span>
    </p>
   </div>
   <div class='ocr_carea' id='block_1_47' title="bbox 237 3219 1834 3306">
    <p class='ocr_par' dir='ltr' id='par_1_47' title="bbox 237 3219 1834 3306">
     <span class='ocr_line' id='line_1_47' title="bbox 237 3219 1834 3306; baseline 0 -19"><span class='ocrx_word' id='word_1_385' title='bbox 237 3241 384 3287; x_wconf 79' lang='lat' dir='ltr'><strong>tem.</strong></span> <span class='ocrx_word' id='word_1_386' title='bbox 418 3231 602 3306; x_wconf 74' lang='lat' dir='ltr'><strong>(Vens.</strong></span> <span class='ocrx_word' id='word_1_387' title='bbox 651 3231 760 3304; x_wconf 75' lang='grc' dir='ltr'><strong>Μ.)</strong></span> <span class='ocrx_word' id='word_1_388' title='bbox 792 3231 918 3288; x_wconf 78' lang='lat' dir='ltr'><strong>Sine</strong></span> <span class='ocrx_word' id='word_1_389' title='bbox 949 3233 1164 3289; x_wconf 78' lang='lat' dir='ltr'><strong>consilio</strong></span> <span class='ocrx_word' id='word_1_390' title='bbox 1196 3243 1370 3289; x_wconf 84' lang='lat' dir='ltr'><strong>autem</strong></span> <span class='ocrx_word' id='word_1_391' title='bbox 1408 3219 1500 3288; x_wconf 85' lang='lat' dir='ltr'><strong>tuo</strong></span> <span class='ocrx_word' id='word_1_392' title='bbox 1536 3231 1664 3289; x_wconf 75' lang='lat' dir='ltr'><strong>nihil</strong></span> <span class='ocrx_word' id='word_1_393' title='bbox 1694 3231 1834 3289; x_wconf 73' lang='lat' dir='ltr'><strong>uolui</strong></span> 
     </span>
    </p>
   </div>
   <div class='ocr_carea' id='block_1_48' title="bbox 1929 2035 3502 2118">
    <p class='ocr_par' dir='ltr' id='par_1_48' title="bbox 1929 2035 3502 2118">
     <span class='ocr_line' id='line_1_48' title="bbox 1929 2035 3502 2118; baseline 0.004 -24"><span class='ocrx_word' id='word_1_394' title='bbox 1929 2035 2156 2115; x_wconf 76' lang='lat' dir='ltr'><strong>[liier.,</strong></span> <span class='ocrx_word' id='word_1_395' title='bbox 2209 2041 2546 2118; x_wconf 81' lang='lat' dir='ltr'><strong>intelligis],</strong></span> <span class='ocrx_word' id='word_1_396' title='bbox 2601 2045 2742 2114; x_wconf 88' lang='lat' dir='ltr'><strong>quod</strong></span> <span class='ocrx_word' id='word_1_397' title='bbox 2787 2055 2874 2101; x_wconf 86' lang='lat' dir='ltr'><strong>me</strong></span> <span class='ocrx_word' id='word_1_398' title='bbox 2913 2045 3111 2101; x_wconf 86' lang='lat' dir='ltr'><strong>habere</strong></span> <span class='ocrx_word' id='word_1_399' title='bbox 3163 2063 3268 2104; x_wconf 89' lang='lat' dir='ltr'><strong>non</strong></span> <span class='ocrx_word' id='word_1_400' title='bbox 3329 2055 3502 2117; x_wconf 86' lang='lat' dir='ltr'><strong>potes.</strong></span> 
     </span>
    </p>
   </div>
   <div class='ocr_carea' id='block_1_49' title="bbox 1931 2127 3506 2208">
    <p class='ocr_par' dir='ltr' id='par_1_49' title="bbox 1931 2127 3506 2208">
     <span class='ocr_line' id='line_1_49' title="bbox 1931 2127 3506 2208; baseline 0.001 -16"><span class='ocrx_word' id='word_1_401' title='bbox 1931 2133 2114 2208; x_wconf 75' lang='lat' dir='ltr'><strong>(Vens.</strong></span> <span class='ocrx_word' id='word_1_402' title='bbox 2149 2135 2258 2205; x_wconf 87' lang='lat' dir='ltr'><strong>i8.)</strong></span> <span class='ocrx_word' id='word_1_403' title='bbox 2311 2127 2366 2191; x_wconf 86' lang='lat' dir='ltr'><strong>Si</strong></span> <span class='ocrx_word' id='word_1_404' title='bbox 2394 2145 2568 2190; x_wconf 80' lang='lat' dir='ltr'><strong>autem</strong></span> <span class='ocrx_word' id='word_1_405' title='bbox 2595 2135 2795 2208; x_wconf 83' lang='lat' dir='ltr'><strong>aliquid</strong></span> <span class='ocrx_word' id='word_1_406' title='bbox 2838 2139 3013 2192; x_wconf 83' lang='lat' dir='ltr'><strong>nocuit</strong></span> <span class='ocrx_word' id='word_1_407' title='bbox 3060 2147 3150 2194; x_wconf 81' lang='lat' dir='ltr'><strong>aut</strong></span> <span class='ocrx_word' id='word_1_408' title='bbox 3199 2139 3367 2206; x_wconf 75' lang='lat' dir='ltr'><strong>debet,</strong></span> <span class='ocrx_word' id='word_1_409' title='bbox 3409 2139 3506 2194; x_wconf 84' lang='lat' dir='ltr'><strong>hac</strong></span> 
     </span>
    </p>
   </div>
   <div class='ocr_carea' id='block_1_50' title="bbox 1927 2223 3506 2298">
    <p class='ocr_par' dir='ltr' id='par_1_50' title="bbox 1927 2223 3506 2298">
     <span class='ocr_line' id='line_1_50' title="bbox 1927 2223 3506 2298; baseline 0.003 -22"><span class='ocrx_word' id='word_1_410' title='bbox 1927 2223 2054 2277; x_wconf 78' lang='lat' dir='ltr'><strong>miln&#39;</strong></span> <span class='ocrx_word' id='word_1_411' title='bbox 2083 2225 2301 2295; x_wconf 77' lang='lat' dir='ltr'><strong>imputn.</strong></span> <span class='ocrx_word' id='word_1_412' title='bbox 2335 2223 2416 2297; x_wconf 82' lang='lat' dir='ltr'><strong>[Si</strong></span> <span class='ocrx_word' id='word_1_413' title='bbox 2445 2227 2588 2280; x_wconf 89' lang='lat' dir='ltr'><strong>enim</strong></span> <span class='ocrx_word' id='word_1_414' title='bbox 2635 2225 2884 2282; x_wconf 88' lang='lat' dir='ltr'><strong>Christus</strong></span> <span class='ocrx_word' id='word_1_415' title='bbox 2909 2241 3008 2298; x_wconf 88' lang='lat' dir='ltr'><strong>pro</strong></span> <span class='ocrx_word' id='word_1_416' title='bbox 3039 2227 3190 2283; x_wconf 89' lang='lat' dir='ltr'><strong>nobis</strong></span> <span class='ocrx_word' id='word_1_417' title='bbox 3221 2227 3418 2294; x_wconf 83' lang='lat' dir='ltr'><strong>doluit,</strong></span> <span class='ocrx_word' id='word_1_418' title='bbox 3450 2237 3506 2282; x_wconf 91' lang='lat' dir='ltr'><strong>et</strong></span> 
     </span>
    </p>
   </div>
   <div class='ocr_carea' id='block_1_51' title="bbox 1923 2305 3507 2387">
    <p class='ocr_par' dir='ltr' id='par_1_51' title="bbox 1923 2305 3507 2387">
     <span class='ocr_line' id='line_1_51' title="bbox 1923 2305 3507 2387; baseline 0.002 -20"><span class='ocrx_word' id='word_1_419' title='bbox 1923 2305 2270 2370; x_wconf 71' lang='lat' dir='ltr'><strong>infirmitates</strong></span> <span class='ocrx_word' id='word_1_420' title='bbox 2313 2313 2528 2370; x_wconf 60' lang='lat' dir='ltr'><strong>nosu‘as</strong></span> <span class='ocrx_word' id='word_1_421' title='bbox 2565 2315 2817 2386; x_wconf 86' lang='lat' dir='ltr'><strong>portavit,</strong></span> <span class='ocrx_word' id='word_1_422' title='bbox 2857 2315 3000 2387; x_wconf 83' lang='lat' dir='ltr'><strong>juste</strong></span> <span class='ocrx_word' id='word_1_423' title='bbox 3043 2317 3241 2372; x_wconf 88' lang='lat' dir='ltr'><strong>Paulus</strong></span> <span class='ocrx_word' id='word_1_424' title='bbox 3269 2313 3507 2372; x_wconf 86' lang='lat' dir='ltr'><strong>imitator</strong></span> 
     </span>
    </p>
   </div>
   <div class='ocr_carea' id='block_1_52' title="bbox 1929 2401 3505 2476">
    <p class='ocr_par' dir='ltr' id='par_1_52' title="bbox 1929 2401 3505 2476">
     <span class='ocr_line' id='line_1_52' title="bbox 1929 2401 3505 2476; baseline 0.003 -18"><span class='ocrx_word' id='word_1_425' title='bbox 1929 2403 2012 2458; x_wconf 78' lang='lat' dir='ltr'><strong>sui</strong></span> <span class='ocrx_word' id='word_1_426' title='bbox 2041 2401 2282 2476; x_wconf 81' lang='lat' dir='ltr'><strong>magistri</strong></span> <span class='ocrx_word' id='word_1_427' title='bbox 2313 2413 2370 2459; x_wconf 85' lang='lat' dir='ltr'><strong>se</strong></span> <span class='ocrx_word' id='word_1_428' title='bbox 2394 2405 2646 2475; x_wconf 85' lang='lat' dir='ltr'><strong>opposuit</strong></span> <span class='ocrx_word' id='word_1_429' title='bbox 2671 2419 2770 2475; x_wconf 88' lang='lat' dir='ltr'><strong>pro</strong></span> <span class='ocrx_word' id='word_1_430' title='bbox 2797 2403 3048 2460; x_wconf 85' lang='lat' dir='ltr'><strong>Onesimo</strong></span> <span class='ocrx_word' id='word_1_431' title='bbox 3089 2405 3199 2460; x_wconf 82' lang='lat' dir='ltr'><strong>lilio</strong></span> <span class='ocrx_word' id='word_1_432' title='bbox 3229 2411 3346 2460; x_wconf 88' lang='lat' dir='ltr'><strong>suo.</strong></span> <span class='ocrx_word' id='word_1_433' title='bbox 3389 2403 3505 2462; x_wconf 81' lang='lat' dir='ltr'><strong>&#39;lioc</strong></span> 
     </span>
    </p>
   </div>
   <div class='ocr_carea' id='block_1_53' title="bbox 1929 2487 3505 2566">
    <p class='ocr_par' dir='ltr' id='par_1_53' title="bbox 1929 2487 3505 2566">
     <span class='ocr_line' id='line_1_53' title="bbox 1929 2487 3505 2566; baseline 0.001 -16"><span class='ocrx_word' id='word_1_434' title='bbox 1929 2501 2099 2550; x_wconf 58' lang='lat' dir='ltr'><strong>totum</strong></span> <span class='ocrx_word' id='word_1_435' title='bbox 2131 2493 2249 2551; x_wconf 82' lang='lat' dir='ltr'><strong>ideo</strong></span> <span class='ocrx_word' id='word_1_436' title='bbox 2281 2487 2418 2549; x_wconf 75' lang='lat' dir='ltr'><strong>dixit</strong></span> <span class='ocrx_word' id='word_1_437' title='bbox 2465 2505 2524 2549; x_wconf 91' lang='lat' dir='ltr'><strong>ut</strong></span> <span class='ocrx_word' id='word_1_438' title='bbox 2551 2503 2804 2566; x_wconf 88' lang='lat' dir='ltr'><strong>pacatum</strong></span> <span class='ocrx_word' id='word_1_439' title='bbox 2843 2493 3061 2551; x_wconf 76' lang='lat' dir='ltr'><strong>fecisset</strong></span> <span class='ocrx_word' id='word_1_440' title='bbox 3102 2495 3342 2550; x_wconf 85' lang='lat' dir='ltr'><strong>animum</strong></span> <span class='ocrx_word' id='word_1_441' title='bbox 3371 2491 3505 2551; x_wconf 85' lang='lat' dir='ltr'><strong>Phi-</strong></span> 
     </span>
    </p>
   </div>
   <div class='ocr_carea' id='block_1_54' title="bbox 1927 2583 3508 2660">
    <p class='ocr_par' dir='ltr' id='par_1_54' title="bbox 1927 2583 3508 2660">
     <span class='ocr_line' id='line_1_54' title="bbox 1927 2583 3508 2660; baseline 0.001 -20"><span class='ocrx_word' id='word_1_442' title='bbox 1927 2583 2154 2641; x_wconf 87' lang='lat' dir='ltr'><strong>lemonis</strong></span> <span class='ocrx_word' id='word_1_443' title='bbox 2183 2587 2238 2641; x_wconf 86' lang='lat' dir='ltr'><strong>in</strong></span> <span class='ocrx_word' id='word_1_444' title='bbox 2261 2585 2563 2659; x_wconf 88' lang='lat' dir='ltr'><strong>Onesimo.]</strong></span> <span class='ocrx_word' id='word_1_445' title='bbox 2597 2587 2780 2658; x_wconf 78' lang='lat' dir='ltr'><strong>(Vens.</strong></span> <span class='ocrx_word' id='word_1_446' title='bbox 2807 2587 2919 2660; x_wconf 77' lang='lat' dir='ltr'><strong>i9.)</strong></span> <span class='ocrx_word' id='word_1_447' title='bbox 2953 2583 3066 2659; x_wconf 85' lang='lat' dir='ltr'><strong>Ego</strong></span> <span class='ocrx_word' id='word_1_448' title='bbox 3097 2587 3300 2642; x_wconf 81' lang='lat' dir='ltr'><strong>Paulus</strong></span> <span class='ocrx_word' id='word_1_449' title='bbox 3321 2587 3508 2658; x_wconf 79' lang='lat' dir='ltr'><strong>scripsi</strong></span> 
     </span>
    </p>
   </div>
   <div class='ocr_carea' id='block_1_55' title="bbox 1929 2677 3510 2750">
    <p class='ocr_par' dir='ltr' id='par_1_55' title="bbox 1929 2677 3510 2750">
     <span class='ocr_line' id='line_1_55' title="bbox 1929 2677 3510 2750; baseline 0 -18"><span class='ocrx_word' id='word_1_450' title='bbox 1929 2687 2043 2732; x_wconf 81' lang='lat' dir='ltr'><strong>mea</strong></span> <span class='ocrx_word' id='word_1_451' title='bbox 2071 2691 2254 2743; x_wconf 72' lang='lat' dir='ltr'><strong>rnanu,</strong></span> <span class='ocrx_word' id='word_1_452' title='bbox 2280 2685 2370 2747; x_wconf 75' lang='lat' dir='ltr'><strong>ego</strong></span> <span class='ocrx_word' id='word_1_453' title='bbox 2399 2677 2634 2742; x_wconf 85' lang='lat' dir='ltr'><strong>reddam,</strong></span> <span class='ocrx_word' id='word_1_454' title='bbox 2665 2687 2722 2731; x_wconf 86' lang='lat' dir='ltr'><strong>ut</strong></span> <span class='ocrx_word' id='word_1_455' title='bbox 2750 2693 2854 2733; x_wconf 88' lang='lat' dir='ltr'><strong>non</strong></span> <span class='ocrx_word' id='word_1_456' title='bbox 2883 2677 3056 2732; x_wconf 79' lang='lat' dir='ltr'><strong>dicam</strong></span> <span class='ocrx_word' id='word_1_457' title='bbox 3103 2679 3218 2744; x_wconf 81' lang='lat' dir='ltr'><strong>tibi,</strong></span> <span class='ocrx_word' id='word_1_458' title='bbox 3257 2679 3396 2750; x_wconf 78' lang='lat' dir='ltr'><strong>quod</strong></span> <span class='ocrx_word' id='word_1_459' title='bbox 3439 2687 3510 2733; x_wconf 81' lang='lat' dir='ltr'><strong>te-</strong></span> 
     </span>
    </p>
   </div>
   <div class='ocr_carea' id='block_1_56' title="bbox 1931 2759 3509 2841">
    <p class='ocr_par' dir='ltr' id='par_1_56' title="bbox 1931 2759 3509 2841">
     <span class='ocr_line' id='line_1_56' title="bbox 1931 2759 3509 2841; baseline 0.001 -17"><span class='ocrx_word' id='word_1_460' title='bbox 1931 2765 2098 2841; x_wconf 81' lang='lat' dir='ltr'><strong>lpsum</strong></span> <span class='ocrx_word' id='word_1_461' title='bbox 2135 2769 2260 2824; x_wconf 78' lang='lat' dir='ltr'><strong>mihi</strong></span> <span class='ocrx_word' id='word_1_462' title='bbox 2308 2769 2478 2823; x_wconf 84' lang='lat' dir='ltr'><strong>debes.</strong></span> <span class='ocrx_word' id='word_1_463' title='bbox 2527 2769 2686 2836; x_wconf 69' lang='lat' dir='ltr'><strong>Quod</strong></span> <span class='ocrx_word' id='word_1_464' title='bbox 2721 2769 2870 2836; x_wconf 87' lang='lat' dir='ltr'><strong>dicit,</strong></span> <span class='ocrx_word' id='word_1_465' title='bbox 2899 2769 3006 2825; x_wconf 83' lang='lat' dir='ltr'><strong>tale</strong></span> <span class='ocrx_word' id='word_1_466' title='bbox 3051 2779 3132 2824; x_wconf 90' lang='lat' dir='ltr'><strong>est</strong></span> <span class='ocrx_word' id='word_1_467' title='bbox 3175 2785 3190 2824; x_wconf 91' lang='lat'>:</span> <span class='ocrx_word' id='word_1_468' title='bbox 3227 2759 3509 2826; x_wconf 84' lang='lat' dir='ltr'><strong>Onesimus</strong></span> 
     </span>
    </p>
   </div>
   <div class='ocr_carea' id='block_1_57' title="bbox 1929 2859 3511 2933">
    <p class='ocr_par' dir='ltr' id='par_1_57' title="bbox 1929 2859 3511 2933">
     <span class='ocr_line' id='line_1_57' title="bbox 1929 2859 3511 2933; baseline 0.001 -17"><span class='ocrx_word' id='word_1_469' title='bbox 1929 2861 2074 2916; x_wconf 73' lang='lat' dir='ltr'><strong>farto</strong></span> <span class='ocrx_word' id='word_1_470' title='bbox 2126 2859 2320 2932; x_wconf 82' lang='lat' dir='ltr'><strong>rapuit,</strong></span> <span class='ocrx_word' id='word_1_471' title='bbox 2369 2873 2470 2932; x_wconf 84' lang='lat' dir='ltr'><strong>ego</strong></span> <span class='ocrx_word' id='word_1_472' title='bbox 2519 2863 2605 2915; x_wconf 84' lang='lat' dir='ltr'><strong>ine</strong></span> <span class='ocrx_word' id='word_1_473' title='bbox 2649 2861 2892 2932; x_wconf 77' lang='lat' dir='ltr'><strong>Spondeo</strong></span> <span class='ocrx_word' id='word_1_474' title='bbox 2935 2861 3306 2927; x_wconf 85' lang='lat' dir='ltr'><strong>redditurum;</strong></span> <span class='ocrx_word' id='word_1_475' title='bbox 3353 2861 3511 2933; x_wconf 89' lang='lat' dir='ltr'><strong>hujus</strong></span> 
     </span>
    </p>
   </div>
   <div class='ocr_carea' id='block_1_58' title="bbox 1929 2947 3506 3022">
    <p class='ocr_par' dir='ltr' id='par_1_58' title="bbox 1929 2947 3506 3022">
     <span class='ocr_line' id='line_1_58' title="bbox 1929 2947 3506 3022; baseline -0.001 -16"><span class='ocrx_word' id='word_1_476' title='bbox 1929 2947 2234 3022; x_wconf 87' lang='lat' dir='ltr'><strong>sponsionis</strong></span> <span class='ocrx_word' id='word_1_477' title='bbox 2259 2949 2482 3020; x_wconf 73' lang='lat' dir='ltr'><strong>episwia</strong></span> <span class='ocrx_word' id='word_1_478' title='bbox 2513 2949 2630 3006; x_wconf 69' lang='lat' dir='ltr'><strong>haec</strong></span> <span class='ocrx_word' id='word_1_479' title='bbox 2658 2957 2714 3004; x_wconf 91' lang='lat' dir='ltr'><strong>et</strong></span> <span class='ocrx_word' id='word_1_480' title='bbox 2743 2963 2933 3006; x_wconf 87' lang='lat' dir='ltr'><strong>manus</strong></span> <span class='ocrx_word' id='word_1_481' title='bbox 2961 2951 3114 3006; x_wconf 77' lang='lat' dir='ltr'><strong>testis</strong></span> <span class='ocrx_word' id='word_1_482' title='bbox 3144 2957 3229 3006; x_wconf 81' lang='lat' dir='ltr'><strong>est</strong></span> <span class='ocrx_word' id='word_1_483' title='bbox 3253 2951 3506 3022; x_wconf 79' lang='lat' dir='ltr'><strong>propria;</strong></span> 
     </span>
    </p>
   </div>
   <div class='ocr_carea' id='block_1_59' title="bbox 1931 3032 3510 3116">
    <p class='ocr_par' dir='ltr' id='par_1_59' title="bbox 1931 3032 3510 3116">
     <span class='ocr_line' id='line_1_59' title="bbox 1931 3032 3510 3116; baseline -0.001 -18"><span class='ocrx_word' id='word_1_484' title='bbox 1931 3053 2091 3116; x_wconf 86' lang='lat' dir='ltr'><strong>quam</strong></span> <span class='ocrx_word' id='word_1_485' title='bbox 2119 3051 2226 3099; x_wconf 86' lang='lat' dir='ltr'><strong>non</strong></span> <span class='ocrx_word' id='word_1_486' title='bbox 2257 3043 2414 3098; x_wconf 87' lang='lat' dir='ltr'><strong>solito</strong></span> <span class='ocrx_word' id='word_1_487' title='bbox 2457 3057 2609 3099; x_wconf 90' lang='lat' dir='ltr'><strong>more</strong></span> <span class='ocrx_word' id='word_1_488' title='bbox 2657 3043 2874 3110; x_wconf 84' lang='lat' dir='ltr'><strong>dictavi,</strong></span> <span class='ocrx_word' id='word_1_489' title='bbox 2905 3043 3001 3099; x_wconf 84' lang='lat' dir='ltr'><strong>sed</strong></span> <span class='ocrx_word' id='word_1_490' title='bbox 3033 3053 3150 3097; x_wconf 84' lang='lat' dir='ltr'><strong>mea</strong></span> <span class='ocrx_word' id='word_1_491' title='bbox 3171 3032 3353 3097; x_wconf 53' lang='lat' dir='ltr'><strong>&#39;nianu</strong></span> <span class='ocrx_word' id='word_1_492' title='bbox 3395 3043 3510 3113; x_wconf 85' lang='lat' dir='ltr'><strong>ipse</strong></span> 
     </span>
    </p>
   </div>
   <div class='ocr_carea' id='block_1_60' title="bbox 1930 3131 3506 3207">
    <p class='ocr_par' dir='ltr' id='par_1_60' title="bbox 1930 3131 3506 3207">
     <span class='ocr_line' id='line_1_60' title="bbox 1930 3131 3506 3207; baseline -0.004 -15"><span class='ocrx_word' id='word_1_493' title='bbox 1930 3137 2245 3207; x_wconf 77' lang='lat' dir='ltr'><strong>conseripsi.</strong></span> <span class='ocrx_word' id='word_1_494' title='bbox 2278 3131 2390 3190; x_wconf 83' lang='lat' dir='ltr'><strong>Hoc</strong></span> <span class='ocrx_word' id='word_1_495' title='bbox 2426 3135 2564 3200; x_wconf 89' lang='lat' dir='ltr'><strong>dico,</strong></span> <span class='ocrx_word' id='word_1_496' title='bbox 2595 3135 2750 3204; x_wconf 77' lang='lat' dir='ltr'><strong>quasi</strong></span> <span class='ocrx_word' id='word_1_497' title='bbox 2773 3134 2884 3207; x_wconf 81' lang='lat' dir='ltr'><strong>(ad)</strong></span> <span class='ocrx_word' id='word_1_498' title='bbox 2911 3139 3234 3189; x_wconf 69' lang='lat' dir='ltr'><strong>extraneum</strong></span> <span class='ocrx_word' id='word_1_499' title='bbox 3259 3131 3506 3204; x_wconf 81' lang='lat' dir='ltr'><strong>loquens.</strong></span> 
     </span>
    </p>
   </div>
   <div class='ocr_carea' id='block_1_61' title="bbox 1931 3223 3512 3298">
    <p class='ocr_par' dir='ltr' id='par_1_61' title="bbox 1931 3223 3512 3298">
     <span class='ocr_line' id='line_1_61' title="bbox 1931 3223 3512 3298; baseline -0.005 -13"><span class='ocrx_word' id='word_1_500' title='bbox 1931 3223 2196 3285; x_wconf 55' lang='lat' dir='ltr'><strong>Caeterum</strong></span> <span class='ocrx_word' id='word_1_501' title='bbox 2219 3227 2269 3282; x_wconf 86' lang='lat' dir='ltr'><strong>si</strong></span> <span class='ocrx_word' id='word_1_502' title='bbox 2291 3227 2358 3280; x_wconf 86' lang='lat' dir='ltr'><strong>ad</strong></span> <span class='ocrx_word' id='word_1_503' title='bbox 2377 3225 2468 3296; x_wconf 85' lang='lat' dir='ltr'><strong>jus</strong></span> <span class='ocrx_word' id='word_1_504' title='bbox 2485 3239 2669 3280; x_wconf 87' lang='lat' dir='ltr'><strong>meum</strong></span> <span class='ocrx_word' id='word_1_505' title='bbox 2695 3225 2928 3290; x_wconf 81' lang='lat' dir='ltr'><strong>redeam,</strong></span> <span class='ocrx_word' id='word_1_506' title='bbox 2959 3227 3180 3298; x_wconf 75' lang='lat' dir='ltr'><strong>propter</strong></span> <span class='ocrx_word' id='word_1_507' title='bbox 3201 3227 3512 3278; x_wconf 78' lang='lat' dir='ltr'><strong>sermonem</strong></span> 
     </span>
    </p>
   </div>
   <div class='ocr_carea' id='block_1_62' title="bbox 249 3305 3515 3392">
    <p class='ocr_par' dir='ltr' id='par_1_62' title="bbox 249 3305 3515 3392">
     <span class='ocr_line' id='line_1_62' title="bbox 249 3305 3515 3392; baseline -0.002 -16"><span class='ocrx_word' id='word_1_508' title='bbox 249 3323 450 3392; x_wconf 69' lang='lat' dir='ltr'><strong>facere,</strong></span> <span class='ocrx_word' id='word_1_509' title='bbox 479 3325 554 3378; x_wconf 83' lang='lat' dir='ltr'><strong>uti</strong></span> <span class='ocrx_word' id='word_1_510' title='bbox 575 3337 640 3378; x_wconf 85' lang='lat' dir='ltr'><strong>ne</strong></span> <span class='ocrx_word' id='word_1_511' title='bbox 674 3323 806 3378; x_wconf 73' lang='lat' dir='ltr'><strong>velut</strong></span> <span class='ocrx_word' id='word_1_512' title='bbox 837 3339 900 3378; x_wconf 77' lang='lat' dir='ltr'><strong>ea:</strong></span> <span class='ocrx_word' id='word_1_513' title='bbox 929 3325 1229 3379; x_wconf 80' lang='lat' dir='ltr'><strong>necessitate</strong></span> <span class='ocrx_word' id='word_1_514' title='bbox 1263 3325 1450 3378; x_wconf 84' lang='lat' dir='ltr'><strong>bonum</strong></span> <span class='ocrx_word' id='word_1_515' title='bbox 1491 3333 1638 3377; x_wconf 82' lang='lat' dir='ltr'><strong>tuum</strong></span> <span class='ocrx_word' id='word_1_516' title='bbox 1667 3325 1829 3389; x_wconf 78' lang='lat' dir='ltr'><strong>esset,</strong></span> <span class='ocrx_word' id='word_1_517' title='bbox 1859 3315 1906 3379; x_wconf 84' lang='lat' dir='ltr'><strong><em>C</em></strong></span> <span class='ocrx_word' id='word_1_518' title='bbox 1929 3315 2136 3378; x_wconf 68' lang='lat' dir='ltr'><strong>Christi</strong></span> <span class='ocrx_word' id='word_1_519' title='bbox 2161 3325 2320 3390; x_wconf 80' lang='lat' dir='ltr'><strong>quem</strong></span> <span class='ocrx_word' id='word_1_520' title='bbox 2367 3319 2462 3373; x_wconf 87' lang='lat' dir='ltr'><strong>tibi</strong></span> <span class='ocrx_word' id='word_1_521' title='bbox 2489 3315 2867 3390; x_wconf 81' lang='lat' dir='ltr'><strong>evangeiizavi,</strong></span> <span class='ocrx_word' id='word_1_522' title='bbox 2911 3323 2964 3372; x_wconf 84' lang='lat' dir='ltr'><strong>et</strong></span> <span class='ocrx_word' id='word_1_523' title='bbox 3001 3305 3342 3372; x_wconf 80' lang='lat' dir='ltr'><strong>Christianus</strong></span> <span class='ocrx_word' id='word_1_524' title='bbox 3388 3313 3515 3370; x_wconf 78' lang='lat' dir='ltr'><strong>eﬂ‘e-</strong></span> 
     </span>
    </p>
   </div>
   <div class='ocr_carea' id='block_1_63' title="bbox 249 3413 1830 3490">
    <p class='ocr_par' dir='ltr' id='par_1_63' title="bbox 249 3413 1830 3490">
     <span class='ocr_line' id='line_1_63' title="bbox 249 3413 1830 3490; baseline 0.001 -18"><span class='ocrx_word' id='word_1_525' title='bbox 249 3419 346 3472; x_wconf 76' lang='lat' dir='ltr'><strong>setl</strong></span> <span class='ocrx_word' id='word_1_526' title='bbox 375 3417 745 3472; x_wconf 80' lang='lat' dir='ltr'><strong>voluntarium.</strong></span> <span class='ocrx_word' id='word_1_527' title='bbox 775 3413 909 3490; x_wconf 85' lang='lat' dir='ltr'><strong>[liae</strong></span> <span class='ocrx_word' id='word_1_528' title='bbox 935 3419 1202 3473; x_wconf 83' lang='lat' dir='ltr'><strong>sententia</strong></span> <span class='ocrx_word' id='word_1_529' title='bbox 1231 3419 1363 3472; x_wconf 87' lang='lat' dir='ltr'><strong>solvi</strong></span> <span class='ocrx_word' id='word_1_530' title='bbox 1385 3419 1564 3489; x_wconf 84' lang='lat' dir='ltr'><strong>potest</strong></span> <span class='ocrx_word' id='word_1_531' title='bbox 1584 3420 1830 3490; x_wconf 68' lang='lat' dir='ltr'><strong>qumsﬁo,</strong></span> 
     </span>
    </p>
   </div>
   <div class='ocr_carea' id='block_1_64' title="bbox 239 3507 1834 3580">
    <p class='ocr_par' dir='ltr' id='par_1_64' title="bbox 239 3507 1834 3580">
     <span class='ocr_line' id='line_1_64' title="bbox 239 3507 1834 3580; baseline 0.002 -17"><span class='ocrx_word' id='word_1_532' title='bbox 239 3523 360 3580; x_wconf 77' lang='lat' dir='ltr'><strong>qua</strong></span> <span class='ocrx_word' id='word_1_533' title='bbox 389 3509 604 3579; x_wconf 89' lang='lat' dir='ltr'><strong>quidam</strong></span> <span class='ocrx_word' id='word_1_534' title='bbox 651 3519 900 3565; x_wconf 86' lang='lat' dir='ltr'><strong>asserunt</strong></span> <span class='ocrx_word' id='word_1_535' title='bbox 939 3507 1110 3565; x_wconf 88' lang='lat' dir='ltr'><strong>Deum</strong></span> <span class='ocrx_word' id='word_1_536' title='bbox 1161 3509 1318 3564; x_wconf 84' lang='lat' dir='ltr'><strong>talem</strong></span> <span class='ocrx_word' id='word_1_537' title='bbox 1367 3509 1614 3566; x_wconf 86' lang='lat' dir='ltr'><strong>debuisse</strong></span> <span class='ocrx_word' id='word_1_538' title='bbox 1655 3509 1834 3566; x_wconf 82' lang='lat' dir='ltr'><strong>facere</strong></span> 
     </span>
    </p>
   </div>
   <div class='ocr_carea' id='block_1_65' title="bbox 237 3597 1834 3670">
    <p class='ocr_par' dir='ltr' id='par_1_65' title="bbox 237 3597 1834 3670">
     <span class='ocr_line' id='line_1_65' title="bbox 237 3597 1834 3670; baseline 0.001 -16"><span class='ocrx_word' id='word_1_539' title='bbox 237 3598 552 3664; x_wconf 76' lang='lat' dir='ltr'><strong>hominem,</strong></span> <span class='ocrx_word' id='word_1_540' title='bbox 575 3597 666 3668; x_wconf 89' lang='lat' dir='ltr'><strong>qui</strong></span> <span class='ocrx_word' id='word_1_541' title='bbox 695 3613 924 3669; x_wconf 87' lang='lat' dir='ltr'><strong>peccare</strong></span> <span class='ocrx_word' id='word_1_542' title='bbox 949 3615 1055 3654; x_wconf 80' lang='lat' dir='ltr'><strong>non</strong></span> <span class='ocrx_word' id='word_1_543' title='bbox 1079 3601 1265 3670; x_wconf 87' lang='lat' dir='ltr'><strong>possit.</strong></span> <span class='ocrx_word' id='word_1_544' title='bbox 1291 3597 1433 3655; x_wconf 89' lang='lat' dir='ltr'><strong>Deus</strong></span> <span class='ocrx_word' id='word_1_545' title='bbox 1457 3615 1585 3656; x_wconf 86' lang='lat' dir='ltr'><strong>vero</strong></span> <span class='ocrx_word' id='word_1_546' title='bbox 1607 3599 1721 3670; x_wconf 84' lang='lat' dir='ltr'><strong>ipse</strong></span> <span class='ocrx_word' id='word_1_547' title='bbox 1741 3617 1834 3656; x_wconf 89' lang='lat' dir='ltr'><strong>vo-</strong></span> 
     </span>
    </p>
   </div>
   <div class='ocr_carea' id='block_1_66' title="bbox 245 3687 1833 3763">
    <p class='ocr_par' dir='ltr' id='par_1_66' title="bbox 245 3687 1833 3763">
     <span class='ocr_line' id='line_1_66' title="bbox 245 3687 1833 3763; baseline 0.003 -19"><span class='ocrx_word' id='word_1_548' title='bbox 245 3689 520 3744; x_wconf 85' lang='lat' dir='ltr'><strong>luntarius</strong></span> <span class='ocrx_word' id='word_1_549' title='bbox 567 3698 672 3756; x_wconf 87' lang='lat' dir='ltr'><strong>est,</strong></span> <span class='ocrx_word' id='word_1_550' title='bbox 707 3707 811 3744; x_wconf 91' lang='lat' dir='ltr'><strong>non</strong></span> <span class='ocrx_word' id='word_1_551' title='bbox 847 3693 1150 3746; x_wconf 84' lang='lat' dir='ltr'><strong>necessarie</strong></span> <span class='ocrx_word' id='word_1_552' title='bbox 1189 3687 1358 3763; x_wconf 83' lang='lat' dir='ltr'><strong>(Leg.,</strong></span> <span class='ocrx_word' id='word_1_553' title='bbox 1385 3691 1688 3747; x_wconf 82' lang='lat' dir='ltr'><strong>voluntarie</strong></span> <span class='ocrx_word' id='word_1_554' title='bbox 1731 3695 1833 3748; x_wconf 78' lang='lat' dir='ltr'><strong>bc-</strong></span> 
     </span>
    </p>
   </div>
   <div class='ocr_carea' id='block_1_67' title="bbox 247 3781 1832 3854">
    <p class='ocr_par' dir='ltr' id='par_1_67' title="bbox 247 3781 1832 3854">
     <span class='ocr_line' id='line_1_67' title="bbox 247 3781 1832 3854; baseline 0.002 -16"><span class='ocrx_word' id='word_1_555' title='bbox 247 3797 355 3838; x_wconf 84' lang='lat' dir='ltr'><strong>nus</strong></span> <span class='ocrx_word' id='word_1_556' title='bbox 387 3791 488 3849; x_wconf 89' lang='lat' dir='ltr'><strong>est,</strong></span> <span class='ocrx_word' id='word_1_557' title='bbox 513 3799 626 3838; x_wconf 10' lang='lat' dir='ltr'><strong>{non</strong></span> <span class='ocrx_word' id='word_1_558' title='bbox 657 3781 1016 3854; x_wconf 86' lang='lat' dir='ltr'><strong>necessitate)</strong></span> <span class='ocrx_word' id='word_1_559' title='bbox 1045 3802 1058 3837; x_wconf 91' lang='lat'><strong>:</strong></span> <span class='ocrx_word' id='word_1_560' title='bbox 1091 3785 1252 3839; x_wconf 91' lang='lat' dir='ltr'><strong>homo</strong></span> <span class='ocrx_word' id='word_1_561' title='bbox 1278 3797 1429 3849; x_wconf 86' lang='lat' dir='ltr'><strong>vero,</strong></span> <span class='ocrx_word' id='word_1_562' title='bbox 1455 3785 1500 3838; x_wconf 89' lang='lat' dir='ltr'><strong>si</strong></span> <span class='ocrx_word' id='word_1_563' title='bbox 1535 3797 1600 3840; x_wconf 80' lang='lat' dir='ltr'><strong>ex</strong></span> <span class='ocrx_word' id='word_1_564' title='bbox 1641 3793 1832 3840; x_wconf 83' lang='lat' dir='ltr'><strong>neces-</strong></span> 
     </span>
    </p>
   </div>
   <div class='ocr_carea' id='block_1_68' title="bbox 245 3873 1834 3949">
    <p class='ocr_par' dir='ltr' id='par_1_68' title="bbox 245 3873 1834 3949">
     <span class='ocr_line' id='line_1_68' title="bbox 245 3873 1834 3949; baseline 0.003 -20"><span class='ocrx_word' id='word_1_565' title='bbox 245 3873 414 3929; x_wconf 77' lang='lat' dir='ltr'><strong>sitate</strong></span> <span class='ocrx_word' id='word_1_566' title='bbox 461 3873 635 3930; x_wconf 83' lang='lat' dir='ltr'><strong>bonus</strong></span> <span class='ocrx_word' id='word_1_567' title='bbox 675 3885 840 3940; x_wconf 88' lang='lat' dir='ltr'><strong>esset,</strong></span> <span class='ocrx_word' id='word_1_568' title='bbox 873 3891 980 3930; x_wconf 91' lang='lat' dir='ltr'><strong>non</strong></span> <span class='ocrx_word' id='word_1_569' title='bbox 1027 3873 1324 3942; x_wconf 82' lang='lat' dir='ltr'><strong>voluntate,</strong></span> <span class='ocrx_word' id='word_1_570' title='bbox 1357 3875 1453 3932; x_wconf 84' lang='lat' dir='ltr'><strong>Dei</strong></span> <span class='ocrx_word' id='word_1_571' title='bbox 1495 3877 1672 3949; x_wconf 82' lang='lat' dir='ltr'><strong>imago</strong></span> <span class='ocrx_word' id='word_1_572' title='bbox 1715 3893 1834 3933; x_wconf 90' lang='lat' dir='ltr'><strong>esse</strong></span> 
     </span>
    </p>
   </div>
   <div class='ocr_carea' id='block_1_69' title="bbox 237 3963 1834 4038">
    <p class='ocr_par' dir='ltr' id='par_1_69' title="bbox 237 3963 1834 4038">
     <span class='ocr_line' id='line_1_69' title="bbox 237 3963 1834 4038; baseline 0.002 -19"><span class='ocrx_word' id='word_1_573' title='bbox 237 3979 360 4019; x_wconf 70' lang='lat' dir='ltr'><strong>non</strong></span> <span class='ocrx_word' id='word_1_574' title='bbox 381 3965 599 4038; x_wconf 86' lang='lat' dir='ltr'><strong>possit.]</strong></span> <span class='ocrx_word' id='word_1_575' title='bbox 621 3963 802 4020; x_wconf 79' lang='lat' dir='ltr'><strong>Potuit</strong></span> <span class='ocrx_word' id='word_1_576' title='bbox 831 3965 1012 4036; x_wconf 78' lang='lat' dir='ltr'><strong>itaque</strong></span> <span class='ocrx_word' id='word_1_577' title='bbox 1041 3973 1097 4020; x_wconf 85' lang='lat' dir='ltr'><strong>et</strong></span> <span class='ocrx_word' id='word_1_578' title='bbox 1119 3968 1392 4035; x_wconf 67' lang='lat' dir='ltr'><strong>apestoim</strong></span> <span class='ocrx_word' id='word_1_579' title='bbox 1411 3968 1609 4022; x_wconf 86' lang='lat' dir='ltr'><strong>Paulus</strong></span> <span class='ocrx_word' id='word_1_580' title='bbox 1632 3969 1834 4038; x_wconf 89' lang='lat' dir='ltr'><strong>absque</strong></span> 
     </span>
    </p>
   </div>
   <div class='ocr_carea' id='block_1_70' title="bbox 247 4055 1832 4114">
    <p class='ocr_par' dir='ltr' id='par_1_70' title="bbox 247 4055 1832 4114">
     <span class='ocr_line' id='line_1_70' title="bbox 247 4055 1832 4114; baseline 0.003 -6"><span class='ocrx_word' id='word_1_581' title='bbox 247 4055 526 4110; x_wconf 74' lang='lat' dir='ltr'><strong>voluntate</strong></span> <span class='ocrx_word' id='word_1_582' title='bbox 553 4055 879 4110; x_wconf 86' lang='lat' dir='ltr'><strong>Philemonis</strong></span> <span class='ocrx_word' id='word_1_583' title='bbox 903 4057 1216 4111; x_wconf 82' lang='lat' dir='ltr'><strong>Onesimum</strong></span> <span class='ocrx_word' id='word_1_584' title='bbox 1251 4057 1356 4112; x_wconf 79' lang='lat' dir='ltr'><strong>sibi</strong></span> <span class='ocrx_word' id='word_1_585' title='bbox 1387 4058 1442 4112; x_wconf 91' lang='lat' dir='ltr'><strong>in</strong></span> <span class='ocrx_word' id='word_1_586' title='bbox 1473 4059 1832 4114; x_wconf 77' lang='lat' dir='ltr'><strong>ministerium</strong></span> 
     </span>
    </p>
   </div>
   <div class='ocr_carea' id='block_1_71' title="bbox 249 4145 1834 4214">
    <p class='ocr_par' dir='ltr' id='par_1_71' title="bbox 249 4145 1834 4214">
     <span class='ocr_line' id='line_1_71' title="bbox 249 4145 1834 4214; baseline 0.003 -13"><span class='ocrx_word' id='word_1_587' title='bbox 249 4149 520 4214; x_wconf 72' lang='lat' dir='ltr'><strong>retinere;</strong></span> <span class='ocrx_word' id='word_1_588' title='bbox 552 4147 646 4202; x_wconf 82' lang='lat' dir='ltr'><strong>sed</strong></span> <span class='ocrx_word' id='word_1_589' title='bbox 673 4147 719 4202; x_wconf 87' lang='lat' dir='ltr'><strong>si</strong></span> <span class='ocrx_word' id='word_1_590' title='bbox 747 4147 850 4203; x_wconf 82' lang='lat' dir='ltr'><strong>hoc</strong></span> <span class='ocrx_word' id='word_1_591' title='bbox 873 4147 990 4202; x_wconf 87' lang='lat' dir='ltr'><strong>sine</strong></span> <span class='ocrx_word' id='word_1_592' title='bbox 1005 4145 1340 4203; x_wconf 80' lang='lat' dir='ltr'><strong>Philemonis</strong></span> <span class='ocrx_word' id='word_1_593' title='bbox 1369 4149 1645 4204; x_wconf 86' lang='lat' dir='ltr'><strong>voluntate</strong></span> <span class='ocrx_word' id='word_1_594' title='bbox 1675 4149 1834 4206; x_wconf 79' lang='lat' dir='ltr'><strong>fecis-</strong></span> 
     </span>
    </p>
   </div>
   <div class='ocr_carea' id='block_1_72' title="bbox 235 4239 1830 4310">
    <p class='ocr_par' dir='ltr' id='par_1_72' title="bbox 235 4239 1830 4310">
     <span class='ocr_line' id='line_1_72' title="bbox 235 4239 1830 4310; baseline 0.001 -16"><span class='ocrx_word' id='word_1_595' title='bbox 235 4248 335 4294; x_wconf 77' lang='lat' dir='ltr'><strong>set</strong></span> <span class='ocrx_word' id='word_1_596' title='bbox 361 4283 376 4304; x_wconf 94' lang='lat'><strong>,</strong></span> <span class='ocrx_word' id='word_1_597' title='bbox 409 4241 614 4296; x_wconf 85' lang='lat' dir='ltr'><strong>bonum</strong></span> <span class='ocrx_word' id='word_1_598' title='bbox 671 4241 885 4310; x_wconf 86' lang='lat' dir='ltr'><strong>quidem</strong></span> <span class='ocrx_word' id='word_1_599' title='bbox 931 4247 1080 4304; x_wconf 79' lang='lat' dir='ltr'><strong>erat,</strong></span> <span class='ocrx_word' id='word_1_600' title='bbox 1129 4239 1224 4295; x_wconf 80' lang='lat' dir='ltr'><strong>sed</strong></span> <span class='ocrx_word' id='word_1_601' title='bbox 1270 4253 1376 4295; x_wconf 91' lang='lat' dir='ltr'><strong>non</strong></span> <span class='ocrx_word' id='word_1_602' title='bbox 1420 4241 1778 4296; x_wconf 86' lang='lat' dir='ltr'><strong>voluntarium</strong></span> <span class='ocrx_word' id='word_1_603' title='bbox 1817 4261 1830 4295; x_wconf 90' lang='lat'><strong>:</strong></span> 
     </span>
    </p>
   </div>
   <div class='ocr_carea' id='block_1_73' title="bbox 243 4333 1832 4410">
    <p class='ocr_par' dir='ltr' id='par_1_73' title="bbox 243 4333 1832 4410">
     <span class='ocr_line' id='line_1_73' title="bbox 243 4333 1832 4410; baseline -0.001 -18"><span class='ocrx_word' id='word_1_604' title='bbox 243 4338 396 4410; x_wconf 76' lang='lat' dir='ltr'><strong>quod</strong></span> <span class='ocrx_word' id='word_1_605' title='bbox 427 4345 608 4390; x_wconf 85' lang='lat' dir='ltr'><strong>autem</strong></span> <span class='ocrx_word' id='word_1_606' title='bbox 641 4349 750 4389; x_wconf 90' lang='lat' dir='ltr'><strong>non</strong></span> <span class='ocrx_word' id='word_1_607' title='bbox 773 4343 889 4390; x_wconf 87' lang='lat' dir='ltr'><strong>erat</strong></span> <span class='ocrx_word' id='word_1_608' title='bbox 913 4333 1295 4398; x_wconf 86' lang='lat' dir='ltr'><strong>voluntarium,</strong></span> <span class='ocrx_word' id='word_1_609' title='bbox 1329 4335 1435 4388; x_wconf 88' lang='lat' dir='ltr'><strong>alio</strong></span> <span class='ocrx_word' id='word_1_610' title='bbox 1463 4347 1660 4406; x_wconf 82' lang='lat' dir='ltr'><strong>genere</strong></span> <span class='ocrx_word' id='word_1_611' title='bbox 1681 4336 1832 4407; x_wconf 82' lang='lat' dir='ltr'><strong>argui</strong></span> 
     </span>
    </p>
   </div>
   <div class='ocr_carea' id='block_1_74' title="bbox 247 4423 1834 4498">
    <p class='ocr_par' dir='ltr' id='par_1_74' title="bbox 247 4423 1834 4498">
     <span class='ocr_line' id='line_1_74' title="bbox 247 4423 1834 4498; baseline 0 -17"><span class='ocrx_word' id='word_1_612' title='bbox 247 4433 468 4498; x_wconf 83' lang='lat' dir='ltr'><strong>poterat</strong></span> <span class='ocrx_word' id='word_1_613' title='bbox 490 4439 598 4479; x_wconf 88' lang='lat' dir='ltr'><strong>non</strong></span> <span class='ocrx_word' id='word_1_614' title='bbox 627 4439 744 4478; x_wconf 88' lang='lat' dir='ltr'><strong>esse</strong></span> <span class='ocrx_word' id='word_1_615' title='bbox 773 4423 994 4478; x_wconf 77' lang='lat' dir='ltr'><strong>bonum.</strong></span> <span class='ocrx_word' id='word_1_616' title='bbox 1027 4423 1172 4478; x_wconf 82' lang='lat' dir='ltr'><strong>Nihil</strong></span> <span class='ocrx_word' id='word_1_617' title='bbox 1201 4424 1399 4494; x_wconf 88' lang='lat' dir='ltr'><strong>quippe</strong></span> <span class='ocrx_word' id='word_1_618' title='bbox 1429 4423 1716 4498; x_wconf 87' lang='lat' dir='ltr'><strong>[absolute]</strong></span> <span class='ocrx_word' id='word_1_619' title='bbox 1741 4427 1834 4482; x_wconf 89' lang='lat' dir='ltr'><strong>bo-</strong></span> 
     </span>
    </p>
   </div>
   <div class='ocr_carea' id='block_1_75' title="bbox 251 4513 1836 4588">
    <p class='ocr_par' dir='ltr' id='par_1_75' title="bbox 251 4513 1836 4588">
     <span class='ocr_line' id='line_1_75' title="bbox 251 4513 1836 4588; baseline -0.001 -14"><span class='ocrx_word' id='word_1_620' title='bbox 251 4533 388 4574; x_wconf 90' lang='lat' dir='ltr'><strong>num</strong></span> <span class='ocrx_word' id='word_1_621' title='bbox 414 4531 531 4570; x_wconf 88' lang='lat' dir='ltr'><strong>esse</strong></span> <span class='ocrx_word' id='word_1_622' title='bbox 555 4515 770 4585; x_wconf 88' lang='lat' dir='ltr'><strong>poterit,</strong></span> <span class='ocrx_word' id='word_1_623' title='bbox 802 4515 904 4569; x_wconf 84' lang='lat' dir='ltr'><strong>nisi</strong></span> <span class='ocrx_word' id='word_1_624' title='bbox 933 4513 1073 4584; x_wconf 87' lang='lat' dir='ltr'><strong>quod</strong></span> <span class='ocrx_word' id='word_1_625' title='bbox 1115 4515 1422 4570; x_wconf 88' lang='lat' dir='ltr'><strong>ultroneum</strong></span> <span class='ocrx_word' id='word_1_626' title='bbox 1460 4525 1559 4572; x_wconf 89' lang='lat' dir='ltr'><strong>est.</strong></span> <span class='ocrx_word' id='word_1_627' title='bbox 1609 4517 1686 4573; x_wconf 78' lang='lat' dir='ltr'><strong>Ex</strong></span> <span class='ocrx_word' id='word_1_628' title='bbox 1729 4533 1836 4588; x_wconf 91' lang='lat' dir='ltr'><strong>quo</strong></span> 
     </span>
    </p>
   </div>
   <div class='ocr_carea' id='block_1_76' title="bbox 237 4605 1838 4679">
    <p class='ocr_par' dir='ltr' id='par_1_76' title="bbox 237 4605 1838 4679">
     <span class='ocr_line' id='line_1_76' title="bbox 237 4605 1838 4679; baseline -0.003 -13"><span class='ocrx_word' id='word_1_629' title='bbox 237 4607 496 4679; x_wconf 64' lang='lat' dir='ltr'><strong>&#39;Apostoii</strong></span> <span class='ocrx_word' id='word_1_630' title='bbox 517 4605 904 4660; x_wconf 85' lang='lat' dir='ltr'><strong>consideranda</strong></span> <span class='ocrx_word' id='word_1_631' title='bbox 925 4605 1210 4674; x_wconf 78' lang='lat' dir='ltr'><strong>prudentia</strong></span> <span class='ocrx_word' id='word_1_632' title='bbox 1237 4613 1340 4670; x_wconf 87' lang='lat' dir='ltr'><strong>est,</strong></span> <span class='ocrx_word' id='word_1_633' title='bbox 1364 4607 1455 4678; x_wconf 90' lang='lat' dir='ltr'><strong>qui</strong></span> <span class='ocrx_word' id='word_1_634' title='bbox 1481 4607 1684 4662; x_wconf 82' lang='lat' dir='ltr'><strong>idcirco</strong></span> <span class='ocrx_word' id='word_1_635' title='bbox 1703 4607 1838 4677; x_wconf 79' lang='lat' dir='ltr'><strong>fugi-</strong></span> 
     </span>
    </p>
   </div>
   <div class='ocr_carea' id='block_1_77' title="bbox 1931 3405 3512 3480">
    <p class='ocr_par' dir='ltr' id='par_1_77' title="bbox 1931 3405 3512 3480">
     <span class='ocr_line' id='line_1_77' title="bbox 1931 3405 3512 3480; baseline -0.004 -12"><span class='ocrx_word' id='word_1_636' title='bbox 1931 3413 2053 3469; x_wconf 61' lang='lat' dir='ltr'><strong>suis</strong></span> <span class='ocrx_word' id='word_1_637' title='bbox 2081 3421 2161 3478; x_wconf 84' lang='lat' dir='ltr'><strong>es,</strong></span> <span class='ocrx_word' id='word_1_638' title='bbox 2177 3417 2240 3466; x_wconf 74' lang='lat' dir='ltr'><strong>te</strong></span> <span class='ocrx_word' id='word_1_639' title='bbox 2269 3407 2400 3464; x_wconf 84' lang='lat' dir='ltr'><strong>mihi</strong></span> <span class='ocrx_word' id='word_1_640' title='bbox 2429 3411 2603 3480; x_wconf 86' lang='lat' dir='ltr'><strong>ipsum</strong></span> <span class='ocrx_word' id='word_1_641' title='bbox 2627 3409 2806 3465; x_wconf 88' lang='lat' dir='ltr'><strong>debes.</strong></span> <span class='ocrx_word' id='word_1_642' title='bbox 2835 3405 2990 3477; x_wconf 75' lang='lat' dir='ltr'><strong>Quod</strong></span> <span class='ocrx_word' id='word_1_643' title='bbox 3009 3409 3057 3465; x_wconf 80' lang='lat' dir='ltr'><strong>si</strong></span> <span class='ocrx_word' id='word_1_644' title='bbox 3081 3415 3146 3463; x_wconf 79' lang='lat' dir='ltr'><strong>tu</strong></span> <span class='ocrx_word' id='word_1_645' title='bbox 3174 3419 3326 3463; x_wconf 85' lang='lat' dir='ltr'><strong>meus</strong></span> <span class='ocrx_word' id='word_1_646' title='bbox 3349 3421 3431 3475; x_wconf 89' lang='lat' dir='ltr'><strong>es,</strong></span> <span class='ocrx_word' id='word_1_647' title='bbox 3455 3415 3512 3463; x_wconf 90' lang='lat' dir='ltr'><strong>et</strong></span> 
     </span>
    </p>
   </div>
   <div class='ocr_carea' id='block_1_78' title="bbox 1927 3487 3508 3576">
    <p class='ocr_par' dir='ltr' id='par_1_78' title="bbox 1927 3487 3508 3576">
     <span class='ocr_line' id='line_1_78' title="bbox 1927 3487 3508 3576; baseline -0.004 -17"><span class='ocrx_word' id='word_1_648' title='bbox 1927 3509 2024 3559; x_wconf 80' lang='lat' dir='ltr'><strong>tua</strong></span> <span class='ocrx_word' id='word_1_649' title='bbox 2249 3501 2432 3558; x_wconf 78' lang='lat' dir='ltr'><strong>omnia</strong></span> <span class='ocrx_word' id='word_1_650' title='bbox 2473 3515 2594 3556; x_wconf 86' lang='lat' dir='ltr'><strong>mea</strong></span> <span class='ocrx_word' id='word_1_651' title='bbox 2625 3509 2782 3566; x_wconf 85' lang='lat' dir='ltr'><strong>sunt;</strong></span> <span class='ocrx_word' id='word_1_652' title='bbox 2827 3497 2904 3573; x_wconf 64' lang='lat' dir='ltr'><strong>&#39;[si</strong></span> <span class='ocrx_word' id='word_1_653' title='bbox 2951 3503 3130 3555; x_wconf 73' lang='lat' dir='ltr'><strong>autem</strong></span> <span class='ocrx_word' id='word_1_654' title='bbox 3175 3507 3277 3553; x_wconf 83' lang='lat' dir='ltr'><strong>tua</strong></span> <span class='ocrx_word' id='word_1_655' title='bbox 3323 3498 3508 3554; x_wconf 80' lang='lat' dir='ltr'><strong>omnia</strong></span> 
     </span>
    </p>
   </div>
   <div class='ocr_carea' id='block_1_79' title="bbox 1933 3591 3512 3667">
    <p class='ocr_par' dir='ltr' id='par_1_79' title="bbox 1933 3591 3512 3667">
     <span class='ocr_line' id='line_1_79' title="bbox 1933 3591 3512 3667; baseline -0.003 -15"><span class='ocrx_word' id='word_1_656' title='bbox 1933 3603 2054 3652; x_wconf 78' lang='lat' dir='ltr'><strong>mea</strong></span> <span class='ocrx_word' id='word_1_657' title='bbox 2101 3593 2274 3667; x_wconf 86' lang='lat' dir='ltr'><strong>sunt,]</strong></span> <span class='ocrx_word' id='word_1_658' title='bbox 2309 3591 2607 3650; x_wconf 66' lang='lat' dir='ltr'><strong>Onesimus</strong></span> <span class='ocrx_word' id='word_1_659' title='bbox 2651 3601 2885 3664; x_wconf 87' lang='lat' dir='ltr'><strong>quoque,</strong></span> <span class='ocrx_word' id='word_1_660' title='bbox 2931 3593 3020 3664; x_wconf 91' lang='lat' dir='ltr'><strong>qui</strong></span> <span class='ocrx_word' id='word_1_661' title='bbox 3065 3599 3191 3648; x_wconf 84' lang='lat' dir='ltr'><strong>tuus</strong></span> <span class='ocrx_word' id='word_1_662' title='bbox 3225 3599 3324 3658; x_wconf 84' lang='lat' dir='ltr'><strong>est,</strong></span> <span class='ocrx_word' id='word_1_663' title='bbox 3357 3601 3512 3648; x_wconf 85' lang='lat' dir='ltr'><strong>meus</strong></span> 
     </span>
    </p>
   </div>
   <div class='ocr_carea' id='block_1_80' title="bbox 1927 3685 3515 3759">
    <p class='ocr_par' dir='ltr' id='par_1_80' title="bbox 1927 3685 3515 3759">
     <span class='ocr_line' id='line_1_80' title="bbox 1927 3685 3515 3759; baseline -0.001 -14"><span class='ocrx_word' id='word_1_664' title='bbox 1927 3697 2036 3746; x_wconf 84' lang='lat' dir='ltr'><strong>est.</strong></span> <span class='ocrx_word' id='word_1_665' title='bbox 2075 3685 2324 3745; x_wconf 83' lang='lat' dir='ltr'><strong>Poteram</strong></span> <span class='ocrx_word' id='word_1_666' title='bbox 2370 3687 2534 3759; x_wconf 84' lang='lat' dir='ltr'><strong>igitur</strong></span> <span class='ocrx_word' id='word_1_667' title='bbox 2562 3699 2626 3744; x_wconf 85' lang='lat' dir='ltr'><strong>eo</strong></span> <span class='ocrx_word' id='word_1_668' title='bbox 2659 3689 2758 3756; x_wconf 88' lang='lat' dir='ltr'><strong>uti,</strong></span> <span class='ocrx_word' id='word_1_669' title='bbox 2810 3695 2870 3744; x_wconf 91' lang='lat' dir='ltr'><strong>ut</strong></span> <span class='ocrx_word' id='word_1_670' title='bbox 2917 3695 3070 3756; x_wconf 84' lang='lat' dir='ltr'><strong>meo;</strong></span> <span class='ocrx_word' id='word_1_671' title='bbox 3115 3689 3212 3743; x_wconf 82' lang='lat' dir='ltr'><strong>sed</strong></span> <span class='ocrx_word' id='word_1_672' title='bbox 3253 3689 3515 3746; x_wconf 83' lang='lat' dir='ltr'><strong>voluntati</strong></span> 
     </span>
    </p>
   </div>
   <div class='ocr_carea' id='block_1_81' title="bbox 1935 3775 3513 3852">
    <p class='ocr_par' dir='ltr' id='par_1_81' title="bbox 1935 3775 3513 3852">
     <span class='ocr_line' id='line_1_81' title="bbox 1935 3775 3513 3852; baseline -0.003 -14"><span class='ocrx_word' id='word_1_673' title='bbox 1935 3791 2040 3838; x_wconf 68' lang='lat' dir='ltr'><strong>tum</strong></span> <span class='ocrx_word' id='word_1_674' title='bbox 2089 3781 2370 3852; x_wconf 89' lang='lat' dir='ltr'><strong>relinquo,</strong></span> <span class='ocrx_word' id='word_1_675' title='bbox 2433 3789 2493 3834; x_wconf 92' lang='lat' dir='ltr'><strong>ut</strong></span> <span class='ocrx_word' id='word_1_676' title='bbox 2551 3775 2855 3836; x_wconf 81' lang='lat' dir='ltr'><strong>mercedem</strong></span> <span class='ocrx_word' id='word_1_677' title='bbox 2909 3781 3114 3836; x_wconf 83' lang='lat' dir='ltr'><strong>habeas</strong></span> <span class='ocrx_word' id='word_1_678' title='bbox 3165 3781 3513 3850; x_wconf 80' lang='lat' dir='ltr'><strong>ignoscendo.</strong></span> 
     </span>
    </p>
   </div>
   <div class='ocr_carea' id='block_1_82' title="bbox 1937 3867 3514 3946">
    <p class='ocr_par' dir='ltr' id='par_1_82' title="bbox 1937 3867 3514 3946">
     <span class='ocr_line' id='line_1_82' title="bbox 1937 3867 3514 3946; baseline -0.002 -17"><span class='ocrx_word' id='word_1_679' title='bbox 1937 3873 2121 3946; x_wconf 67' lang='lat' dir='ltr'><strong>(Vens.</strong></span> <span class='ocrx_word' id='word_1_680' title='bbox 2153 3871 2267 3944; x_wconf 69' lang='grc' dir='ltr'><strong>ΞΟ.)</strong></span> <span class='ocrx_word' id='word_1_681' title='bbox 2309 3867 2394 3924; x_wconf 82' lang='lat' dir='ltr'><strong>Ita</strong></span> <span class='ocrx_word' id='word_1_682' title='bbox 2423 3872 2606 3940; x_wconf 78' lang='lat' dir='ltr'><strong>frater.</strong></span> <span class='ocrx_word' id='word_1_683' title='bbox 2641 3869 2754 3942; x_wconf 84' lang='lat' dir='ltr'><strong>Ego</strong></span> <span class='ocrx_word' id='word_1_684' title='bbox 2779 3881 2827 3925; x_wconf 87' lang='lat' dir='ltr'><strong>te</strong></span> <span class='ocrx_word' id='word_1_685' title='bbox 2854 3871 3006 3940; x_wconf 79' lang='lat' dir='ltr'><strong>fruar</strong></span> <span class='ocrx_word' id='word_1_686' title='bbox 3039 3873 3094 3925; x_wconf 88' lang='lat' dir='ltr'><strong>in</strong></span> <span class='ocrx_word' id='word_1_687' title='bbox 3115 3869 3365 3926; x_wconf 78' lang='lat' dir='ltr'><strong>Domino.</strong></span> <span class='ocrx_word' id='word_1_688' title='bbox 3409 3871 3514 3926; x_wconf 87' lang='lat' dir='ltr'><strong>Re-</strong></span> 
     </span>
    </p>
   </div>
   <div class='ocr_carea' id='block_1_83' title="bbox 1934 3959 3515 4035">
    <p class='ocr_par' dir='ltr' id='par_1_83' title="bbox 1934 3959 3515 4035">
     <span class='ocr_line' id='line_1_83' title="bbox 1934 3959 3515 4035; baseline -0.002 -16"><span class='ocrx_word' id='word_1_689' title='bbox 1934 3967 2032 4035; x_wconf 83' lang='lat' dir='ltr'><strong>fice</strong></span> <span class='ocrx_word' id='word_1_690' title='bbox 2069 3967 2264 4019; x_wconf 81' lang='lat' dir='ltr'><strong>viscera</strong></span> <span class='ocrx_word' id='word_1_691' title='bbox 2297 3979 2410 4017; x_wconf 86' lang='lat' dir='ltr'><strong>mea</strong></span> <span class='ocrx_word' id='word_1_692' title='bbox 2445 3963 2500 4016; x_wconf 85' lang='lat' dir='ltr'><strong>in</strong></span> <span class='ocrx_word' id='word_1_693' title='bbox 2553 3959 2782 4018; x_wconf 75' lang='lat' dir='ltr'><strong>Christo.</strong></span> <span class='ocrx_word' id='word_1_694' title='bbox 2830 3961 2982 4029; x_wconf 76' lang='lat' dir='ltr'><strong>QUOd</strong></span> <span class='ocrx_word' id='word_1_695' title='bbox 3010 3971 3188 4018; x_wconf 87' lang='lat' dir='ltr'><strong>autem</strong></span> <span class='ocrx_word' id='word_1_696' title='bbox 3217 3963 3293 4018; x_wconf 84' lang='lat' dir='ltr'><strong>ait</strong></span> <span class='ocrx_word' id='word_1_697' title='bbox 3343 3982 3356 4017; x_wconf 89' lang='lat'><strong>:</strong></span> <span class='ocrx_word' id='word_1_698' title='bbox 3401 3961 3515 4034; x_wconf 83' lang='lat' dir='ltr'><strong>Ego</strong></span> 
     </span>
    </p>
   </div>
   <div class='ocr_carea' id='block_1_84' title="bbox 1929 4051 3515 4128">
    <p class='ocr_par' dir='ltr' id='par_1_84' title="bbox 1929 4051 3515 4128">
     <span class='ocr_line' id='line_1_84' title="bbox 1929 4051 3515 4128; baseline -0.001 -16"><span class='ocrx_word' id='word_1_699' title='bbox 1929 4067 1981 4112; x_wconf 80' lang='lat' dir='ltr'><strong>te</strong></span> <span class='ocrx_word' id='word_1_700' title='bbox 2025 4058 2178 4128; x_wconf 80' lang='lat' dir='ltr'><strong>fruar</strong></span> <span class='ocrx_word' id='word_1_701' title='bbox 2211 4057 2266 4110; x_wconf 80' lang='lat' dir='ltr'><strong>in</strong></span> <span class='ocrx_word' id='word_1_702' title='bbox 2298 4053 2542 4120; x_wconf 76' lang='lat' dir='ltr'><strong>Domina,</strong></span> <span class='ocrx_word' id='word_1_703' title='bbox 2595 4051 2740 4110; x_wconf 87' lang='lat' dir='ltr'><strong>aliud</strong></span> <span class='ocrx_word' id='word_1_704' title='bbox 2785 4053 2954 4110; x_wconf 90' lang='lat' dir='ltr'><strong>multo</strong></span> <span class='ocrx_word' id='word_1_705' title='bbox 2998 4055 3316 4126; x_wconf 81' lang='lat' dir='ltr'><strong>intelligitur</strong></span> <span class='ocrx_word' id='word_1_706' title='bbox 3355 4063 3515 4126; x_wconf 83' lang='lat' dir='ltr'><strong>quam</strong></span> 
     </span>
    </p>
   </div>
   <div class='ocr_carea' id='block_1_85' title="bbox 1933 4143 3516 4220">
    <p class='ocr_par' dir='ltr' id='par_1_85' title="bbox 1933 4143 3516 4220">
     <span class='ocr_line' id='line_1_85' title="bbox 1933 4143 3516 4220; baseline -0.001 -17"><span class='ocrx_word' id='word_1_707' title='bbox 1933 4157 2174 4220; x_wconf 82' lang='lat' dir='ltr'><strong>putatur.</strong></span> <span class='ocrx_word' id='word_1_708' title='bbox 2212 4147 2655 4218; x_wconf 66' lang='lat' dir='ltr'><strong>Aposwlusnon</strong></span> <span class='ocrx_word' id='word_1_709' title='bbox 2685 4143 2884 4200; x_wconf 82' lang='lat' dir='ltr'><strong>fruitur</strong></span> <span class='ocrx_word' id='word_1_710' title='bbox 2903 4145 3007 4202; x_wconf 86' lang='lat' dir='ltr'><strong>nisi</strong></span> <span class='ocrx_word' id='word_1_711' title='bbox 3063 4146 3142 4202; x_wconf 86' lang='lat' dir='ltr'><strong>eis</strong></span> <span class='ocrx_word' id='word_1_712' title='bbox 3189 4143 3362 4220; x_wconf 64' lang='lat' dir='ltr'><strong>[Hiera</strong></span> <span class='ocrx_word' id='word_1_713' title='bbox 3411 4147 3516 4202; x_wconf 90' lang='lat' dir='ltr'><strong>nisi</strong></span> 
     </span>
    </p>
   </div>
   <div class='ocr_carea' id='block_1_86' title="bbox 1933 4231 3518 4312">
    <p class='ocr_par' dir='ltr' id='par_1_86' title="bbox 1933 4231 3518 4312">
     <span class='ocr_line' id='line_1_86' title="bbox 1933 4231 3518 4312; baseline -0.002 -18"><span class='ocrx_word' id='word_1_714' title='bbox 1933 4237 2043 4310; x_wconf 88' lang='lat' dir='ltr'><strong>eo],</strong></span> <span class='ocrx_word' id='word_1_715' title='bbox 2085 4235 2178 4309; x_wconf 86' lang='lat' dir='ltr'><strong>qui</strong></span> <span class='ocrx_word' id='word_1_716' title='bbox 2211 4237 2408 4292; x_wconf 87' lang='lat' dir='ltr'><strong>multas</strong></span> <span class='ocrx_word' id='word_1_717' title='bbox 2437 4237 2490 4292; x_wconf 91' lang='lat' dir='ltr'><strong>in</strong></span> <span class='ocrx_word' id='word_1_718' title='bbox 2521 4251 2580 4293; x_wconf 88' lang='lat' dir='ltr'><strong>se</strong></span> <span class='ocrx_word' id='word_1_719' title='bbox 2605 4237 2770 4293; x_wconf 86' lang='lat' dir='ltr'><strong>habet</strong></span> <span class='ocrx_word' id='word_1_720' title='bbox 2797 4237 3136 4293; x_wconf 85' lang='lat' dir='ltr'><strong>continentes</strong></span> <span class='ocrx_word' id='word_1_721' title='bbox 3165 4231 3364 4312; x_wconf 83' lang='lat' dir='ltr'><strong>[‘Hier.,</strong></span> <span class='ocrx_word' id='word_1_722' title='bbox 3389 4249 3518 4292; x_wconf 88' lang='lat' dir='ltr'><strong>con-</strong></span> 
     </span>
    </p>
   </div>
   <div class='ocr_carea' id='block_1_87' title="bbox 1934 4327 3518 4402">
    <p class='ocr_par' dir='ltr' id='par_1_87' title="bbox 1934 4327 3518 4402">
     <span class='ocr_line' id='line_1_87' title="bbox 1934 4327 3518 4402; baseline -0.001 -16"><span class='ocrx_word' id='word_1_723' title='bbox 1934 4329 2305 4402; x_wconf 85' lang='lat' dir='ltr'><strong>cinentesque]</strong></span> <span class='ocrx_word' id='word_1_724' title='bbox 2349 4331 2596 4395; x_wconf 81' lang='lat' dir='ltr'><strong>virtutes,</strong></span> <span class='ocrx_word' id='word_1_725' title='bbox 2640 4335 2694 4385; x_wconf 85' lang='lat' dir='ltr'><strong>et</strong></span> <span class='ocrx_word' id='word_1_726' title='bbox 2723 4333 2906 4384; x_wconf 78' lang='lat' dir='ltr'><strong>totum</strong></span> <span class='ocrx_word' id='word_1_727' title='bbox 2935 4329 3080 4400; x_wconf 73' lang='lat' dir='ltr'><strong>Quod</strong></span> <span class='ocrx_word' id='word_1_728' title='bbox 3106 4329 3355 4386; x_wconf 82' lang='lat' dir='ltr'><strong>Christus</strong></span> <span class='ocrx_word' id='word_1_729' title='bbox 3389 4327 3518 4386; x_wconf 87' lang='lat' dir='ltr'><strong>dici-</strong></span> 
     </span>
    </p>
   </div>
   <div class='ocr_carea' id='block_1_88' title="bbox 1933 4419 3515 4492">
    <p class='ocr_par' dir='ltr' id='par_1_88' title="bbox 1933 4419 3515 4492">
     <span class='ocr_line' id='line_1_88' title="bbox 1933 4419 3515 4492; baseline 0.001 -18"><span class='ocrx_word' id='word_1_730' title='bbox 1933 4427 2024 4475; x_wconf 87' lang='lat' dir='ltr'><strong>tur</strong></span> <span class='ocrx_word' id='word_1_731' title='bbox 2081 4435 2182 4492; x_wconf 91' lang='lat' dir='ltr'><strong>pro</strong></span> <span class='ocrx_word' id='word_1_732' title='bbox 2239 4423 2504 4476; x_wconf 83' lang='lat' dir='ltr'><strong>varietate</strong></span> <span class='ocrx_word' id='word_1_733' title='bbox 2543 4435 2849 4486; x_wconf 87' lang='lat' dir='ltr'><strong>causarum,</strong></span> <span class='ocrx_word' id='word_1_734' title='bbox 2889 4421 3208 4491; x_wconf 84' lang='lat' dir='ltr'><strong>sapientiam</strong></span> <span class='ocrx_word' id='word_1_735' title='bbox 3243 4419 3515 4486; x_wconf 80' lang='lat' dir='ltr'><strong>videlicet,</strong></span> 
     </span>
    </p>
   </div>
   <div class='ocr_carea' id='block_1_89' title="bbox 1929 4509 3517 4584">
    <p class='ocr_par' dir='ltr' id='par_1_89' title="bbox 1929 4509 3517 4584">
     <span class='ocr_line' id='line_1_89' title="bbox 1929 4509 3517 4584; baseline 0.001 -18"><span class='ocrx_word' id='word_1_736' title='bbox 1929 4509 2231 4584; x_wconf 81' lang='lat' dir='ltr'><strong>justitiam,</strong></span> <span class='ocrx_word' id='word_1_737' title='bbox 2273 4512 2656 4566; x_wconf 85' lang='lat' dir='ltr'><strong>continentiam</strong></span> <span class='ocrx_word' id='word_1_738' title='bbox 2683 4552 2697 4578; x_wconf 91' lang='lat'><strong>,</strong></span> <span class='ocrx_word' id='word_1_739' title='bbox 2747 4513 3217 4568; x_wconf 84' lang='lat' dir='ltr'><strong>mansuetudinem</strong></span> <span class='ocrx_word' id='word_1_740' title='bbox 3244 4552 3259 4578; x_wconf 90' lang='lat'><strong>,</strong></span> <span class='ocrx_word' id='word_1_741' title='bbox 3312 4517 3517 4584; x_wconf 87' lang='lat' dir='ltr'><strong>tempe-</strong></span> 
     </span>
    </p>
   </div>
   <div class='ocr_carea' id='block_1_90' title="bbox 1931 4595 3521 4672">
    <p class='ocr_par' dir='ltr' id='par_1_90' title="bbox 1931 4595 3521 4672">
     <span class='ocr_line' id='line_1_90' title="bbox 1931 4595 3521 4672; baseline 0.001 -16"><span class='ocrx_word' id='word_1_742' title='bbox 1931 4603 2194 4668; x_wconf 61' lang='lat' dir='ltr'><strong>rantiam,</strong></span> <span class='ocrx_word' id='word_1_743' title='bbox 2235 4601 2560 4657; x_wconf 83' lang='lat' dir='ltr'><strong>castitatem.</strong></span> <span class='ocrx_word' id='word_1_744' title='bbox 2585 4597 2703 4657; x_wconf 69' lang='lat' dir='ltr'><strong>ﬁas</strong></span> <span class='ocrx_word' id='word_1_745' title='bbox 2727 4601 3063 4672; x_wconf 70' lang='lat' dir='ltr'><strong>imprecetur</strong></span> <span class='ocrx_word' id='word_1_746' title='bbox 3091 4595 3426 4666; x_wconf 78' lang='lat' dir='ltr'><strong>Philemoni,</strong></span> <span class='ocrx_word' id='word_1_747' title='bbox 3451 4607 3521 4657; x_wconf 72' lang='lat' dir='ltr'><strong>ut</strong></span> 
     </span>
    </p>
   </div>
   <div class='ocr_carea' id='block_1_91' title="bbox 237 4669 3515 4766">
    <p class='ocr_par' dir='ltr' id='par_1_91' title="bbox 237 4669 3515 4766">
     <span class='ocr_line' id='line_1_91' title="bbox 237 4669 3515 4766; baseline -0.002 -11"><span class='ocrx_word' id='word_1_748' title='bbox 237 4669 428 4755; x_wconf 61' lang='lat' dir='ltr'><strong>tivum</strong></span> <span class='ocrx_word' id='word_1_749' title='bbox 465 4697 692 4754; x_wconf 88' lang='lat' dir='ltr'><strong>remittit</strong></span> <span class='ocrx_word' id='word_1_750' title='bbox 729 4697 798 4751; x_wconf 90' lang='lat' dir='ltr'><strong>ad</strong></span> <span class='ocrx_word' id='word_1_751' title='bbox 841 4669 1140 4761; x_wconf 79' lang='lat' dir='ltr'><strong>dominum,</strong></span> <span class='ocrx_word' id='word_1_752' title='bbox 1185 4705 1242 4750; x_wconf 88' lang='lat' dir='ltr'><strong>ut</strong></span> <span class='ocrx_word' id='word_1_753' title='bbox 1274 4669 1446 4766; x_wconf 76' lang='lat' dir='ltr'><strong>prosit</strong></span> <span class='ocrx_word' id='word_1_754' title='bbox 1472 4697 1688 4752; x_wconf 89' lang='lat' dir='ltr'><strong>domino</strong></span> <span class='ocrx_word' id='word_1_755' title='bbox 1715 4669 1834 4766; x_wconf 54' lang='lat' dir='ltr'><strong>suvo,</strong></span> <span class='ocrx_word' id='word_1_756' title='bbox 1857 4669 1918 4734; x_wconf 78' lang='grc' dir='ltr'><strong>Ῑ)</strong></span> <span class='ocrx_word' id='word_1_757' title='bbox 1941 4693 2068 4748; x_wconf 89' lang='lat' dir='ltr'><strong>dum</strong></span> <span class='ocrx_word' id='word_1_758' title='bbox 2099 4693 2184 4746; x_wconf 85' lang='lat' dir='ltr'><strong>his</strong></span> <span class='ocrx_word' id='word_1_759' title='bbox 2221 4693 2596 4758; x_wconf 85' lang='lat' dir='ltr'><strong>abundaverit,</strong></span> <span class='ocrx_word' id='word_1_760' title='bbox 2625 4693 2746 4762; x_wconf 77' lang='lat' dir='ltr'><strong>ipse</strong></span> <span class='ocrx_word' id='word_1_761' title='bbox 2777 4669 2847 4747; x_wconf 72' lang='lat' dir='ltr'><strong>eo</strong></span> <span class='ocrx_word' id='word_1_762' title='bbox 2879 4691 3164 4764; x_wconf 60' lang='lat' dir='ltr'><strong>positione</strong></span> <span class='ocrx_word' id='word_1_763' title='bbox 3193 4693 3515 4765; x_wconf 74' lang='lat' dir='ltr'><strong>impleatur.</strong></span> 
     </span>
    </p>
   </div>
   <div class='ocr_carea' id='block_1_92' title="bbox 225 4787 1838 4864">
    <p class='ocr_par' dir='ltr' id='par_1_92' title="bbox 225 4787 1838 4864">
     <span class='ocr_line' id='line_1_92' title="bbox 225 4787 1838 4864; baseline 0.001 -21"><span class='ocrx_word' id='word_1_764' title='bbox 225 4803 228 4805; x_wconf 48' lang='grc' dir='ltr'>λ</span> <span class='ocrx_word' id='word_1_765' title='bbox 253 4790 374 4864; x_wconf 89' lang='lat' dir='ltr'><strong>[qui</strong></span> <span class='ocrx_word' id='word_1_766' title='bbox 407 4789 672 4859; x_wconf 87' lang='lat' dir='ltr'><strong>placuisse</strong></span> <span class='ocrx_word' id='word_1_767' title='bbox 698 4803 802 4842; x_wconf 91' lang='lat' dir='ltr'><strong>non</strong></span> <span class='ocrx_word' id='word_1_768' title='bbox 839 4795 1072 4862; x_wconf 78' lang='lat' dir='ltr'><strong>poterat,</strong></span> <span class='ocrx_word' id='word_1_769' title='bbox 1101 4788 1144 4842; x_wconf 93' lang='lat' dir='ltr'><strong>si</strong></span> <span class='ocrx_word' id='word_1_770' title='bbox 1189 4788 1304 4842; x_wconf 86' lang='lat' dir='ltr'><strong>sine</strong></span> <span class='ocrx_word' id='word_1_771' title='bbox 1330 4787 1532 4842; x_wconf 88' lang='lat' dir='ltr'><strong>domini</strong></span> <span class='ocrx_word' id='word_1_772' title='bbox 1563 4797 1838 4844; x_wconf 85' lang='lat' dir='ltr'><strong>teneretur</strong></span> 
     </span>
    </p>
   </div>
   <div class='ocr_carea' id='block_1_93' title="bbox 251 4875 1839 4950">
    <p class='ocr_par' dir='ltr' id='par_1_93' title="bbox 251 4875 1839 4950">
     <span class='ocr_line' id='line_1_93' title="bbox 251 4875 1839 4950; baseline 0.001 -14"><span class='ocrx_word' id='word_1_773' title='bbox 251 4879 534 4936; x_wconf 81' lang='lat' dir='ltr'><strong>voluntate</strong></span> <span class='ocrx_word' id='word_1_774' title='bbox 563 4875 764 4949; x_wconf 67' lang='lat' dir='ltr'><strong>(Hien,</strong></span> <span class='ocrx_word' id='word_1_775' title='bbox 796 4879 888 4948; x_wconf 85' lang='lat' dir='ltr'><strong>qui</strong></span> <span class='ocrx_word' id='word_1_776' title='bbox 929 4875 1188 4947; x_wconf 86' lang='lat' dir='ltr'><strong>prodesse</strong></span> <span class='ocrx_word' id='word_1_777' title='bbox 1221 4893 1330 4934; x_wconf 88' lang='lat' dir='ltr'><strong>non</strong></span> <span class='ocrx_word' id='word_1_778' title='bbox 1365 4889 1609 4950; x_wconf 86' lang='lat' dir='ltr'><strong>poterat,</strong></span> <span class='ocrx_word' id='word_1_779' title='bbox 1655 4881 1700 4936; x_wconf 88' lang='lat' dir='ltr'><strong>si</strong></span> <span class='ocrx_word' id='word_1_780' title='bbox 1745 4881 1839 4937; x_wconf 88' lang='lat' dir='ltr'><strong>do-</strong></span> 
     </span>
    </p>
   </div>
   <div class='ocr_carea' id='block_1_94' title="bbox 252 4967 1021 5040">
    <p class='ocr_par' dir='ltr' id='par_1_94' title="bbox 252 4967 1021 5040">
     <span class='ocr_line' id='line_1_94' title="bbox 252 4967 1021 5040; baseline -0.004 -15"><span class='ocrx_word' id='word_1_781' title='bbox 252 4971 406 5026; x_wconf 88' lang='lat' dir='ltr'><strong>mino</strong></span> <span class='ocrx_word' id='word_1_782' title='bbox 436 4976 707 5023; x_wconf 90' lang='lat' dir='ltr'><strong>teneretur</strong></span> <span class='ocrx_word' id='word_1_783' title='bbox 732 4967 1021 5040; x_wconf 77' lang='lat' dir='ltr'><strong>absente)].</strong></span> 
     </span>
    </p>
   </div>
   <div class='ocr_carea' id='block_1_95' title="bbox 329 5056 1837 5128">
    <p class='ocr_par' dir='ltr' id='par_1_95' title="bbox 329 5056 1837 5128">
     <span class='ocr_line' id='line_1_95' title="bbox 329 5056 1837 5128; baseline 0 -14"><span class='ocrx_word' id='word_1_784' title='bbox 329 5059 494 5114; x_wconf 65' lang='lat' dir='ltr'><strong>Vens.</strong></span> <span class='ocrx_word' id='word_1_785' title='bbox 531 5057 623 5124; x_wconf 77' lang='grc'><strong>15,</strong></span> <span class='ocrx_word' id='word_1_786' title='bbox 651 5057 718 5111; x_wconf 83' lang='lat' dir='ltr'><strong>i6</strong></span> <span class='ocrx_word' id='word_1_787' title='bbox 761 5081 830 5100; x_wconf 70' lang='grc' dir='ltr'><strong>α·-</strong></span> <span class='ocrx_word' id='word_1_788' title='bbox 853 5056 1110 5113; x_wconf 78' lang='lat' dir='ltr'><strong>Forsitan</strong></span> <span class='ocrx_word' id='word_1_789' title='bbox 1131 5059 1248 5113; x_wconf 80' lang='lat' dir='ltr'><strong>ideo</strong></span> <span class='ocrx_word' id='word_1_790' title='bbox 1277 5061 1345 5113; x_wconf 77' lang='lat' dir='ltr'><strong>ad</strong></span> <span class='ocrx_word' id='word_1_791' title='bbox 1375 5061 1560 5114; x_wconf 65' lang='lat' dir='ltr'><strong>horam</strong></span> <span class='ocrx_word' id='word_1_792' title='bbox 1585 5059 1837 5128; x_wconf 75' lang='lat' dir='ltr'><strong>discessit,</strong></span> 
     </span>
    </p>
   </div>
   <div class='ocr_carea' id='block_1_96' title="bbox 253 5145 1836 5219">
    <p class='ocr_par' dir='ltr' id='par_1_96' title="bbox 253 5145 1836 5219">
     <span class='ocr_line' id='line_1_96' title="bbox 253 5145 1836 5219; baseline 0.001 -13"><span class='ocrx_word' id='word_1_793' title='bbox 253 5157 318 5206; x_wconf 70' lang='lat' dir='ltr'><strong>sit</strong></span> <span class='ocrx_word' id='word_1_794' title='bbox 347 5157 600 5204; x_wconf 65' lang='lat' dir='ltr'><strong>internum</strong></span> <span class='ocrx_word' id='word_1_795' title='bbox 637 5145 790 5201; x_wconf 78' lang='lat' dir='ltr'><strong>illum</strong></span> <span class='ocrx_word' id='word_1_796' title='bbox 835 5146 1088 5216; x_wconf 79' lang='lat' dir='ltr'><strong>reciperes</strong></span> <span class='ocrx_word' id='word_1_797' title='bbox 1116 5164 1133 5202; x_wconf 91' lang='lat'><strong><em>:</em></strong></span> <span class='ocrx_word' id='word_1_798' title='bbox 1156 5150 1272 5219; x_wconf 80' lang='lat' dir='ltr'><strong>jam</strong></span> <span class='ocrx_word' id='word_1_799' title='bbox 1305 5165 1406 5204; x_wconf 83' lang='lat' dir='ltr'><strong>non</strong></span> <span class='ocrx_word' id='word_1_800' title='bbox 1447 5152 1585 5205; x_wconf 77' lang='lat' dir='ltr'><strong>sicut</strong></span> <span class='ocrx_word' id='word_1_801' title='bbox 1611 5167 1836 5218; x_wconf 69' lang='lat' dir='ltr'><strong>sertum,</strong></span> 
     </span>
    </p>
   </div>
   <div class='ocr_carea' id='block_1_97' title="bbox 249 5237 1840 5310">
    <p class='ocr_par' dir='ltr' id='par_1_97' title="bbox 249 5237 1840 5310">
     <span class='ocr_line' id='line_1_97' title="bbox 249 5237 1840 5310; baseline -0.001 -13"><span class='ocrx_word' id='word_1_802' title='bbox 249 5240 352 5296; x_wconf 66' lang='lat' dir='ltr'><strong>ded</strong></span> <span class='ocrx_word' id='word_1_803' title='bbox 393 5255 490 5310; x_wconf 79' lang='lat' dir='ltr'><strong>pro</strong></span> <span class='ocrx_word' id='word_1_804' title='bbox 537 5255 700 5302; x_wconf 65' lang='lat' dir='ltr'><strong>serva</strong></span> <span class='ocrx_word' id='word_1_805' title='bbox 725 5237 1088 5292; x_wconf 71' lang='lat' dir='ltr'><strong>charissii&#39;num</strong></span> <span class='ocrx_word' id='word_1_806' title='bbox 1136 5239 1375 5308; x_wconf 72' lang='lat' dir='ltr'><strong>fratrem,</strong></span> <span class='ocrx_word' id='word_1_807' title='bbox 1413 5244 1642 5296; x_wconf 66' lang='lat' dir='ltr'><strong>mamime</strong></span> <span class='ocrx_word' id='word_1_808' title='bbox 1681 5245 1840 5310; x_wconf 67' lang='lat' dir='ltr'><strong>mihi;</strong></span> 
     </span>
    </p>
   </div>
   <div class='ocr_carea' id='block_1_98' title="bbox 255 5331 1840 5406">
    <p class='ocr_par' dir='ltr' id='par_1_98' title="bbox 255 5331 1840 5406">
     <span class='ocr_line' id='line_1_98' title="bbox 255 5331 1840 5406; baseline 0.004 -22"><span class='ocrx_word' id='word_1_809' title='bbox 255 5339 458 5403; x_wconf 67' lang='lat' dir='ltr'><strong>quanto</strong></span> <span class='ocrx_word' id='word_1_810' title='bbox 485 5332 655 5402; x_wconf 74' lang='lat' dir='ltr'><strong>mgis</strong></span> <span class='ocrx_word' id='word_1_811' title='bbox 683 5331 776 5385; x_wconf 84' lang='lat' dir='ltr'><strong>tibi</strong></span> <span class='ocrx_word' id='word_1_812' title='bbox 799 5339 846 5385; x_wconf 83' lang='lat' dir='ltr'><strong>et</strong></span> <span class='ocrx_word' id='word_1_813' title='bbox 875 5331 932 5385; x_wconf 84' lang='lat' dir='ltr'><strong>in</strong></span> <span class='ocrx_word' id='word_1_814' title='bbox 951 5349 1112 5386; x_wconf 85' lang='lat' dir='ltr'><strong>carne</strong></span> <span class='ocrx_word' id='word_1_815' title='bbox 1137 5343 1186 5386; x_wconf 90' lang='lat' dir='ltr'><strong>et</strong></span> <span class='ocrx_word' id='word_1_816' title='bbox 1212 5334 1268 5388; x_wconf 75' lang='lat' dir='ltr'><strong>in</strong></span> <span class='ocrx_word' id='word_1_817' title='bbox 1303 5333 1549 5388; x_wconf 75' lang='lat' dir='ltr'><strong>Domino.</strong></span> <span class='ocrx_word' id='word_1_818' title='bbox 1589 5333 1766 5406; x_wconf 80' lang='lat' dir='ltr'><strong>[Sicul</strong></span> <span class='ocrx_word' id='word_1_819' title='bbox 1785 5337 1840 5390; x_wconf 90' lang='lat' dir='ltr'><strong>in</strong></span> 
     </span>
    </p>
   </div>
   <div class='ocr_carea' id='block_1_99' title="bbox 257 5421 1842 5492">
    <p class='ocr_par' dir='ltr' id='par_1_99' title="bbox 257 5421 1842 5492">
     <span class='ocr_line' id='line_1_99' title="bbox 257 5421 1842 5492; baseline 0.004 -19"><span class='ocrx_word' id='word_1_820' title='bbox 257 5421 572 5476; x_wconf 84' lang='lat' dir='ltr'><strong>venditione</strong></span> <span class='ocrx_word' id='word_1_821' title='bbox 599 5421 798 5492; x_wconf 77' lang='lat' dir='ltr'><strong>Joseph</strong></span> <span class='ocrx_word' id='word_1_822' title='bbox 839 5422 1038 5476; x_wconf 84' lang='lat' dir='ltr'><strong>bonam</strong></span> <span class='ocrx_word' id='word_1_823' title='bbox 1057 5439 1199 5489; x_wconf 30' lang='lat' dir='ltr'><strong>trem,</strong></span> <span class='ocrx_word' id='word_1_824' title='bbox 1231 5425 1284 5480; x_wconf 86' lang='lat' dir='ltr'><strong>id</strong></span> <span class='ocrx_word' id='word_1_825' title='bbox 1307 5435 1412 5490; x_wconf 88' lang='lat' dir='ltr'><strong>est,</strong></span> <span class='ocrx_word' id='word_1_826' title='bbox 1441 5425 1669 5480; x_wconf 75' lang='lat' dir='ltr'><strong>salutem</strong></span> <span class='ocrx_word' id='word_1_827' title='bbox 1706 5427 1842 5480; x_wconf 87' lang='lat' dir='ltr'><strong>mul-</strong></span> 
     </span>
    </p>
   </div>
   <div class='ocr_carea' id='block_1_100' title="bbox 261 5513 1840 5590">
    <p class='ocr_par' dir='ltr' id='par_1_100' title="bbox 261 5513 1840 5590">
     <span class='ocr_line' id='line_1_100' title="bbox 261 5513 1840 5590; baseline 0.004 -22"><span class='ocrx_word' id='word_1_828' title='bbox 261 5523 442 5568; x_wconf 83' lang='lat' dir='ltr'><strong>torum</strong></span> <span class='ocrx_word' id='word_1_829' title='bbox 475 5513 601 5570; x_wconf 85' lang='lat' dir='ltr'><strong>fecit</strong></span> <span class='ocrx_word' id='word_1_830' title='bbox 625 5515 768 5570; x_wconf 88' lang='lat' dir='ltr'><strong>Deus</strong></span> <span class='ocrx_word' id='word_1_831' title='bbox 796 5515 864 5569; x_wconf 86' lang='lat' dir='ltr'><strong>de</strong></span> <span class='ocrx_word' id='word_1_832' title='bbox 887 5513 1028 5568; x_wconf 88' lang='lat' dir='ltr'><strong>mala</strong></span> <span class='ocrx_word' id='word_1_833' title='bbox 1051 5515 1325 5571; x_wconf 87' lang='lat' dir='ltr'><strong>voluntate</strong></span> <span class='ocrx_word' id='word_1_834' title='bbox 1353 5516 1630 5590; x_wconf 83' lang='lat' dir='ltr'><strong>fratrum,]</strong></span> <span class='ocrx_word' id='word_1_835' title='bbox 1653 5519 1840 5574; x_wconf 79' lang='lat' dir='ltr'><strong>simili-</strong></span> 
     </span>
    </p>
   </div>
   <div class='ocr_carea' id='block_1_101' title="bbox 259 5607 1840 5681">
    <p class='ocr_par' dir='ltr' id='par_1_101' title="bbox 259 5607 1840 5681">
     <span class='ocr_line' id='line_1_101' title="bbox 259 5607 1840 5681; baseline 0.001 -17"><span class='ocrx_word' id='word_1_836' title='bbox 259 5617 352 5664; x_wconf 79' lang='lat' dir='ltr'><strong>ter</strong></span> <span class='ocrx_word' id='word_1_837' title='bbox 386 5616 440 5661; x_wconf 90' lang='lat' dir='ltr'><strong>et</strong></span> <span class='ocrx_word' id='word_1_838' title='bbox 467 5609 520 5662; x_wconf 85' lang='lat' dir='ltr'><strong>in</strong></span> <span class='ocrx_word' id='word_1_839' title='bbox 566 5607 820 5664; x_wconf 87' lang='lat' dir='ltr'><strong>Ouesimo</strong></span> <span class='ocrx_word' id='word_1_840' title='bbox 849 5623 1136 5678; x_wconf 83' lang='lat' dir='ltr'><strong>possumus</strong></span> <span class='ocrx_word' id='word_1_841' title='bbox 1185 5610 1482 5680; x_wconf 80' lang='lat' dir='ltr'><strong>intelligere</strong></span> <span class='ocrx_word' id='word_1_842' title='bbox 1521 5613 1663 5681; x_wconf 83' lang='lat' dir='ltr'><strong>quod</strong></span> <span class='ocrx_word' id='word_1_843' title='bbox 1701 5613 1840 5666; x_wconf 85' lang='lat' dir='ltr'><strong>mala</strong></span> 
     </span>
    </p>
   </div>
   <div class='ocr_carea' id='block_1_102' title="bbox 253 5698 1841 5774">
    <p class='ocr_par' dir='ltr' id='par_1_102' title="bbox 253 5698 1841 5774">
     <span class='ocr_line' id='line_1_102' title="bbox 253 5698 1841 5774; baseline 0.003 -23"><span class='ocrx_word' id='word_1_844' title='bbox 253 5699 534 5770; x_wconf 74' lang='lat' dir='ltr'><strong>principia</strong></span> <span class='ocrx_word' id='word_1_845' title='bbox 568 5699 880 5754; x_wconf 79' lang='lat' dir='ltr'><strong>occasiones</strong></span> <span class='ocrx_word' id='word_1_846' title='bbox 907 5698 1110 5754; x_wconf 82' lang='lat' dir='ltr'><strong>fuerint</strong></span> <span class='ocrx_word' id='word_1_847' title='bbox 1151 5701 1228 5754; x_wconf 83' lang='lat' dir='ltr'><strong>rei</strong></span> <span class='ocrx_word' id='word_1_848' title='bbox 1273 5700 1445 5756; x_wconf 79' lang='lat' dir='ltr'><strong>home.</strong></span> <span class='ocrx_word' id='word_1_849' title='bbox 1479 5701 1660 5774; x_wconf 77' lang='lat' dir='ltr'><strong>[Fugit</strong></span> <span class='ocrx_word' id='word_1_850' title='bbox 1693 5703 1841 5756; x_wconf 85' lang='lat' dir='ltr'><strong>enim</strong></span> 
     </span>
    </p>
   </div>
   <div class='ocr_carea' id='block_1_103' title="bbox 263 5791 1844 5850">
    <p class='ocr_par' dir='ltr' id='par_1_103' title="bbox 263 5791 1844 5850">
     <span class='ocr_line' id='line_1_103' title="bbox 263 5791 1844 5850; baseline 0 0"><span class='ocrx_word' id='word_1_851' title='bbox 263 5793 546 5850; x_wconf 85' lang='lat' dir='ltr'><strong>dominum</strong></span> <span class='ocrx_word' id='word_1_852' title='bbox 579 5807 736 5848; x_wconf 82' lang='lat' dir='ltr'><strong>suum</strong></span> <span class='ocrx_word' id='word_1_853' title='bbox 761 5801 818 5848; x_wconf 91' lang='lat' dir='ltr'><strong>et</strong></span> <span class='ocrx_word' id='word_1_854' title='bbox 845 5791 1022 5848; x_wconf 86' lang='lat' dir='ltr'><strong>factus</strong></span> <span class='ocrx_word' id='word_1_855' title='bbox 1046 5801 1130 5848; x_wconf 90' lang='lat' dir='ltr'><strong>est</strong></span> <span class='ocrx_word' id='word_1_856' title='bbox 1161 5809 1350 5850; x_wconf 87' lang='lat' dir='ltr'><strong>servus</strong></span> <span class='ocrx_word' id='word_1_857' title='bbox 1373 5793 1574 5850; x_wconf 87' lang='lat' dir='ltr'><strong>Christi</strong></span> <span class='ocrx_word' id='word_1_858' title='bbox 1608 5803 1660 5850; x_wconf 89' lang='lat' dir='ltr'><strong>et</strong></span> <span class='ocrx_word' id='word_1_859' title='bbox 1679 5797 1844 5850; x_wconf 84' lang='lat' dir='ltr'><strong>mini-</strong></span> 
     </span>
    </p>
   </div>
   <div class='ocr_carea' id='block_1_104' title="bbox 267 5881 1843 5956">
    <p class='ocr_par' dir='ltr' id='par_1_104' title="bbox 267 5881 1843 5956">
     <span class='ocr_line' id='line_1_104' title="bbox 267 5881 1843 5956; baseline 0 -14"><span class='ocrx_word' id='word_1_860' title='bbox 267 5893 386 5942; x_wconf 82' lang='lat' dir='ltr'><strong>ster</strong></span> <span class='ocrx_word' id='word_1_861' title='bbox 410 5883 466 5940; x_wconf 91' lang='lat' dir='ltr'><strong>in</strong></span> <span class='ocrx_word' id='word_1_862' title='bbox 510 5881 844 5956; x_wconf 82' lang='lat' dir='ltr'><strong>Evangelio.]</strong></span> <span class='ocrx_word' id='word_1_863' title='bbox 870 5883 1100 5942; x_wconf 89' lang='lat' dir='ltr'><strong>Pulchre</strong></span> <span class='ocrx_word' id='word_1_864' title='bbox 1135 5897 1314 5942; x_wconf 86' lang='lat' dir='ltr'><strong>autem</strong></span> <span class='ocrx_word' id='word_1_865' title='bbox 1346 5883 1543 5943; x_wconf 87' lang='lat' dir='ltr'><strong>addens</strong></span> <span class='ocrx_word' id='word_1_866' title='bbox 1586 5886 1808 5956; x_wconf 71' lang='lat' dir='ltr'><strong>forsitan</strong></span> <span class='ocrx_word' id='word_1_867' title='bbox 1828 5927 1843 5956; x_wconf 92' lang='lat'><strong>,</strong></span> 
     </span>
    </p>
   </div>
   <div class='ocr_carea' id='block_1_105' title="bbox 1941 4781 3522 4857">
    <p class='ocr_par' dir='ltr' id='par_1_105' title="bbox 1941 4781 3522 4857">
     <span class='ocr_line' id='line_1_105' title="bbox 1941 4781 3522 4857; baseline 0.004 -20"><span class='ocrx_word' id='word_1_868' title='bbox 1941 4783 2008 4837; x_wconf 90' lang='lat' dir='ltr'><strong>Et</strong></span> <span class='ocrx_word' id='word_1_869' title='bbox 2041 4799 2110 4838; x_wconf 91' lang='lat' dir='ltr'><strong>ne</strong></span> <span class='ocrx_word' id='word_1_870' title='bbox 2155 4791 2330 4854; x_wconf 89' lang='lat' dir='ltr'><strong>putes,</strong></span> <span class='ocrx_word' id='word_1_871' title='bbox 2386 4784 2534 4837; x_wconf 90' lang='lat' dir='ltr'><strong>illam</strong></span> <span class='ocrx_word' id='word_1_872' title='bbox 2575 4781 2886 4840; x_wconf 88' lang='lat' dir='ltr'><strong>fruitionem</strong></span> <span class='ocrx_word' id='word_1_873' title='bbox 2927 4785 3055 4850; x_wconf 89' lang='lat' dir='ltr'><strong>diei,</strong></span> <span class='ocrx_word' id='word_1_874' title='bbox 3099 4801 3206 4857; x_wconf 88' lang='lat' dir='ltr'><strong>qua</strong></span> <span class='ocrx_word' id='word_1_875' title='bbox 3243 4802 3344 4844; x_wconf 87' lang='lat' dir='ltr'><strong>nos</strong></span> <span class='ocrx_word' id='word_1_876' title='bbox 3380 4803 3522 4857; x_wconf 66' lang='lat' dir='ltr'><strong>sepe</strong></span> 
     </span>
    </p>
   </div>
   <div class='ocr_carea' id='block_1_106' title="bbox 1941 4875 3522 4952">
    <p class='ocr_par' dir='ltr' id='par_1_106' title="bbox 1941 4875 3522 4952">
     <span class='ocr_line' id='line_1_106' title="bbox 1941 4875 3522 4952; baseline 0.003 -23"><span class='ocrx_word' id='word_1_877' title='bbox 1941 4875 2220 4946; x_wconf 77' lang='lat' dir='ltr'><strong>nostrique</strong></span> <span class='ocrx_word' id='word_1_878' title='bbox 2257 4875 2401 4930; x_wconf 85' lang='lat' dir='ltr'><strong>inter</strong></span> <span class='ocrx_word' id='word_1_879' title='bbox 2441 4885 2542 4932; x_wconf 89' lang='lat' dir='ltr'><strong>nos</strong></span> <span class='ocrx_word' id='word_1_880' title='bbox 2583 4877 2874 4946; x_wconf 73' lang='lat' dir='ltr'><strong>prmsentia</strong></span> <span class='ocrx_word' id='word_1_881' title='bbox 2910 4875 3243 4934; x_wconf 69' lang='lat' dir='ltr'><strong>deidetamur</strong></span> <span class='ocrx_word' id='word_1_882' title='bbox 3282 4880 3359 4952; x_wconf 90' lang='lat' dir='ltr'><strong>[et</strong></span> <span class='ocrx_word' id='word_1_883' title='bbox 3389 4879 3522 4934; x_wconf 82' lang='lat' dir='ltr'><strong>frui-</strong></span> 
     </span>
    </p>
   </div>
   <div class='ocr_carea' id='block_1_107' title="bbox 1929 4968 3522 5042">
    <p class='ocr_par' dir='ltr' id='par_1_107' title="bbox 1929 4968 3522 5042">
     <span class='ocr_line' id='line_1_107' title="bbox 1929 4968 3522 5042; baseline 0 -18"><span class='ocrx_word' id='word_1_884' title='bbox 1929 4969 2110 5042; x_wconf 75' lang='lat' dir='ltr'><strong>mur],</strong></span> <span class='ocrx_word' id='word_1_885' title='bbox 2153 4968 2355 5024; x_wconf 86' lang='lat' dir='ltr'><strong>addidit</strong></span> <span class='ocrx_word' id='word_1_886' title='bbox 2402 4969 2502 5022; x_wconf 90' lang='lat' dir='ltr'><strong>:in</strong></span> <span class='ocrx_word' id='word_1_887' title='bbox 2545 4969 2790 5024; x_wconf 87' lang='lat' dir='ltr'><strong>Domino.</strong></span> <span class='ocrx_word' id='word_1_888' title='bbox 2835 4969 3009 5041; x_wconf 78' lang='lat' dir='ltr'><strong>Reﬁce</strong></span> <span class='ocrx_word' id='word_1_889' title='bbox 3057 4972 3252 5026; x_wconf 82' lang='lat' dir='ltr'><strong>viscera</strong></span> <span class='ocrx_word' id='word_1_890' title='bbox 3292 4987 3408 5023; x_wconf 89' lang='lat' dir='ltr'><strong>mea</strong></span> <span class='ocrx_word' id='word_1_891' title='bbox 3465 4972 3522 5024; x_wconf 86' lang='lat' dir='ltr'><strong>in</strong></span> 
     </span>
    </p>
   </div>
   <div class='ocr_carea' id='block_1_108' title="bbox 1945 5053 3518 5127">
    <p class='ocr_par' dir='ltr' id='par_1_108' title="bbox 1945 5053 3518 5127">
     <span class='ocr_line' id='line_1_108' title="bbox 1945 5053 3518 5127; baseline 0.001 -15"><span class='ocrx_word' id='word_1_892' title='bbox 1945 5057 2172 5113; x_wconf 79' lang='lat' dir='ltr'><strong>Christo.</strong></span> <span class='ocrx_word' id='word_1_893' title='bbox 2207 5057 2360 5113; x_wconf 85' lang='lat' dir='ltr'><strong>Sicut</strong></span> <span class='ocrx_word' id='word_1_894' title='bbox 2384 5058 2497 5127; x_wconf 71' lang='lat' dir='ltr'><strong>ipSe</strong></span> <span class='ocrx_word' id='word_1_895' title='bbox 2541 5053 2648 5113; x_wconf 73' lang='lat' dir='ltr'><strong>frtri</strong></span> <span class='ocrx_word' id='word_1_896' title='bbox 2673 5059 2787 5114; x_wconf 60' lang='lat' dir='ltr'><strong>Vult</strong></span> <span class='ocrx_word' id='word_1_897' title='bbox 2813 5055 3126 5116; x_wconf 80' lang='lat' dir='ltr'><strong>Philemone</strong></span> <span class='ocrx_word' id='word_1_898' title='bbox 3167 5061 3222 5114; x_wconf 89' lang='lat' dir='ltr'><strong>in</strong></span> <span class='ocrx_word' id='word_1_899' title='bbox 3260 5059 3518 5124; x_wconf 86' lang='lat' dir='ltr'><strong>Domino,</strong></span> 
     </span>
    </p>
   </div>
   <div class='ocr_carea' id='block_1_109' title="bbox 1939 5145 3523 5225">
    <p class='ocr_par' dir='ltr' id='par_1_109' title="bbox 1939 5145 3523 5225">
     <span class='ocr_line' id='line_1_109' title="bbox 1939 5145 3523 5225; baseline -0.001 -18"><span class='ocrx_word' id='word_1_900' title='bbox 1939 5153 2020 5207; x_wconf 77' lang='lat' dir='ltr'><strong>ita</strong></span> <span class='ocrx_word' id='word_1_901' title='bbox 2067 5152 2276 5206; x_wconf 74' lang='lat' dir='ltr'><strong>viscera</strong></span> <span class='ocrx_word' id='word_1_902' title='bbox 2299 5165 2404 5206; x_wconf 69' lang='lat' dir='ltr'><strong>sua</strong></span> <span class='ocrx_word' id='word_1_903' title='bbox 2443 5149 2705 5208; x_wconf 65' lang='lat' dir='ltr'><strong>Olenium</strong></span> <span class='ocrx_word' id='word_1_904' title='bbox 2737 5149 2935 5225; x_wconf 55' lang='lat' dir='ltr'><strong>[illam</strong></span> <span class='ocrx_word' id='word_1_905' title='bbox 2957 5145 3328 5224; x_wconf 74' lang='lat' dir='ltr'><strong>Onesimum],</strong></span> <span class='ocrx_word' id='word_1_906' title='bbox 3353 5159 3523 5221; x_wconf 69' lang='lat' dir='ltr'><strong>“quem</strong></span> 
     </span>
    </p>
   </div>
   <div class='ocr_carea' id='block_1_110' title="bbox 1939 5237 3524 5314">
    <p class='ocr_par' dir='ltr' id='par_1_110' title="bbox 1939 5237 3524 5314">
     <span class='ocr_line' id='line_1_110' title="bbox 1939 5237 3524 5314; baseline -0.001 -17"><span class='ocrx_word' id='word_1_907' title='bbox 1939 5250 2001 5297; x_wconf 78' lang='lat' dir='ltr'><strong>&#39;et</strong></span> <span class='ocrx_word' id='word_1_908' title='bbox 2033 5241 2281 5311; x_wconf 62' lang='lat' dir='ltr'><strong>snserit!</strong></span> <span class='ocrx_word' id='word_1_909' title='bbox 2299 5241 2496 5296; x_wconf 70' lang='lat' dir='ltr'><strong>eodem</strong></span> <span class='ocrx_word' id='word_1_910' title='bbox 2529 5243 2752 5298; x_wconf 77' lang='lat' dir='ltr'><strong>nomine</strong></span> <span class='ocrx_word' id='word_1_911' title='bbox 2787 5243 3172 5314; x_wconf 71' lang='lat' dir='ltr'><strong>appellaverat,</strong></span> <span class='ocrx_word' id='word_1_912' title='bbox 3216 5241 3366 5298; x_wconf 81' lang='lat' dir='ltr'><strong>refici</strong></span> <span class='ocrx_word' id='word_1_913' title='bbox 3407 5237 3524 5296; x_wconf 73' lang='lat' dir='ltr'><strong>vu‘lt</strong></span> 
     </span>
    </p>
   </div>
   <div class='ocr_carea' id='block_1_111' title="bbox 1941 5319 3522 5405">
    <p class='ocr_par' dir='ltr' id='par_1_111' title="bbox 1941 5319 3522 5405">
     <span class='ocr_line' id='line_1_111' title="bbox 1941 5319 3522 5405; baseline 0.002 -18"><span class='ocrx_word' id='word_1_914' title='bbox 1941 5349 2044 5405; x_wconf 83' lang='lat' dir='ltr'><strong>per</strong></span> <span class='ocrx_word' id='word_1_915' title='bbox 2075 5333 2468 5390; x_wconf 71' lang='lat' dir='ltr'><strong>Philemonem.</strong></span> <span class='ocrx_word' id='word_1_916' title='bbox 2495 5334 2671 5391; x_wconf 68' lang='lat' dir='ltr'><strong>nocte</strong></span> <span class='ocrx_word' id='word_1_917' title='bbox 2709 5319 3138 5392; x_wconf 74' lang='lat' dir='ltr'><strong>dicitur&#39;visee&#39;ra</strong></span> <span class='ocrx_word' id='word_1_918' title='bbox 3173 5327 3522 5392; x_wconf 62' lang='lat' dir='ltr'><strong>emetil’auli</strong></span> 
     </span>
    </p>
   </div>
   <div class='ocr_carea' id='block_1_112' title="bbox 1943 5425 3524 5500">
    <p class='ocr_par' dir='ltr' id='par_1_112' title="bbox 1943 5425 3524 5500">
     <span class='ocr_line' id='line_1_112' title="bbox 1943 5425 3524 5500; baseline 0.001 -17"><span class='ocrx_word' id='word_1_919' title='bbox 1943 5427 2229 5483; x_wconf 84' lang='lat' dir='ltr'><strong>Onesimus</strong></span> <span class='ocrx_word' id='word_1_920' title='bbox 2257 5425 2464 5500; x_wconf 54' lang='lat' dir='ltr'><strong>(Hiera,</strong></span> <span class='ocrx_word' id='word_1_921' title='bbox 2499 5437 2654 5485; x_wconf 82' lang='lat' dir='ltr'><strong>recte</strong></span> <span class='ocrx_word' id='word_1_922' title='bbox 2685 5429 2840 5485; x_wconf 78' lang='lat' dir='ltr'><strong>Pauli</strong></span> <span class='ocrx_word' id='word_1_923' title='bbox 2875 5429 2932 5483; x_wconf 85' lang='lat' dir='ltr'><strong>in</strong></span> <span class='ocrx_word' id='word_1_924' title='bbox 2971 5427 3189 5485; x_wconf 73' lang='lat' dir='ltr'><strong>Christo</strong></span> <span class='ocrx_word' id='word_1_925' title='bbox 3214 5430 3426 5485; x_wconf 77' lang='lat' dir='ltr'><strong>viscera</strong></span> <span class='ocrx_word' id='word_1_926' title='bbox 3447 5429 3524 5485; x_wconf 87' lang='lat' dir='ltr'><strong>di-</strong></span> 
     </span>
    </p>
   </div>
   <div class='ocr_carea' id='block_1_113' title="bbox 1945 5519 3264 5594">
    <p class='ocr_par' dir='ltr' id='par_1_113' title="bbox 1945 5519 3264 5594">
     <span class='ocr_line' id='line_1_113' title="bbox 1945 5519 3264 5594; baseline 0.002 -19"><span class='ocrx_word' id='word_1_927' title='bbox 1945 5527 2146 5575; x_wconf 79' lang='lat' dir='ltr'><strong>cuntur</strong></span> <span class='ocrx_word' id='word_1_928' title='bbox 2169 5519 2504 5593; x_wconf 84' lang='lat' dir='ltr'><strong>Onesimus],</strong></span> <span class='ocrx_word' id='word_1_929' title='bbox 2519 5537 2690 5593; x_wconf 71' lang='lat' dir='ltr'><strong>quem</strong></span> <span class='ocrx_word' id='word_1_930' title='bbox 2719 5524 2904 5594; x_wconf 74' lang='lat' dir='ltr'><strong>genuit</strong></span> <span class='ocrx_word' id='word_1_931' title='bbox 2933 5521 2992 5578; x_wconf 77' lang='lat' dir='ltr'><strong>in</strong></span> <span class='ocrx_word' id='word_1_932' title='bbox 3015 5524 3264 5582; x_wconf 73' lang='lat' dir='ltr'><strong>vinculis.</strong></span> 
     </span>
    </p>
   </div>
   <div class='ocr_carea' id='block_1_114' title="bbox 2014 5611 3524 5687">
    <p class='ocr_par' dir='ltr' id='par_1_114' title="bbox 2014 5611 3524 5687">
     <span class='ocr_line' id='line_1_114' title="bbox 2014 5611 3524 5687; baseline 0.002 -20"><span class='ocrx_word' id='word_1_933' title='bbox 2014 5613 2176 5668; x_wconf 77' lang='lat' dir='ltr'><strong>Vens.</strong></span> <span class='ocrx_word' id='word_1_934' title='bbox 2223 5611 2314 5666; x_wconf 64' lang='grc'><strong>2⁸1.</strong></span> <span class='ocrx_word' id='word_1_935' title='bbox 2351 5639 2424 5654; x_wconf 69' lang='grc' dir='ltr'><strong>α·-</strong></span> <span class='ocrx_word' id='word_1_936' title='bbox 2455 5612 2738 5683; x_wconf 67' lang='lat' dir='ltr'><strong>Conﬁdens</strong></span> <span class='ocrx_word' id='word_1_937' title='bbox 2781 5615 2842 5668; x_wconf 77' lang='lat' dir='ltr'><strong>in</strong></span> <span class='ocrx_word' id='word_1_938' title='bbox 2869 5615 3170 5670; x_wconf 72' lang='lat' dir='ltr'><strong>ebedicntia</strong></span> <span class='ocrx_word' id='word_1_939' title='bbox 3201 5625 3294 5670; x_wconf 71' lang='lat' dir='ltr'><strong>tua</strong></span> <span class='ocrx_word' id='word_1_940' title='bbox 3338 5616 3524 5687; x_wconf 71' lang='lat' dir='ltr'><strong>scripsi</strong></span> 
     </span>
    </p>
   </div>
   <div class='ocr_carea' id='block_1_115' title="bbox 1933 5705 3522 5776">
    <p class='ocr_par' dir='ltr' id='par_1_115' title="bbox 1933 5705 3522 5776">
     <span class='ocr_line' id='line_1_115' title="bbox 1933 5705 3522 5776; baseline 0.003 -18"><span class='ocrx_word' id='word_1_941' title='bbox 1933 5705 2058 5769; x_wconf 57' lang='lat' dir='ltr'><strong>tibi,</strong></span> <span class='ocrx_word' id='word_1_942' title='bbox 2099 5705 2274 5758; x_wconf 65' lang='lat' dir='ltr'><strong>sciens</strong></span> <span class='ocrx_word' id='word_1_943' title='bbox 2315 5706 2564 5774; x_wconf 78' lang='lat' dir='ltr'><strong>quoniam</strong></span> <span class='ocrx_word' id='word_1_944' title='bbox 2605 5713 2656 5758; x_wconf 81' lang='lat' dir='ltr'><strong>et</strong></span> <span class='ocrx_word' id='word_1_945' title='bbox 2695 5719 2856 5775; x_wconf 73' lang='lat' dir='ltr'><strong>super</strong></span> <span class='ocrx_word' id='word_1_946' title='bbox 2897 5705 2952 5758; x_wconf 84' lang='lat' dir='ltr'><strong>id</strong></span> <span class='ocrx_word' id='word_1_947' title='bbox 2993 5707 3134 5776; x_wconf 78' lang='lat' dir='ltr'><strong>quod</strong></span> <span class='ocrx_word' id='word_1_948' title='bbox 3175 5707 3294 5760; x_wconf 77' lang='lat' dir='ltr'><strong>dico</strong></span> <span class='ocrx_word' id='word_1_949' title='bbox 3337 5706 3522 5776; x_wconf 73' lang='lat' dir='ltr'><strong>facies.</strong></span> 
     </span>
    </p>
   </div>
   <div class='ocr_carea' id='block_1_116' title="bbox 1939 5795 3529 5870">
    <p class='ocr_par' dir='ltr' id='par_1_116' title="bbox 1939 5795 3529 5870">
     <span class='ocr_line' id='line_1_116' title="bbox 1939 5795 3529 5870; baseline 0.003 -20"><span class='ocrx_word' id='word_1_950' title='bbox 1939 5795 2060 5870; x_wconf 78' lang='lat' dir='ltr'><strong>{Ait</strong></span> <span class='ocrx_word' id='word_1_951' title='bbox 2085 5797 2251 5860; x_wconf 87' lang='lat' dir='ltr'><strong>enim,</strong></span> <span class='ocrx_word' id='word_1_952' title='bbox 2285 5795 2550 5866; x_wconf 74' lang='lat' dir='ltr'><strong>conﬁdens</strong></span> <span class='ocrx_word' id='word_1_953' title='bbox 2599 5798 2656 5851; x_wconf 87' lang='lat' dir='ltr'><strong>in</strong></span> <span class='ocrx_word' id='word_1_954' title='bbox 2701 5797 2992 5852; x_wconf 77' lang='lat' dir='ltr'><strong>obedientia</strong></span> <span class='ocrx_word' id='word_1_955' title='bbox 3013 5809 3130 5864; x_wconf 72' lang='lat' dir='ltr'><strong>tua,</strong></span> <span class='ocrx_word' id='word_1_956' title='bbox 3163 5807 3224 5856; x_wconf 74' lang='lat' dir='ltr'><strong>ut</strong></span> <span class='ocrx_word' id='word_1_957' title='bbox 3267 5814 3529 5855; x_wconf 80' lang='lat' dir='ltr'><strong>non-eru-</strong></span> 
     </span>
    </p>
   </div>
   <div class='ocr_carea' id='block_1_117' title="bbox 1939 5885 3530 5963">
    <p class='ocr_par' dir='ltr' id='par_1_117' title="bbox 1939 5885 3530 5963">
     <span class='ocr_line' id='line_1_117' title="bbox 1939 5885 3530 5963; baseline 0.004 -19"><span class='ocrx_word' id='word_1_958' title='bbox 1939 5888 2196 5944; x_wconf 78' lang='lat' dir='ltr'><strong>besceret</strong></span> <span class='ocrx_word' id='word_1_959' title='bbox 2239 5885 2544 5944; x_wconf 79' lang='lat' dir='ltr'><strong>Philemoni</strong></span> <span class='ocrx_word' id='word_1_960' title='bbox 2577 5889 2758 5946; x_wconf 71' lang='lat' dir='ltr'><strong>facere</strong></span> <span class='ocrx_word' id='word_1_961' title='bbox 2779 5893 2940 5962; x_wconf 74' lang='lat' dir='ltr'><strong>quod</strong></span> <span class='ocrx_word' id='word_1_962' title='bbox 2973 5897 3198 5963; x_wconf 68' lang='lat' dir='ltr'><strong>rogante</strong></span> <span class='ocrx_word' id='word_1_963' title='bbox 3221 5890 3357 5948; x_wconf 69' lang='lat' dir='ltr'><strong>«fuit.</strong></span> <span class='ocrx_word' id='word_1_964' title='bbox 3393 5887 3530 5962; x_wconf 66' lang='lat' dir='ltr'><strong>Ideo</strong></span> 
     </span>
    </p>
   </div>
  </div>
