4088 6330
1768 311 1803 337 ι’.

627 427 761 487 1051

1462 410 1524 466 Β.
1561 406 1626 466 F.
1661 402 1888 463 ALBINI
1924 397 2057 458 SEU
2096 389 2373 453 ALCUINI
2407 387 2695 449 OPERUM
2729 386 2911 445 PARS
2946 386 3010 443 ll.

3762 382 3910 441 1033

624 537 865 599 addidit;
898 533 1084 599 sciens,
1114 539 1218 587 etc.
1253 527 1355 596 Qui
1395 525 1496 583 scit
1522 522 1815 579 bonitatem
1842 517 2024 582 amici,
2062 529 2197 586 quo-
2226 512 2278 572 Α
2299 505 2453 577 cujus
2487 522 2649 577 supra
2676 505 2905 561 fecimus
2932 502 3294 567 mentionem;
3325 506 3384 558 et
3406 498 3661 568 Demam,
3694 499 3772 556 de
3801 516 3910 572 quo

624 629 912 690 dummodo
953 624 1265 699 prtejudicat
1306 637 1374 676 ne
1403 617 1598 673 audeat
1640 628 1839 685 negare
1866 610 2007 682 quod
2025 608 2205 683 [roga-

625 722 760 797 tur.]
792 720 979 796 (Vens.
1019 714 1133 780 22.)
1174 711 1346 770 Simul
1380 720 1553 766 autem
1581 717 1629 763 et
1679 722 1809 779 para
1852 703 1983 760 mihi
2028 701 2208 772 hospi-

624 790 777 871 tium.
800 790 931 864 ‘Hoc
967 807 1087 861 ideo
1124 803 1271 867 dicit,
1307 809 1365 856 ut
1402 800 1529 855 dum
1564 813 1687 854 eum
1713 801 1990 865 exspectat
2029 790 2208 848 Phile-

625 922 749 962 mon
782 902 847 958 ad
872 915 931 955 se
952 914 1071 955 esse
1101 905 1410 961 venturum,
1442 892 1713 961 libentius
1745 888 1909 943 faciat
1944 885 2087 957 quod
2121 900 2210 941 ro—

623 1006 778 1071 gatus
807 1000 907 1048 est.
957 989 1100 1045 Nam
1141 1004 1289 1060 spero
1326 1002 1419 1058 per
1464 984 1727 1039 orationes
1774 988 1971 1035 vestras
2019 974 2211 1031 donari

626 1069 704 1143 ine
767 1086 933 1141 vobis.
990 1082 1202 1157 [Totius
1259 1078 1515 1135 Ecclesiae
1567 1075 1840 1131 orationes
1889 1069 2210 1143 profuerunt

626 1178 815 1243 Paulo,
855 1178 983 1233 dum
1018 1174 1108 1229 ille
1154 1169 1359 1244 profuit
1398 1168 1546 1225 omni
1587 1165 1842 1221 Ecclesia:
1877 1161 2003 1228 Dei;
2049 1174 2211 1232 quem

626 1270 770 1326 Deus
800 1267 1122 1341 perdonavit
1146 1263 1481 1320 orationibus
1508 1272 1649 1330 saepe
1674 1265 2008 1322 sanctorum,
2031 1253 2101 1309 ad
2125 1267 2212 1308 eo-

628 1380 750 1420 rum
770 1363 1059 1418 utilitatem
1086 1359 1178 1431 qui
1205 1372 1329 1413 eum
1353 1354 1586 1411 audituri
1618 1350 1790 1423 sunt.]
1826 1348 1981 1418 Quod
2028 1355 2213 1402 autem

628 1457 822 1513 crebro
848 1454 1049 1510 Paulus
1083 1454 1137 1507 in
1177 1464 1398 1507 carcere
1444 1446 1628 1511 fuerit,
1653 1452 1707 1499 et
1729 1444 1796 1497 de
1820 1439 2051 1496 vinculis
2078 1438 2214 1493 lihe-

628 1556 782 1603 ratus
808 1547 901 1612 sit,
933 1545 1049 1617 ipse
1076 1544 1129 1598 in
1152 1543 1260 1597 alio
1289 1541 1410 1595 loco
1456 1538 1587 1594 dicit
1619 1555 1630 1590 :
1656 1535 1733 1617 ΔΙη
1766 1532 2060 1589 carceribus
2107 1531 2213 1602 fre-

628 1651 845 1716 quenter
1010 1637 1134 1694 Cor.
1185 1652 1264 1701 ιι,
1288 1634 1399 1705 25).
1433 1633 1509 1688 De
1539 1609 1770 1703 quo.[De
1820 1624 2035 1698 quibus]
2081 1638 2216 1679 non-

628 1749 908 1806 nunquam
952 1732 1165 1787 Domini
1210 1728 1410 1784 auxilio
1460 1725 1722 1780 liberatus
1744 1730 1845 1779 est.
1880 1721 2067 1793 (Vens.
2098 1718 2168 1775 25
2198 1758 2213 1785 ,

628 1826 745 1899 24.)
774 1825 987 1883 Salutat
1012 1834 1062 1879 te
1091 1822 1367 1895 Epaphras
1395 1817 1727 1888 concaptivus
1756 1830 1901 1869 meus
1924 1814 1979 1867 in
2006 1809 2214 1866 Christo

630 1875 1059 1986 illis:
1087 1875 1424 1970 Al‘islarchus
1442 1953 1457 1977 ,
1496 1875 1689 1964 Demus
1719 1906 1867 1981 [Ms.,
1897 1901 2211 1976 Damascus]
2243 1875 2292 1936 Β

629 2018 678 2064 et
708 2009 879 2064 Lucas
894 2007 1162 2078 adjutores
1183 2006 1303 2059 mei.
1328 2003 1459 2071 Quis
1471 2002 1542 2057 sit
1564 1994 2214 2073 Epaphrasconcaptivus

629 2101 815 2167 Pauli,
879 2100 1041 2155 talem
1082 2096 1325 2153 fabulam
1371 2094 1699 2164 accepimus.
1746 2089 1914 2144 Aiunt
1963 2092 2216 2158 parentes

631 2190 858 2263 apostoli
887 2188 1040 2244 Pauli
1062 2189 1129 2245 de
1153 2185 1385 2243 Giscalis
1423 2184 1646 2257 regione
1691 2180 1860 2236 fuisse
1889 2177 2115 2244 Iudaeae;
2160 2184 2218 2233 et

630 2297 747 2348 eos,
775 2296 900 2337 cum
929 2286 1039 2335 tota
1066 2277 1344 2349 provincia
1367 2281 1677 2329 vastaretur
1695 2286 1857 2327 manu
1883 2277 1939 2325 et
1964 2268 2219 2340 devulga-

633 2383 823 2431 rentur
848 2370 1053 2447 [Hier.,
1103 2370 1347 2425 Romana
1377 2382 1560 2430 manu,
1586 2371 1641 2420 et
1678 2358 2138 2434 dispergerentur]
2163 2359 2218 2414 in

633 2468 765 2524 orbe
800 2464 994 2531 Judaei,
1033 2463 1088 2518 in
1136 2461 1365 2517 Tarsum
1391 2459 1578 2513 urbem
1623 2454 1822 2511 Ciliciae
1850 2452 2017 2508 fuisse
2041 2460 2221 2507 trans-

633 2558 794 2624 latos;
836 2563 1125 2628 parentum
1173 2551 1540 2609 conditionem
1579 2544 2038 2603 adolescentulum
2079 2543 2221 2598 Pau-

634 2651 747 2707 lum
772 2657 1017 2707 secutum
1047 2654 1103 2703 et
1129 2646 1210 2702 sic
1233 2660 1391 2716 posse
1438 2650 1586 2699 stare
1613 2641 1744 2696 illud
1768 2639 1912 2710 quod
1942 2638 2010 2693 de
2044 2637 2222 2708 seipso

636 2753 868 2801 testatur
894 2741 1139 2798 :Hebrtei
1164 2748 1307 2804 sunt,
1335 2748 1383 2793 et
1414 2753 1540 2808 ego;
1563 2733 1825 2790 Israelita:
1850 2738 1993 2797 sunt,
2016 2740 2065 2785 et
2090 2742 2223 2800 ego;

636 2851 811 2893 semen
835 2832 1061 2888 Abroha:
1088 2838 1233 2897 sunt,
1257 2839 1306 2884 et
1336 2846 1429 2899 ego
1461 2825 1547 2899 (II
1579 2823 1703 2879 Cor.
1732 2840 1810 2888 ιιι,
1839 2822 1957 2893 22).
2008 2821 2077 2876 Ει
2104 2835 2225 2875 rur-

639 2940 760 2982 sum
798 2923 925 2979 alibi
956 2941 970 2977 :
998 2920 1252 2976 Hebrteus
1298 2936 1363 2975 ea:
1406 2916 1643 2971 Hebrwis
1667 2912 1889 2986 (Philip.
1915 2929 2001 2978 ιιι,
2042 2909 2122 2984 5),
2171 2917 2227 2965 et

638 3021 853 3080 czetera,
904 3028 1025 3085 quae
1067 3010 1219 3068 illum
1266 3008 1510 3065 Judaeum
1568 3007 1739 3076 magis
1786 3005 2029 3061 indicant
2062 3017 2228 3074 quam

638 3109 986 3166 Tarsensem.
1003 3105 1161 3175 Quod
1188 3104 1236 3161 si
1254 3103 1331 3159 ita
1355 3109 1461 3168 est,
1480 3115 1767 3171 possumus
1796 3098 2107 3169 Epaphram
2138 3094 2228 3151 illo

638 3209 879 3272 tempore
907 3208 1127 3270 captum
1155 3194 1443 3268 suspicari,
1486 3208 1593 3265 quo
1630 3200 1823 3263 captus
1848 3197 1933 3247 est
1975 3188 2222 3255 Paulus;
2255 3237 2302 3302 C

638 3299 694 3346 et
719 3305 844 3345 eum
871 3305 902 3345 a
929 3289 1246 3361 parentibus
1268 3288 1383 3344 suis
1402 3285 1459 3341 in
1484 3284 1719 3342 Colossis
1741 3283 1874 3339 urbe
1895 3281 2038 3339 Asiie
2057 3280 2226 3339 collo-

640 3388 841 3448 catum,
869 3380 1069 3437 Christi
1092 3389 1285 3453 postea
1323 3380 1598 3450 recepisse
1626 3392 1953 3434 sermonem.
1979 3376 2134 3435 Unde
2175 3384 2231 3433 et

641 3473 698 3529 in
725 3472 956 3543 epistola
987 3472 1055 3527 ad
1102 3471 1450 3527 Colossenses
1484 3488 1496 3525 :
1532 3468 1747 3526 Salutat
1790 3485 1879 3523 vos
1924 3467 2230 3540 Epaphras,

641 3562 734 3634 qui
762 3570 838 3616 est
866 3577 931 3615 ea;
955 3560 1100 3616 vobis
1128 3559 1353 3633 (Coloss.
1384 3576 1459 3625 iv,
1492 3559 1602 3631 12).
1646 3558 1705 3614 Si
1749 3560 1903 3629 sgita
1935 3560 2134 3625 habet,
2177 3565 2234 3614 et

645 3650 1016 3718 Aristarchus,
1038 3652 1131 3721 qui
1155 3651 1505 3721 concaptivns
1523 3650 1573 3705 ei
1602 3649 1657 3704 in
1678 3649 1867 3706 eadem
1897 3648 2122 3717 epistola
2151 3647 2233 3705 di-

647 3745 811 3810 citur,
834 3744 901 3798 ad
916 3741 1164 3798 eamdem
1186 3741 1596 3812 intelligentiam
1610 3740 1919 3805 deducitur;
1945 3740 2029 3795 sin
2048 3748 2231 3795 autem

644 3840 748 3895 hoc
768 3853 874 3894 non
892 3837 1169 3908 recipitur,
1190 3852 1255 3891 ex
1278 3850 1343 3891 eo
1361 3836 1505 3906 quod
1532 3834 1621 3890 hic
1635 3833 1876 3888 additum
1894 3840 1977 3889 est
2000 3834 2055 3889 in
2080 3832 2233 3888 Chri-

644 3942 726 3989 sto
749 3930 877 3987 Iesu
898 3972 913 3998 ,
949 3944 1237 4001 possumus
1257 3928 1522 4000 suspicari
1551 3927 1741 3983 eadem
1773 3942 1895 3981 eum
1923 3926 2108 3981 Romae
2134 3940 2233 3997 pro

642 4024 862 4089 Christo
878 4022 1089 4079 vincula
1102 4021 1442 4087 sustinuisse,
1460 4018 1913 4090 quieetPaulum;
1938 4026 1995 4073 et
2018 4024 2080 4073 ut
2117 4017 2236 4072 vin-

649 4122 795 4173 ctum
815 4114 1040 4181 Christi,
1064 4114 1140 4169 ita
1168 4113 1443 4183 captivum
1469 4123 1683 4182 quoque
1696 4110 1938 4182 potuisse
1964 4109 2089 4165 dici.
2110 4107 2236 4163 Haec

649 4209 715 4265 de
737 4207 1011 4279 Epaphra.
1044 4205 1376 4262 Caeterorum
1407 4212 1821 4275 eooperatornm
1844 4200 2046 4275 [Hier.,
2074 4209 2237 4257 cate-

650 4313 770 4353 rum
800 4294 1205 4368 cooperatores]
1235 4294 1511 4368 Evangelii
1538 4303 1594 4349 et
1616 4295 1956 4350 vinculorum
1979 4308 2231 4357 suorum,

652 4404 777 4445 cum
819 4389 888 4443 ad
932 4388 1306 4443 Philemonem
1355 4385 1642 4457 epistolam
1682 4386 1964 4449 scriberet,
1994 4384 2237 4439 Marcum

653 4479 823 4550 ponit,
854 4477 948 4548 qui
976 4478 1153 4548 putari
1200 4485 1379 4547 potest
1428 4476 1703 4548 Evangelii
1746 4475 2235 4548 conditori[Hier.,

2311 598 2416 653 alio
2446 598 2498 653 in
2528 597 2649 651 loco
2675 598 2936 667 quaeritur
2965 613 2979 649 :
3015 594 3206 648 Demus
3227 610 3308 647 me
3337 592 3640 663 dereliquit,
3673 592 3911 665 diligens

2310 691 2408 746 hoc
2436 689 2685 745 swculum
2707 698 2757 743 et
2777 688 2905 743 abiit
2936 685 3396 753 Thessalonicam;
3418 695 3475 741 et
3494 686 3706 741 Lucam
3737 689 3911 744 medi-

2311 798 2457 850 cum,
2483 782 2577 853 qui
2621 780 2972 852 Evangelium
3018 786 3073 834 et
3108 778 3279 834 Actus
3328 779 3708 849 apostolorum
3742 781 3913 838 eccle-

2312 877 2408 933 siis
2434 877 2529 931 Dei
2552 874 2953 945 derelinquens,
2982 872 3049 928 de
3070 887 3178 943 quo
3201 872 3259 926 in
3314 870 3420 926 alio
3441 871 3562 927 loco
3596 890 3610 926 :
3646 872 3811 939 Misi,
3838 874 3914 930 in-

2312 972 2451 1044 quit,
2480 987 2599 1025 cum
2643 967 2737 1024 illo
2788 968 3028 1039 fratrem,
3061 966 3214 1037 cujus
3262 963 3381 1020 laus
3406 974 3481 1019 est
3510 966 3567 1018 in
3618 964 3910 1037 Evangelia

2310 1080 2404 1135 per
2431 1077 2605 1116 omnes
2652 1058 2896 1114 ecclesias
2942 1056 3158 1111 Domini
3188 1055 3353 1111 nostri
3379 1054 3511 1110 Iesu
3564 1054 3782 1111 Christi
3830 1057 3905 1129 (Il

2314 1152 2435 1207 Cor.
2468 1168 2590 1218 vui,
2635 1149 2745 1223 18).
2796 1148 2987 1223 (Vens.
3024 1146 3141 1218 25.)
3169 1143 3355 1201 Gratia
3405 1147 3505 1201 Dei
3551 1164 3681 1203 cum
3731 1149 3909 1219 spiritu

2313 1255 2501 1299 vestro.
2531 1243 2714 1316 Amen.
2747 1240 3177 1315 [Synecdochice
3204 1239 3427 1305 dicitur,
3461 1255 3581 1293 cum
3610 1240 3817 1309 spiritu
3839 1258 3914 1294 re-

2314 1350 2445 1406 stro,
2492 1356 2524 1394 a
2551 1338 2773 1394 meliore
2802 1343 2958 1407 parte
2999 1340 3175 1389 totum
3227 1331 3507 1387 hominem
3532 1331 3912 1404 signiﬁcans;]

2316 1450 2437 1490 cum
2470 1441 2650 1488 autem
2687 1432 2740 1486 in
2768 1429 2964 1501 spiritu
2995 1427 3170 1500 gratia
3215 1425 3402 1491 fuerit,
3433 1433 3613 1481 totum
3643 1425 3791 1481 facit
3827 1426 3912 1480 ho-

2316 1527 2518 1581 minem
2547 1522 2844 1595 spiritalem
2869 1540 2883 1576 :
2906 1528 2970 1575 ut
2988 1534 3116 1576 caro
3136 1517 3350 1590 spiritui
3376 1518 3607 1582 serviat,
3640 1525 3701 1573 et
3735 1519 3907 1571 anima

2315 1631 2424 1672 non
2450 1616 2700 1671 vincatur
2730 1630 2761 1668 a
2789 1627 2974 1679 carne,
3006 1618 3063 1667 et
3109 1610 3332 1666 redacta
3358 1609 3521 1664 simul
3552 1609 3612 1663 in
3662 1610 3907 1664 substan-

2316 1711 2448 1765 tiam
2487 1707 2785 1778 spiritalem
2831 1706 3107 1760 adhaereat
3150 1700 3365 1775 [Hier.,
3395 1701 3745 1773 adhaereant]
3774 1702 3904 1768 Deo;

2318 1802 2445 1873 quia
2464 1800 2554 1872 qui
2590 1799 2823 1854 adhaeret
2861 1796 3118 1865 Domino,
3149 1811 3287 1850 unus
3314 1794 3537 1865 spiritus
3581 1802 3662 1850 est
3700 1811 3822 1848 cum
3852 1811 3907 1849 eo

2323 1892 2376 1967 (1
2405 1891 2527 1948 Cor.
2558 1908 2637 1958 vi,
2666 1891 2777 1963 l7).

2389 1986 2738 2041 Arbitrantur
2758 1982 2904 2038 enim
2934 1980 3136 2054 [Hier.,
3164 1979 3565 2050 interpretatur
3593 1977 3805 2052 autem]
3834 1993 3913 2035 se-

2319 2079 2553 2136 cundum
2601 2074 2858 2130 Hebraeos
2922 2071 3122 2127 Paulus
3165 2070 3525 2126 admirabilis.
3589 2070 3914 2129 Timotheus

2316 2168 2613 2228 beneﬁcus.
2647 2166 2926 2222 Philemon
2955 2162 3092 2218 mire
3115 2163 3369 2229 donatus,
3396 2163 3502 2217 sive
3522 2176 3585 2217 os
3610 2162 3807 2231 panis;
3832 2162 3906 2217 ab

2319 2278 2432 2328 ore,
2456 2276 2563 2315 non
2610 2258 2678 2313 ab
2705 2274 2838 2312 osse.
2888 2255 3038 2326 Apim
3088 2253 3290 2327 [Περι-η
3331 2252 3582 2326 Apphia],
3613 2253 3907 2309 continens

2322 2361 2417 2410 aut
2441 2352 2682 2407 libertas.
2714 2348 3041 2419 Archippus,
3069 2345 3347 2417 longitudo
3375 2345 3580 2416 operis.
3602 2344 3916 2412 Onesimus,

2322 2442 2677 2514 respondens.
2707 2438 2870 2512 665
2892 2439 3197 2510 Epaphras,
3219 2436 3448 2511 frugifer
3477 2446 3536 2494 et
3561 2438 3787 2506 videns,
3808 2441 3916 2495 sive

2323 2553 2691 2599 succreseens.
2709 2536 2945 2602 Marcus,
2966 2534 3215 2591 sublimis
3240 2532 3524 2589 mandato.
3543 2532 3916 2601 Aristarchus,

2323 2648 2481 2689 mons
2529 2632 2710 2704 operis
2740 2628 3037 2701 amplioris.
3089 2628 3309 2694 Demas,
3350 2625 3544 2682 silens.
3576 2625 3917 2698 Lueas,'ipse

2325 2744 2680 2800 consurgens.
2708 2726 2843 2797 Qua:
2873 2724 3116 2791 nomina,
3150 2725 3196 2779 si
3215 2724 3371 2795 juxta
3392 2737 3553 2779 suam
3607 2723 3920 2794 interpreta-

2326 2824 2528 2880 tionem
2556 2821 2827 2877 voluerint
2855 2818 3056 2892 [Hier.,
3088 2814 3392 2888 volueritis]
3434 2814 3782 2887 intelligere,
3823 2831 3916 2871 non

2327 2923 2413 2973 est
2445 2913 2681 2979 difﬁcile,
2733 2910 3131 2976 admirabilem,
3182 2907 3495 2965 beneﬁcum
3542 2908 3823 2980 praecipue
3859 2908 3917 2962 ad

2328 3021 2452 3064 eum
2468 3004 2723 3068 scribere,
2741 3002 2827 3058 cui
2850 3000 3100 3056 universa
3124 3014 3381 3055 concessa
3392 3006 3526 3053 sunt
3544 2998 3693 3053 vitia
3731 2997 3917 3071 [ποι-ιε.

2328 3093 2639 3167 beneﬁcia],
2685 3100 2746 3148 ut
2787 3108 2849 3148 os
2897 3090 3013 3161 ejus
3043 3099 3226 3163 pateat
3254 3091 3323 3145 ad
3370 3089 3674 3146 caelestem
3721 3106 3917 3160 panem.

2334 3187 2537 3244 Deinde
2564 3186 2634 3242 ad
2655 3184 3006 3240 continentem
3043 3191 3099 3239 et
3122 3182 3337 3237 liberam
3368 3189 3423 3236 et
3454 3180 3529 3236 ad
3548 3180 3919 3253 longitudinem

2333 3280 2503 3353 operis
2526 3319 2542 3345 ,
2587 3277 2728 3350 quod
2764 3291 3041 3347 nunquam
3070 3290 3100 3329 a
3131 3273 3328 3331 saeculo
3371 3272 3568 3329 labore
3623 3273 3923 3333 desistimus

2335 3371 2536 3446 [Hier.,
2563 3387 2596 3426 a
2623 3377 2811 3426 saneto
2832 3366 3019 3423 labore
3045 3365 3321 3439 desistat].
3343 3366 3487 3422 Vere
3511 3372 3710 3421 autem
3741 3364 3920 3439 [Hier.,

2334 3466 2573 3522 scribere
2612 3460 2818 3534 autem]
2848 3476 2948 3532 pro
2980 3475 3067 3527 eo,
3118 3460 3211 3531 qui
3261 3459 3582 3532 respondeat
3628 3457 3924 3515 testimonio

2334 3574 2463 3625 suo;
2490 3572 2589 3613 nec
2620 3571 2727 3611 non
2757 3569 2901 3620 eum,
2927 3553 3012 3610 cui
3034 3551 3338 3623 specialiter
3365 3550 3603 3627 epistola
3631 3551 3922 3615 dedicatur,

2335 3651 2559 3710 salutari
2596 3649 2665 3705 ab
2698 3648 2953 3703 ubertate
2981 3653 3261 3701 crescente.
3291 3643 3369 3698 In-
3401 3657 3492 3709 eo,
3522 3643 3621 3712 qui
3648 3641 3825 3698 factus
3851 3649 3928 3698 est

2334 3761 2433 3819 per
2459 3743 2711 3799 mandata
2739 3739 3034 3804 sublimior,
3058 3737 3255 3807 illoque
3274 3735 3367 3806 qui
3395 3750 3495 3805 per
3516 3734 3733 3804 majora
3762 3749 3919 3804 opera

2336 3838 2390 3893 in
2424 3844 2652 3891 montem
2696 3847 2913 3905 gressus
2942 3829 3143 3903 [Hier.,
3200 3829 3255 3883 in
3284 3834 3524 3882 montem
3572 3825 3777 3898 usque]
3807 3839 3921 3880 suc-

2336 3929 2592 4005 creverit,
2621 3926 2691 3980 ab
2735 3939 2801 3980 eo
2852 3936 3067 3993 quoque
3120 3920 3214 3991 qui
3262 3917 3444 3990 posuit
3490 3917 3806 3972 custodiam
3847 3916 3922 3971 ori

2337 4035 2436 4077 suo
2454 4061 2469 4086 ,
2499 4027 2555 4076 et
2572 4018 2772 4074 ostium
2801 4015 3068 4070 munitum
3097 4011 3256 4069 labiis
3277 4010 3422 4076 suis;
3453 4009 3546 4080 qui
3586 4008 3799 4064 idcirco
3825 4007 3926 4063 for-

2337 4115 2479 4172 sitan
2510 4112 2696 4177 tacuit,
2728 4109 2855 4181 quia
2879 4108 2948 4165 ad
2974 4106 3244 4163 modicum
3274 4103 3576 4175 apostolum
3618 4101 3923 4172 derelique-

2339 4214 2443 4260 rat.
2474 4204 2543 4259 Et
2562 4203 2630 4257 ad
2653 4210 2958 4258 extremum
2978 4200 3047 4253 ab
3061 4212 3149 4263 eo,
3171 4197 3262 4267 qui
3278 4212 3376 4267 per
3394 4211 3454 4251 se
3470 4195 3588 4267 ipse
3612 4210 3928 4266 consurgens

2339 4299 2581 4373 quotidie
2626 4305 2883 4369 augetur,
2916 4295 3042 4351 dum
3085 4291 3437 4364 Evangelium
3482 4289 3602 4360 ejus
3633 4296 3756 4343 toto
3804 4287 3932 4342 orbe

2340 4392 2612 4463 impletur,
2660 4396 2716 4443 et
2758 4387 2920 4442 toties
2941 4384 3160 4449 crescit,
3193 4382 3406 4454 quoties
3450 4380 3669 4436 auditur
3702 4377 3888 4452 [Hiera
3913 4418 3931 4443 ,

2340 4484 2551 4555 quoties
2576 4481 2791 4535 auditus
2817 4485 2873 4532 et
2901 4476 3072 4531 lectus
3099 4472 3373 4545 aedificat].

653 4593 816 4649 quem
861 4584 993 4648 puto
1031 4576 1310 4649 Evangelii
1336 4574 1727 4649 conditorem];
1757 4583 1813 4633 et
1839 4576 2235 4645 Aristarchum,
2266 4616 2315 4677 Β
2347 4570 2969 4649 ExplicitExplanatioin
2984 4566 3278 4640 Epistolam
3291 4562 3932 4621 PauliadPhilemom.

657 4705 3925 4745 ._____________________________—._—————

887 4840 1178 4904 INCIPIT
1221 4839 1661 4903 EXPOSITIO
1708 4838 1789 4900 IN
1834 4836 2293 4901 EPISTOLAM
2335 4833 2573 4898 PAULI
2617 4828 3012 4893 APOSTOLI
3054 4827 3166 4890 AD
3207 4820 3603 4888 HEBIUEOS

1171 5029 1397 5087 CAPUT
1434 5027 1725 5087 PRIMUM.

727 5149 889 5206 Vens.
916 5149 968 5202 1.
990 5176 1064 5188 -
1086 5156 1115 5187 ι
1141 5143 1437 5216 Multifarie
1470 5152 1519 5199 et
1551 5142 1731 5199 multis
1750 5140 1922 5197 modis
1945 5139 2071 5195 olim
2094 5138 2238 5194 Deus

656 5241 870 5313 loquens
894 5238 1129 5311 patribus
1143 5238 1199 5292 in
1215 5235 1496 5308 prophetis.
1524 5233 1657 5290 Tota
1684 5232 1912 5289 intentio
1936 5231 2075 5286 beati
2096 5228 2243 5301 Apo-

633 5331 783 5388 lstoli
821 5329 923 5385 fuit
962 5330 1017 5384 in
1046 5330 1150 5385 hac
1184 5324 1432 5398 epistola,
1476 5323 1750 5389 Hebraeos,
1794 5323 1849 5378 id
1885 5329 1988 5387 est,
2026 5328 2240 5392 gentem

656 5438 815 5481 suam
852 5421 920 5476 ad
961 5418 1166 5476 Christi
1209 5431 1507 5475 convocare
1551 5413 1740 5480 ﬁdem;
1787 5415 2241 5483 eminentiamque

659 5522 866 5591 gratias,
895 5535 1015 5589 quae
1038 5534 1135 5590 per
1160 5517 1356 5574 Filium
1390 5518 1514 5573 data
1556 5521 1659 5581 est,
1692 5529 1725 5567 a
1754 5512 2013 5584 legalibus
2039 5511 2244 5567 discer-

630 5628 792 5671 niere
813 5612 1041 5676 umbris,
1068 5625 1187 5681 quae
1216 5609 1472 5681 angelicis
1494 5604 1979 5662 ministrationibus
2004 5603 2242 5658 fuerunt.

662 5706 871 5763 ldeireo
901 5704 1080 5776 primo
1102 5703 1282 5776 posuit
1306 5702 1598 5774 prophetas
1624 5695 1855 5754 diversis
1879 5696 2054 5751 modis
2080 5693 2250 5764 patri.

746 5830 774 5858 ι
793 5818 923 5884 Qua:
946 5817 1145 5886 passim
1173 5817 1229 5871 in
1256 5817 1360 5871 hoc
1385 5815 1643 5886 opusculo
1680 5814 1768 5869 his
1797 5810 1966 5883 signis
1994 5816 2251 5886 typogra-

2345 5045 2448 5101 hus
2471 5044 2679 5099 locutos
2723 5056 2845 5097 esse
2892 5039 3117 5095 dicens:
3150 5036 3447 5107 Multifarie
3471 5045 3520 5092 et
3542 5042 3733 5091 multis
3776 5036 3938 5092 modis

2350 5134 2475 5190 olim
2503 5133 2645 5188 Deus
2691 5132 2892 5186 locutus
2929 5138 3003 5185 est
3043 5129 3281 5202 patribus
3320 5127 3510 5183 nostris
3526 5127 3587 5180 in
3625 5128 3939 5198 prophetis:

2351 5228 2661 5298 signiﬁcans
2706 5226 2851 5281 enim
2890 5207 3033 5295 quod
3074 5222 3203 5278 alibi
3245 5222 3446 5277 dictum
3488 5227 3614 5275 est:
3648 5217 3775 5290 Ego
3808 5220 3939 5277 enim

2348 5322 2568 5377 visiones
2600 5317 2959 5390 multiplicavi,
2995 5324 3044 5370 et
3080 5316 3135 5369 in
3172 5313 3412 5369 manibus
3448 5312 3839 5384 prophetarum
3866 5328 3944 5367 ss-

2346 5412 2605 5468 similatus
2644 5426 2759 5465 sum
2804 5407 2975 5482 (Osee.
3019 5422 3118 5471 xu,
3157 5404 3267 5478 l0).
3307 5424 3326 5457 ‹
3358 5403 3593 5459 Proinde
3621 5418 3735 5457 non
3759 5418 3923 5459 secun

2349 5508 2474 5563 dum
2487 5507 2592 5561 hoc
2612 5503 2783 5559 solum
2805 5502 3096 5557 eminentia
3110 5498 3244 5554 Novi
3258 5495 3589 5555 Testamenti
3611 5494 3946 5558 declaratur,

2350 5599 2476 5671 quia
2510 5596 2756 5668 patribus
2799 5593 3019 5664 quidam
3064 5592 3344 5664 propheta:
3392 5589 3543 5645 missi
3593 5596 3752 5652 sunt,
3800 5586 3952 5642 nobis

2353 5700 2535 5747 autem
2559 5689 2752 5756 Filius;
2782 5687 2875 5743 sed
2903 5687 3067 5741 etiam
3106 5682 3252 5755 quod
3280 5681 3668 5754 prophetarum
3715 5678 3815 5733 vel
3862 5690 3955 5749 pa-

2356 5804 2415 5859 S.
2447 5796 2615 5875 Ioan.
2635 5802 2914 5875 Chrysost.
2937 5800 2991 5856 in
3012 5798 3307 5872 Epistolam
3328 5797 3394 5854 ad
3414 5791 3957 5867 Hebrieos,0pel'ln

632 5924 637 5936 ι
674 5874 851 5959 phich
884 5874 964 5942 ω’
991 5888 1345 5959 includuntur]
1364 5925 1381 5953 ,
1418 5874 1700 5958 desumpta
1752 5874 1879 5940 sunt
1914 5897 1982 5938 ex
2016 5874 2253 5937 homiliis
2359 5883 2490 5931 tom.
2525 5874 2637 5935 XII.
