4088 6330
285 441 427 506 1035

971 450 1379 510 EXEGETICA.
1417 481 1491 496 —-
1523 450 1766 512 EXPOS.
1807 453 1873 509 IN
1910 452 2125 510 EPIST.
2169 453 2227 510 S.
2264 454 2470 511 PAULI
2503 454 2594 511 AD
2630 455 2831 513 HEBR.

3403 467 3545 525 1054

281 565 644 622 triarcharum
663 581 822 624 nemo
849 569 955 626 nisi
975 571 1030 626 in
1050 571 1488 631 similitudinibus
1506 575 1644 631 vidit
1668 576 1859 642 Deum,
1886 580 1942 641 Α
1967 574 2021 628 in
2057 575 2327 643 omnibus,
2351 577 2445 632 sed
2466 578 2758 633 secundam
2780 591 3063 648 personam
3090 575 3322 650 [Chrys.,
3350 595 3544 640 secun-

279 651 478 711 Filium
504 673 635 716 vero
667 660 1000 732 unigenitum
1040 664 1381 720 incarnatum
1421 681 1558 732 esse,
1605 675 1767 739 atque
1810 667 1866 724 in
1968 663 2092 718 dum
2143 665 2561 740 substantiam];
2603 683 2730 723 nam
2776 677 2831 724 et
2871 668 2961 723 hic
3004 665 3172 738 ﬁgura
3221 670 3545 739 aequalitatis

277 763 341 804 ea
373 765 540 809 carne
578 754 755 810 visum
782 765 1012 824 constat,
1045 777 1064 810 ι
1092 773 1198 828 qua
1239 759 1382 814 idem
1421 761 1582 816 homo
1624 776 1656 815 a
1685 761 1864 818 Verbo

275 842 373 899 Dei
422 853 704 917 susceptus
748 848 1052 920 unigenitus
1089 857 1173 906 est
1200 849 1368 907 Filius
1414 852 1531 907 Dei.
1579 852 1703 909 Ideo
1737 869 1862 910 mox

275 933 484 989 addidit
516 951 532 990 :
564 937 748 1008 (Vens.
781 939 838 1011 2)
868 939 1163 996 Novissime
1200 942 1381 998 diebus
1415 944 1528 1000 istis
1563 945 1765 1001 locutus
1787 955 1862 1002 est

271 1025 500 1082 nobisin
526 1026 688 1085 Filio.
720 1049 740 1082 ι
779 1032 1016 1090 Dicenda
1040 1034 1182 1089 enim
1227 1036 1284 1090 in
1324 1034 1488 1104 Filio,
1527 1041 1860 1097 tantumdem

269 1117 414 1196 valet
441 1121 595 1190 quasi
627 1122 854 1192 diceret,
891 1143 987 1197 per
1023 1125 1254 1194 Filium;
1297 1129 1423 1199 quia
1457 1130 1514 1185 in
1549 1133 1858 1202 praepositio

266 1227 368 1283 pro
391 1231 486 1284 per
509 1209 792 1289 accipitur,
828 1239 849 1273 ι
881 1221 1021 1276 sicut
1044 1221 1228 1278 multis
1260 1222 1314 1277 in
1339 1222 1472 1280 locis
1495 1223 1857 1294 Epistolarum

264 1305 383 1377 ejus
413 1310 684 1368 invenitur
715 1314 802 1370 his
845 1318 1312 1388 prmpositionibus
1353 1316 1721 1374 indiﬁ'erenter
1752 1319 1850 1376 uti.

264 1395 458 1454 Tacuit
480 1401 657 1458 adhuc
695 1403 762 1459 de
794 1403 996 1462 Christi
1025 1409 1262 1476 nomine,
1296 1409 1421 1481 quia
1443 1409 1704 1482 plurimos
1736 1411 1854 1467 illo-

261 1507 382 1548 rum
435 1496 640 1552 sciebat
685 1515 910 1572 negasse
953 1501 1151 1558 Filium
1191 1503 1287 1559 Dei
1315 1520 1452 1560 esse.
1488 1523 1508 1556 ‹
1541 1504 1660 1561 Νοη
1705 1505 1852 1560 enim

259 1585 435 1653 dixit,
491 1587 731 1647 Christus
769 1590 973 1650 locutus
1021 1604 1146 1662 est;
1181 1596 1426 1666 quamvis
1478 1595 1654 1668 ipsum
1701 1595 1850 1652 locu-

261 1685 376 1732 tum
425 1691 636 1738 constet
681 1700 802 1741 esse
841 1687 1206 1744 manifestum.
1247 1689 1326 1745 lta
1361 1691 1591 1746 necdum
1634 1689 1848 1747 Iudaeos

257 1779 445 1840 aperto
498 1776 716 1832 nomine
755 1779 951 1850 tetigit.
1010 1779 1147 1836 Nam
1199 1781 1370 1838 ferme
1419 1799 1606 1839 omnes
1650 1784 1846 1853 quibus

255 1864 532 1933 propheta:
585 1867 752 1925 locuti
805 1881 967 1939 sunt,
1013 1873 1274 1945 malignos
1330 1891 1449 1931 esse
1500 1874 1845 1946 nefariosque

1965 758 2185 814 omnino
2211 759 2414 829 praebet
2448 761 2705 816 indicium
2732 762 2800 817 ad
2827 761 2957 816 illud
2982 759 3134 830 cujus
3162 761 3333 834 ﬁgura
3362 773 3545 821 osten-

1966 853 2129 920 ditur,
2168 863 2224 909 et
2247 857 2605 936 suSpicionem
2631 857 2713 912 vel
2740 872 2919 926 pravae
2949 855 3398 912 dissimilitudinis
3419 873 3546 928 pro-

1963 947 2048 1002 cul
2087 948 2249 1005 dubio
2291 965 2398 1004 non
2444 950 2652 1021 accepit
2696 948 2928 1023 [Chrys.,
2977 963 3084 1003 non
3124 946 3358 1020 recipit].
3399 968 3417 1001 ι
3445 948 3547 1004 Hic

1962 1037 2105 1092 enim
2142 1038 2372 1110 ﬁguram
2399 1040 2552 1105 dixit,
2578 1040 2720 1110 quod
2743 1039 2848 1094 alio
2872 1039 2991 1094 loco
3019 1038 3246 1093 formam
3277 1038 3540 1104 nominat,

1959 1127 2052 1182 ubi
2079 1127 2194 1182 ait:
2226 1129 2330 1195 Qui
2368 1147 2488 1186 cum
2526 1132 2582 1184 in
2629 1131 2800 1200 forma
2835 1130 2934 1186 Dei
2972 1139 3122 1197 esset,
3152 1137 3258 1185 etc.
3287 1129 3542 1185 Formam

1958 1218 2208 1275 videlicet
2234 1221 2317 1276 vel
2356 1221 2585 1294 ﬁguram
2613 1237 2775 1276 unam
2815 1221 3054 1277 declarat
3091 1219 3338 1276 essentia:
3363 1234 3544 1288 aequaa

1957 1305 2184 1364 litatem.
2211 1309 2469 1381 Sequitur
2492 1329 2504 1365 :
2531 1309 2756 1367 Portans
2786 1313 2960 1367 omnia
3000 1312 3151 1366 verbo
3180 1310 3384 1365 virtutis
3406 1326 3536 1364 suae.

1953 1396 2219 1468 Portans,
2264 1401 2319 1456 id
2367 1411 2480 1469 est,
2527 1405 2832 1476 gubernans
2875 1405 3056 1460 omnia
3115 1420 3180 1460 eo
3219 1405 3385 1460 verbo
3422 1403 3536 1459 vir-

1956 1489 2103 1553 tutis,
2152 1504 2248 1559 per
2274 1491 2413 1561 quod
2453 1492 2581 1548 fecit
2627 1494 2827 1548 omnia.
2862 1512 2880 1545 ‹
2909 1493 3026 1550 Non
3053 1495 3198 1548 enim
3233 1493 3414 1548 minus
3455 1499 3539 1548 est

1953 1582 2252 1650 gubernare
2297 1585 2555 1640 mundum
2585 1601 2745 1655 quam
2789 1602 2997 1642 creare.
3039 1585 3173 1640 Nam
3212 1586 3266 1640 in
3303 1585 3536 1641 creando

1951 1672 2165 1741 quidem
2202 1690 2270 1730 ex
2297 1677 2466 1732 nihilo
2495 1694 2675 1733 rerum
2717 1679 3031 1735 substantiae
3058 1679 3333 1750 producta:
3371 1685 3530 1745 sunt;

1950 1760 2004 1815 in
2043 1763 2390 1834 gubernando
2424 1784 2552 1823 vero
2585 1783 2650 1824 ea
2706 1786 2824 1840 qua:
2873 1770 3017 1825 facta
3055 1779 3200 1836 sunt,
3228 1784 3297 1824 ne
3341 1769 3410 1825 ad
3447 1767 3531 1822 ni-

1949 1851 2117 1908 hilum
2164 1857 2417 1925 redeant,
2460 1860 2821 1914 continentur.
2863 1860 3006 1931 Ergo
3048 1863 3173 1916 dum
3203 1859 3381 1916 omnia
3417 1859 3535 1914 haec

255 1956 540 2011 constabat
557 1974 572 2025 ;
614 1967 670 2014 ει
700 1963 928 2018 necdum
955 1964 1020 2018 de
1049 1964 1167 2019 ίειίε
1207 1965 1471 2021 rationem
1506 1983 1726 2024 movere
1750 1983 1843 2022 νο,
1871 1954 1920 2016 Β
1950 1955 2230 2016 reguntur,
2256 1957 2309 2003 et
2333 1949 2398 2005 ad
2428 1950 2657 2005 invicem
2686 1951 2786 2006 sibi
2808 1951 3161 2021 repugnantia
3191 1957 3530 2019 coaptantur,

257 2041 390 2111 luit,
438 2049 532 2103 sed
577 2050 796 2107 interim
841 2055 1078 2124 generali
1127 2072 1374 2113 sermone
1421 2058 1488 2112 de
1530 2059 1844 2117 muneribus

254 2135 511 2207 disputat,
536 2158 656 2214 quae
680 2143 789 2200 illis
809 2145 990 2201 divina
1010 2147 1260 2219 largitate
1283 2149 1640 2206 donabantur.
1673 2151 1842 2218 Quem

246 2229 517 2284 constituit
587 2233 846 2292 hatredem
904 2239 1286 2296 universorum.
1333 2242 1473 2308 Quid
1523 2252 1637 2312 est,
1689 2262 1841 2316 quem

252 2322 521 2376 constituit
564 2325 823 2382 hwredem
862 2329 1263 2385 universorum?
1299 2351 1321 2384 ι
1358 2334 1458 2389 Hic
1499 2334 1839 2391 incarnatum

246 2411 382 2467 dicit
430 2413 667 2484 Filium,
722 2419 788 2474 de
844 2436 949 2490 quo
997 2424 1245 2493 superius
1284 2421 1496 2483 lacutus
1545 2437 1657 2496 est,
1699 2430 1840 2485 sicut

241 2503 408 2558 etiam
440 2507 506 2561 de
541 2523 606 2563 eo
645 2509 703 2564 in
731 2514 966 2569 secundo
991 2513 1188 2586 legitur
1206 2517 1414 2586 psalmo
1442 2534 1455 2572 :
1491 2537 1511 2571 ‹
1553 2518 1776 2575 Postula
1803 2539 1836 2576 a

241 2611 346 2660 me,
384 2605 431 2650 et
479 2599 614 2654 dabo
659 2602 752 2655 tibi
787 2614 960 2675 gentes
999 2607 1354 2664 haereditatem
1384 2620 1529 2664 tuam
1570 2609 1742 2685 (Psal.
1771 2629 1832 2682 II,

235 2685 318 2778 ξ).
343 2687 458 2743 Non
479 2689 592 2759 jam
621 2697 798 2763 portio
817 2698 1030 2754 Domini
1057 2709 1267 2757 tantum
1294 2701 1461 2759 Jacob
1492 2712 1546 2760 et
1573 2721 1692 2762 sors
1717 2708 1835 2778 ejus

236 2777 406 2833 Israel
438 2779 674 2854 [Chrgs.,
700 2787 846 2843 solus
870 2789 1081 2863 Israel],
1111 2794 1204 2848 sed
1235 2810 1422 2851 omnes
1465 2797 1713 2866 protinus
1738 2777 1836 2855 na-

239 2872 436 2941 tiones,
463 2877 566 2933 hoc
587 2888 690 2945 est,
714 2881 859 2938 hunc
888 2883 1080 2940 Filium
1104 2886 1390 2943 Dominum
1407 2891 1688 2947 constituit
1713 2893 1834 2947 uni-

236 2981 538 3023 versorum.
590 2969 830 3029 Hzeredis
877 2984 1057 3032 autem
1108 2979 1280 3034 utitur
1327 2982 1576 3049 nomine,
1624 2991 1684 3038 ut
1725 2983 1832 3040 duo

233 3061 485 3128 quaedam
511 3077 609 3133 per
639 3065 742 3120 hoc
783 3078 993 3123 astruat
1019 3077 1073 3124 et
1099 3073 1370 3137 ostendat,
1397 3074 1541 3143 quod
1577 3075 1830 3146 pmprius

231 3151 310 3231 sit
335 3150 522 3220 Filius,
555 3163 611 3210 et
649 3160 793 3227 quod
821 3159 1206 3217 dominationis
1243 3163 1316 3218 illi
1362 3163 1506 3217 nulla
1553 3165 1830 3238 contingat

231 3242 475 3300 amissio.
499 3245 775 3304 Haeredem
798 3260 979 3306 autem
1000 3255 1243 3309 omnium
1265 3255 1415 3322 dicit,
1434 3256 1488 3310 id
1512 3265 1616 3323 est,
1640 3259 1824 3314 mundi

1945 2052 2199 2109 magnum
2231 2049 2286 2096 et
2311 2041 2466 2097 valde
2499 2042 2758 2106 mirabile,
2791 2042 3142 2113 plurimaeque
3179 2043 3397 2097 virtutis
3436 2041 3532 2096 Dei

1945 2129 2202 2185 indicium
2237 2133 2562 2188 declaratur.
2603 2153 2622 2188 ι
2664 2135 2794 2190 Post
2829 2136 2970 2189 hanc
2997 2135 3190 2190 divina:
3229 2133 3531 2202 majestatis

1942 2217 1998 2272 in
2020 2219 2155 2274 Filio
2181 2222 2482 2276 claritatem
2507 2224 2574 2278 ad
2595 2223 2818 2278 humilia
2840 2224 3225 2280 incarnationis
3250 2224 3530 2280 descendit

1943 2313 2166 2369 dicens:
2201 2312 2578 2386 Purgationem
2613 2327 2941 2388 peccatorum
2968 2317 3166 2388 faciens
3193 2331 3211 2369 :
3240 2317 3346 2372 duo
3381 2333 3528 2387 qua:-

1940 2403 2064 2459 dam
2089 2404 2416 2477 signiﬁcans,
2451 2407 2505 2462 id
2530 2415 2633 2473 est,
2673 2423 2856 2463 curam
2896 2409 3069 2463 nostri
3099 2423 3313 2480 gerens,
3361 2408 3416 2462 in
3461 2422 3527 2463 eo

1939 2497 2082 2564 quod
2123 2495 2241 2551 ait:
2282 2494 2511 2553 Portans
2548 2500 2723 2554 omnia
2762 2499 2914 2554 verba
2959 2500 3164 2554 virtutis
3215 2516 3346 2554 sure.
3371 2497 3526 2566 Quod

1935 2601 2066 2643 vero
2109 2588 2372 2659 adjuuxit,
2415 2593 2778 2663 purgationem
2824 2602 3151 2664 peccatorum
3196 2593 3428 2663 faciens,
3469 2592 3526 2648 id

1935 2685 2036 2742 est,
2064 2689 2291 2750 peccata
2329 2691 2513 2737 nostra
2544 2683 2785 2738 mundat.
2829 2682 2886 2736 ln
2926 2683 3010 2738 his
3038 2682 3245 2738 duobus
3289 2683 3526 2738 maxime

1936 2772 2237 2840 apostolum
2287 2774 2511 2845 gloriari
2553 2774 2817 2841 videmus,
2854 2775 2994 2845 quod
3038 2775 3154 2830 haec
3196 2790 3294 2844 per
3325 2774 3524 2829 Filium

1932 2860 2091 2915 nobis
2130 2862 2306 2917 ablata
2357 2878 2477 2918 esse
2515 2864 2864 2920 demonstret.
2915 2864 2984 2918 Et
3010 2879 3131 2919 cum
3159 2879 3258 2919 nos
3285 2879 3522 2920 commo—

1932 2951 2101 3006 visset
2148 2950 2383 3024 [Chrys.,
2431 2953 2870 3028 commonuisset]
2927 2956 3104 3010 crucis
3152 2963 3207 3010 et
3255 2956 3522 3026 passionis

1933 3041 2171 3112 ejusdem
2213 3045 2354 3113 Filii,
2386 3062 2482 3116 per
2525 3063 2644 3117 qua:
2687 3047 2842 3103 nobis
2880 3047 3129 3120 purgatio
3171 3057 3518 3117 peccatorum

1929 3137 2235 3194 ministrata
2283 3150 2394 3206 est,
2451 3141 2735 3196 confestim
2791 3144 2858 3198 de
2910 3143 3306 3197 resurrectione
3357 3150 3522 3212 atque

1929 3232 2242 3288 ascensione
2272 3231 2387 3302 ejus
2428 3232 2660 3288 instituit
2690 3247 2788 3288 nos
2823 3231 2890 3286 ad
2919 3232 3160 3288 coelestia
3205 3234 3414 3304 erigere
3464 3240 3520 3288 ct

232 3335 419 3392 totius.
449 3338 652 3396 Deinde
672 3341 741 3397 ad
764 3344 957 3399 altiora
982 3360 1287 3402 sermonem
1307 3320 1573 3403 convertit
1598 3320 1822 3406 dicens:
1851 3321 1900 3385 ο
1928 3320 2128 3376 intueri
2157 3323 2570 3378 inenarrabilem
2603 3323 2717 3392 eius
2742 3324 2999 3394 gloriam;
3040 3323 3116 3378 ait
3143 3325 3287 3378 enim
3318 3339 3331 3378 ³
3364 3322 3518 3378 Sed“

227 3425 342 3481 Per
361 3446 511 3500 quem
534 3433 653 3502 fecit
680 3441 729 3487 et
754 3434 970 3502 saecula,
1005 3454 1026 3489 ι
1045 3445 1104 3491 ιιι
1123 3437 1434 3492 ostenderet
1456 3439 1707 3495 eumdem
1731 3454 1828 3494 no-

225 3517 470 3576 vissimis
496 3522 684 3580 diebus
715 3526 920 3582 venisse
943 3527 998 3582 in
1020 3530 1298 3596 mundum,
1322 3544 1419 3599 per
1435 3545 1594 3600 quem
1623 3529 1754 3585 fecit
1772 3540 1828 3586 et

225 3611 516 3679 mundum,
541 3616 962 3686 magnitudinem
990 3617 1105 3686 ejus
1129 3621 1437 3684 ostendens,
1460 3620 1552 3690 qui
1581 3618 1681 3674 fuit
1700 3622 1824 3675 novi

226 3705 542 3760 testamenti
588 3706 728 3761 lator
769 3719 826 3762 et
868 3719 1078 3766 auctor.
1109 3731 1127 3763 ‹
1166 3711 1296 3767 Post
1341 3713 1456 3767 haec
1501 3711 1823 3780 quibusdam

222 3795 487 3866 gradibus
513 3797 788 3870 eleganter
821 3808 976 3855 utens
1003 3800 1248 3870 pervenit
1285 3799 1354 3854 ad
1383 3803 1455 3864 id,
1487 3803 1629 3869 quod
1651 3802 1825 3853 omni-

221 3887 332 3942 bus
370 3887 489 3943 istis
512 3905 633 3958 qute
669 3906 831 3961 supra
857 3891 996 3948 dixit
1035 3891 1203 3947 multo
1241 3889 1416 3960 majus
1453 3899 1556 3950 est.
1587 3898 1642 3946 et
1671 3891 1821 3946 inso-

223 3980 351 4034 nuit
376 3980 564 4036 dicens
589 3999 601 4035 :

299 4072 465 4144 666
489 4072 651 4128 Vens.
676 4072 730 4127 5.
753 4104 825 4114 -
847 4073 951 4139 Qui
977 4083 1052 4130 est
1077 4074 1323 4146 splendor
1348 4073 1550 4146 gloriae,
1579 4083 1626 4128 et
1647 4074 1822 4145 figura

221 4164 536 4220 substantia?
556 4165 693 4236 ejus.
728 4164 940 4236 Ubique
978 4166 1196 4236 quidem
1225 4166 1475 4236 religioso
1504 4165 1659 4220 nobis
1687 4179 1821 4234 opus

220 4265 314 4314 est
345 4258 640 4325 intellectu,
671 4261 908 4316 maxime
948 4269 1129 4315 autem
1163 4259 1255 4314 ubi
1293 4261 1358 4316 de
1399 4259 1510 4315 Deo
1550 4259 1821 4330 loquimur

220 4353 317 4408 vel
355 4354 643 4410 audimus:
675 4356 931 4426 quoniam
968 4372 1144 4427 neque
1183 4357 1252 4413 ad
1294 4357 1618 4427 loquendum
1661 4357 1822 4429 digne

220 4446 298 4502 de
332 4445 441 4502 Deo
479 4447 662 4518 lingua
707 4448 902 4505 sulIicit
941 4465 1115 4520 neque
1144 4450 1210 4506 ad
1239 4450 1643 4521 percipiendum
1682 4464 1822 4520 prie-

216 4535 370 4591 valet
423 4537 745 4594 intellectus.
785 4560 805 4592 ›
849 4538 1074 4609 Oportet
1116 4540 1318 4606 etiam,
1369 4539 1461 4595 ubi
1514 4539 1600 4595 vel
1641 4553 1820 4596 sermo

218 4629 432 4695 deﬁcit,
460 4631 545 4684 vel
582 4631 837 4702 cogitatio
886 4631 1158 4701 explicare
1202 4630 1268 4686 de
1309 4629 1420 4684 Deo
1458 4645 1564 4684 non
1594 4630 1815 4701 poterit,

1929 3414 1998 3468 ad
2026 3413 2293 3470 dexteram
2321 3417 2610 3486 majestatis
2638 3417 2750 3486 ejus
2769 3417 2825 3470 in
2849 3415 3085 3471 excelsis.
3110 3416 3214 3471 Per
3238 3417 3514 3472 dexteram

1926 3519 2034 3559 non
2079 3505 2246 3561 Deum
2279 3507 2630 3576 corporaliter
2666 3507 3001 3574 deformavit,
3053 3508 3147 3564 sed
3193 3506 3517 3580 magnitudi-

1925 3611 2049 3651 nem
2093 3598 2482 3655 demonstravit
2508 3600 2745 3655 honoris.
2788 3600 2924 3656 Dum
2952 3601 3088 3655 dixit
3117 3619 3130 3654 :
3165 3599 3235 3656 In
3274 3600 3511 3669 excelsis,

1924 3688 2161 3743 ostendit
2200 3704 2324 3745 eum
2368 3691 2619 3746 omnibus
2661 3691 2906 3746 altiorem
2937 3700 2991 3746 et
3021 3692 3512 3762 supereminentem

1923 3797 2062 3849 esse,
2101 3800 2118 3834 ε
2152 3783 2244 3852 qui
2277 3784 2441 3838 etiam
2486 3800 2656 3853 usque
2705 3785 2772 3838 ad
2820 3785 2992 3852 ipsum
3025 3784 3271 3852 pervenit
3316 3785 3510 3841 solium

1921 3884 2161 3945 paternae
2186 3875 2469 3931 claritatis.
2503 3877 2654 3932 Sicut
2693 3893 2824 3947 ergo
2865 3879 3024 3932 Pater
3051 3879 3105 3933 in
3149 3879 3377 3935 excelsis
3404 3889 3508 3946 est,

1921 3966 2001 4020 sic
2028 3974 2083 4020 et
2104 3965 2293 4022 Filius.
2326 3966 2628 4025 Consessus
2653 3969 2797 4024 enim
2825 3971 2956 4024 nihil
2985 3972 3320 4027 demonstrat
3359 3974 3504 4030 aliud

1920 4057 2027 4112 nisi
2078 4057 2299 4114 honoris
2344 4060 2726 4129 (equalitatem.
2783 4061 2840 4117 Si
2889 4063 3032 4118 enim
3089 4063 3508 4120 minorationem

1919 4146 2080 4202 vellet
2122 4148 2425 4216 ostendere,
2481 4167 2754 4221 nunquam
2801 4153 3022 4217 diceret,
3071 4169 3103 4208 a
3145 4155 3370 4221 dextris,
3412 4159 3506 4212 sed

1919 4237 2100 4310 potius
2128 4253 2159 4293 a
2191 4239 2428 4296 sinistris
2459 4259 2478 4294 ι
2510 4255 2632 4296 eum
2661 4243 2869 4298 sedere.
2902 4243 3092 4299 Adhuc
3128 4245 3504 4301 excellentiam

1920 4331 2159 4403 ejusdem
2189 4332 2312 4388 Filii
2337 4336 2622 4392 ostendere
2649 4351 2933 4408 aggressus
2961 4344 3064 4402 est,
3094 4338 3222 4393 dum
3254 4338 3384 4393 dicit
3417 4357 3428 4392 :

1994 4431 2156 4487 Vens.
2184 4432 2240 4486 4.
2262 4463 2334 4475 -—
2361 4433 2527 4491 Tanto
2562 4435 2748 4490 melior
2786 4436 2986 4507 angelis
3023 4438 3258 4507 effectus,
3309 4446 3502 4509 quanto

1920 4529 2243 4600 differentias
2268 4547 2378 4602 prce
2403 4531 2510 4587 illis
2537 4549 2722 4588 nomen
2768 4532 3110 4586 hazreditavit.
3149 4531 3335 4602 Angeli
3379 4541 3505 4588 sunt

1921 4621 2155 4677 ministri
2177 4632 2231 4678 et
2250 4622 2466 4689 famuli;
2495 4624 2584 4680 ille
2611 4624 2825 4694 quidem
2846 4624 2988 4680 ﬁlius
3011 4632 3068 4680 et
3085 4625 3279 4680 haeres.
3312 4624 3501 4691 Tanto,

223 4739 244 4772 ς
278 4683 608 4790 ιυι,ο’ωεείε
628 4683 858 4791 gloriare
881 4683 1115 4793 [CIL-ys”
1139 4720 1466 4792 gloriﬁcare]
1500 4683 1814 4789 nosrneum,
1839 4683 1896 4745 D
1920 4711 2113 4781 inquit,
2150 4713 2335 4768 melior
2353 4714 2551 4786 angelis
2586 4716 2820 4785 effectus,
2852 4715 2955 4770 hoc
3001 4723 3100 4778 est,
3135 4715 3503 4772 honorabilior

217 4813 373 4885 quod
403 4811 564 4868 talem
587 4814 754 4868 Deum
782 4813 1066 4878 habemus,
1091 4814 1185 4881 qui
1214 4821 1268 4867 et
1285 4813 1620 4869 intellectum
1643 4821 1818 4868 trans-

219 4904 414 4960 cendit
448 4912 504 4958 et
550 4904 894 4974 cogitationis
945 4902 1218 4957 intuitum.
1249 4900 1439 4957 Merito
1476 4901 1818 4971 splendorem

215 5013 352 5057 eum
378 4997 512 5052 dixit
533 4997 737 5070 gloriae,
759 5005 947 5068 utpote
967 4997 1061 5067 qui
1082 4997 1259 5067 ipsum
1282 4997 1488 5052 sciebat
1505 4995 1769 5050 dicentem
1797 5011 1811 5048 :

217 5093 343 5163 Ego
381 5109 498 5147 sum
545 5091 640 5146 luo:
685 5091 866 5146 mundi
901 5111 920 5144 ι
975 5089 1159 5162 (Joan.
1205 5107 1324 5156 vm,
1369 5089 1480 5159 12).
1514 5087 1816 5145 Ostendens

217 5199 352 5240 eum
381 5183 563 5239 lumen
609 5183 675 5239 de
717 5183 943 5248 lumine,
985 5182 1138 5236 sicut'
1172 5181 1343 5235 Deum
1387 5181 1451 5236 de
1501 5180 1611 5234 Deo
1658 5194 1810 5244 esse;

218 5277 545 5348 animasque
599 5285 811 5332 nostras
863 5275 1252 5330 illuminantem
1293 5281 1349 5328 et
1400 5271 1617 5326 Patrem
1659 5271 1815 5326 nobis

219 5367 610 5424 insinuantem.
637 5367 742 5422 Per
765 5366 1104 5437 splendorem
1135 5365 1330 5436 quippe
1351 5363 1612 5418 unitatem
1637 5361 1814 5418 decla-

217 5462 369 5518 ravit
415 5462 665 5518 essentiae
707 5477 830 5516 cum
875 5460 987 5515 Deo
1023 5460 1208 5525 Patre,
1251 5477 1270 5511 ‹
1305 5465 1359 5513 et
1390 5457 1620 5513 mirabili
1652 5458 1812 5513 modo

215 5568 390 5609 unam
413 5555 768 5610 substantiam
786 5553 1041 5619 ostendit,
1066 5560 1128 5607 ut
1144 5551 1278 5607 duas
1295 5565 1554 5622 personas
1576 5548 1782 5622 [Chrys.
1794 5589 1809 5614 ,

219 5644 630 5719 subsistentias]
661 5646 895 5715 aperiret
931 5645 985 5699 in
1025 5643 1194 5715 gloria
1230 5651 1286 5698 et
1324 5642 1627 5714 splendore.
1659 5641 1812 5697 Unde

217 5737 394 5794 etiam
420 5738 733 5810 subjungit:
772 5739 874 5804 Qui
917 5747 991 5792 est
1018 5737 1190 5808 ﬁgura
1225 5734 1530 5791 substantia:
1558 5735 1691 5804 ejus.
1724 5732 1815 5787 Fi-

219 5843 366 5899 gura
391 5826 622 5900 [Chrys.,
646 5829 952 5901 character]
976 5829 1172 5899 quippe
1198 5827 1336 5882 alter
1362 5833 1445 5882 est
1465 5826 1534 5881 ab
1553 5839 1638 5890 eo,
1662 5823 1813 5893 cujus

223 5919 419 5979 efferat
445 5919 680 5994 [σιω-ψη
711 5922 974 5993 enuntiat]
1008 5923 1256 5978 formam.
1287 5919 1438 5978 Alter
1479 5928 1660 5976 autem
1691 5932 1813 5974 °non

655 6013 923 6076 :Ps'rnor.
991 6013 1058 6076 Ο.

1917 4811 2079 4870 atque
2105 4805 2437 4870 praeclarior,
2464 4816 2664 4872 quanto
2692 4803 2884 4860 melius
2911 4805 3252 4862 haereditavit
3275 4823 3492 4863 nomen.

1919 4891 2175 4963 Sequitur
2213 4911 2226 4950 :
2264 4892 2447 4966 (Vt-Ius.
2480 4894 2536 4965 5)
2577 4895 2675 4950 Cui
2708 4897 2846 4950 enim
2874 4897 3008 4952 dixit
3031 4898 3314 4970 aliquando
3341 4915 3499 4969 ange—

1917 4983 2087 5038 lorum
2125 5001 2144 5039 :
2182 4983 2356 5041 Filius
2393 5003 2536 5041 meus
2577 5003 2630 5041 es
2681 4996 2756 5052 tu,
2802 5005 2894 5059 ego
2930 4989 3083 5044 hodie
3107 4991 3262 5060 genui
3303 4991 3391 5043 te?
3431 4988 3497 5045 Et

1917 5094 2131 5134 rursum
2156 5093 2171 5133 :
2201 5079 2315 5150 Ego
2335 5097 2422 5135 ero
2441 5080 2516 5134 illi
2536 5081 2590 5135 in
2609 5079 2841 5149 Patrem,
2867 5091 2914 5138 et
2929 5084 3037 5154 ipse
3055 5085 3152 5137 erit
3179 5083 3304 5138 mihi
3331 5085 3383 5138 in
3408 5083 3496 5138 Fi-

1914 5167 2061 5224 lium.
2093 5170 2206 5225 Hoc
2233 5171 2377 5225 enim
2403 5173 2606 5242 absque
2643 5172 2753 5227 ulla
2778 5173 3109 5229 dubitatione
3149 5174 3214 5228 de
3249 5173 3496 5228 incarna-

1915 5261 2062 5316 tione
2089 5260 2213 5316 Filii
2242 5262 2465 5330 dicitur;
2496 5264 2615 5320 ideo
2643 5267 2866 5321 verbum
2910 5264 3076 5319 futuri
3107 5265 3364 5334 temporis
3395 5281 3494 5335 po-

1913 5351 2056 5407 suit:
2087 5349 2196 5405 Ero
2226 5351 2305 5406 illi
2334 5354 2388 5408 in
2417 5351 2649 5422 Patrem,
2677 5367 2722 5409 et
2751 5357 2856 5426 ipse
2900 5357 2997 5410 erit
3018 5355 3146 5409 mihi
3173 5356 3228 5410 in
3268 5354 3489 5409 Filium.

1915 5440 2068 5508 Quod
2114 5457 2244 5498 vero
2280 5443 2452 5499 dixit:
2479 5444 2653 5500 Filius
2690 5463 2835 5500 meus
2879 5463 2932 5500 es
2979 5456 3054 5511 tu,
3105 5464 3197 5517 ego
3227 5447 3379 5501 hodie
3408 5465 3494 5518 ge-

1915 5534 2005 5586 nui
2047 5543 2115 5599 te,
2160 5544 2344 5605 aperte
2393 5539 2716 5603 manifestat,
2757 5538 2902 5608 quod
2938 5537 3080 5593 idem
3127 5541 3193 5594 de
3235 5555 3340 5608 quo
3394 5540 3491 5604 ait,

1919 5624 2026 5681 Ero
2047 5628 2094 5680 ei
2120 5629 2175 5682 in
2214 5626 2446 5694 Patrem,
2472 5639 2602 5696 etc.,
2650 5646 2716 5685 ex
2769 5631 2883 5700 ipsa
2935 5631 3170 5686 essentia
3207 5631 3384 5686 Patris
3425 5632 3497 5686 sit

1916 5721 2159 5792 genitus;
2203 5721 2322 5777 ideo
2368 5723 2619 5793 prmsenti
2667 5733 2906 5792 tempore
2945 5724 3122 5793 posuit
3159 5724 3334 5789 hodie,
3370 5723 3495 5792 quia

1917 5815 2027 5872 Deo
2049 5816 2186 5870 nihil
2231 5818 2563 5886 praeteritum
2602 5817 2686 5871 vel
2722 5815 2960 5870 futurum
3005 5823 3109 5882 est,
3151 5815 3244 5870 sed
3283 5827 3496 5883 semper

1918 5910 2201 5982 praesentia
2230 5919 2442 5965 cuncta.
2484 5927 2502 5960 ι
2538 5908 2722 5965 Potest
2761 5907 2904 5964 enim
2949 5913 3004 5962 et
3049 5904 3342 5963 secundum
3375 5919 3497 5962 car-

2981 6000 3059 6062 33
