4088 6330
634 453 773 521 1035

1475 461 1536 520 Β.
1570 465 1633 520 F.
1673 462 1899 520 ALBINI
1938 458 2070 514 SEU
2109 455 2384 513 ALCUINI
2422 455 2709 512 OPERUM
2748 453 2929 511 PARS
2967 453 3030 508 ll.

3756 447 3898 507 1056

630 589 754 632 nem
797 575 901 629 hoc
933 573 1103 644 accipi
1145 574 1366 636 dictum,
1404 574 1529 643 quia
1567 589 1698 630 caro
1737 571 2099 629 communicat
2132 567 2210 621 al-
2230 567 2284 630 Δ
2310 581 2402 620 eos
2428 565 2646 637 angelos
2674 565 2936 620 mittendo
2962 578 3055 618 eos
3094 562 3343 618 nuntiare
3371 565 3514 634 quod
3535 561 3782 632 jusserit.
3826 565 3892 618 Et

632 667 876 730 tioribus,
923 666 1061 720 sicut
1100 673 1155 719 et
1193 665 1442 720 divinitas
1482 664 1771 720 humilibus
1810 662 2212 719 communicare

632 757 850 829 dignata
875 767 1009 813 εει.»
1038 756 1151 811 Hoc
1176 758 1356 826 itaque
1381 756 1498 812 loco
1521 757 1803 828 perspicue
1831 756 1963 810 duas
1991 763 2211 807 naturas

632 849 686 906 in
718 849 931 905 Christo
951 849 1204 905 ostendit.
1237 847 1362 904 [lare
1381 863 1511 904 vero
1537 849 1727 904 salutis
1750 855 1946 902 nostrae
1965 843 2209 913 exempla

630 939 954 1005 referamus;
987 957 1006 991 ι
1052 940 1098 994 si
1135 940 1282 995 enim
1309 940 1442 1009 ipse,
1473 955 1595 994 cum
1623 939 1764 993 Deus
1786 944 2008 993 essetet
2030 935 2211 990 Domi-

631 1046 750 1093 nus,
783 1029 984 1100 Deique
1004 1028 1192 1094 Filius,
1229 1044 1336 1085 non
1365 1030 1571 1100 respuit
1597 1028 1824 1083 formam
1861 1025 2003 1082 servi
2041 1024 2210 1079 susci-

631 1135 785 1193 pere,
808 1121 981 1177 multo'
1001 1121 1230 1193 amplius
1247 1137 1348 1177 nos
1367 1130 1577 1192 oportet
1597 1128 1789 1176 cuncta
1808 1117 2065 1189 perlicere
2089 1130 2210 1185 quae

625 1209 775 1281 jussa
801 1217 926 1265 sunt
965 1211 1140 1276 nobis,
1167 1219 1222 1267 et
1249 1211 1468 1266 humilia
1498 1224 1724 1280 quaeque
1766 1209 2014 1264 tolerare.
2043 1205 2206 1278 “7

626 1301 995 1358 Recordemur
1013 1297 1286 1356 Christum
1326 1302 1592 1357 dicentem
1623 1318 1638 1356 :
1666 1299 1798 1355 Cum
1824 1299 2049 1369 feceritis
2091 1312 2205 1350 om-

627 1389 736 1456 nia,
777 1389 931 1444 dicite
953 1390 1077 1462 quia
1119 1389 1330 1444 inutiles
1355 1393 1488 1446 servi
1515 1407 1693 1446 smnus
1740 1389 1891 1465 (Luc.
1933 1405 2064 1452 xvu,
2094 1387 2203 1458 10).

697 1485 861 1540 Vsus.
892 1483 1032 1539 6.-
1049 1481 1116 1539 Et
1144 1499 1260 1538 cum
1283 1485 1468 1539 iterum
1492 1485 1774 1539 introducit
1809 1481 2206 1555 primogenitum

626 1577 682 1630 in
704 1575 876 1632 orbem
897 1579 1178 1641 terrarum,
1201 1576 1330 1630 dicit
1357 1589 1375 1627 .'
1413 1574 1482 1628 Et
1525 1576 1743 1629 adorent
1767 1589 1885 1628 eum
1911 1588 2086 1627 omnes
2111 1588 2208 1626 an-

626 1666 729 1738 geli
752 1665 870 1722 Dei.
903 1665 1102 1723 Paulus
1135 1677 1312 1722 autem
1354 1667 1632 1722 introitum
1683 1665 1884 1721 Christi
1921 1672 2078 1718 vocat
2119 1678 2208 1717 as-

625 1757 984 1829 sumptionem
1007 1757 1208 1820 carnis,
1258 1757 1323 1811 de
1358 1771 1462 1826 qua
1513 1757 1626 1825 ipse
1663 1755 1920 1809 Dominus
1946 1752 2002 1807 in
2031 1752 2207 1806 Evan-

622 1847 761 1920 gelio
790 1849 865 1904 ait
897 1866 911 1902 :
939 1849 1094 1903 Exivi
1119 1866 1152 1902 a
1179 1847 1362 1913 Patre,
1403 1857 1451 1901 et
1485 1849 1593 1902 veni
1632 1848 1688 1901 in
1728 1845 1982 1901 mundum
2021 1843 2202 1917 (Joan.

2308 658 2573 712 ministras
2609 672 2732 711 suos
2773 657 3041 725 ﬂammam
3083 653 3236 724 ignis.
3281 653 3534 723 Legimus
3579 657 3896 726 apparuisse

2309 753 2489 824 ignem
2525 752 2579 807 in
2615 750 2779 816 rubo;
2816 749 3043 821 legimus
3087 750 3250 805 etiam
3312 750 3534 806 missum
3575 751 3752 822 ignem
3807 751 3895 805 de-

2309 859 2473 914 super
2511 853 2566 901 et
2607 843 2856 916 implesse
2897 842 3039 913 quod
3075 850 3403 912 praeceptum
3445 850 3546 897 est.
3573 829 3763 896 Potest
3792 843 3895 897 dici

2309 937 2524 1006 quando
2573 934 2714 992 lenia
2774 936 3023 994 nuntiare
3078 935 3392 999 mittuntur,
3455 933 3672 1004 angelos
3729 949 3890 1000 esse;

2309 1031 2523 1099 quando
2559 1031 2628 1086 ad
2654 1030 2946 1086 vindictam
2985 1030 3289 1095 mittuntur,
3333 1029 3610 1084 ministros
3648 1044 3806 1094 esse,
3846 1030 3893 1084 id

2309 1129 2411 1186 est,
2440 1122 2619 1193 ignem
2655 1120 2954 1176 ardentem.
2985 1119 3122 1175 Sunt
3147 1121 3310 1176 etiam
3350 1120 3463 1174 hinc
3502 1117 3675 1174 oiiicia
3706 1120 3768 1173 in
3803 1119 3894 1173 Ec-

2307 1213 2471 1268 clesia
2505 1211 2786 1282 praesnti;
2837 1226 2961 1265 nam
3002 1211 3382 1282 prmdicatores
3426 1208 3630 1274 sancti,
3676 1209 3894 1280 quando

2309 1300 2607 1372 spiritualia
2632 1300 2946 1371 praedicant,
2963 1308 3017 1355 et
3038 1300 3227 1370 gaudia
3256 1297 3406 1370 regni
3426 1295 3522 1353 Dei
3543 1297 3890 1362 annuntiant,

2308 1393 2484 1466 angeli
2505 1394 2787 1461 dicuntur;
2804 1394 3018 1464 quando
3037 1408 3164 1448 vero
3187 1399 3449 1447 terrorem
3474 1391 3736 1462 gehennae
3761 1390 3891 1462 ignis

2305 1485 2625 1557 pnedicunt,
2666 1485 2900 1542 ministri
2938 1492 3081 1551 sunt,
3114 1493 3173 1538 ut
3202 1491 3440 1538 terreant
3479 1487 3803 1552 peccatores
3841 1482 3888 1535 in

2309 1579 2723 1636 comminatione
2751 1578 2890 1651 ignis
2913 1576 3072 1643 illius,
3090 1576 3180 1646 qui
3204 1587 3472 1646 nunquam
3493 1575 3884 1642 exstinguetur.

2309 1669 2492 1741 (Vsus.
2522 1669 2600 1740 8.)
2629 1669 2708 1723 Ad
2731 1667 2928 1722 Filium
2954 1676 3165 1721 autem:
3197 1663 3433 1719 Thronus
3471 1670 3614 1729 tuus,
3643 1659 3810 1727 Deus,
3838 1665 3886 1716 in

2307 1764 2554 1819 saxulum
2582 1762 2762 1817 saeculi
2783 1776 2800 1814 :
2825 1763 2966 1832 virga
3016 1759 3273 1832 a’quitatis
3310 1759 3453 1830 virga
3477 1756 3626 1829 regni
3666 1756 3766 1810 tui.
3798 1754 3883 1810 Hic

2309 1858 2375 1914 de
2399 1873 2465 1912 eo
2504 1857 2634 1911 dicit
2661 1856 2752 1926 qui
2778 1853 3068 1909 secundum
3100 1865 3318 1907 carnem
3346 1859 3446 1914 est,
3479 1850 3547 1904 de
3584 1865 3696 1919 quo
3729 1850 3882 1904 etiam

624 1957 736 2008 xw,
759 1941 872 2013 28).
903 1940 1016 1998 Hoc
1052 1941 1170 1996 loco
1194 1940 1438 1996 Christus
1483 1940 1906 1996 incarnationem
1933 1953 2087 1993 suam
2116 1954 2205 1992 era-
2232 1931 2282 1994 Β
2308 1948 2419 2019 ipse
2466 1947 2724 2002 Dominus
2769 1943 2823 2000 in
2865 1940 3156 2012 Evangelio
3187 1941 3263 1995 ait
3304 1958 3317 1993 :
3365 1939 3530 1993 Pater
3555 1955 3663 1994 non
3682 1939 3882 2009 judico!

623 2033 756 2087 itum
777 2042 956 2099 vocat,
980 2032 1123 2104 quod
1145 2031 1342 2086 Paulus
1361 2032 1449 2087 hic
1473 2033 1742 2087 introitum
1759 2031 2018 2086 nominat.
2046 2029 2202 2097 Quae-

626 2128 850 2182 rendum
889 2134 974 2182 est
1018 2140 1186 2196 quare
1235 2140 1398 2180 unam
1454 2139 1568 2181 rem
1621 2124 1849 2181 diversis
1896 2125 2202 2180 nominibus

621 2216 868 2273 Christus
893 2226 949 2274 et
975 2211 1171 2272 Paulus
1197 2218 1480 2273 nominare
1503 2217 1819 2274 voluissent.
1854 2235 1873 2270 ι
1918 2214 2202 2289 Signiﬁca-

620 2312 795 2368 tiones
815 2311 1031 2382 quidem
1057 2312 1319 2368 dictorum
1336 2313 1636 2369 manifestae
1659 2322 1804 2381 sunt,
1827 2321 1884 2368 et
1905 2314 2200 2369 secundum

619 2403 748 2472 quid
783 2403 1098 2459 alterutrum
1146 2403 1376 2468 dicatur,
1407 2412 1660 2474 apparet;
1693 2403 1947 2459 Christus
1984 2404 2201 2473 quidem

621 2493 814 2549 merito
841 2494 1044 2550 exitum
1070 2501 1263 2549 vocat:
1293 2492 1427 2548 foris
1451 2493 1594 2550 enim
1631 2507 1850 2549 eramus
1877 2508 1908 2547 a
1939 2494 2067 2556 Deo,
2097 2495 2202 2550 sic-

619 2597 676 2644 ut
703 2591 792 2661 qui
819 2599 942 2646 sunt
969 2598 1122 2645 extra
1150 2587 1358 2661 regales
1384 2588 1535 2644 aulas
1573 2589 1628 2642 in
1674 2587 1902 2643 vinculis
1940 2585 2199 2654 colligati,

616 2689 671 2736 et
710 2682 802 2752 qui
838 2681 1036 2738 habent
1063 2683 1200 2754 apud
1235 2693 1412 2752 regem
1450 2695 1550 2754 pro
1586 2681 1757 2751 culpis
1782 2679 2061 2737 oll'ensam.
2090 2677 2201 2732 Hu-

617 2771 850 2842 jusmodi
873 2774 1066 2844 quippe
1090 2792 1119 2828 a
1146 2774 1312 2846 regali
1352 2773 1478 2828 aula'
1504 2773 1638 2828 loris
1661 2773 1866 2829 exclusi
1901 2781 2061 2837 sunt;
2106 2771 2199 2840 qui

619 2861 762 2916 enim
790 2863 1018 2916 voluerit
1066 2864 1183 2918 istis
1215 2865 1425 2919 veniam
1456 2864 1762 2934 impetrare,
1810 2877 1917 2918 non
1962 2864 2198 2934 primum

615 2952 760 3024 ipsos
784 2953 838 3008 in
859 2955 1034 3009 aulam
1060 2957 1203 3026 regis
1229 2956 1453 3022 inducit,
1475 2957 1569 3011 sed
1594 2956 1707 3025 ipse
1734 2956 1884 3010 feras
1900 2956 2194 3026 egreditur,

619 3043 799 3114 ibique
825 3057 948 3098 cum
967 3044 1046 3099 eis
1071 3046 1386 3101 commiscet
1409 3045 1876 3102 sermocinatiouis
1902 3044 2193 3115 negotium,

620 3151 789 3208 usque
838 3135 963 3191 dum
1007 3152 1102 3193 eos
1144 3146 1418 3193 correctos
1455 3136 1660 3202 reddat,
1691 3144 1748 3192 et
1789 3136 1978 3207 dignos
2001 3134 2197 3190 elliciat

2300 2055 2632 2113 quemquam,
2674 2036 2764 2092 sed
2791 2051 2940 2090 omne
2958 2032 3220 2105 judicium
3247 2029 3387 2084 dedit
3430 2027 3593 2094 Filio,
3627 2039 3686 2083 ut
3713 2044 3881 2083 omnes

2301 2130 2640 2200 honoriﬁcent
2675 2126 2872 2182 Filium
2919 2125 3098 2199 (Joan.
3151 2139 3208 2188 v,
3255 2121 3368 2194 22).
3408 2121 3476 2176 Et
3518 2119 3676 2191 paulo
3714 2129 3873 2189 post;

2302 2222 2617 2276 Polestatem
2647 2219 2790 2273 dedit
2817 2218 2864 2271 ei
2898 2215 3161 2286 judicium
3203 2212 3398 2281 facere,
3429 2211 3540 2282 quia
3564 2209 3737 2263 Filius
3775 2211 3871 2262 to.

2299 2314 2454 2368 minis
2480 2321 2554 2366 est
2585 2307 2765 2384 (Joan.
2794 2325 2850 2377 v,
2881 2307 2992 2382 27).
3026 2307 3125 2362 Hic
3151 2304 3296 2361 enim
3336 2305 3554 2358 thronus
3580 2302 3673 2356 Dei
3710 2303 3772 2356 ad
3789 2300 3865 2370 ju-

2299 2404 2497 2460 dicium
2524 2403 2757 2474 pertinet
2780 2401 3038 2468 futurum,
3071 2399 3123 2454 in
3167 2413 3273 2468 quo
3301 2396 3470 2452 forma
3513 2395 3651 2451 servi
3681 2394 3877 2449 videbi-

2299 2504 2420 2561 tur,
2459 2494 2624 2565 judex
2677 2495 2921 2549 vivorum
2964 2501 3019 2548 et
3071 2499 3436 2556 mortuorum;
3469 2491 3527 2544 et
3557 2502 3665 2558 quo
3687 2487 3879 2556 judicio

2298 2588 2478 2644 omnia
2499 2586 2764 2644 veraciter
2785 2583 3030 2640 Christus
3058 2581 3390 2647 moderatur,
3417 2579 3699 2635 examinat
3727 2588 3880 2649 atque

2299 2679 2572 2749 dijudicat.
2606 2677 2675 2733 In
2701 2677 2949 2734 saxulum
2974 2677 3175 2744 surculi,
3223 2669 3320 2743 ait,
3364 2675 3493 2746 quia
3531 2673 3879 2730 novissimum

2289 2771 2553 2842 judicium
2598 2771 2738 2827 inter
2778 2771 2947 2827 bonos
2990 2777 3045 2827 et
3093 2770 3262 2826 malos
3307 2777 3507 2826 aeterna
3557 2770 3879 2824 discretione

2299 2865 2483 2932 stabit,
2514 2881 2578 2920 eo
2605 2865 2717 2935 ipso
2747 2872 2977 2918 testante
3008 2864 3060 2917 in
3090 2861 3398 2933 Evangelio,
3423 2861 3516 2930 qui
3539 2859 3876 2928 iudicaturus

2298 2967 2420 3014 est:
2456 2957 2597 3012 Tunc
2624 2956 2770 3011 ibunt
2793 2956 2844 3009 lii
2874 2956 2926 3009 in
2953 2955 3118 3025 ignem
3143 2963 3416 3018 internum,
3444 2953 3586 3023 justi
3627 2961 3801 3006 autem
3832 2951 3878 3004 in

2298 3049 2454 3105 vitam
2509 3057 2757 3103 (sternam
2812 3043 3022 3117 (Matth.
3076 3061 3203 3112 xxv,
3255 3039 3368 3116 46).
3415 3041 3573 3114 Virga
3626 3042 3877 3114 monitoris

2298 3142 2441 3213 virga
2472 3142 2613 3212 regni
2641 3141 2735 3195 tui.
2768 3140 2986 3210 Virgam
3019 3155 3144 3194 vero
3169 3137 3409 3210 regulam
3453 3137 3657 3191 divinae
3685 3135 3878 3208 signiti-

613 3240 721 3296 quo
754 3226 896 3297 regis
923 3227 1089 3282 vultui
1123 3229 1494 3300 reprmsentari
1540 3236 1870 3285 mereantur.
1913 3227 2005 3284 Sic
2029 3228 2196 3283 etiam
2227 3293 2269 3303 _
2297 3241 2388 3289 cat
2413 3233 2711 3303 mquitatis;
2739 3247 2858 3302 quae
2881 3224 3147 3286 veraciter
3174 3237 3320 3285 recta
3347 3228 3566 3294 dicitur,
3591 3229 3723 3300 quia
3749 3225 3875 3281 nulla

613 3321 865 3379 Christus
896 3321 1076 3380 edicit.
1124 3325 1382 3397 Egressus
1425 3326 1622 3396 quippe
1667 3327 1733 3380 ad
1773 3339 1892 3393 nos,
1939 3325 2044 3382 hoc
2089 3331 2194 3392 est,

609 3425 830 3469 Carnem
871 3429 1109 3480 sumens,
1159 3423 1211 3470 et
1253 3415 1549 3472 collocutus
1596 3415 1876 3472 nobiscum
1923 3423 2195 3486 praecepta

611 3506 754 3578 regis
799 3506 1050 3573 innotuit,
1090 3516 1144 3562 et
1180 3509 1257 3562 sic
1301 3523 1400 3564 nos
1443 3524 1474 3562 a
1515 3509 1754 3578 peccatis
1789 3510 2106 3571 emundans,
2141 3516 2196 3564 et

615 3597 683 3651 ad
707 3591 876 3651 Deum
917 3606 1237 3654 convertens
1264 3599 1319 3652 in
1345 3599 1520 3653 aulam
1559 3599 1792 3670 regalem
1819 3601 1965 3654 velut
1995 3600 2197 3655 media-

617 3695 704 3744 tor
743 3690 978 3760 optimus
1022 3689 1366 3745 introducens
1400 3689 1631 3763 [Chrys.,
1678 3690 2017 3764 introduxit].
2065 3691 2196 3746 Pro-

614 3789 802 3852 pterea
834 3783 1000 3854 igitur
1018 3782 1224 3838 exitum
1249 3791 1406 3838 vocat
1434 3799 1543 3836 suae
1583 3784 1970 3839 incarnationis
1996 3785 2195 3839 adven-

616 3881 747 3928 tum.
779 3871 976 3930 Paulus
992 3883 1172 3930 autem
1194 3874 1470 3929 introitum
1498 3874 1760 3939 nominat,
1789 3889 1855 3929 ex
1879 3875 2193 3942 metaphora

613 3964 1060 4032 hacreditantium,
1089 3973 1146 4023 et
1185 3964 1277 4036 jus
1320 3965 1627 4022 dominandi
1666 3967 1721 4020 in
1767 3965 1945 4036 aliqua
1979 3981 2194 4034 posses-

608 4057 759 4113 sione
796 4057 1154 4124 sumentium;
1194 4057 1419 4114 dicendo
1448 4057 1591 4111 enim
1625 4073 1639 4109 :
1676 4055 1878 4110 lterum
1907 4055 2193 4110 introducit

608 4149 1008 4222 primogenitum
1029 4151 1085 4204 in
1107 4149 1280 4204 orbem
1306 4160 1584 4216 terrarum,
1621 4150 1722 4206 hoc
1747 4150 2034 4222 significat,
2067 4165 2190 4205 cum

607 4239 656 4296 ei
679 4241 965 4298 committit
989 4240 1176 4296 orbem
1201 4249 1489 4296 terrarum.
1533 4240 1681 4297 Tunc
1721 4243 1868 4296 enim
1907 4248 2077 4297 totum
2103 4257 2194 4297 or-

609 4331 730 4389 bem
752 4333 1010 4404 possedit,
1031 4345 1156 4390 cum
1186 4332 1258 4386 ab
1279 4331 1546 4387 universis
1569 4339 1652 4386 est
1675 4333 1941 4405 agnitus.»
1976 4332 2040 4385 Et
2062 4332 2190 4387 ado-

612 4431 724 4476 rent
756 4439 873 4476 eum
900 4437 1075 4477 omnes
1101 4421 1272 4492 angeli
1309 4421 1426 4476 Dei.
1463 4421 1542 4476 Ad
1586 4423 1778 4478 altiora
1815 4426 2060 4495 quaedam
2082 4425 2191 4481 ele-

611 4527 745 4568 vans
773 4521 1006 4569 mentem
1036 4521 1298 4580 nostram,
1325 4522 1385 4568 ut
1429 4515 1664 4570 sciamus
1715 4516 1864 4572 illum
1900 4517 1991 4586 qui
2023 4533 2189 4574 carne

611 4602 830 4657 indutus
852 4612 936 4659 est
960 4612 1017 4660 et
1047 4617 1240 4675 passus
1279 4613 1362 4661 est
1404 4621 1503 4676 pro
1528 4607 1702 4671 nobis,
1729 4608 1799 4662 ab
1828 4608 2030 4680 angelis
2059 4610 2186 4664 ado-

609 4701 806 4748 ratum.
866 4693 934 4749 Ut
975 4697 1304 4754 discerneret
1345 4706 1524 4753 autem
1575 4700 1911 4770 majestatem
1956 4701 2076 4755 Filii
2115 4701 2184 4756 ab

609 4787 924 4859 angelorum
966 4787 1394 4852 ministratione,
1451 4805 1575 4842 mox
1630 4801 1845 4847 secutus
1895 4791 2181 4861 adjunxit:

610 4875 795 4950 (Vens.
821 4877 875 4949 7)
906 4875 1009 4944 Qui
1037 4876 1163 4947 facit
1201 4877 1411 4949 angelos
1437 4894 1560 4932 suos
1587 4880 1819 4948 spiritus,
1842 4888 1889 4930 et
1919 4879 2182 4934 ministros

606 4984 730 5023 suos
754 4969 1020 5039 ﬂammam
1050 4967 1203 5037 ignis.
1236 4985 1255 5018 ι
1288 4968 1404 5022 Dion
1443 4969 1590 5022 enim
1647 4968 1789 5023 solos
1824 4967 2042 5037 angelos
2081 4970 2184 5026 hoc

607 5077 854 5119 somnne
898 5060 1192 5131 signiﬁcat,
1243 5061 1335 5116 sed
1383 5076 1570 5118 omnes
1614 5061 1842 5116 virtutes
1886 5061 2181 5118 ministeria

607 5167 838 5222 superna
861 5149 1163 5222 iungentes.
1199 5169 1220 5203 ι
1249 5149 1535 5206 Sciendum
1564 5165 1692 5207 vero
1721 5159 1806 5208 est
1839 5153 1982 5223 quod
2006 5153 2182 5225 angeli

607 5261 800 5302 nomen
822 5255 905 5303 est
925 5245 1104 5310 ocii,
1132 5260 1237 5300 non
1266 5252 1486 5308 naturae,
1514 5245 1604 5314 qui
1628 5245 1792 5301 etiam
1820 5259 2030 5315 semper
2055 5252 2181 5300 sunt

606 5339 857 5408 spiritus,
912 5338 1006 5394 sed
1057 5354 1163 5393 non
1216 5351 1431 5407 semper
1481 5336 1655 5406 angeli
1698 5337 1880 5393 vocari
1934 5345 2176 5407 possunt.

607 5429 813 5496 Quzeris
857 5431 1016 5500 hujus
1064 5438 1272 5485 natura
1315 5428 1544 5484 nomen?
1585 5427 1817 5499 Spiritus
1843 5436 1943 5485 est.
1973 5427 2182 5496 Quaeris

604 5520 797 5576 cilicii?
825 5520 1043 5593 angelus
1070 5526 1171 5575 est.
1203 5518 1284 5574 Ex
1305 5534 1371 5574 eo
1395 5518 1536 5589 quod
1573 5525 1677 5582 est,
1708 5519 1930 5588 spiritus
1962 5528 2084 5575 est:
2109 5535 2178 5576 ex

605 5626 671 5663 eo
690 5609 830 5680 quod
853 5609 1000 5664 audit
1018 5607 1223 5682 [Forte,
1259 5606 1414 5682 agit],
1445 5607 1664 5680 angelus
1697 5616 1814 5675 est;
1845 5611 1972 5679 quia
2017 5625 2181 5682 ange-

603 5697 687 5753 lus
721 5697 927 5765 Grzece,
957 5699 1149 5755 Latine
1190 5699 1410 5756 nuntius
1439 5701 1672 5758 dicitur:
1714 5701 1854 5758 sicut
1883 5703 2044 5757 homo
2083 5716 2178 5758 no-

609 5800 728 5840 men
766 5795 848 5842 est
872 5798 1100 5856 naturai,
1128 5789 1282 5847 miles
1309 5806 1437 5848 vero
1464 5807 1658 5850 nomen
1701 5792 1881 5848 cilicii.
1917 5792 2006 5849 Sic
2033 5795 2176 5851 enim

611 5878 702 5948 qui
721 5885 877 5933 erant
906 5876 1020 5947 jam
1057 5881 1276 5951 spiritus
1298 5884 1496 5940 conditi
1530 5901 1561 5942 a
1601 5891 1846 5942 creatore
1890 5885 2020 5952 Deo,
2049 5886 2180 5945 facit

2207 4657 2265 4721 D

2218 3293 2269 3361 ε
2297 3293 2563 3397 pravitate
2606 3293 2882 3381 curvatur.
2917 3321 3080 3394 Virga
3120 3323 3222 3378 ista
3260 3320 3434 3391 justos
3485 3293 3653 3391 regii,
3695 3320 3876 3390 impios

2297 3419 2560 3490 percutit;
2592 3417 2688 3475 sed
2712 3417 2827 3473 haec
2844 3416 2995 3488 virga
3015 3411 3272 3471 fortitudo
3290 3422 3374 3470 est
3399 3413 3626 3477 invicta,
3655 3414 3876 3483 aequitas

2298 3511 2621 3577 rectissima,
2667 3506 2972 3564 inﬂexibilis
3015 3505 3316 3576 discip‘lina.
3373 3501 3498 3560 Hanc
3536 3504 3689 3560 enim
3735 3505 3876 3574 virga

2299 3605 2432 3677 regii
2458 3603 2679 3661 honoris
2698 3603 2928 3672 insigne,
2956 3607 3225 3670 sceptrum
3252 3598 3529 3653 dicebatur
3553 3598 3873 3668 antiquitus,

2295 3699 2581 3769 designans
2621 3698 2676 3752 in
2721 3696 2886 3769 668
2931 3710 2996 3750 ea
3040 3694 3300 3748 virtutum
3343 3697 3545 3759 regem“,
3591 3690 3874 3745 Dominum

2297 3792 2649 3848 Salvatorem.
2671 3791 2854 3856 (Vens.
2884 3786 2960 3846 9.)
2984 3783 3229 3836 Dilexisti
3243 3780 3506 3853 justitiam
3518 3787 3575 3836 et
3594 3781 3762 3838 odisti
3779 3783 3872 3837 iui-

2289 3883 2559 3955 quitatem.
2588 3879 2706 3952 Ipsa
2744 3888 2827 3936 est
2853 3878 3001 3948 virga
3038 3883 3210 3942 recta,
3259 3890 3444 3930 amare
3480 3876 3801 3946 equitatem
3827 3881 3875 3930 tl

2290 3977 2468 4034 odisse
2510 3973 2822 4044 nequitiam.
2855 3969 3024 4026 Nemo
3053 3969 3199 4024 enim
3239 3965 3477 4038 perfecte
3506 3967 3693 4038 diligit
3725 3968 3872 4040 justi.

2291 4069 2444 4134 tiam,
2486 4065 2586 4120 nisi
2629 4064 2720 4135 qui
2760 4071 2815 4119 et
2850 4069 3000 4117 actus
3025 4061 3288 4132 pessimos
3339 4059 3723 4127 abominatur;
3759 4061 3871 4132 quia

2289 4157 2487 4212 veritas
2525 4170 2699 4218 amor,
2747 4152 2929 4208 odium
2964 4158 3046 4206 est
3075 4149 3299 4205 falsitas.
3339 4149 3444 4205 Sed
3483 4150 3614 4206 huic
3644 4151 3873 4206 amatori

2287 4245 2545 4303 bonitatis
2571 4252 2625 4300 et
2651 4243 2775 4299 odio
2819 4241 3138 4312 iniquitatis,
3185 4255 3304 4310 quae
3344 4241 3569 4310 praemia
3609 4244 3728 4298 sint
3757 4242 3871 4299 τω-

2289 4340 2420 4406 dita,
2464 4338 2648 4393 subter
2705 4333 2948 4405 exponit,
2996 4333 3180 4387 dicens
3221 4350 3234 4385 :
3288 4327 3572 4403 Propterea
3624 4335 3785 4389 unxit
3830 4343 3875 4387 te

2286 4430 2450 4496 Deus,
2477 4427 2617 4482 Deus
2649 4435 2789 4482 tuus.
2824 4423 3029 4481 Unctus
3073 4422 3320 4478 Christus
3349 4429 3404 4479 et
3432 4437 3617 4494 regem
3673 4425 3874 4500 signiti-

2287 4530 2376 4577 cat
2401 4528 2458 4576 et
2479 4519 2837 4585 sacerdotem,
2879 4517 3004 4588 quia
3036 4516 3321 4587 dignitates
3367 4517 3483 4572 ista:
3516 4523 3877 4576 sumebantur

2286 4627 2383 4683 per
2409 4611 2804 4668 sacratissimas
2840 4609 3138 4665 unctiones.
3187 4607 3322 4663 Nam
3368 4617 3424 4666 et
3456 4611 3636 4680 ipsum
3681 4630 3875 4668 nomen

2287 4703 2486 4758 Christi
2513 4717 2545 4759 a
2571 4711 2758 4758 sancto
2791 4701 3084 4757 chrismate
3122 4707 3364 4755 vocatur.
3411 4700 3517 4757 Sed
3565 4703 3618 4756 in
3652 4704 3750 4758 illa
3790 4721 3876 4759 na-

2287 4804 2412 4852 tura
2439 4803 2632 4850 unctus
2679 4794 2898 4861 dicitur,
2937 4808 3042 4862 qua
3083 4791 3477 4860 dispensatione
3515 4801 3572 4848 et
3613 4805 3789 4852 natus
3830 4805 3877 4850 et

2287 4892 2551 4949 mortuus,
2578 4891 2634 4937 et
2659 4882 3019 4938 resurrexisse
3048 4884 3316 4939 veraciter
3343 4883 3541 4938 dicitur
3581 4883 3872 4950 Christus;

2286 4983 2538 5031 caeterum
2581 4973 2752 5028 deitas
2777 4971 2892 5041 ejus
2922 4972 3065 5027 nullo
3085 4988 3330 5038 munere,
3363 4974 3511 5028 nullo
3553 4976 3776 5033 honore
3803 4980 3877 5033 in~

2285 5065 2456 5136 diguit
2501 5061 2762 5132 adjuvari.
2795 5061 3062 5133 Repetitio
3110 5071 3288 5119 autem
3333 5065 3460 5130 ista,
3505 5068 3659 5134 quod
3704 5071 3874 5125 dicit:

2280 5155 2440 5221 Deus,
2469 5153 2633 5218 Deus,
2661 5155 2989 5223 praeconium
3019 5169 3226 5224 magna:
3274 5153 3563 5210 iilectionis
3599 5163 3872 5216 ostendit.

2281 5245 2408 5302 Oleo
2429 5244 2792 5301 exsultationis
2817 5261 2925 5316 pm
2947 5245 3282 5316 participibus
3319 5247 3443 5303 tuis.
3470 5247 3692 5315 Duplici
3719 5251 3875 5305 unde

2279 5339 2587 5395 unctionem
2606 5335 2751 5392 illam
2774 5343 3012 5392 sanctam
3034 5338 3344 5406 provenisse
3363 5337 3658 5407 signiﬁcat.
3679 5341 3874 5397 Ole-II

2279 5431 2476 5486 laetitia
2493 5438 2576 5485 est
2596 5428 2802 5498 peccati
2824 5425 3088 5483 maculam
3116 5445 3224 5483 non
3251 5430 3638 5496 habere,unde
3655 5447 3727 5487 se
3753 5447 3877 5488 cul-

2277 5521 2501 5578 scientia
2524 5535 2737 5592 semper
2763 5519 3049 5585 exbila‘rat,
3067 5521 3282 5591 quando
3307 5521 3447 5576 nulla
3465 5523 3876 5578 remst

2277 5615 2566 5685 asperitate
2607 5613 2902 5668 mordetur.
2945 5603 3071 5666 Prw
3117 5613 3453 5684 participibus
3474 5616 3600 5668 ηε..
3648 5614 3718 5670 ιι,

2276 5706 2573 5771 hominum,
2602 5704 2732 5760 dicit
2750 5717 2886 5776 quos
2913 5707 2968 5760 et
2992 5704 3104 5774 ipse
3125 5704 3178 5759 in
3200 5703 3488 5776 Evangelia
3525 5705 3746 5765 fratres
3785 5721 3879 5777 ap-

2273 5797 2455 5868 pellat.
2485 5796 2608 5853 ldeo
2635 5804 2817 5852 autem
2851 5789 3054 5852 dictum
3082 5804 3186 5863 est,
3206 5813 3315 5867 pra:
3350 5797 3702 5870 participibus
3746 5799 3876 5862 sub,

2275 5886 2527 5958 quoniam
2561 5885 2701 5943 hanc
2722 5885 3151 5945 benedictionem
3178 5897 3342 5960 supra
3367 5903 3526 5946 one
3553 5888 3876 5947 humanm
