4088 6330
283 481 424 541 1057

983 481 1392 543 ΕχΕοΕΤιεΑ.
1433 489 1748 544 —-EXPOS.
1789 490 1860 544 1N
1892 467 2108 546 EPIST.
2151 491 2207 546 s.
2249 491 2452 546 PAULI
2488 491 2584 544 an
2617 489 2820 546 uasa.

3387 481 3537 546 ξοδδ

280 613 470 672 genus,
500 599 612 653 sive
654 613 826 670 reges,
870 601 983 655 sive
1029 603 1338 657 sacerdotes
1378 602 1432 656 in
1458 601 1639 658 Veteri
1667 601 1853 658 Testa-
1877 615 1929 672 Α
1954 604 2176 670 dendos,
2203 603 2297 674 (pii
2322 604 2560 674 quotidie
2583 603 2838 658 vitiorum
2865 599 3256 656 contrarietate
3275 602 3528 659 derelicta

280 701 492 759 mento;
535 694 648 749 sive
691 695 854 749 etiam
899 695 1167 764 apostolos
1201 686 1277 752 et.
1304 705 1568 770 martyres
1614 698 1667 752 in
1702 697 1852 754 Novo
1952 702 2297 750 revertuntur
2318 695 2386 749 ad
2407 694 2711 760 Dominum,
2739 699 2795 748 et
2819 699 3072 762 tanquam
3115 691 3404 748 scabellum
3437 710 3532 765 pe-

282 787 624 856 cognoscitur
645 788 938 857 accepisse,
963 797 1022 844 ut
1043 798 1236 845 unctus
1263 790 1608 862 singulariter
1629 801 1854 848 caeteros
1950 785 2129 854 dibu5,
2171 786 2340 860 ωε
2387 787 2461 841 ita
2509 785 2628 854 ejus
2669 783 3138 856 praedicationibus
3179 783 3524 840 inclinantur.

282 893 484 949 ungere
517 879 802 934 debuisset.
836 878 894 934 in
917 879 1010 935 illo
1027 881 1168 936 enim
1199 879 1318 937 fons
1340 889 1423 938 est
1443 883 1851 949 benedictionis,

279 978 446 1042 prout
477 969 584 1039 ipsi
600 971 773 1026 visum
797 970 980 1037 inierit,
1010 986 1106 1043 per
1147 973 1426 1030 universos
1466 974 1667 1030 electos
1709 989 1855 1029 com-

279 1071 530 1132 petenter
548 1072 792 1118 emanat.
823 1064 931 1120 Sed
955 1064 1071 1119 hac
1104 1066 1284 1120 omnia
1317 1065 1472 1122 carni
1507 1065 1854 1131 conveniunt,

281 1156 368 1210 cui
401 1154 856 1226 perfectissimum
893 1166 950 1216 et
984 1157 1434 1228 gloriosissimum
1465 1160 1700 1216 Verbum
1739 1159 1858 1213 uni-

282 1254 398 1301 tum
430 1256 515 1304 est
533 1263 635 1318 pro
670 1249 842 1305 salute
875 1261 1203 1306 sanctorum.
1235 1251 1350 1308 Hoc
1374 1260 1696 1322 unguentum
1727 1251 1858 1305 dici-

281 1349 373 1394 tur
403 1339 458 1394 in
497 1340 604 1395 alio
649 1341 862 1411 psalmo
895 1341 1219 1398 descendisse
1256 1343 1312 1398 in
1360 1343 1596 1407 barbam,
1644 1342 1857 1395 barbatus

279 1431 481 1498 Aaron,
508 1448 669 1504 usque
690 1433 746 1489 in
765 1449 858 1488 ora
878 1433 1164 1488 uestimenti
1199 1435 1312 1504 ejus
1341 1432 1513 1506 (Psal.
1535 1448 1722 1489 exuli
1739 1474 1753 1497 ,
1776 1431 1854 1504 Ξ).

280 1522 348 1576 Ει
375 1521 534 1592 paulo
560 1533 680 1592 post
707 1542 720 1578 :
758 1524 1024 1591 Qumtim
1043 1524 1150 1581 illic
1177 1525 1442 1580 mandavit
1480 1525 1738 1580 Dominus
1775 1526 1860 1580 be-

281 1610 625 1667 nedietionsm
670 1622 718 1668 et
746 1614 910 1669 uitans
941 1631 1103 1687 usque
1138 1615 1195 1669 in
1223 1615 1472 1670 sarculum
1503 1613 1702 1670 seculi.
1732 1615 1862 1670 Post

283 1705 644 1764 humanitatis
679 1707 846 1779 igitur
881 1707 1275 1775 encellentiom,
1326 1709 1526 1763 iterum
1553 1708 1620 1764 ad
1647 1709 1862 1763 aeterni-

281 1805 448 1854 tatem
496 1798 690 1854 divina;
728 1797 978 1872 [intum]
1007 1799 1062 1854 in
1105 1799 1294 1855 eodem
1329 1798 1467 1854 Filio
1503 1799 1600 1855 D’ei
1638 1814 1862 1854 conver-

281 1889 348 1945 tit
373 1907 431 1946 se
469 1891 764 1961 apostolus,
793 1891 1102 1948 testimonio
1145 1891 1367 1946 alterius
1410 1891 1602 1962 psalmi
1649 1891 1858 1956 dicere;

281 1984 358 2038 ait
381 1985 524 2040 enim
555 2003 568 2038 :
596 1982 786 2084 ίνιιιε.
822 1984 910 2058 ιθ)
933 1983 1006 2039 Et
1026 1994 1106 2052 tu,
1132 1985 1370 2051 Domine,
1400 1987 1454 2040 in
1480 1985 1731 2056 principio
1759 1995 1860 2039 ter-

282 2092 396 2130 ram
420 2075 678 2146 {undas'ti,
729 2085 782 2130 et
817 2093 974 2148 opera
1011 2092 1264 2131 manuum
1303 2086 1514 2130 tuarum
1557 2085 1677 2130 sunt
1724 2075 1855 2130 mali.

282 2163 418 2219 Cum
437 2165 566 2222 dicit
594 2185 605 2219 :
639 2165 708 2228 In
1017 2175 1212 2222 terram
1239 2178 1294 2221 tu
1321 2166 1576 2236 fundasti,
1615 2165 1858 2232 Domine,

282 2255 516 2311 ostendit
543 2257 690 2326 quod
713 2274 746 2312 a
775 2258 924 2313 annis
952 2258 1221 2312 mentibus
1248 2272 1352 2312 non
1379 2264 1556 2328 potest
1580 2256 1859 2326 abnegari,

283 2348 407 2418 quia
436 2357 650 2404 creator
675 2357 802 2403 ante
832 2357 1112 2408 creaturas
1137 2364 1284 2414 suas,
1315 2349 1432 2404 sine
1475 2349 1657 2417 aliquo
1684 2347 1858 2414 initio,

283 2439 627 2509 cognoscitur
643 2439 936 2495 unum.
964 2437 1034 2493 Et
1049 2456 1207 2510 opera
1229 2455 1482 2496 manuum
1502 2449 1713 2494 tuarum
1739 2449 1863 2495 sunt

286 2538 422 2587 ereti.
445 2532 545 2588 Hic
564 2548 776 2587 meum
800 2534 1054 2590 virtutem
1078 2531 1338 2601 jussionis
1365 2533 1458 2588 Dei
1489 2533 1747 2588 debemus
1773 2549 1864 2588 ac-

285 2625 484 2694 cipere.
525 2624 646 2680 Alio
671 2625 816 2680 enim
854 2625 972 2682 loco
1016 2626 1249 2682 dicitur:
1283 2625 1545 2692 Quoniam
1572 2627 1681 2698 ipse
1705 2626 1861 2693 dixit,

285 2725 334 2770 et
361 2716 508 2785 facta
531 2725 686 2783 sunt;
707 2718 816 2788 ipse
834 2717 1120 2785 mandauit,
1146 2726 1196 2772 et
1214 2726 1390 2772 creata
1411 2727 1553 2774 sunt.

357 2808 520 2864 Vens.
564 2808 748 2862 H.—
781 2807 896 2880 Ipsi
941 2810 1202 2880 peribunt,
1253 2818 1310 2863 tu
1351 2817 1528 2864 autem
1571 2825 1860 2880 permanes.

285 2897 517 2952 Pereunt
536 2897 680 2954 enim
707 2897 778 2953 ab
808 2914 878 2954 eo
901 2900 1046 2969 quod
1071 2908 1218 2965 sunt,
1259 2901 1388 2955 duim
1428 2901 1784 2955 immutantur
1810 2901 1866 2956 in

287 2989 480 3045 melius
501 2997 780 3046 creaturae.
813 2990 892 3045 Tu
921 3001 1097 3046 autem
1121 3009 1417 3064 permanet,
1445 3002 1507 3048 ut
1543 2994 1684 3049 sicut
1711 3002 1867 3049 aeter-

286 3081 508 3136 nitatem
555 3080 768 3136 Dom‘mi
808 3083 1060 3150 ostendit,
1093 3093 1381 3155 antequam
1425 3093 1638 3140 crearet
1663 3085 1862 3150 omnia,

288 3172 366 3228 sic
412 3180 536 3242 post
561 3172 728 3229 (πῶς
771 3181 1007 3230 mutatos
1052 3175 1227 3245 ipsum
1257 3175 1461 3231 diceret
1490 3177 1544 3230 in
1572 3174 1870 3244 majestatis

287 3279 398 3319 sua
418 3265 588 3336 gloria
613 3281 951 3337 permanere.
981 3266 1053 3320 Et
1081 3283 1256 3323 omnes
1293 3277 1350 3322 ut
1393 3269 1751 3323 uestimentum
1778 3285 1862 3323 ve-

289 3365 562 3412 terasunt.
592 3357 772 3429 ipsum
810 3360 954 3418 enim
991 3361 1300 3425 vetenscit,
1338 3361 1482 3431 quod
1523 3376 1674 3415 more
1700 3361 1869 3416 vestis

288 3456 461 3504 morte
502 3450 854 3516 consumitur,
885 3450 1026 3505 sicut
1062 3465 1192 3505 caro
1238 3451 1488 3515 humana,
1525 3468 1644 3522 quae
1689 3460 1867 3507 tamen

287 3541 344 3594 in
364 3541 560 3597 melius
576 3543 973 3599 resurrectione
995 3543 1383 3598 immutabitur.
1397 3543 1617 3599 Addidit
1639 3563 1650 3597 :
1679 3543 1863 3617 (Vens.

289 3632 388 3704 η)
422 3634 492 3688 Et
531 3634 668 3690 utut
693 3637 940 3690 mictum
979 3637 1203 3692 mutabis
1246 3655 1364 3705 eos,
1411 3647 1462 3694 et
1506 3639 1863 3692 mutabuntur.

287 3724 387 3780 llis
414 3727 594 3782 verbis
622 3727 843 3783 forsitan
874 3729 994 3786 celi
1024 3731 1452 3787 immutationem
1477 3731 1744 3802 Propheta
1787 3733 1868 3785 in-

286 3815 458 3887 telligi
480 3819 666 3884 vetuit,
697 3819 794 3890 qui
829 3820 1076 3875 similiter
1114 3829 1176 3876 ut
1209 3832 1406 3877 caetera
1433 3824 1696 3877 elementa
1721 3838 1869 3878 com—

287 3917 585 3978 mutantur,
608 3913 748 3967 sicut
774 3913 830 3967 in
853 3914 962 3968 alio
984 3913 1182 3985 legitur
1207 3917 1466 3984 propheta
1492 3933 1504 3968 :
1537 3915 1610 3968 Et
1646 3916 1743 3969 erit
1771 3931 1870 3968 cie-

286 3998 400 4053 lum
433 4017 621 4055 novum
657 4010 706 4054 et
747 4011 888 4055 terra
934 4020 1063 4058 nova
1109 4003 1289 4074 (Isaia:
1337 4020 1458 4069 va,
1493 4004 1600 4074 Π).
1637 4004 1706 4058 Ut
1729 4003 1870 4057 facta

285 4090 502 4147 Domini
549 4092 892 4158 ostenderet,
940 4092 1054 4163 jam
1095 4094 1198 4148 sub
1240 4095 1542 4150 aiternitate
1588 4111 1866 4160 uiansura,

285 4183 468 4240 dicit:
509 4183 758 4252 Ilutabis,
804 4201 892 4240 eos
931 4196 982 4240 et
1024 4186 1397 4242 mutabuntur:
1441 4189 1565 4259 quia
1594 4205 1870 4259 nunquam

285 4289 452 4337 erunt
487 4282 555 4338 ad
601 4282 705 4338 hoc
742 4282 1088 4353 corruptibile
1118 4281 1376 4338 reditura.
1425 4283 1501 4336 Tu
1534 4291 1708 4338 autem
1732 4283 1870 4337 idem

285 4377 400 4446 ipse
431 4392 507 4442 es,
535 4385 584 4430 et
613 4377 738 4431 auiti
766 4377 844 4430 tui
877 4393 981 4432 non
1007 4377 1266 4447 deﬁcient.
1307 4377 1365 4432 ln
1404 4379 1700 4432 mutatione
1729 4375 1872 4445 ejus-

286 4470 416 4524 dem
440 4479 644 4524 natura
665 4469 929 4542 designat,
957 4486 1077 4540 qua:
1109 4479 1260 4536 sunt;
1294 4472 1407 4541 ipse
1447 4485 1579 4524 vero
1612 4470 1756 4524 idem
1788 4476 1873 4524 est

285 4561 434 4632 quod
479 4570 583 4628 est,
627 4562 792 4617 veluti
841 4562 1005 4634 Moysi
1051 4562 1252 4618 famulo
1281 4578 1378 4618 suo
1407 4563 1574 4617 dixit:
1610 4561 1726 4632 Ego
1754 4577 1870 4614 sum

284 4651 382 4723 qui
409 4668 545 4705 sunt.
575 4650 666 4707 Sic
691 4653 810 4707 istis
839 4653 1010 4708 tribus
1051 4652 1298 4707 versibus
1335 4651 1684 4706 commutatio
1719 4666 1872 4705 crea-

287 4752 538 4798 turarum
581 4751 638 4798 et
677 4743 950 4798 aeternitas
978 4743 1188 4798 Domini
1218 4743 1449 4796 mirabili
1481 4742 1746 4796 brevitate
1780 4741 1874 4795 de-

287 4836 491 4906 scripta
513 4844 657 4891 sunt.
694 4836 820 4891 Post
857 4835 1191 4906 majestatem
1232 4837 1426 4891 divina:
1470 4833 1785 4889 aeternitatis
1818 4834 1876 4887 in

286 4929 432 4984 Filio
454 4930 650 4985 iterum
677 4931 865 4985 beatus
899 4929 1098 4984 Paulus
1137 4930 1206 4984 ad
1243 4927 1594 4983 humanitatis
1633 4925 1876 4996 ejusdem

286 5020 733 5093 gloriﬁcationem
760 5035 1062 5076 sermonem
1095 5020 1291 5074 direxit
1325 5020 1540 5074 dicens:
1574 5017 1760 5089 (Vsus.
1784 5016 1874 5086 l5)

287 5111 378 5166 Ad
403 5127 556 5183 quem
574 5113 712 5166 enim
734 5110 1036 5180 uegetam
1054 5109 1190 5162 dixit
1215 5109 1497 5180 aliquando
1517 5122 1536 5158 :
1557 5106 1692 5162 Sede
1706 5124 1736 5159 α
1757 5106 1878 5160 ἀει

288 5199 392 5256 tris
425 5200 592 5255 meis?
625 5199 832 5256 Victori
870 5198 1002 5254 Filio
1027 5215 1123 5270 per
1143 5209 1384 5254 sanctam
1423 5199 1873 5263 incarnationem,

292 5291 464 5346 totius
509 5292 692 5346 mundi
737 5291 1112 5360 triumphaturi
1147 5299 1268 5361 post
1311 5289 1722 5346 resurrectionis
1764 5288 1877 5359 glos

292 5384 456 5448 riam,
499 5383 832 5439 honorabilis
855 5397 1140 5438 consessus
1183 5389 1423 5452 paterna:
1458 5378 1757 5450 majestatis
1795 5379 1877 5433 of-

290 5475 492 5539 fertur,
519 5482 580 5530 ut
605 5490 704 5546 per
741 5475 882 5529 hunc
905 5475 1066 5530 situm
1092 5481 1350 5544 susceptae
1387 5472 1735 5528 inmanitatis
1759 5470 1875 5540 glo-

292 5566 390 5620 ria-
405 5566 732 5633 declaretur,
753 5583 873 5637 qua:
892 5565 1091 5620 nemini
1113 5565 1424 5637 angelorum
1447 5562 1648 5619 inferre
1667 5563 1871 5618 debuit.

291 5657 658 5729 Quoadusque
693 5675 886 5728 ponant
925 5657 1161 5713 inimicos
1205 5667 1322 5712 tuos
1364 5655 1646 5711 scabelium
1686 5656 1878 5728 pedum

292 5764 530 5807 tuorum.
565 5747 714 5821 [Per]
747 5751 911 5821 pedes
946 5750 1092 5805 enim
1128 5748 1340 5805 Domini
1371 5748 1640 5804 stabilitas
1677 5757 1880 5804 aeterna

294 5843 658 5916 significatur,
690 5844 779 5898 ubi
808 5844 895 5899 ille
927 5851 1180 5915 tanquam
1208 5844 1446 5916 vestigiis
1480 5842 1879 5913 omnipotentiae

295 5956 412 5998 suae
447 5939 649 5995 virtute
675 5938 936 5992 consistit.
967 5937 1062 5993 His
1104 5939 1328 6008 pedibus
1366 5947 1576 5994 constat
1609 5953 1728 5994 esse
1755 5937 1881 5992 sub—

1896 4694 1949 4754 D

1955 878 2082 934 Sine
2105 881 2267 934 dubio
2287 880 2358 934 de
2379 879 2484 935 illis
2521 877 2755 934 inimicis
2794 877 3007 941 dicitur,
3051 876 3144 946 qui
3172 878 3420 933 conversi
3461 879 3530 935 ad

1953 971 2231 1027 dexteram
2254 972 2600 1028 collocantur.
2633 970 2749 1027 Non
2773 971 2862 1026 hic
2885 969 3216 1035 adverbium,
3238 986 3530 1042 quousque,

1954 1061 2180 1131 alicujus
2203 1065 2460 1135 temporis
2485 1063 2646 1119 linem
2673 1063 2935 1134 designat,
2965 1061 3059 1118 sed
3095 1062 3413 1117 aeternitatis
3437 1078 3534 1133 po—

1954 1157 2180 1210 tentiam
2221 1158 2570 1213 demonstrat.
2601 1157 2787 1230 (Veus.
2828 1152 2941 1228 ﬂ.)
2969 1153 3158 1209 Nonne
3197 1170 3374 1208 omnes
3411 1164 3530 1209 sunt

1955 1247 2392 1302 administratorii
2414 1248 2647 1320 spiritus,
2669 1248 2724 1302 in
2742 1247 3025 1302 ministerio
3045 1248 3192 1304 missi
3213 1257 3424 1320 propter
3445 1266 3532 1304 eos

1955 1340 2046 1410 qui
2066 1340 2419 1402 haereditatem
2439 1342 2652 1412 capiunt
2666 1339 2853 1395 salutis
2867 1340 2894 1394 ἵ
2911 1358 2930 1391 ‹
2950 1339 3307 1406 Quidmiraris
3327 1340 3372 1395 si
3397 1339 3534 1395 Filio

1956 1445 2053 1486 suo
2072 1431 2430 1486 ministerium
2455 1432 2709 1488 exhibent
2737 1432 2933 1502 angeli,
2970 1447 3092 1487 cum
3131 1432 3296 1486 etiam
3336 1439 3536 1488 nostra;

1957 1522 2146 1577 salutis
2167 1523 2442 1578 ministros
2462 1538 2556 1578 eos
2582 1531 2791 1580 constet
2813 1523 3032 1580 effectos
3046 1525 3098 1579 ii
3117 1524 3321 1580 Montes
3346 1538 3535 1580 eorum

1958 1613 2026 1667 ad
2053 1629 2189 1682 quos
2224 1613 2460 1684 loquitur
2485 1615 2767 1671 sublevare
2812 1615 3017 1681 volens,
3051 1615 3182 1671 dicit
3213 1615 3535 1686 angelorum

1957 1703 2260 1762 fmictiones
2282 1707 2527 1763 humanae
2565 1707 2752 1764 salutis
2780 1723 2944 1764 causa
2985 1723 3017 1763 a
3054 1709 3281 1764 Domino
3304 1709 3537 1764 directas

1959 1811 2116 1852 esse:
2158 1797 2326 1854 Filius
2368 1815 2500 1854 vero
2551 1799 2688 1855 sicut
2731 1800 2988 1855 Dominus
3027 1799 3228 1865 salvat;
3271 1799 3359 1856 isti
3407 1814 3538 1856 vero

1961 1891 2100 1946 sicut
2119 1892 2259 1947 servi
2282 1891 2444 1946 saluti
2459 1891 2962 1963 praedestinatorum
2987 1892 3312 1947 deserviunt.
3333 1909 3352 1944 ι
3377 1889 3542 1961 Cujus

1962 1986 2041 2040 rei
2069 1972 2210 2056 pleni
2241 1992 2366 2040 sunt
2399 1985 2613 2042 Veteris
2637 1983 2966 2040 Testamenti
3007 1992 3062 2037 et
3085 1982 3220 2039 Novi
3245 1983 3444 2054 ubique
3477 1983 3543 2036 li—

1961 2077 2064 2131 bri.
2105 2076 2239 2132 Nam
2281 2086 2336 2131 et
2371 2075 2678 2148 pastoribus
2723 2077 2895 2149 angeli
2927 2075 3458 2146 evangelizaverunt;
3487 2083 3544 2129 et

1961 2169 2212 2238 angelum
2237 2169 2463 2240 legimus
2505 2169 2570 2223 ad
2599 2169 2864 2241 virginem
2907 2169 3130 2222 Mariam
3177 2168 3439 2234 missum;
3487 2177 3541 2222 et

1961 2258 2016 2312 in
2043 2261 2440 2314 resurrectione
2468 2260 2680 2314 Domini
2721 2259 2894 2328 angeli
2941 2258 3257 2313 mulieribus
3283 2272 3542 2328 apparue-

1961 2359 2118 2417 runt;
2152 2359 2208 2406 et
2249 2351 2350 2406 alia
2397 2351 2564 2406 multa
2607 2351 2662 2405 in
2709 2351 2905 2406 divinis
2949 2349 3244 2419 Scripturis
3271 2348 3538 2418 leguntur.

1960 2443 2244 2516 Intelligite
2276 2446 2441 2516 igitur
2468 2461 2609 2500 nunc
2654 2453 2886 2514 quantus
2926 2444 3098 2499 honor
3145 2441 3300 2498 nobis
3334 2441 3540 2506 existit,

1961 2542 2022 2588 ut
2049 2538 2186 2592 sicut
2210 2536 2278 2593 ad
2303 2537 2506 2591 amicos
2535 2536 2608 2590 ita
2650 2536 2928 2592 ministros
2971 2533 3189 2606 angelos
3225 2547 3350 2587 suos
3379 2532 3545 2586 desti-

1963 2638 2055 2685 net
2084 2631 2242 2686 Deus.
2280 2649 2299 2682 ›
2345 2628 2441 2683 Bis
2468 2629 2542 2683 ita
2584 2628 2906 2684 introductis
2947 2628 3013 2682 de
3047 2625 3360 2698 angelorum
3388 2623 3546 2678 mini-

1963 2723 2153 2789 sterio,
2198 2738 2294 2794 per
2322 2737 2458 2793 quos
2504 2721 2666 2776 etiam
2708 2730 2763 2776 et
2805 2721 2918 2792 ipsa
2964 2718 3050 2774 lex
3095 2716 3400 2772 ministrata
3441 2725 3544 2778 est,

1964 2829 2090 2870 mox
2120 2810 2396 2882 subjnnxit
2432 2811 2501 2868 de
2539 2811 2862 2868 excellentia
2909 2810 3112 2884 gratim,
3149 2823 3274 2881 quae
3307 2822 3408 2880 per
3447 2804 3546 2860 Dei

1964 2905 2162 2961 Filium
2197 2905 2358 2962 nobis
2381 2903 2540 2960 allata
2569 2913 2676 2970 est,
2703 2905 2924 2959 dicens:

2588 3017 2815 3076 CAPUT
2851 3017 2915 3073 Π.

2039 3092 2193 3150 Vers.
2233 3092 2285 3146 1.
2333 3122 2407 3136 —-
2445 3100 2730 3162 tropterea
2756 3089 3114 3143 abundantius
3141 3095 3344 3159 Oportet
3373 3085 3548 3141 obser-

1969 3203 2090 3242 vare
2131 3205 2223 3242 nos
2262 3205 2324 3242 ea
2364 3202 2480 3260 qua
2510 3185 2825 3247 audivimus,
2872 3199 2934 3236 ne
2973 3183 3107 3252 forte
3149 3180 3543 3251 perefﬁnamus.

1977 3297 1996 3330 ι
2044 3277 2222 3345 Quare
2267 3276 2620 3331 abundantius
2659 3271 2838 3329 dixit?
2865 3273 2980 3328 Hoc
3007 3280 3112 3337 est,
3143 3286 3302 3342 quam
3334 3270 3388 3322 in
3434 3268 3550 3336 lege

1971 3371 2296 3427 solebamus.
2335 3389 2354 3421 ι
2387 3368 2646 3423 Hortatur
2675 3367 2856 3435 itaque
2881 3379 2976 3420 eos
3005 3363 3314 3434 diligentius
3341 3361 3428 3415 his
3463 3359 3548 3413 in-

1971 3462 2192 3518 tendere
2241 3477 2361 3531 quae
2386 3475 2485 3530 per
2522 3459 2617 3514 Dei
2663 3457 2862 3512 Filium
2909 3456 3216 3520 audierunt,
3263 3467 3424 3522 quam
3469 3450 3550 3506 eis

1969 3572 2090 3626 quae
2139 3570 2236 3626 per
2290 3553 2508 3626 angelos
2557 3553 2697 3608 dicta
2727 3561 2870 3618 sunt,
2912 3565 3070 3606 more
3113 3564 3210 3605 suo
3246 3563 3395 3604 suam
3448 3545 3552 3600 illis

1969 3647 2300 3719 conjungens
2335 3659 2623 3716 personam
2657 3645 2713 3700 in
2753 3658 2820 3700 eo
2873 3641 3019 3714 quod
3060 3640 3198 3696 dixit
3235 3639 3548 3702 audivimus,

1971 3749 2155 3810 atque,
2185 3741 2568 3811 pereﬂlaamus,
2597 3738 2785 3793 nolens
2813 3738 2882 3792 ab
2909 3737 3107 3791 auditis
3130 3750 3228 3804 per
3252 3734 3431 3788 inania
3469 3732 3550 3787 ef—

1970 3829 2136 3886 ﬂuere
2180 3830 2510 3882 audientium
2549 3842 2778 3892 sensus;
2813 3826 2962 3894 quod
2989 3826 3153 3879 etiam
3201 3824 3554 3893 sequentibus

1971 3924 2152 3978 verbis
2179 3921 2388 3991 plenius
2406 3919 2696 3988 explicavit
2716 3918 2944 3973 dicendo
2968 3935 2981 3970 :
3013 3917 3198 3988 (Vens.
3223 3914 3306 3990 2.)
3331 3915 3389 3971 Si
3413 3916 3555 3969 enim

1973 4015 2060 4086 qui
2107 4027 2199 4083 per
2247 4011 2456 4082 angelos
2485 4011 2654 4066 dictus
2693 4020 2789 4076 est,
2819 4027 2988 4064 sermo
3017 4009 3189 4076 factus
3228 4018 3304 4064 est
3343 4009 3550 4078 ﬁrmus,

1972 4111 2020 4156 et
2043 4102 2207 4156 omnis
2252 4101 2614 4171 prmaricatio
2654 4109 2704 4154 et
2728 4098 3074 4153 inobedientia
3115 4098 3314 4167 accepit
3348 4097 3554 4167 justam

1973 4193 2222 4248 mercedis
2250 4193 2658 4247 retributionem.
2689 4209 2708 4243 ‹
2737 4191 2878 4257 Quid
2902 4200 3004 4257 est,
3035 4189 3208 4260 factus
3229 4200 3302 4244 est
3327 4189 3556 4260 ﬁrmus?

1975 4283 2238 4341 Videlicet
2265 4297 2466 4338 verus:
2501 4291 2756 4352 tanquam
2797 4281 3036 4337 diceret:
3072 4281 3244 4336 ﬁdelis
3273 4280 3328 4334 in
3361 4295 3556 4351 oppor-

1977 4385 2106 4431 tuno
2126 4384 2386 4445 tempore.
2415 4394 2434 4427 ›
2462 4373 2898 4445 Volensintelligi
2929 4373 3102 4444 legem
3122 4387 3244 4443 quae
3275 4387 3373 4441 per
3393 4386 3556 4443 ange-

1975 4465 2056 4520 los
2071 4466 2194 4521 data
2209 4473 2290 4519 est
2304 4461 2432 4536 [Μδ.
2445 4503 2459 4530 ,
2477 4464 2661 4519 datam
2679 4462 2845 4535 esse],
2871 4477 2991 4518 esse
3004 4478 3104 4517 suo
3119 4472 3361 4532 tempore
3381 4461 3554 4516 limi-

1977 4563 2062 4611 ter
2074 4555 2498 4611 custodiendam.
2522 4554 2658 4610 Nam
2674 4555 2842 4626 legem
2861 4569 2959 4625 per
2976 4553 3196 4625 angelos
3215 4552 3399 4608 datam
3413 4568 3553 4618 esse,

1975 4650 2223 4719 plurimis
2247 4648 2549 4704 ostenditur
2576 4648 2629 4702 in
2659 4648 2808 4702 locis.
2841 4646 3094 4700 Attamen
3124 4662 3229 4700 non
3251 4646 3556 4700 custodien-

1977 4751 2107 4806 tem,
2152 4729 2355 4811 justam
2400 4740 2667 4796 mercedis
2696 4739 3107 4794 retributionem
3147 4740 3421 4808 accepisse
3478 4748 3555 4794 te-

1976 4840 2170 4886 statur.
2208 4849 2227 4880 (
2256 4830 2436 4896 Quare
2469 4830 2624 4890 dixit,
2656 4827 2907 4882 mercedis
2941 4829 3334 4884 retributionem
3358 4831 3384 4883 ?
3412 4829 3556 4882 Mer-

1975 4936 2068 4978 ces
2100 4922 2243 4976 enim
2266 4922 2319 4975 in
2356 4921 2499 4975 bono
2524 4920 2653 4989 poni
2694 4918 2868 4985 solet;
2901 4921 2996 4976 sed
3032 4921 3136 4976 iste
3164 4937 3282 4976 mos
3312 4929 3394 4976 est
3415 4920 3558 4990 Apo-

1977 5015 2134 5079 stolo,
2183 5021 2377 5068 utnon
2406 5027 2656 5083 magnam
2691 5013 2981 5068 verborum
3030 5013 3225 5068 habeat
3268 5013 3556 5079 rationem,

1977 5110 2071 5163 sed
2107 5105 2475 5161 indiﬂ'erenter
2499 5103 2590 5159 vel
2602 5118 2722 5175 qua:
2760 5104 2816 5158 in
2847 5105 2987 5160 bono
3014 5105 3284 5168 dicuntur,
3323 5102 3405 5156 vel
3440 5118 3558 5172 quae

1980 5199 2036 5254 in
2083 5197 2224 5253 malo
2261 5213 2362 5268 pro
2409 5196 2669 5252 alterutro
2694 5210 2933 5268 ponere;
2959 5197 3099 5250 sicut
3138 5194 3263 5248 alibi
3293 5195 3466 5250 dixit:
3493 5195 3558 5250 In

1981 5289 2332 5359 captivitatem
2381 5286 2695 5358 redigentem
2731 5303 2932 5342 omnem
2964 5301 3173 5340 sensum
3197 5283 3270 5338 ad
3313 5284 3554 5344 obedien—

1979 5378 2106 5433 dum
2152 5374 2360 5431 Christo
2393 5376 2478 5450 (ΙΙ
2513 5374 2638 5431 Cor.
2667 5390 2720 5442 Χ,
2745 5376 2820 5448 5).
2859 5376 2926 5430 Et
2959 5375 3049 5432 hic
3095 5375 3360 5430 lucrandis
3396 5374 3558 5429 retri-

1980 5472 2255 5528 butionem
2286 5486 2384 5540 pro
2413 5470 2678 5541 supplicio
2705 5469 2903 5538 posuit.
2942 5488 2960 5521 ι
2998 5467 3190 5540 (Vens.
3219 5466 3298 5540 '5.)
3331 5466 3402 5522 Et
3424 5482 3564 5539 quo-

1979 5563 2135 5616 modo
2181 5579 2274 5617 nos
2305 5563 2632 5633 effugiemus,
2672 5561 2718 5613 si
2755 5569 2956 5613 tantam
2997 5558 3374 5630 παρὰπαν-ἱππί
3412 5557 3562 5612 salu-

1982 5659 2130 5714 tem?
2164 5678 2183 5710 (
2209 5657 2316 5714 Per
2345 5659 2458 5712 haec
2481 5657 2646 5710 verba
2673 5653 2958 5723 signiﬁcat,
2987 5654 3114 5723 quia
3139 5669 3250 5708 non
3275 5660 3393 5708 crat
3413 5659 3563 5706 tanta

1983 5753 2129 5810 salus
2177 5754 2231 5807 in
2267 5751 2447 5808 Veteri
2483 5748 2854 5814 Testamento,
2876 5767 2898 5799 ι
2930 5755 3130 5818 quanta
3173 5755 3256 5803 est
3302 5747 3358 5801 in
3390 5742 3563 5814 gratia

1983 5845 2098 5908 Dei,
2132 5857 2292 5912 quam
2323 5841 2418 5894 Dei
2448 5838 2616 5892 Filius
2637 5837 2792 5893 nobis
2821 5838 3019 5894 attulit.
3075 5838 3188 5892 Non
3233 5835 3377 5891 enim
3409 5831 3563 5891 nobis

1986 5955 2148 6002 nunc,
2205 5937 2344 5991 sicut
2382 5934 2510 6000 illis,
2555 5940 2721 5988 terra;
2759 5933 2994 6000 divitias,
3043 5932 3136 5988 sed
3166 5929 3288 5987 curii
3336 5930 3565 6002 gratiam
