  <div class='ocr_page' id='page_1' title='image "/cluster/home/n/w/nwhite01/storage/ocr_20150623/100/hvd.32044024239972/525.png"; bbox 0 0 4090 6486; ppageno 0'>
   <div class='ocr_carea' id='block_1_1' title="bbox 533 519 676 577">
    <p class='ocr_par' dir='ltr' id='par_1_1' title="bbox 533 519 676 577">
     <span class='ocr_line' id='line_1_1' title="bbox 533 519 676 577; baseline -0.007 0"><span class='ocrx_word' id='word_1_1' title='bbox 533 519 676 577; x_wconf 77' lang='lat' dir='ltr'><strong>I059</strong></span> 
     </span>
    </p>
   </div>
   <div class='ocr_carea' id='block_1_2' title="bbox 1392 479 2936 562">
    <p class='ocr_par' dir='ltr' id='par_1_2' title="bbox 1392 479 2936 562">
     <span class='ocr_line' id='line_1_2' title="bbox 1392 479 2936 562; baseline -0.015 1"><span class='ocrx_word' id='word_1_2' title='bbox 1392 506 1452 562; x_wconf 77' lang='grc' dir='ltr'><strong>Β.</strong></span> <span class='ocrx_word' id='word_1_3' title='bbox 1489 506 1552 562; x_wconf 81' lang='lat' dir='ltr'><strong>r.</strong></span> <span class='ocrx_word' id='word_1_4' title='bbox 1581 487 1809 561; x_wconf 70' lang='lat' dir='ltr'><strong>auum</strong></span> <span class='ocrx_word' id='word_1_5' title='bbox 1845 499 1976 559; x_wconf 71' lang='lat' dir='ltr'><strong>seu</strong></span> <span class='ocrx_word' id='word_1_6' title='bbox 2016 482 2291 555; x_wconf 80' lang='lat' dir='ltr'><strong>ALCUlNl</strong></span> <span class='ocrx_word' id='word_1_7' title='bbox 2335 479 2620 553; x_wconf 68' lang='lat' dir='ltr'><strong>orarium</strong></span> <span class='ocrx_word' id='word_1_8' title='bbox 2655 487 2838 548; x_wconf 65' lang='lat' dir='ltr'><strong>rans</strong></span> <span class='ocrx_word' id='word_1_9' title='bbox 2871 485 2936 542; x_wconf 80' lang='grc' dir='ltr'><strong>ιι.</strong></span> 
     </span>
    </p>
   </div>
   <div class='ocr_carea' id='block_1_3' title="bbox 3648 471 3791 530">
    <p class='ocr_par' dir='ltr' id='par_1_3' title="bbox 3648 471 3791 530">
     <span class='ocr_line' id='line_1_3' title="bbox 3648 471 3791 530; baseline -0.007 0"><span class='ocrx_word' id='word_1_10' title='bbox 3648 471 3791 530; x_wconf 67' lang='grc'><strong>1040</strong></span> 
     </span>
    </p>
   </div>
   <div class='ocr_carea' id='block_1_4' title="bbox 528 592 3794 706">
    <p class='ocr_par' dir='ltr' id='par_1_4' title="bbox 528 592 3794 706">
     <span class='ocr_line' id='line_1_4' title="bbox 528 592 3794 706; baseline -0.014 -16"><span class='ocrx_word' id='word_1_11' title='bbox 528 629 784 706; x_wconf 79' lang='lat' dir='ltr'><strong>promisit</strong></span> <span class='ocrx_word' id='word_1_12' title='bbox 819 627 965 684; x_wconf 89' lang='lat' dir='ltr'><strong>Dens</strong></span> <span class='ocrx_word' id='word_1_13' title='bbox 987 642 1003 694; x_wconf 91' lang='lat'><strong>;</strong></span> <span class='ocrx_word' id='word_1_14' title='bbox 1027 639 1139 682; x_wconf 91' lang='lat' dir='ltr'><strong>non</strong></span> <span class='ocrx_word' id='word_1_15' title='bbox 1163 623 1454 680; x_wconf 79' lang='lat' dir='ltr'><strong>vindictam</strong></span> <span class='ocrx_word' id='word_1_16' title='bbox 1495 624 1562 678; x_wconf 91' lang='lat' dir='ltr'><strong>de</strong></span> <span class='ocrx_word' id='word_1_17' title='bbox 1585 622 1815 678; x_wconf 91' lang='lat' dir='ltr'><strong>terrenis</strong></span> <span class='ocrx_word' id='word_1_18' title='bbox 1833 619 2106 682; x_wconf 79' lang='lat' dir='ltr'><strong>hostibus,</strong></span> <span class='ocrx_word' id='word_1_19' title='bbox 2136 617 2190 677; x_wconf 76' lang='grc' dir='ltr'><strong>Α</strong></span> <span class='ocrx_word' id='word_1_20' title='bbox 2211 613 2464 669; x_wconf 79' lang='lat' dir='ltr'><strong>misertus</strong></span> <span class='ocrx_word' id='word_1_21' title='bbox 2509 618 2630 676; x_wconf 88' lang='lat' dir='ltr'><strong>est;</strong></span> <span class='ocrx_word' id='word_1_22' title='bbox 2657 604 2920 706; x_wconf 74' lang='lat' dir='ltr'><strong>visitavit,</strong></span> <span class='ocrx_word' id='word_1_23' title='bbox 2949 615 3080 706; x_wconf 69' lang='lat' dir='ltr'><strong>cum</strong></span> <span class='ocrx_word' id='word_1_24' title='bbox 3114 594 3359 706; x_wconf 49' lang='lat' dir='ltr'><strong>ferbuit}</strong></span> <span class='ocrx_word' id='word_1_25' title='bbox 3383 608 3540 699; x_wconf 42' lang='lat' dir='ltr'><strong>.caro</strong></span> 
     </span>
    </p>
   </div>
   <div class='ocr_carea' id='block_1_5' title="bbox 531 709 2110 791">
    <p class='ocr_par' dir='ltr' id='par_1_5' title="bbox 531 709 2110 791">
     <span class='ocr_line' id='line_1_5' title="bbox 531 709 2110 791; baseline -0.011 -11"><span class='ocrx_word' id='word_1_26' title='bbox 531 724 629 780; x_wconf 84' lang='lat' dir='ltr'><strong>sed</strong></span> <span class='ocrx_word' id='word_1_27' title='bbox 677 723 744 777; x_wconf 93' lang='lat' dir='ltr'><strong>de</strong></span> <span class='ocrx_word' id='word_1_28' title='bbox 773 717 1141 791; x_wconf 88' lang='lat' dir='ltr'><strong>spiritualihus</strong></span> <span class='ocrx_word' id='word_1_29' title='bbox 1181 716 1488 781; x_wconf 77' lang='lat' dir='ltr'><strong>concessit;</strong></span> <span class='ocrx_word' id='word_1_30' title='bbox 1518 729 1625 769; x_wconf 91' lang='lat' dir='ltr'><strong>non</strong></span> <span class='ocrx_word' id='word_1_31' title='bbox 1666 713 1833 768; x_wconf 89' lang='lat' dir='ltr'><strong>vitam</strong></span> <span class='ocrx_word' id='word_1_32' title='bbox 1878 709 2110 766; x_wconf 74' lang='lat' dir='ltr'><strong>feliciter</strong></span> 
     </span>
    </p>
   </div>
   <div class='ocr_carea' id='block_1_6' title="bbox 531 805 2108 886">
    <p class='ocr_par' dir='ltr' id='par_1_6' title="bbox 531 805 2108 886">
     <span class='ocr_line' id='line_1_6' title="bbox 531 805 2108 886; baseline -0.008 -14"><span class='ocrx_word' id='word_1_33' title='bbox 531 814 911 886; x_wconf 84' lang='lat' dir='ltr'><strong>temporalem,</strong></span> <span class='ocrx_word' id='word_1_34' title='bbox 937 811 1032 868; x_wconf 88' lang='lat' dir='ltr'><strong>sed</strong></span> <span class='ocrx_word' id='word_1_35' title='bbox 1065 819 1381 880; x_wconf 88' lang='lat' dir='ltr'><strong>perpetuam</strong></span> <span class='ocrx_word' id='word_1_36' title='bbox 1410 808 1742 864; x_wconf 70' lang='lat' dir='ltr'><strong>aaternaliter</strong></span> <span class='ocrx_word' id='word_1_37' title='bbox 1768 808 1982 862; x_wconf 82' lang='lat' dir='ltr'><strong>beatam</strong></span> <span class='ocrx_word' id='word_1_38' title='bbox 2012 805 2108 860; x_wconf 86' lang='lat' dir='ltr'><strong>do-</strong></span> 
     </span>
    </p>
   </div>
   <div class='ocr_carea' id='block_1_7' title="bbox 531 899 2106 974">
    <p class='ocr_par' dir='ltr' id='par_1_7' title="bbox 531 899 2106 974">
     <span class='ocr_line' id='line_1_7' title="bbox 531 899 2106 974; baseline -0.007 -11"><span class='ocrx_word' id='word_1_39' title='bbox 531 907 701 963; x_wconf 81' lang='lat' dir='ltr'><strong>navit.</strong></span> <span class='ocrx_word' id='word_1_40' title='bbox 735 924 753 957; x_wconf 76' lang='lat' dir='ltr'><strong>t</strong></span> <span class='ocrx_word' id='word_1_41' title='bbox 779 904 905 960; x_wconf 87' lang='lat' dir='ltr'><strong>Haec</strong></span> <span class='ocrx_word' id='word_1_42' title='bbox 927 903 1125 974; x_wconf 85' lang='lat' dir='ltr'><strong>quippe</strong></span> <span class='ocrx_word' id='word_1_43' title='bbox 1145 903 1323 958; x_wconf 87' lang='lat' dir='ltr'><strong>omnia</strong></span> <span class='ocrx_word' id='word_1_44' title='bbox 1345 902 1581 958; x_wconf 88' lang='lat' dir='ltr'><strong>breviter</strong></span> <span class='ocrx_word' id='word_1_45' title='bbox 1601 899 1870 956; x_wconf 88' lang='lat' dir='ltr'><strong>intimavit</strong></span> <span class='ocrx_word' id='word_1_46' title='bbox 1890 899 2106 954; x_wconf 87' lang='lat' dir='ltr'><strong>dicens:</strong></span> 
     </span>
    </p>
   </div>
   <div class='ocr_carea' id='block_1_8' title="bbox 535 990 2110 1064">
    <p class='ocr_par' dir='ltr' id='par_1_8' title="bbox 535 990 2110 1064">
     <span class='ocr_line' id='line_1_8' title="bbox 535 990 2110 1064; baseline -0.006 -12"><span class='ocrx_word' id='word_1_47' title='bbox 535 997 597 1053; x_wconf 88' lang='lat' dir='ltr'><strong>Si</strong></span> <span class='ocrx_word' id='word_1_48' title='bbox 641 1006 842 1050; x_wconf 86' lang='lat' dir='ltr'><strong>tantam</strong></span> <span class='ocrx_word' id='word_1_49' title='bbox 883 992 1258 1064; x_wconf 70' lang='lat' dir='ltr'><strong>neglexerimus</strong></span> <span class='ocrx_word' id='word_1_50' title='bbox 1297 991 1537 1046; x_wconf 78' lang='lat' dir='ltr'><strong>salutem.</strong></span> <span class='ocrx_word' id='word_1_51' title='bbox 1575 1012 1594 1043; x_wconf 74' lang='grc' dir='ltr'><strong><em>ι</em></strong></span> <span class='ocrx_word' id='word_1_52' title='bbox 1639 990 1841 1045; x_wconf 83' lang='lat' dir='ltr'><strong>Deinde</strong></span> <span class='ocrx_word' id='word_1_53' title='bbox 1889 1003 2110 1058; x_wconf 87' lang='lat' dir='ltr'><strong>supere-</strong></span> 
     </span>
    </p>
   </div>
   <div class='ocr_carea' id='block_1_9' title="bbox 531 1082 2110 1154">
    <p class='ocr_par' dir='ltr' id='par_1_9' title="bbox 531 1082 2110 1154">
     <span class='ocr_line' id='line_1_9' title="bbox 531 1082 2110 1154; baseline -0.006 -12"><span class='ocrx_word' id='word_1_54' title='bbox 531 1087 849 1142; x_wconf 89' lang='lat' dir='ltr'><strong>minentiam</strong></span> <span class='ocrx_word' id='word_1_55' title='bbox 898 1100 1088 1141; x_wconf 89' lang='lat' dir='ltr'><strong>eorum</strong></span> <span class='ocrx_word' id='word_1_56' title='bbox 1115 1101 1233 1154; x_wconf 62' lang='lat' dir='ltr'><strong>quae</strong></span> <span class='ocrx_word' id='word_1_57' title='bbox 1256 1100 1357 1154; x_wconf 88' lang='lat' dir='ltr'><strong>per</strong></span> <span class='ocrx_word' id='word_1_58' title='bbox 1404 1084 1502 1138; x_wconf 89' lang='lat' dir='ltr'><strong>Dei</strong></span> <span class='ocrx_word' id='word_1_59' title='bbox 1543 1083 1738 1138; x_wconf 87' lang='lat' dir='ltr'><strong>Filium</strong></span> <span class='ocrx_word' id='word_1_60' title='bbox 1770 1082 1914 1137; x_wconf 90' lang='lat' dir='ltr'><strong>dicta</strong></span> <span class='ocrx_word' id='word_1_61' title='bbox 1964 1087 2110 1145; x_wconf 90' lang='lat' dir='ltr'><strong>sunt,</strong></span> 
     </span>
    </p>
   </div>
   <div class='ocr_carea' id='block_1_10' title="bbox 531 1174 2114 1250">
    <p class='ocr_par' dir='ltr' id='par_1_10' title="bbox 531 1174 2114 1250">
     <span class='ocr_line' id='line_1_10' title="bbox 531 1174 2114 1250; baseline -0.006 -17"><span class='ocrx_word' id='word_1_62' title='bbox 531 1179 810 1250; x_wconf 89' lang='lat' dir='ltr'><strong>adjunxit:</strong></span> <span class='ocrx_word' id='word_1_63' title='bbox 846 1177 978 1244; x_wconf 62' lang='lat' dir='ltr'><strong>Quae</strong></span> <span class='ocrx_word' id='word_1_64' title='bbox 1003 1193 1120 1231; x_wconf 88' lang='lat' dir='ltr'><strong>cum</strong></span> <span class='ocrx_word' id='word_1_65' title='bbox 1157 1177 1384 1241; x_wconf 87' lang='lat' dir='ltr'><strong>initium,</strong></span> <span class='ocrx_word' id='word_1_66' title='bbox 1419 1174 1613 1245; x_wconf 87' lang='lat' dir='ltr'><strong>inquit,</strong></span> <span class='ocrx_word' id='word_1_67' title='bbox 1643 1175 1920 1244; x_wconf 77' lang='lat' dir='ltr'><strong>accepisset</strong></span> <span class='ocrx_word' id='word_1_68' title='bbox 1961 1187 2114 1226; x_wconf 87' lang='lat' dir='ltr'><strong>enar—</strong></span> 
     </span>
    </p>
   </div>
   <div class='ocr_carea' id='block_1_11' title="bbox 530 1264 2114 1341">
    <p class='ocr_par' dir='ltr' id='par_1_11' title="bbox 530 1264 2114 1341">
     <span class='ocr_line' id='line_1_11' title="bbox 530 1264 2114 1341; baseline -0.005 -17"><span class='ocrx_word' id='word_1_69' title='bbox 530 1271 640 1324; x_wconf 91' lang='lat' dir='ltr'><strong>rari</strong></span> <span class='ocrx_word' id='word_1_70' title='bbox 661 1287 754 1341; x_wconf 89' lang='lat' dir='ltr'><strong>per</strong></span> <span class='ocrx_word' id='word_1_71' title='bbox 775 1269 1077 1324; x_wconf 89' lang='lat' dir='ltr'><strong>Dominum.</strong></span> <span class='ocrx_word' id='word_1_72' title='bbox 1113 1286 1132 1318; x_wconf 86' lang='grc'><em>‹</em></span> <span class='ocrx_word' id='word_1_73' title='bbox 1168 1267 1284 1322; x_wconf 84' lang='lat' dir='ltr'><strong>Non</strong></span> <span class='ocrx_word' id='word_1_74' title='bbox 1314 1268 1458 1323; x_wconf 89' lang='lat' dir='ltr'><strong>enim</strong></span> <span class='ocrx_word' id='word_1_75' title='bbox 1484 1268 1600 1322; x_wconf 68' lang='lat' dir='ltr'><strong>haec</strong></span> <span class='ocrx_word' id='word_1_76' title='bbox 1626 1282 1745 1336; x_wconf 75' lang='lat' dir='ltr'><strong>qum</strong></span> <span class='ocrx_word' id='word_1_77' title='bbox 1767 1266 1995 1319; x_wconf 88' lang='lat' dir='ltr'><strong>dicimus</strong></span> <span class='ocrx_word' id='word_1_78' title='bbox 2045 1264 2114 1317; x_wconf 87' lang='lat' dir='ltr'><strong>ab</strong></span> 
     </span>
    </p>
   </div>
   <div class='ocr_carea' id='block_1_12' title="bbox 528 1353 2113 1429">
    <p class='ocr_par' dir='ltr' id='par_1_12' title="bbox 528 1353 2113 1429">
     <span class='ocr_line' id='line_1_12' title="bbox 528 1353 2113 1429; baseline -0.006 -12"><span class='ocrx_word' id='word_1_79' title='bbox 528 1362 839 1418; x_wconf 88' lang='lat' dir='ltr'><strong>hominibus</strong></span> <span class='ocrx_word' id='word_1_80' title='bbox 879 1360 969 1415; x_wconf 89' lang='lat' dir='ltr'><strong>vel</strong></span> <span class='ocrx_word' id='word_1_81' title='bbox 1011 1360 1175 1415; x_wconf 90' lang='lat' dir='ltr'><strong>etiam</strong></span> <span class='ocrx_word' id='word_1_82' title='bbox 1224 1358 1430 1429; x_wconf 77' lang='lat' dir='ltr'><strong>angelis</strong></span> <span class='ocrx_word' id='word_1_83' title='bbox 1455 1358 1610 1412; x_wconf 91' lang='lat' dir='ltr'><strong>nobis</strong></span> <span class='ocrx_word' id='word_1_84' title='bbox 1638 1356 1798 1410; x_wconf 89' lang='lat' dir='ltr'><strong>allata</strong></span> <span class='ocrx_word' id='word_1_85' title='bbox 1831 1362 1975 1419; x_wconf 90' lang='lat' dir='ltr'><strong>sunt,</strong></span> <span class='ocrx_word' id='word_1_86' title='bbox 2021 1353 2113 1407; x_wconf 92' lang='lat' dir='ltr'><strong>sed</strong></span> 
     </span>
    </p>
   </div>
   <div class='ocr_carea' id='block_1_13' title="bbox 527 1445 2110 1523">
    <p class='ocr_par' dir='ltr' id='par_1_13' title="bbox 527 1445 2110 1523">
     <span class='ocr_line' id='line_1_13' title="bbox 527 1445 2110 1523; baseline -0.005 -17"><span class='ocrx_word' id='word_1_87' title='bbox 527 1452 644 1523; x_wconf 89' lang='lat' dir='ltr'><strong>ipse</strong></span> <span class='ocrx_word' id='word_1_88' title='bbox 665 1452 833 1507; x_wconf 91' lang='lat' dir='ltr'><strong>Filius</strong></span> <span class='ocrx_word' id='word_1_89' title='bbox 858 1451 1164 1522; x_wconf 89' lang='lat' dir='ltr'><strong>unigenitus</strong></span> <span class='ocrx_word' id='word_1_90' title='bbox 1179 1450 1334 1505; x_wconf 91' lang='lat' dir='ltr'><strong>nobis</strong></span> <span class='ocrx_word' id='word_1_91' title='bbox 1356 1449 1667 1520; x_wconf 82' lang='lat' dir='ltr'><strong>impertivit.</strong></span> <span class='ocrx_word' id='word_1_92' title='bbox 1698 1446 1774 1500; x_wconf 85' lang='lat' dir='ltr'><strong>Ab</strong></span> <span class='ocrx_word' id='word_1_93' title='bbox 1795 1447 1890 1513; x_wconf 86' lang='lat' dir='ltr'><strong>eis,</strong></span> <span class='ocrx_word' id='word_1_94' title='bbox 1916 1445 2110 1514; x_wconf 87' lang='lat' dir='ltr'><strong>inquit,</strong></span> 
     </span>
    </p>
   </div>
   <div class='ocr_carea' id='block_1_14' title="bbox 525 1543 2112 1617">
    <p class='ocr_par' dir='ltr' id='par_1_14' title="bbox 525 1543 2112 1617">
     <span class='ocr_line' id='line_1_14' title="bbox 525 1543 2112 1617; baseline -0.003 -17"><span class='ocrx_word' id='word_1_95' title='bbox 525 1547 617 1617; x_wconf 86' lang='lat' dir='ltr'><strong>qui</strong></span> <span class='ocrx_word' id='word_1_96' title='bbox 652 1547 952 1611; x_wconf 86' lang='lat' dir='ltr'><strong>audierunt,</strong></span> <span class='ocrx_word' id='word_1_97' title='bbox 981 1546 1039 1600; x_wconf 91' lang='lat' dir='ltr'><strong>in</strong></span> <span class='ocrx_word' id='word_1_98' title='bbox 1087 1562 1179 1600; x_wconf 89' lang='lat' dir='ltr'><strong>nos</strong></span> <span class='ocrx_word' id='word_1_99' title='bbox 1206 1545 1519 1614; x_wconf 82' lang='lat' dir='ltr'><strong>conﬁrmata</strong></span> <span class='ocrx_word' id='word_1_100' title='bbox 1541 1553 1636 1599; x_wconf 87' lang='lat' dir='ltr'><strong>est.</strong></span> <span class='ocrx_word' id='word_1_101' title='bbox 1665 1543 1804 1610; x_wconf 86' lang='lat' dir='ltr'><strong>Quid</strong></span> <span class='ocrx_word' id='word_1_102' title='bbox 1834 1551 1937 1608; x_wconf 86' lang='lat' dir='ltr'><strong>est,</strong></span> <span class='ocrx_word' id='word_1_103' title='bbox 1983 1559 2112 1596; x_wconf 85' lang='lat' dir='ltr'><strong>con-</strong></span> 
     </span>
    </p>
   </div>
   <div class='ocr_carea' id='block_1_15' title="bbox 526 1633 2115 1706">
    <p class='ocr_par' dir='ltr' id='par_1_15' title="bbox 526 1633 2115 1706">
     <span class='ocr_line' id='line_1_15' title="bbox 526 1633 2115 1706; baseline -0.002 -17"><span class='ocrx_word' id='word_1_104' title='bbox 526 1636 743 1705; x_wconf 80' lang='lat' dir='ltr'><strong>ﬁrmata</strong></span> <span class='ocrx_word' id='word_1_105' title='bbox 775 1645 849 1691; x_wconf 84' lang='lat' dir='ltr'><strong>est</strong></span> <span class='ocrx_word' id='word_1_106' title='bbox 871 1636 897 1690; x_wconf 82' lang='lat'><strong><em>?</em></strong></span> <span class='ocrx_word' id='word_1_107' title='bbox 923 1634 1144 1691; x_wconf 85' lang='lat' dir='ltr'><strong>Credita</strong></span> <span class='ocrx_word' id='word_1_108' title='bbox 1181 1643 1265 1692; x_wconf 90' lang='lat' dir='ltr'><strong>est</strong></span> <span class='ocrx_word' id='word_1_109' title='bbox 1312 1644 1473 1706; x_wconf 88' lang='lat' dir='ltr'><strong>atque</strong></span> <span class='ocrx_word' id='word_1_110' title='bbox 1497 1634 1779 1705; x_wconf 90' lang='lat' dir='ltr'><strong>perfecta;</strong></span> <span class='ocrx_word' id='word_1_111' title='bbox 1817 1655 1835 1686; x_wconf 86' lang='grc'><strong>›</strong></span> <span class='ocrx_word' id='word_1_112' title='bbox 1873 1633 1998 1704; x_wconf 87' lang='lat' dir='ltr'><strong>quia</strong></span> <span class='ocrx_word' id='word_1_113' title='bbox 2029 1647 2115 1686; x_wconf 90' lang='lat' dir='ltr'><strong>sa-</strong></span> 
     </span>
    </p>
   </div>
   <div class='ocr_carea' id='block_1_16' title="bbox 524 1725 2110 1798">
    <p class='ocr_par' dir='ltr' id='par_1_16' title="bbox 524 1725 2110 1798">
     <span class='ocr_line' id='line_1_16' title="bbox 524 1725 2110 1798; baseline -0.002 -17"><span class='ocrx_word' id='word_1_114' title='bbox 524 1725 611 1782; x_wconf 89' lang='lat' dir='ltr'><strong>lus</strong></span> <span class='ocrx_word' id='word_1_115' title='bbox 634 1742 755 1797; x_wconf 78' lang='lat' dir='ltr'><strong>quae</strong></span> <span class='ocrx_word' id='word_1_116' title='bbox 777 1727 934 1783; x_wconf 90' lang='lat' dir='ltr'><strong>nobis</strong></span> <span class='ocrx_word' id='word_1_117' title='bbox 958 1743 1059 1798; x_wconf 89' lang='lat' dir='ltr'><strong>per</strong></span> <span class='ocrx_word' id='word_1_118' title='bbox 1085 1729 1334 1784; x_wconf 89' lang='lat' dir='ltr'><strong>eumdem</strong></span> <span class='ocrx_word' id='word_1_119' title='bbox 1358 1727 1555 1782; x_wconf 81' lang='lat' dir='ltr'><strong>Filium</strong></span> <span class='ocrx_word' id='word_1_120' title='bbox 1577 1728 1704 1782; x_wconf 89' lang='lat' dir='ltr'><strong>data</strong></span> <span class='ocrx_word' id='word_1_121' title='bbox 1725 1735 1810 1781; x_wconf 89' lang='lat' dir='ltr'><strong>est</strong></span> <span class='ocrx_word' id='word_1_122' title='bbox 1826 1733 2110 1796; x_wconf 88' lang='lat' dir='ltr'><strong>perpetua,</strong></span> 
     </span>
    </p>
   </div>
   <div class='ocr_carea' id='block_1_17' title="bbox 523 1817 2113 1890">
    <p class='ocr_par' dir='ltr' id='par_1_17' title="bbox 523 1817 2113 1890">
     <span class='ocr_line' id='line_1_17' title="bbox 523 1817 2113 1890; baseline -0.003 -18"><span class='ocrx_word' id='word_1_123' title='bbox 523 1825 711 1873; x_wconf 91' lang='lat' dir='ltr'><strong>manet</strong></span> <span class='ocrx_word' id='word_1_124' title='bbox 736 1818 791 1872; x_wconf 93' lang='lat' dir='ltr'><strong>in</strong></span> <span class='ocrx_word' id='word_1_125' title='bbox 817 1826 1101 1873; x_wconf 83' lang='lat' dir='ltr'><strong>aeternum.</strong></span> <span class='ocrx_word' id='word_1_126' title='bbox 1135 1817 1249 1873; x_wconf 86' lang='lat' dir='ltr'><strong>Hoc</strong></span> <span class='ocrx_word' id='word_1_127' title='bbox 1275 1819 1417 1873; x_wconf 90' lang='lat' dir='ltr'><strong>idem</strong></span> <span class='ocrx_word' id='word_1_128' title='bbox 1467 1819 1632 1872; x_wconf 87' lang='lat' dir='ltr'><strong>etiam</strong></span> <span class='ocrx_word' id='word_1_129' title='bbox 1674 1817 1858 1890; x_wconf 75' lang='lat' dir='ltr'><strong>(Vens.</strong></span> <span class='ocrx_word' id='word_1_130' title='bbox 1897 1817 1952 1887; x_wconf 76' lang='grc'><strong>4)</strong></span> <span class='ocrx_word' id='word_1_131' title='bbox 1991 1832 2113 1869; x_wconf 88' lang='lat' dir='ltr'><strong>con-</strong></span> 
     </span>
    </p>
   </div>
   <div class='ocr_carea' id='block_1_18' title="bbox 524 1906 2111 1980">
    <p class='ocr_par' dir='ltr' id='par_1_18' title="bbox 524 1906 2111 1980">
     <span class='ocr_line' id='line_1_18' title="bbox 524 1906 2111 1980; baseline -0.002 -19"><span class='ocrx_word' id='word_1_132' title='bbox 524 1916 744 1961; x_wconf 88' lang='lat' dir='ltr'><strong>testante</strong></span> <span class='ocrx_word' id='word_1_133' title='bbox 774 1907 884 1962; x_wconf 91' lang='lat' dir='ltr'><strong>Deo</strong></span> <span class='ocrx_word' id='word_1_134' title='bbox 919 1910 1080 1980; x_wconf 88' lang='lat' dir='ltr'><strong>signis</strong></span> <span class='ocrx_word' id='word_1_135' title='bbox 1107 1918 1153 1962; x_wconf 88' lang='lat' dir='ltr'><strong>et</strong></span> <span class='ocrx_word' id='word_1_136' title='bbox 1177 1910 1426 1978; x_wconf 80' lang='lat' dir='ltr'><strong>portentis</strong></span> <span class='ocrx_word' id='word_1_137' title='bbox 1456 1915 1504 1962; x_wconf 89' lang='lat' dir='ltr'><strong>et</strong></span> <span class='ocrx_word' id='word_1_138' title='bbox 1534 1908 1692 1962; x_wconf 85' lang='lat' dir='ltr'><strong>variis</strong></span> <span class='ocrx_word' id='word_1_139' title='bbox 1724 1906 2022 1971; x_wconf 80' lang='lat' dir='ltr'><strong>virtutibus,</strong></span> <span class='ocrx_word' id='word_1_140' title='bbox 2063 1913 2111 1960; x_wconf 86' lang='lat' dir='ltr'><strong>et</strong></span> 
     </span>
    </p>
   </div>
   <div class='ocr_carea' id='block_1_19' title="bbox 2210 684 3793 772">
    <p class='ocr_par' dir='ltr' id='par_1_19' title="bbox 2210 684 3793 772">
     <span class='ocr_line' id='line_1_19' title="bbox 2210 684 3793 772; baseline -0.016 -10"><span class='ocrx_word' id='word_1_141' title='bbox 2210 715 2315 772; x_wconf 90' lang='lat' dir='ltr'><strong>est,</strong></span> <span class='ocrx_word' id='word_1_142' title='bbox 2345 715 2402 760; x_wconf 89' lang='lat' dir='ltr'><strong>et</strong></span> <span class='ocrx_word' id='word_1_143' title='bbox 2455 701 2718 758; x_wconf 83' lang='lat' dir='ltr'><strong>habitavit</strong></span> <span class='ocrx_word' id='word_1_144' title='bbox 2771 698 2828 752; x_wconf 92' lang='lat' dir='ltr'><strong>in</strong></span> <span class='ocrx_word' id='word_1_145' title='bbox 2877 693 3054 751; x_wconf 89' lang='lat' dir='ltr'><strong>nobis.</strong></span> <span class='ocrx_word' id='word_1_146' title='bbox 3114 689 3250 745; x_wconf 88' lang='lat' dir='ltr'><strong>Nam</strong></span> <span class='ocrx_word' id='word_1_147' title='bbox 3298 687 3519 744; x_wconf 83' lang='lat' dir='ltr'><strong>visitare</strong></span> <span class='ocrx_word' id='word_1_148' title='bbox 3571 684 3793 749; x_wconf 76' lang='lat' dir='ltr'><strong>dicitur,</strong></span> 
     </span>
    </p>
   </div>
   <div class='ocr_carea' id='block_1_20' title="bbox 2212 777 3799 870">
    <p class='ocr_par' dir='ltr' id='par_1_20' title="bbox 2212 777 3799 870">
     <span class='ocr_line' id='line_1_20' title="bbox 2212 777 3799 870; baseline -0.014 -14"><span class='ocrx_word' id='word_1_149' title='bbox 2212 797 2426 870; x_wconf 87' lang='lat' dir='ltr'><strong>quando</strong></span> <span class='ocrx_word' id='word_1_150' title='bbox 2460 795 2704 852; x_wconf 89' lang='lat' dir='ltr'><strong>medicus</strong></span> <span class='ocrx_word' id='word_1_151' title='bbox 2729 791 2798 847; x_wconf 90' lang='lat' dir='ltr'><strong>ad</strong></span> <span class='ocrx_word' id='word_1_152' title='bbox 2821 789 3067 846; x_wconf 80' lang='lat' dir='ltr'><strong>infirmos</strong></span> <span class='ocrx_word' id='word_1_153' title='bbox 3092 783 3411 856; x_wconf 81' lang='lat' dir='ltr'><strong>ingreditur,</strong></span> <span class='ocrx_word' id='word_1_154' title='bbox 3442 778 3587 852; x_wconf 91' lang='lat' dir='ltr'><strong>quod</strong></span> <span class='ocrx_word' id='word_1_155' title='bbox 3610 779 3668 835; x_wconf 90' lang='lat' dir='ltr'><strong>in</strong></span> <span class='ocrx_word' id='word_1_156' title='bbox 3699 777 3799 834; x_wconf 90' lang='lat' dir='ltr'><strong>ad—</strong></span> 
     </span>
    </p>
   </div>
   <div class='ocr_carea' id='block_1_21' title="bbox 2211 878 3414 947">
    <p class='ocr_par' dir='ltr' id='par_1_21' title="bbox 2211 878 3414 947">
     <span class='ocr_line' id='line_1_21' title="bbox 2211 878 3414 947; baseline -0.013 -2"><span class='ocrx_word' id='word_1_157' title='bbox 2211 900 2377 946; x_wconf 87' lang='lat' dir='ltr'><strong>ventu</strong></span> <span class='ocrx_word' id='word_1_158' title='bbox 2413 887 2626 944; x_wconf 90' lang='lat' dir='ltr'><strong>Domini</strong></span> <span class='ocrx_word' id='word_1_159' title='bbox 2665 900 2856 942; x_wconf 79' lang='lat' dir='ltr'><strong>revera</strong></span> <span class='ocrx_word' id='word_1_160' title='bbox 2879 886 3092 938; x_wconf 89' lang='lat' dir='ltr'><strong>constat</strong></span> <span class='ocrx_word' id='word_1_161' title='bbox 3117 878 3414 947; x_wconf 89' lang='lat' dir='ltr'><strong>impletum.</strong></span> 
     </span>
    </p>
   </div>
   <div class='ocr_carea' id='block_1_22' title="bbox 2283 986 3798 1065">
    <p class='ocr_par' dir='ltr' id='par_1_22' title="bbox 2283 986 3798 1065">
     <span class='ocr_line' id='line_1_22' title="bbox 2283 986 3798 1065; baseline -0.009 -8"><span class='ocrx_word' id='word_1_162' title='bbox 2283 1002 2446 1058; x_wconf 75' lang='lat' dir='ltr'><strong>Vens.</strong></span> <span class='ocrx_word' id='word_1_163' title='bbox 2487 1000 2540 1054; x_wconf 85' lang='lat'><strong>7.</strong></span> <span class='ocrx_word' id='word_1_164' title='bbox 2567 1029 2639 1041; x_wconf 89' lang='lat'><strong>—-</strong></span> <span class='ocrx_word' id='word_1_165' title='bbox 2663 996 2907 1053; x_wconf 77' lang='lat' dir='ltr'><strong>Hinuisti</strong></span> <span class='ocrx_word' id='word_1_166' title='bbox 2931 1010 3050 1050; x_wconf 88' lang='lat' dir='ltr'><strong>eum</strong></span> <span class='ocrx_word' id='word_1_167' title='bbox 3077 990 3236 1065; x_wconf 89' lang='lat' dir='ltr'><strong>paulo</strong></span> <span class='ocrx_word' id='word_1_168' title='bbox 3261 990 3435 1045; x_wconf 84' lang='lat' dir='ltr'><strong>minus</strong></span> <span class='ocrx_word' id='word_1_169' title='bbox 3461 987 3526 1042; x_wconf 89' lang='lat' dir='ltr'><strong>ab</strong></span> <span class='ocrx_word' id='word_1_170' title='bbox 3570 986 3798 1059; x_wconf 83' lang='lat' dir='ltr'><strong>angelis,</strong></span> 
     </span>
    </p>
   </div>
   <div class='ocr_carea' id='block_1_23' title="bbox 2213 1079 3802 1164">
    <p class='ocr_par' dir='ltr' id='par_1_23' title="bbox 2213 1079 3802 1164">
     <span class='ocr_line' id='line_1_23' title="bbox 2213 1079 3802 1164; baseline -0.008 -16"><span class='ocrx_word' id='word_1_171' title='bbox 2213 1093 2382 1164; x_wconf 85' lang='lat' dir='ltr'><strong>gloria</strong></span> <span class='ocrx_word' id='word_1_172' title='bbox 2415 1100 2462 1146; x_wconf 91' lang='lat' dir='ltr'><strong>et</strong></span> <span class='ocrx_word' id='word_1_173' title='bbox 2487 1091 2684 1146; x_wconf 83' lang='lat' dir='ltr'><strong>honore</strong></span> <span class='ocrx_word' id='word_1_174' title='bbox 2709 1087 2973 1144; x_wconf 87' lang='lat' dir='ltr'><strong>coronasti</strong></span> <span class='ocrx_word' id='word_1_175' title='bbox 2999 1102 3136 1141; x_wconf 87' lang='lat' dir='ltr'><strong>eum.</strong></span> <span class='ocrx_word' id='word_1_176' title='bbox 3164 1083 3265 1139; x_wconf 85' lang='lat' dir='ltr'><strong>Hic</strong></span> <span class='ocrx_word' id='word_1_177' title='bbox 3284 1082 3396 1154; x_wconf 88' lang='lat' dir='ltr'><strong>jam</strong></span> <span class='ocrx_word' id='word_1_178' title='bbox 3426 1080 3643 1136; x_wconf 86' lang='lat' dir='ltr'><strong>Domini</strong></span> <span class='ocrx_word' id='word_1_179' title='bbox 3676 1079 3802 1136; x_wconf 86' lang='lat' dir='ltr'><strong>Sal-</strong></span> 
     </span>
    </p>
   </div>
   <div class='ocr_carea' id='block_1_24' title="bbox 2213 1173 3798 1256">
    <p class='ocr_par' dir='ltr' id='par_1_24' title="bbox 2213 1173 3798 1256">
     <span class='ocr_line' id='line_1_24' title="bbox 2213 1173 3798 1256; baseline -0.008 -18"><span class='ocrx_word' id='word_1_180' title='bbox 2213 1183 2416 1238; x_wconf 90' lang='lat' dir='ltr'><strong>vatoris</strong></span> <span class='ocrx_word' id='word_1_181' title='bbox 2452 1181 2729 1256; x_wconf 74' lang='lat' dir='ltr'><strong>humilitas</strong></span> <span class='ocrx_word' id='word_1_182' title='bbox 2760 1187 3017 1235; x_wconf 85' lang='lat' dir='ltr'><strong>narratur</strong></span> <span class='ocrx_word' id='word_1_183' title='bbox 3058 1184 3116 1232; x_wconf 91' lang='lat' dir='ltr'><strong>et</strong></span> <span class='ocrx_word' id='word_1_184' title='bbox 3141 1175 3329 1249; x_wconf 78' lang='lat' dir='ltr'><strong>gloria.</strong></span> <span class='ocrx_word' id='word_1_185' title='bbox 3362 1173 3668 1228; x_wconf 77' lang='lat' dir='ltr'><strong>Minoratus</strong></span> <span class='ocrx_word' id='word_1_186' title='bbox 3710 1180 3798 1227; x_wconf 88' lang='lat' dir='ltr'><strong>est</strong></span> 
     </span>
    </p>
   </div>
   <div class='ocr_carea' id='block_1_25' title="bbox 2214 1264 3804 1334">
    <p class='ocr_par' dir='ltr' id='par_1_25' title="bbox 2214 1264 3804 1334">
     <span class='ocr_line' id='line_1_25' title="bbox 2214 1264 3804 1334; baseline -0.008 -5"><span class='ocrx_word' id='word_1_187' title='bbox 2214 1275 2359 1330; x_wconf 88' lang='lat' dir='ltr'><strong>enim</strong></span> <span class='ocrx_word' id='word_1_188' title='bbox 2413 1289 2522 1328; x_wconf 92' lang='lat' dir='ltr'><strong>non</strong></span> <span class='ocrx_word' id='word_1_189' title='bbox 2579 1272 2901 1328; x_wconf 83' lang='lat' dir='ltr'><strong>necessitate</strong></span> <span class='ocrx_word' id='word_1_190' title='bbox 2964 1266 3379 1331; x_wconf 80' lang='lat' dir='ltr'><strong>ministratoria,</strong></span> <span class='ocrx_word' id='word_1_191' title='bbox 3423 1265 3518 1320; x_wconf 88' lang='lat' dir='ltr'><strong>sed</strong></span> <span class='ocrx_word' id='word_1_192' title='bbox 3580 1264 3804 1334; x_wconf 87' lang='lat' dir='ltr'><strong>pietatis</strong></span> 
     </span>
    </p>
   </div>
   <div class='ocr_carea' id='block_1_26' title="bbox 2213 1355 3806 1434">
    <p class='ocr_par' dir='ltr' id='par_1_26' title="bbox 2213 1355 3806 1434">
     <span class='ocr_line' id='line_1_26' title="bbox 2213 1355 3806 1434; baseline -0.008 -13"><span class='ocrx_word' id='word_1_193' title='bbox 2213 1381 2325 1422; x_wconf 68' lang='lat' dir='ltr'><strong>suae</strong></span> <span class='ocrx_word' id='word_1_194' title='bbox 2350 1373 2649 1434; x_wconf 89' lang='lat' dir='ltr'><strong>spontanea</strong></span> <span class='ocrx_word' id='word_1_195' title='bbox 2667 1362 2965 1427; x_wconf 88' lang='lat' dir='ltr'><strong>voluntate,</strong></span> <span class='ocrx_word' id='word_1_196' title='bbox 2982 1361 3123 1416; x_wconf 86' lang='lat' dir='ltr'><strong>sicut</strong></span> <span class='ocrx_word' id='word_1_197' title='bbox 3141 1357 3430 1429; x_wconf 85' lang='lat' dir='ltr'><strong>Apostolus</strong></span> <span class='ocrx_word' id='word_1_198' title='bbox 3455 1356 3532 1410; x_wconf 90' lang='lat' dir='ltr'><strong>ait</strong></span> <span class='ocrx_word' id='word_1_199' title='bbox 3557 1373 3571 1409; x_wconf 90' lang='lat'><strong>:</strong></span> <span class='ocrx_word' id='word_1_200' title='bbox 3599 1355 3806 1411; x_wconf 73' lang='lat' dir='ltr'><strong>Semel-</strong></span> 
     </span>
    </p>
   </div>
   <div class='ocr_carea' id='block_1_27' title="bbox 2212 1447 3799 1530">
    <p class='ocr_par' dir='ltr' id='par_1_27' title="bbox 2212 1447 3799 1530">
     <span class='ocr_line' id='line_1_27' title="bbox 2212 1447 3799 1530; baseline -0.008 -18"><span class='ocrx_word' id='word_1_201' title='bbox 2212 1459 2383 1530; x_wconf 89' lang='lat' dir='ltr'><strong>ipsum</strong></span> <span class='ocrx_word' id='word_1_202' title='bbox 2433 1456 2737 1520; x_wconf 80' lang='lat' dir='ltr'><strong>exinaniuit,</strong></span> <span class='ocrx_word' id='word_1_203' title='bbox 2791 1455 3016 1525; x_wconf 84' lang='lat' dir='ltr'><strong>formam</strong></span> <span class='ocrx_word' id='word_1_204' title='bbox 3069 1453 3202 1507; x_wconf 79' lang='lat' dir='ltr'><strong>servi</strong></span> <span class='ocrx_word' id='word_1_205' title='bbox 3260 1450 3520 1520; x_wconf 86' lang='lat' dir='ltr'><strong>accipiens</strong></span> <span class='ocrx_word' id='word_1_206' title='bbox 3576 1447 3799 1519; x_wconf 80' lang='lat' dir='ltr'><strong>(Philip.</strong></span> 
     </span>
    </p>
   </div>
   <div class='ocr_carea' id='block_1_28' title="bbox 2214 1542 3806 1620">
    <p class='ocr_par' dir='ltr' id='par_1_28' title="bbox 2214 1542 3806 1620">
     <span class='ocr_line' id='line_1_28' title="bbox 2214 1542 3806 1620; baseline -0.005 -17"><span class='ocrx_word' id='word_1_207' title='bbox 2214 1565 2278 1616; x_wconf 83' lang='lat' dir='ltr'><strong>ll,</strong></span> <span class='ocrx_word' id='word_1_208' title='bbox 2305 1548 2380 1620; x_wconf 88' lang='lat'><strong>7).</strong></span> <span class='ocrx_word' id='word_1_209' title='bbox 2411 1547 2690 1618; x_wconf 87' lang='lat' dir='ltr'><strong>Sequitur,</strong></span> <span class='ocrx_word' id='word_1_210' title='bbox 2716 1545 2875 1618; x_wconf 90' lang='lat' dir='ltr'><strong>paulo</strong></span> <span class='ocrx_word' id='word_1_211' title='bbox 2903 1546 3078 1599; x_wconf 85' lang='lat' dir='ltr'><strong>minus</strong></span> <span class='ocrx_word' id='word_1_212' title='bbox 3119 1545 3184 1598; x_wconf 88' lang='lat' dir='ltr'><strong>ab</strong></span> <span class='ocrx_word' id='word_1_213' title='bbox 3209 1542 3428 1615; x_wconf 79' lang='lat' dir='ltr'><strong>angelis,</strong></span> <span class='ocrx_word' id='word_1_214' title='bbox 3458 1542 3552 1611; x_wconf 89' lang='lat' dir='ltr'><strong>qui</strong></span> <span class='ocrx_word' id='word_1_215' title='bbox 3584 1556 3806 1596; x_wconf 87' lang='lat' dir='ltr'><strong>crucem</strong></span> 
     </span>
    </p>
   </div>
   <div class='ocr_carea' id='block_1_29' title="bbox 2211 1635 3806 1712">
    <p class='ocr_par' dir='ltr' id='par_1_29' title="bbox 2211 1635 3806 1712">
     <span class='ocr_line' id='line_1_29' title="bbox 2211 1635 3806 1712; baseline -0.006 -16"><span class='ocrx_word' id='word_1_216' title='bbox 2211 1657 2313 1712; x_wconf 92' lang='lat' dir='ltr'><strong>pro</strong></span> <span class='ocrx_word' id='word_1_217' title='bbox 2340 1641 2582 1696; x_wconf 91' lang='lat' dir='ltr'><strong>omnium</strong></span> <span class='ocrx_word' id='word_1_218' title='bbox 2611 1639 2785 1695; x_wconf 90' lang='lat' dir='ltr'><strong>salute</strong></span> <span class='ocrx_word' id='word_1_219' title='bbox 2811 1639 3068 1708; x_wconf 90' lang='lat' dir='ltr'><strong>suscepit,</strong></span> <span class='ocrx_word' id='word_1_220' title='bbox 3099 1644 3157 1691; x_wconf 90' lang='lat' dir='ltr'><strong>et</strong></span> <span class='ocrx_word' id='word_1_221' title='bbox 3179 1651 3246 1692; x_wconf 77' lang='lat' dir='ltr'><strong>ex</strong></span> <span class='ocrx_word' id='word_1_222' title='bbox 3277 1651 3342 1691; x_wconf 88' lang='lat' dir='ltr'><strong>ea</strong></span> <span class='ocrx_word' id='word_1_223' title='bbox 3361 1635 3630 1705; x_wconf 89' lang='lat' dir='ltr'><strong>siquidem</strong></span> <span class='ocrx_word' id='word_1_224' title='bbox 3649 1642 3806 1705; x_wconf 89' lang='lat' dir='ltr'><strong>parte</strong></span> 
     </span>
    </p>
   </div>
   <div class='ocr_carea' id='block_1_30' title="bbox 2214 1729 3806 1803">
    <p class='ocr_par' dir='ltr' id='par_1_30' title="bbox 2214 1729 3806 1803">
     <span class='ocr_line' id='line_1_30' title="bbox 2214 1729 3806 1803; baseline -0.005 -13"><span class='ocrx_word' id='word_1_225' title='bbox 2214 1742 2430 1790; x_wconf 84' lang='lat' dir='ltr'><strong>creator</strong></span> <span class='ocrx_word' id='word_1_226' title='bbox 2473 1733 2791 1803; x_wconf 77' lang='lat' dir='ltr'><strong>angelorum</strong></span> <span class='ocrx_word' id='word_1_227' title='bbox 2840 1732 3018 1787; x_wconf 91' lang='lat' dir='ltr'><strong>minor</strong></span> <span class='ocrx_word' id='word_1_228' title='bbox 3055 1731 3230 1788; x_wconf 90' lang='lat' dir='ltr'><strong>factus</strong></span> <span class='ocrx_word' id='word_1_229' title='bbox 3263 1738 3347 1786; x_wconf 91' lang='lat' dir='ltr'><strong>est</strong></span> <span class='ocrx_word' id='word_1_230' title='bbox 3387 1729 3616 1801; x_wconf 76' lang='lat' dir='ltr'><strong>angelis.</strong></span> <span class='ocrx_word' id='word_1_231' title='bbox 3662 1729 3806 1783; x_wconf 87' lang='lat' dir='ltr'><strong>Bene</strong></span> 
     </span>
    </p>
   </div>
   <div class='ocr_carea' id='block_1_31' title="bbox 2214 1821 3808 1896">
    <p class='ocr_par' dir='ltr' id='par_1_31' title="bbox 2214 1821 3808 1896">
     <span class='ocr_line' id='line_1_31' title="bbox 2214 1821 3808 1896; baseline -0.004 -15"><span class='ocrx_word' id='word_1_232' title='bbox 2214 1835 2395 1881; x_wconf 91' lang='lat' dir='ltr'><strong>autem</strong></span> <span class='ocrx_word' id='word_1_233' title='bbox 2433 1826 2588 1890; x_wconf 83' lang='lat' dir='ltr'><strong>dixit,</strong></span> <span class='ocrx_word' id='word_1_234' title='bbox 2620 1825 2779 1896; x_wconf 89' lang='lat' dir='ltr'><strong>paulo</strong></span> <span class='ocrx_word' id='word_1_235' title='bbox 2816 1825 3007 1889; x_wconf 87' lang='lat' dir='ltr'><strong>minus,</strong></span> <span class='ocrx_word' id='word_1_236' title='bbox 3042 1823 3168 1894; x_wconf 86' lang='lat' dir='ltr'><strong>quia</strong></span> <span class='ocrx_word' id='word_1_237' title='bbox 3194 1822 3240 1877; x_wconf 90' lang='lat' dir='ltr'><strong>si</strong></span> <span class='ocrx_word' id='word_1_238' title='bbox 3265 1830 3320 1877; x_wconf 90' lang='lat' dir='ltr'><strong>et</strong></span> <span class='ocrx_word' id='word_1_239' title='bbox 3348 1821 3578 1877; x_wconf 90' lang='lat' dir='ltr'><strong>mortale</strong></span> <span class='ocrx_word' id='word_1_240' title='bbox 3606 1836 3808 1890; x_wconf 86' lang='lat' dir='ltr'><strong>corpus</strong></span> 
     </span>
    </p>
   </div>
   <div class='ocr_carea' id='block_1_32' title="bbox 2217 1911 3808 1986">
    <p class='ocr_par' dir='ltr' id='par_1_32' title="bbox 2217 1911 3808 1986">
     <span class='ocr_line' id='line_1_32' title="bbox 2217 1911 3808 1986; baseline -0.003 -15"><span class='ocrx_word' id='word_1_241' title='bbox 2217 1916 2531 1986; x_wconf 88' lang='lat' dir='ltr'><strong>assumpsit,</strong></span> <span class='ocrx_word' id='word_1_242' title='bbox 2555 1923 2736 1969; x_wconf 89' lang='lat' dir='ltr'><strong>tamen</strong></span> <span class='ocrx_word' id='word_1_243' title='bbox 2769 1923 3048 1984; x_wconf 89' lang='lat' dir='ltr'><strong>peccatum</strong></span> <span class='ocrx_word' id='word_1_244' title='bbox 3079 1930 3188 1969; x_wconf 91' lang='lat' dir='ltr'><strong>non</strong></span> <span class='ocrx_word' id='word_1_245' title='bbox 3215 1913 3422 1968; x_wconf 87' lang='lat' dir='ltr'><strong>habuit.</strong></span> <span class='ocrx_word' id='word_1_246' title='bbox 3457 1911 3644 1968; x_wconf 88' lang='lat' dir='ltr'><strong>Gloria</strong></span> <span class='ocrx_word' id='word_1_247' title='bbox 3677 1927 3808 1967; x_wconf 88' lang='lat' dir='ltr'><strong>vero</strong></span> 
     </span>
    </p>
   </div>
   <div class='ocr_carea' id='block_1_33' title="bbox 526 1991 2134 2074">
    <p class='ocr_par' dir='ltr' id='par_1_33' title="bbox 526 1996 2114 2071">
     <span class='ocr_line' id='line_1_33' title="bbox 526 1996 2114 2071; baseline -0.003 -17"><span class='ocrx_word' id='word_1_248' title='bbox 526 1997 759 2071; x_wconf 79' lang='lat' dir='ltr'><strong>Spiritus</strong></span> <span class='ocrx_word' id='word_1_249' title='bbox 780 2001 950 2054; x_wconf 82' lang='lat' dir='ltr'><strong>sancti</strong></span> <span class='ocrx_word' id='word_1_250' title='bbox 977 2000 1452 2054; x_wconf 81' lang='lat' dir='ltr'><strong>distributionibus.</strong></span> <span class='ocrx_word' id='word_1_251' title='bbox 1485 2019 1502 2050; x_wconf 74' lang='lat' dir='ltr'>c</span> <span class='ocrx_word' id='word_1_252' title='bbox 1531 1999 1880 2054; x_wconf 79' lang='lat' dir='ltr'><strong>Afiluentiam</strong></span> <span class='ocrx_word' id='word_1_253' title='bbox 1908 1996 2114 2068; x_wconf 84' lang='lat' dir='ltr'><strong>signiﬁ-</strong></span> 
     </span>
    </p>
   </div>
   <div class='ocr_carea' id='block_1_34' title="bbox 2221 1991 3806 2074">
    <p class='ocr_par' dir='ltr' id='par_1_34' title="bbox 2221 2003 3806 2074">
     <span class='ocr_line' id='line_1_34' title="bbox 2221 2003 3806 2074; baseline -0.004 -12"><span class='ocrx_word' id='word_1_254' title='bbox 2221 2015 2271 2063; x_wconf 87' lang='lat' dir='ltr'><strong>et</strong></span> <span class='ocrx_word' id='word_1_255' title='bbox 2299 2009 2503 2062; x_wconf 88' lang='lat' dir='ltr'><strong>honore</strong></span> <span class='ocrx_word' id='word_1_256' title='bbox 2549 2014 2836 2061; x_wconf 88' lang='lat' dir='ltr'><strong>coronatus</strong></span> <span class='ocrx_word' id='word_1_257' title='bbox 2865 2015 2966 2069; x_wconf 88' lang='lat' dir='ltr'><strong>est,</strong></span> <span class='ocrx_word' id='word_1_258' title='bbox 3013 2021 3135 2060; x_wconf 89' lang='lat' dir='ltr'><strong>cum</strong></span> <span class='ocrx_word' id='word_1_259' title='bbox 3182 2012 3306 2074; x_wconf 89' lang='lat' dir='ltr'><strong>post</strong></span> <span class='ocrx_word' id='word_1_260' title='bbox 3350 2003 3806 2074; x_wconf 79' lang='lat' dir='ltr'><strong>resurrectionem</strong></span> 
     </span>
    </p>
   </div>
   <div class='ocr_carea' id='block_1_35' title="bbox 524 2094 2112 2166">
    <p class='ocr_par' dir='ltr' id='par_1_35' title="bbox 524 2094 2112 2166">
     <span class='ocr_line' id='line_1_35' title="bbox 524 2094 2112 2166; baseline -0.001 -17"><span class='ocrx_word' id='word_1_261' title='bbox 524 2109 658 2149; x_wconf 88' lang='lat' dir='ltr'><strong>cans</strong></span> <span class='ocrx_word' id='word_1_262' title='bbox 681 2095 1001 2166; x_wconf 77' lang='lat' dir='ltr'><strong>gratiarum,</strong></span> <span class='ocrx_word' id='word_1_263' title='bbox 1027 2111 1147 2165; x_wconf 79' lang='lat' dir='ltr'><strong>quae</strong></span> <span class='ocrx_word' id='word_1_264' title='bbox 1167 2111 1273 2150; x_wconf 91' lang='lat' dir='ltr'><strong>non</strong></span> <span class='ocrx_word' id='word_1_265' title='bbox 1295 2103 1414 2150; x_wconf 88' lang='lat' dir='ltr'><strong>erat</strong></span> <span class='ocrx_word' id='word_1_266' title='bbox 1437 2095 1578 2165; x_wconf 85' lang='lat' dir='ltr'><strong>apud</strong></span> <span class='ocrx_word' id='word_1_267' title='bbox 1602 2094 1852 2164; x_wconf 90' lang='lat' dir='ltr'><strong>antiquos</strong></span> <span class='ocrx_word' id='word_1_268' title='bbox 1879 2111 1894 2158; x_wconf 90' lang='lat'><strong>;</strong></span> <span class='ocrx_word' id='word_1_269' title='bbox 1934 2113 1954 2144; x_wconf 72' lang='grc' dir='ltr'><strong><em>ι</em></strong></span> <span class='ocrx_word' id='word_1_270' title='bbox 1991 2108 2112 2163; x_wconf 61' lang='lat' dir='ltr'><strong>quae</strong></span> 
     </span>
    </p>
   </div>
   <div class='ocr_carea' id='block_1_36' title="bbox 522 2183 2117 2258">
    <p class='ocr_par' dir='ltr' id='par_1_36' title="bbox 522 2183 2117 2258">
     <span class='ocr_line' id='line_1_36' title="bbox 522 2183 2117 2258; baseline -0.002 -18"><span class='ocrx_word' id='word_1_271' title='bbox 522 2183 628 2242; x_wconf 81' lang='lat' dir='ltr'><strong>fuit</strong></span> <span class='ocrx_word' id='word_1_272' title='bbox 666 2187 795 2241; x_wconf 88' lang='lat' dir='ltr'><strong>data</strong></span> <span class='ocrx_word' id='word_1_273' title='bbox 832 2196 1121 2258; x_wconf 88' lang='lat' dir='ltr'><strong>postquam</strong></span> <span class='ocrx_word' id='word_1_274' title='bbox 1164 2187 1495 2258; x_wconf 78' lang='lat' dir='ltr'><strong>glorificatus</strong></span> <span class='ocrx_word' id='word_1_275' title='bbox 1520 2193 1604 2241; x_wconf 89' lang='lat' dir='ltr'><strong>est</strong></span> <span class='ocrx_word' id='word_1_276' title='bbox 1647 2183 1822 2240; x_wconf 79' lang='lat' dir='ltr'><strong>Jesus.</strong></span> <span class='ocrx_word' id='word_1_277' title='bbox 1860 2183 2117 2240; x_wconf 89' lang='lat' dir='ltr'><strong>Testatur</strong></span> 
     </span>
    </p>
   </div>
   <div class='ocr_carea' id='block_1_37' title="bbox 523 2275 2118 2350">
    <p class='ocr_par' dir='ltr' id='par_1_37' title="bbox 523 2275 2118 2350">
     <span class='ocr_line' id='line_1_37' title="bbox 523 2275 2118 2350; baseline -0.003 -16"><span class='ocrx_word' id='word_1_278' title='bbox 523 2278 632 2334; x_wconf 86' lang='lat' dir='ltr'><strong>hoc</strong></span> <span class='ocrx_word' id='word_1_279' title='bbox 660 2279 1013 2350; x_wconf 77' lang='lat' dir='ltr'><strong>evangelista,</strong></span> <span class='ocrx_word' id='word_1_280' title='bbox 1044 2279 1135 2334; x_wconf 92' lang='lat' dir='ltr'><strong>ubi</strong></span> <span class='ocrx_word' id='word_1_281' title='bbox 1173 2280 1288 2334; x_wconf 90' lang='lat' dir='ltr'><strong>ait:</strong></span> <span class='ocrx_word' id='word_1_282' title='bbox 1325 2279 1576 2334; x_wconf 87' lang='lat' dir='ltr'><strong>Nondum</strong></span> <span class='ocrx_word' id='word_1_283' title='bbox 1619 2287 1728 2332; x_wconf 89' lang='lat' dir='ltr'><strong>erat</strong></span> <span class='ocrx_word' id='word_1_284' title='bbox 1763 2275 1991 2348; x_wconf 84' lang='lat' dir='ltr'><strong>Spiritus</strong></span> <span class='ocrx_word' id='word_1_285' title='bbox 2021 2277 2118 2330; x_wconf 74' lang='lat' dir='ltr'><strong>da-</strong></span> 
     </span>
    </p>
   </div>
   <div class='ocr_carea' id='block_1_38' title="bbox 525 2369 2115 2443">
    <p class='ocr_par' dir='ltr' id='par_1_38' title="bbox 525 2369 2115 2443">
     <span class='ocr_line' id='line_1_38' title="bbox 525 2369 2115 2443; baseline -0.001 -17"><span class='ocrx_word' id='word_1_286' title='bbox 525 2379 634 2436; x_wconf 88' lang='lat' dir='ltr'><strong>tus,</strong></span> <span class='ocrx_word' id='word_1_287' title='bbox 656 2373 779 2443; x_wconf 91' lang='lat' dir='ltr'><strong>quia</strong></span> <span class='ocrx_word' id='word_1_288' title='bbox 804 2370 960 2426; x_wconf 74' lang='lat' dir='ltr'><strong>Iesus</strong></span> <span class='ocrx_word' id='word_1_289' title='bbox 985 2372 1214 2426; x_wconf 87' lang='lat' dir='ltr'><strong>nondum</strong></span> <span class='ocrx_word' id='word_1_290' title='bbox 1238 2373 1410 2442; x_wconf 81' lang='lat' dir='ltr'><strong>fuerat</strong></span> <span class='ocrx_word' id='word_1_291' title='bbox 1433 2371 1756 2443; x_wconf 79' lang='lat' dir='ltr'><strong>gloriﬁcatus</strong></span> <span class='ocrx_word' id='word_1_292' title='bbox 1781 2369 1799 2443; x_wconf 90' lang='lat'><strong>(</strong></span> <span class='ocrx_word' id='word_1_293' title='bbox 1825 2369 1987 2424; x_wconf 82' lang='lat' dir='ltr'><strong>Joan.</strong></span> <span class='ocrx_word' id='word_1_294' title='bbox 2015 2386 2115 2436; x_wconf 82' lang='lat' dir='ltr'><strong>vn,</strong></span> 
     </span>
    </p>
   </div>
   <div class='ocr_carea' id='block_1_39' title="bbox 522 2460 2120 2532">
    <p class='ocr_par' dir='ltr' id='par_1_39' title="bbox 522 2460 2120 2532">
     <span class='ocr_line' id='line_1_39' title="bbox 522 2460 2120 2532; baseline -0.003 -15"><span class='ocrx_word' id='word_1_295' title='bbox 522 2460 636 2532; x_wconf 80' lang='lat'><strong>39).</strong></span> <span class='ocrx_word' id='word_1_296' title='bbox 652 2460 806 2528; x_wconf 86' lang='lat' dir='ltr'><strong>Quod</strong></span> <span class='ocrx_word' id='word_1_297' title='bbox 818 2476 945 2517; x_wconf 90' lang='lat' dir='ltr'><strong>vero</strong></span> <span class='ocrx_word' id='word_1_298' title='bbox 960 2462 1182 2528; x_wconf 89' lang='lat' dir='ltr'><strong>addidit,</strong></span> <span class='ocrx_word' id='word_1_299' title='bbox 1207 2462 1504 2517; x_wconf 89' lang='lat' dir='ltr'><strong>Secundum</strong></span> <span class='ocrx_word' id='word_1_300' title='bbox 1517 2479 1667 2516; x_wconf 85' lang='lat' dir='ltr'><strong>suam</strong></span> <span class='ocrx_word' id='word_1_301' title='bbox 1687 2460 2022 2527; x_wconf 86' lang='lat' dir='ltr'><strong>voluntatem,</strong></span> <span class='ocrx_word' id='word_1_302' title='bbox 2039 2460 2120 2515; x_wconf 91' lang='lat' dir='ltr'><strong>di-</strong></span> 
     </span>
    </p>
   </div>
   <div class='ocr_carea' id='block_1_40' title="bbox 466 2553 2118 2623">
    <p class='ocr_par' dir='ltr' id='par_1_40' title="bbox 466 2553 2118 2623">
     <span class='ocr_line' id='line_1_40' title="bbox 466 2553 2118 2623; baseline 0 -17"><span class='ocrx_word' id='word_1_303' title='bbox 466 2575 469 2578; x_wconf 93' lang='grc'><strong>·</strong></span> <span class='ocrx_word' id='word_1_304' title='bbox 523 2553 664 2608; x_wconf 71' lang='lat' dir='ltr'><strong>vina:</strong></span> <span class='ocrx_word' id='word_1_305' title='bbox 684 2563 814 2608; x_wconf 89' lang='lat' dir='ltr'><strong>vero</strong></span> <span class='ocrx_word' id='word_1_306' title='bbox 826 2553 1087 2608; x_wconf 90' lang='lat' dir='ltr'><strong>voluntati</strong></span> <span class='ocrx_word' id='word_1_307' title='bbox 1110 2561 1274 2623; x_wconf 89' lang='lat' dir='ltr'><strong>atque</strong></span> <span class='ocrx_word' id='word_1_308' title='bbox 1290 2553 1408 2623; x_wconf 91' lang='lat' dir='ltr'><strong>ejus</strong></span> <span class='ocrx_word' id='word_1_309' title='bbox 1434 2554 1659 2609; x_wconf 89' lang='lat' dir='ltr'><strong>consilio</strong></span> <span class='ocrx_word' id='word_1_310' title='bbox 1687 2563 1877 2608; x_wconf 88' lang='lat' dir='ltr'><strong>cuncta</strong></span> <span class='ocrx_word' id='word_1_311' title='bbox 1913 2553 2118 2607; x_wconf 88' lang='lat' dir='ltr'><strong>contri-</strong></span> 
     </span>
    </p>
   </div>
   <div class='ocr_carea' id='block_1_41' title="bbox 523 2644 2116 2716">
    <p class='ocr_par' dir='ltr' id='par_1_41' title="bbox 523 2644 2116 2716">
     <span class='ocr_line' id='line_1_41' title="bbox 523 2644 2116 2716; baseline -0.001 -17"><span class='ocrx_word' id='word_1_312' title='bbox 523 2644 661 2711; x_wconf 89' lang='lat' dir='ltr'><strong>buit,</strong></span> <span class='ocrx_word' id='word_1_313' title='bbox 677 2660 747 2700; x_wconf 94' lang='lat' dir='ltr'><strong>ne</strong></span> <span class='ocrx_word' id='word_1_314' title='bbox 766 2645 888 2716; x_wconf 87' lang='lat' dir='ltr'><strong>quis</strong></span> <span class='ocrx_word' id='word_1_315' title='bbox 901 2646 955 2700; x_wconf 89' lang='lat' dir='ltr'><strong>in</strong></span> <span class='ocrx_word' id='word_1_316' title='bbox 980 2647 1094 2701; x_wconf 89' lang='lat' dir='ltr'><strong>suis</strong></span> <span class='ocrx_word' id='word_1_317' title='bbox 1114 2645 1323 2716; x_wconf 78' lang='lat' dir='ltr'><strong>meritis</strong></span> <span class='ocrx_word' id='word_1_318' title='bbox 1343 2646 1685 2711; x_wconf 88' lang='lat' dir='ltr'><strong>consideret;</strong></span> <span class='ocrx_word' id='word_1_319' title='bbox 1707 2645 1862 2716; x_wconf 86' lang='lat' dir='ltr'><strong>quasi</strong></span> <span class='ocrx_word' id='word_1_320' title='bbox 1885 2645 2116 2699; x_wconf 88' lang='lat' dir='ltr'><strong>diceret:</strong></span> 
     </span>
    </p>
   </div>
   <div class='ocr_carea' id='block_1_42' title="bbox 524 2733 2121 2808">
    <p class='ocr_par' dir='ltr' id='par_1_42' title="bbox 524 2733 2121 2808">
     <span class='ocr_line' id='line_1_42' title="bbox 524 2733 2121 2808; baseline -0.001 -19"><span class='ocrx_word' id='word_1_321' title='bbox 524 2733 646 2805; x_wconf 84' lang='lat' dir='ltr'><strong>Ipse</strong></span> <span class='ocrx_word' id='word_1_322' title='bbox 693 2736 845 2790; x_wconf 91' lang='lat' dir='ltr'><strong>novit</strong></span> <span class='ocrx_word' id='word_1_323' title='bbox 871 2736 1000 2806; x_wconf 86' lang='lat' dir='ltr'><strong>quid</strong></span> <span class='ocrx_word' id='word_1_324' title='bbox 1021 2737 1217 2807; x_wconf 88' lang='lat' dir='ltr'><strong>cuique</strong></span> <span class='ocrx_word' id='word_1_325' title='bbox 1240 2738 1431 2808; x_wconf 87' lang='lat' dir='ltr'><strong>prosit,</strong></span> <span class='ocrx_word' id='word_1_326' title='bbox 1456 2736 1538 2792; x_wconf 90' lang='lat' dir='ltr'><strong>vel</strong></span> <span class='ocrx_word' id='word_1_327' title='bbox 1560 2736 1645 2791; x_wconf 92' lang='lat' dir='ltr'><strong>cui</strong></span> <span class='ocrx_word' id='word_1_328' title='bbox 1669 2736 1797 2805; x_wconf 92' lang='lat' dir='ltr'><strong>quid</strong></span> <span class='ocrx_word' id='word_1_329' title='bbox 1825 2735 1895 2789; x_wconf 93' lang='lat' dir='ltr'><strong>sit</strong></span> <span class='ocrx_word' id='word_1_330' title='bbox 1909 2749 2121 2790; x_wconf 89' lang='lat' dir='ltr'><strong>accom-</strong></span> 
     </span>
    </p>
   </div>
   <div class='ocr_carea' id='block_1_43' title="bbox 531 2826 2121 2900">
    <p class='ocr_par' dir='ltr' id='par_1_43' title="bbox 531 2826 2121 2900">
     <span class='ocr_line' id='line_1_43' title="bbox 531 2826 2121 2900; baseline -0.002 -18"><span class='ocrx_word' id='word_1_331' title='bbox 531 2827 1133 2899; x_wconf 56' lang='lat' dir='ltr'><strong>modum.‘Quapropter</strong></span> <span class='ocrx_word' id='word_1_332' title='bbox 1147 2830 1261 2898; x_wconf 90' lang='lat' dir='ltr'><strong>ipse</strong></span> <span class='ocrx_word' id='word_1_333' title='bbox 1278 2830 1507 2900; x_wconf 87' lang='lat' dir='ltr'><strong>gratiam</strong></span> <span class='ocrx_word' id='word_1_334' title='bbox 1519 2828 1810 2897; x_wconf 86' lang='lat' dir='ltr'><strong>unicuique</strong></span> <span class='ocrx_word' id='word_1_335' title='bbox 1823 2826 2121 2882; x_wconf 89' lang='lat' dir='ltr'><strong>secundum</strong></span> 
     </span>
    </p>
   </div>
   <div class='ocr_carea' id='block_1_44' title="bbox 528 2917 2122 2992">
    <p class='ocr_par' dir='ltr' id='par_1_44' title="bbox 528 2917 2122 2992">
     <span class='ocr_line' id='line_1_44' title="bbox 528 2917 2122 2992; baseline -0.004 -14"><span class='ocrx_word' id='word_1_336' title='bbox 528 2935 643 2978; x_wconf 66' lang='lat' dir='ltr'><strong>suae</strong></span> <span class='ocrx_word' id='word_1_337' title='bbox 673 2921 969 2976; x_wconf 88' lang='lat' dir='ltr'><strong>voluntatis</strong></span> <span class='ocrx_word' id='word_1_338' title='bbox 1013 2923 1413 2992; x_wconf 70' lang='lat' dir='ltr'><strong>praescientiam</strong></span> <span class='ocrx_word' id='word_1_339' title='bbox 1435 2921 1680 2977; x_wconf 90' lang='lat' dir='ltr'><strong>contulit.</strong></span> <span class='ocrx_word' id='word_1_340' title='bbox 1719 2921 1885 2992; x_wconf 78' lang='lat' dir='ltr'><strong>67o</strong></span> <span class='ocrx_word' id='word_1_341' title='bbox 1925 2917 2122 2987; x_wconf 85' lang='lat' dir='ltr'><strong>Sequi-</strong></span> 
     </span>
    </p>
   </div>
   <div class='ocr_carea' id='block_1_45' title="bbox 524 3011 2124 3086">
    <p class='ocr_par' dir='ltr' id='par_1_45' title="bbox 524 3011 2124 3086">
     <span class='ocr_line' id='line_1_45' title="bbox 524 3011 2124 3086; baseline -0.002 -20"><span class='ocrx_word' id='word_1_342' title='bbox 524 3012 870 3086; x_wconf 76' lang='lat' dir='ltr'><strong>tur:(Van.</strong></span> <span class='ocrx_word' id='word_1_343' title='bbox 921 3012 976 3086; x_wconf 82' lang='lat'><strong>5)</strong></span> <span class='ocrx_word' id='word_1_344' title='bbox 1022 3013 1147 3067; x_wconf 72' lang='lat' dir='ltr'><strong>No’n</strong></span> <span class='ocrx_word' id='word_1_345' title='bbox 1185 3015 1322 3067; x_wconf 86' lang='lat' dir='ltr'><strong>enim</strong></span> <span class='ocrx_word' id='word_1_346' title='bbox 1363 3013 1559 3084; x_wconf 83' lang='lat' dir='ltr'><strong>angelis</strong></span> <span class='ocrx_word' id='word_1_347' title='bbox 1603 3011 1819 3082; x_wconf 83' lang='lat' dir='ltr'><strong>subjecit</strong></span> <span class='ocrx_word' id='word_1_348' title='bbox 1854 3011 1997 3065; x_wconf 88' lang='lat' dir='ltr'><strong>Deus</strong></span> <span class='ocrx_word' id='word_1_349' title='bbox 2037 3025 2124 3064; x_wconf 87' lang='lat' dir='ltr'><strong>or—</strong></span> 
     </span>
    </p>
   </div>
   <div class='ocr_carea' id='block_1_46' title="bbox 527 3101 2121 3177">
    <p class='ocr_par' dir='ltr' id='par_1_46' title="bbox 527 3101 2121 3177">
     <span class='ocr_line' id='line_1_46' title="bbox 527 3101 2121 3177; baseline -0.003 -19"><span class='ocrx_word' id='word_1_350' title='bbox 527 3103 643 3160; x_wconf 84' lang='lat' dir='ltr'><strong>bem</strong></span> <span class='ocrx_word' id='word_1_351' title='bbox 658 3114 814 3160; x_wconf 74' lang='lat' dir='ltr'><strong>terra:</strong></span> <span class='ocrx_word' id='word_1_352' title='bbox 825 3105 1086 3176; x_wconf 87' lang='lat' dir='ltr'><strong>futurum,</strong></span> <span class='ocrx_word' id='word_1_353' title='bbox 1105 3105 1169 3159; x_wconf 88' lang='lat' dir='ltr'><strong>de</strong></span> <span class='ocrx_word' id='word_1_354' title='bbox 1182 3123 1282 3177; x_wconf 90' lang='lat' dir='ltr'><strong>quo</strong></span> <span class='ocrx_word' id='word_1_355' title='bbox 1299 3104 1582 3176; x_wconf 87' lang='lat' dir='ltr'><strong>loquimur.</strong></span> <span class='ocrx_word' id='word_1_356' title='bbox 1597 3103 1715 3159; x_wconf 87' lang='lat' dir='ltr'><strong>Non</strong></span> <span class='ocrx_word' id='word_1_357' title='bbox 1730 3103 1873 3157; x_wconf 88' lang='lat' dir='ltr'><strong>enim</strong></span> <span class='ocrx_word' id='word_1_358' title='bbox 1890 3101 2121 3156; x_wconf 89' lang='lat' dir='ltr'><strong>salutem</strong></span> 
     </span>
    </p>
   </div>
   <div class='ocr_carea' id='block_1_47' title="bbox 530 3194 2122 3270">
    <p class='ocr_par' dir='ltr' id='par_1_47' title="bbox 530 3194 2122 3270">
     <span class='ocr_line' id='line_1_47' title="bbox 530 3194 2122 3270; baseline -0.004 -17"><span class='ocrx_word' id='word_1_359' title='bbox 530 3206 798 3264; x_wconf 83' lang='lat' dir='ltr'><strong>nostram,</strong></span> <span class='ocrx_word' id='word_1_360' title='bbox 844 3215 965 3270; x_wconf 86' lang='lat' dir='ltr'><strong>quae</strong></span> <span class='ocrx_word' id='word_1_361' title='bbox 994 3198 1290 3253; x_wconf 87' lang='lat' dir='ltr'><strong>novissimo</strong></span> <span class='ocrx_word' id='word_1_362' title='bbox 1330 3204 1574 3268; x_wconf 90' lang='lat' dir='ltr'><strong>tempore</strong></span> <span class='ocrx_word' id='word_1_363' title='bbox 1600 3195 1740 3251; x_wconf 85' lang='lat' dir='ltr'><strong>facta</strong></span> <span class='ocrx_word' id='word_1_364' title='bbox 1766 3194 1929 3249; x_wconf 92' lang='lat' dir='ltr'><strong>estin</strong></span> <span class='ocrx_word' id='word_1_365' title='bbox 1968 3194 2122 3258; x_wconf 88' lang='lat' dir='ltr'><strong>orbe,</strong></span> 
     </span>
    </p>
   </div>
   <div class='ocr_carea' id='block_1_48' title="bbox 528 3287 2120 3362">
    <p class='ocr_par' dir='ltr' id='par_1_48' title="bbox 528 3287 2120 3362">
     <span class='ocr_line' id='line_1_48' title="bbox 528 3287 2120 3362; baseline -0.002 -18"><span class='ocrx_word' id='word_1_366' title='bbox 528 3291 733 3360; x_wconf 85' lang='lat' dir='ltr'><strong>angelis</strong></span> <span class='ocrx_word' id='word_1_367' title='bbox 774 3291 1025 3360; x_wconf 89' lang='lat' dir='ltr'><strong>subjecit,</strong></span> <span class='ocrx_word' id='word_1_368' title='bbox 1070 3307 1190 3362; x_wconf 75' lang='lat' dir='ltr'><strong>quae</strong></span> <span class='ocrx_word' id='word_1_369' title='bbox 1214 3307 1246 3345; x_wconf 90' lang='lat' dir='ltr'><strong>a</strong></span> <span class='ocrx_word' id='word_1_370' title='bbox 1272 3291 1548 3360; x_wconf 88' lang='lat' dir='ltr'><strong>prophetis</strong></span> <span class='ocrx_word' id='word_1_371' title='bbox 1589 3289 1772 3344; x_wconf 83' lang='lat' dir='ltr'><strong>futura</strong></span> <span class='ocrx_word' id='word_1_372' title='bbox 1817 3303 1938 3344; x_wconf 90' lang='lat' dir='ltr'><strong>esse</strong></span> <span class='ocrx_word' id='word_1_373' title='bbox 1989 3287 2120 3342; x_wconf 93' lang='lat' dir='ltr'><strong>olim</strong></span> 
     </span>
    </p>
   </div>
   <div class='ocr_carea' id='block_1_49' title="bbox 2214 2069 3808 2163">
    <p class='ocr_par' dir='ltr' id='par_1_49' title="bbox 2214 2069 3808 2163">
     <span class='ocr_line' id='line_1_49' title="bbox 2214 2069 3808 2163; baseline -0.004 -10"><span class='ocrx_word' id='word_1_374' title='bbox 2214 2098 2379 2154; x_wconf 89' lang='lat' dir='ltr'><strong>nimis</strong></span> <span class='ocrx_word' id='word_1_375' title='bbox 2424 2097 2748 2163; x_wconf 85' lang='lat' dir='ltr'><strong>mirabilem,</strong></span> <span class='ocrx_word' id='word_1_376' title='bbox 2799 2096 2986 2151; x_wconf 91' lang='lat' dir='ltr'><strong>mundi</strong></span> <span class='ocrx_word' id='word_1_377' title='bbox 3030 2095 3403 2151; x_wconf 87' lang='lat' dir='ltr'><strong>credulitatem</strong></span> <span class='ocrx_word' id='word_1_378' title='bbox 3454 2069 3596 2149; x_wconf 73' lang='lat' dir='ltr'><strong>Deus</strong></span> <span class='ocrx_word' id='word_1_379' title='bbox 3640 2095 3696 2148; x_wconf 92' lang='lat' dir='ltr'><strong>in</strong></span> <span class='ocrx_word' id='word_1_380' title='bbox 3743 2109 3808 2148; x_wconf 92' lang='lat' dir='ltr'><strong>eo</strong></span> 
     </span>
    </p>
   </div>
   <div class='ocr_carea' id='block_1_50' title="bbox 2219 2187 3807 2263">
    <p class='ocr_par' dir='ltr' id='par_1_50' title="bbox 2219 2187 3807 2263">
     <span class='ocr_line' id='line_1_50' title="bbox 2219 2187 3807 2263; baseline -0.004 -16"><span class='ocrx_word' id='word_1_381' title='bbox 2219 2193 2363 2263; x_wconf 90' lang='lat' dir='ltr'><strong>quod</strong></span> <span class='ocrx_word' id='word_1_382' title='bbox 2391 2191 2552 2246; x_wconf 91' lang='lat' dir='ltr'><strong>homo</strong></span> <span class='ocrx_word' id='word_1_383' title='bbox 2595 2190 2770 2246; x_wconf 85' lang='lat' dir='ltr'><strong>factus</strong></span> <span class='ocrx_word' id='word_1_384' title='bbox 2815 2197 2918 2256; x_wconf 90' lang='lat' dir='ltr'><strong>est,</strong></span> <span class='ocrx_word' id='word_1_385' title='bbox 2951 2189 3221 2244; x_wconf 74' lang='lat' dir='ltr'><strong>exaltatus</strong></span> <span class='ocrx_word' id='word_1_386' title='bbox 3246 2188 3474 2258; x_wconf 86' lang='lat' dir='ltr'><strong>accepit.</strong></span> <span class='ocrx_word' id='word_1_387' title='bbox 3503 2187 3680 2242; x_wconf 87' lang='lat' dir='ltr'><strong>Gloria</strong></span> <span class='ocrx_word' id='word_1_388' title='bbox 3709 2202 3807 2241; x_wconf 86' lang='lat' dir='ltr'><strong>co-</strong></span> 
     </span>
    </p>
   </div>
   <div class='ocr_carea' id='block_1_51' title="bbox 2219 2279 3798 2340">
    <p class='ocr_par' dir='ltr' id='par_1_51' title="bbox 2219 2279 3798 2340">
     <span class='ocr_line' id='line_1_51' title="bbox 2219 2279 3798 2340; baseline -0.005 -2"><span class='ocrx_word' id='word_1_389' title='bbox 2219 2292 2444 2340; x_wconf 91' lang='lat' dir='ltr'><strong>ronatus</strong></span> <span class='ocrx_word' id='word_1_390' title='bbox 2481 2290 2564 2337; x_wconf 88' lang='lat' dir='ltr'><strong>est</strong></span> <span class='ocrx_word' id='word_1_391' title='bbox 2611 2283 2664 2336; x_wconf 91' lang='lat' dir='ltr'><strong>in</strong></span> <span class='ocrx_word' id='word_1_392' title='bbox 2693 2282 3091 2336; x_wconf 89' lang='lat' dir='ltr'><strong>resurrectione</strong></span> <span class='ocrx_word' id='word_1_393' title='bbox 3139 2287 3193 2336; x_wconf 91' lang='lat' dir='ltr'><strong>et</strong></span> <span class='ocrx_word' id='word_1_394' title='bbox 3223 2281 3563 2338; x_wconf 86' lang='lat' dir='ltr'><strong>ascensione:</strong></span> <span class='ocrx_word' id='word_1_395' title='bbox 3595 2285 3650 2332; x_wconf 87' lang='lat' dir='ltr'><strong>et</strong></span> <span class='ocrx_word' id='word_1_396' title='bbox 3696 2279 3798 2332; x_wconf 86' lang='lat' dir='ltr'><strong>ho-</strong></span> 
     </span>
    </p>
   </div>
   <div class='ocr_carea' id='block_1_52' title="bbox 2219 2365 3802 2443">
    <p class='ocr_par' dir='ltr' id='par_1_52' title="bbox 2219 2365 3802 2443">
     <span class='ocr_line' id='line_1_52' title="bbox 2219 2365 3802 2443; baseline -0.008 -12"><span class='ocrx_word' id='word_1_397' title='bbox 2219 2392 2352 2432; x_wconf 89' lang='lat' dir='ltr'><strong>nore</strong></span> <span class='ocrx_word' id='word_1_398' title='bbox 2395 2377 2456 2430; x_wconf 17' lang='lat' dir='ltr'><strong>in.</strong></span> <span class='ocrx_word' id='word_1_399' title='bbox 2489 2373 2828 2430; x_wconf 86' lang='lat' dir='ltr'><strong>confessione</strong></span> <span class='ocrx_word' id='word_1_400' title='bbox 2868 2382 3109 2443; x_wconf 70' lang='lat' dir='ltr'><strong>paterna:</strong></span> <span class='ocrx_word' id='word_1_401' title='bbox 3159 2368 3688 2442; x_wconf 74' lang='lat' dir='ltr'><strong>majestatis.(Vens.</strong></span> <span class='ocrx_word' id='word_1_402' title='bbox 3718 2365 3802 2436; x_wconf 87' lang='lat'><strong>8.)</strong></span> 
     </span>
    </p>
   </div>
   <div class='ocr_carea' id='block_1_53' title="bbox 2220 2457 3807 2534">
    <p class='ocr_par' dir='ltr' id='par_1_53' title="bbox 2220 2457 3807 2534">
     <span class='ocr_line' id='line_1_53' title="bbox 2220 2457 3807 2534; baseline -0.006 -14"><span class='ocrx_word' id='word_1_403' title='bbox 2220 2466 2288 2521; x_wconf 90' lang='lat' dir='ltr'><strong>Et</strong></span> <span class='ocrx_word' id='word_1_404' title='bbox 2317 2465 2630 2520; x_wconf 86' lang='lat' dir='ltr'><strong>constituisti</strong></span> <span class='ocrx_word' id='word_1_405' title='bbox 2645 2480 2760 2518; x_wconf 87' lang='lat' dir='ltr'><strong>eum</strong></span> <span class='ocrx_word' id='word_1_406' title='bbox 2789 2480 2944 2534; x_wconf 89' lang='lat' dir='ltr'><strong>super</strong></span> <span class='ocrx_word' id='word_1_407' title='bbox 2970 2479 3124 2534; x_wconf 85' lang='lat' dir='ltr'><strong>opera</strong></span> <span class='ocrx_word' id='word_1_408' title='bbox 3136 2478 3388 2516; x_wconf 85' lang='lat' dir='ltr'><strong>manuum</strong></span> <span class='ocrx_word' id='word_1_409' title='bbox 3413 2471 3644 2514; x_wconf 83' lang='lat' dir='ltr'><strong>tuarum.</strong></span> <span class='ocrx_word' id='word_1_410' title='bbox 3680 2457 3807 2512; x_wconf 89' lang='lat' dir='ltr'><strong>0m-</strong></span> 
     </span>
    </p>
   </div>
   <div class='ocr_carea' id='block_1_54' title="bbox 2222 2549 3806 2626">
    <p class='ocr_par' dir='ltr' id='par_1_54' title="bbox 2222 2549 3806 2626">
     <span class='ocr_line' id='line_1_54' title="bbox 2222 2549 3806 2626; baseline -0.006 -14"><span class='ocrx_word' id='word_1_411' title='bbox 2222 2559 2312 2613; x_wconf 90' lang='lat' dir='ltr'><strong>nia</strong></span> <span class='ocrx_word' id='word_1_412' title='bbox 2361 2557 2624 2626; x_wconf 85' lang='lat' dir='ltr'><strong>subjecisti</strong></span> <span class='ocrx_word' id='word_1_413' title='bbox 2657 2556 2753 2610; x_wconf 89' lang='lat' dir='ltr'><strong>sub</strong></span> <span class='ocrx_word' id='word_1_414' title='bbox 2798 2554 3014 2624; x_wconf 86' lang='lat' dir='ltr'><strong>pedibus</strong></span> <span class='ocrx_word' id='word_1_415' title='bbox 3059 2555 3194 2624; x_wconf 86' lang='lat' dir='ltr'><strong>ejus.</strong></span> <span class='ocrx_word' id='word_1_416' title='bbox 3242 2551 3504 2624; x_wconf 88' lang='lat' dir='ltr'><strong>Superius</strong></span> <span class='ocrx_word' id='word_1_417' title='bbox 3541 2552 3609 2606; x_wconf 90' lang='lat' dir='ltr'><strong>de</strong></span> <span class='ocrx_word' id='word_1_418' title='bbox 3639 2549 3806 2620; x_wconf 81' lang='lat' dir='ltr'><strong>gloria</strong></span> 
     </span>
    </p>
   </div>
   <div class='ocr_carea' id='block_1_55' title="bbox 2220 2643 3805 2717">
    <p class='ocr_par' dir='ltr' id='par_1_55' title="bbox 2220 2643 3805 2717">
     <span class='ocr_line' id='line_1_55' title="bbox 2220 2643 3805 2717; baseline -0.007 -13"><span class='ocrx_word' id='word_1_419' title='bbox 2220 2648 2337 2717; x_wconf 90' lang='lat' dir='ltr'><strong>ejus</strong></span> <span class='ocrx_word' id='word_1_420' title='bbox 2373 2657 2426 2703; x_wconf 87' lang='lat' dir='ltr'><strong>et</strong></span> <span class='ocrx_word' id='word_1_421' title='bbox 2463 2649 2667 2703; x_wconf 90' lang='lat' dir='ltr'><strong>honore</strong></span> <span class='ocrx_word' id='word_1_422' title='bbox 2697 2656 2979 2702; x_wconf 87' lang='lat' dir='ltr'><strong>narratum</strong></span> <span class='ocrx_word' id='word_1_423' title='bbox 3022 2655 3145 2712; x_wconf 90' lang='lat' dir='ltr'><strong>est;</strong></span> <span class='ocrx_word' id='word_1_424' title='bbox 3190 2661 3334 2700; x_wconf 90' lang='lat' dir='ltr'><strong>nunc</strong></span> <span class='ocrx_word' id='word_1_425' title='bbox 3361 2643 3582 2714; x_wconf 88' lang='lat' dir='ltr'><strong>ponitur</strong></span> <span class='ocrx_word' id='word_1_426' title='bbox 3621 2648 3677 2695; x_wconf 90' lang='lat' dir='ltr'><strong>et</strong></span> <span class='ocrx_word' id='word_1_427' title='bbox 3709 2656 3805 2710; x_wconf 83' lang='lat' dir='ltr'><strong>po-</strong></span> 
     </span>
    </p>
   </div>
   <div class='ocr_carea' id='block_1_56' title="bbox 2223 2733 3808 2811">
    <p class='ocr_par' dir='ltr' id='par_1_56' title="bbox 2223 2733 3808 2811">
     <span class='ocr_line' id='line_1_56' title="bbox 2223 2733 3808 2811; baseline -0.008 -14"><span class='ocrx_word' id='word_1_428' title='bbox 2223 2750 2409 2804; x_wconf 87' lang='lat' dir='ltr'><strong>testas,</strong></span> <span class='ocrx_word' id='word_1_429' title='bbox 2453 2748 2516 2794; x_wconf 87' lang='lat' dir='ltr'><strong>ut</strong></span> <span class='ocrx_word' id='word_1_430' title='bbox 2543 2747 2870 2811; x_wconf 84' lang='lat' dir='ltr'><strong>agnoscatur</strong></span> <span class='ocrx_word' id='word_1_431' title='bbox 2897 2737 3096 2793; x_wconf 89' lang='lat' dir='ltr'><strong>Christi</strong></span> <span class='ocrx_word' id='word_1_432' title='bbox 3120 2737 3334 2792; x_wconf 91' lang='lat' dir='ltr'><strong>Domini</strong></span> <span class='ocrx_word' id='word_1_433' title='bbox 3355 2733 3660 2803; x_wconf 79' lang='lat' dir='ltr'><strong>majestatis</strong></span> <span class='ocrx_word' id='word_1_434' title='bbox 3688 2747 3808 2803; x_wconf 88' lang='lat' dir='ltr'><strong>per-</strong></span> 
     </span>
    </p>
   </div>
   <div class='ocr_carea' id='block_1_57' title="bbox 2224 2827 3804 2900">
    <p class='ocr_par' dir='ltr' id='par_1_57' title="bbox 2224 2827 3804 2900">
     <span class='ocr_line' id='line_1_57' title="bbox 2224 2827 3804 2900; baseline -0.006 -15"><span class='ocrx_word' id='word_1_435' title='bbox 2224 2831 2518 2887; x_wconf 90' lang='lat' dir='ltr'><strong>fectissima</strong></span> <span class='ocrx_word' id='word_1_436' title='bbox 2567 2830 2864 2900; x_wconf 88' lang='lat' dir='ltr'><strong>plenitudo.</strong></span> <span class='ocrx_word' id='word_1_437' title='bbox 2913 2827 3153 2885; x_wconf 72' lang='lat' dir='ltr'><strong>Dicenda</strong></span> <span class='ocrx_word' id='word_1_438' title='bbox 3199 2828 3369 2894; x_wconf 86' lang='lat' dir='ltr'><strong>enim,</strong></span> <span class='ocrx_word' id='word_1_439' title='bbox 3427 2827 3605 2896; x_wconf 86' lang='lat' dir='ltr'><strong>Super</strong></span> <span class='ocrx_word' id='word_1_440' title='bbox 3653 2841 3804 2895; x_wconf 83' lang='lat' dir='ltr'><strong>opera</strong></span> 
     </span>
    </p>
   </div>
   <div class='ocr_carea' id='block_1_58' title="bbox 2223 2920 3808 2991">
    <p class='ocr_par' dir='ltr' id='par_1_58' title="bbox 2223 2920 3808 2991">
     <span class='ocr_line' id='line_1_58' title="bbox 2223 2920 3808 2991; baseline -0.004 -14"><span class='ocrx_word' id='word_1_441' title='bbox 2223 2940 2480 2978; x_wconf 85' lang='lat' dir='ltr'><strong>manuum</strong></span> <span class='ocrx_word' id='word_1_442' title='bbox 2515 2932 2748 2990; x_wconf 88' lang='lat' dir='ltr'><strong>tuarum,</strong></span> <span class='ocrx_word' id='word_1_443' title='bbox 2797 2922 2973 2978; x_wconf 91' lang='lat' dir='ltr'><strong>omnis</strong></span> <span class='ocrx_word' id='word_1_444' title='bbox 2993 2921 3068 2977; x_wconf 92' lang='lat' dir='ltr'><strong>illi</strong></span> <span class='ocrx_word' id='word_1_445' title='bbox 3092 2930 3342 2977; x_wconf 86' lang='lat' dir='ltr'><strong>creatura</strong></span> <span class='ocrx_word' id='word_1_446' title='bbox 3377 2920 3624 2991; x_wconf 84' lang='lat' dir='ltr'><strong>subjecta</strong></span> <span class='ocrx_word' id='word_1_447' title='bbox 3660 2933 3808 2973; x_wconf 85' lang='lat' dir='ltr'><strong>mon-</strong></span> 
     </span>
    </p>
   </div>
   <div class='ocr_carea' id='block_1_59' title="bbox 2225 3011 3808 3085">
    <p class='ocr_par' dir='ltr' id='par_1_59' title="bbox 2225 3011 3808 3085">
     <span class='ocr_line' id='line_1_59' title="bbox 2225 3011 3808 3085; baseline -0.004 -15"><span class='ocrx_word' id='word_1_448' title='bbox 2225 3023 2470 3082; x_wconf 88' lang='lat' dir='ltr'><strong>stratur;</strong></span> <span class='ocrx_word' id='word_1_449' title='bbox 2499 3015 2625 3085; x_wconf 89' lang='lat' dir='ltr'><strong>quia</strong></span> <span class='ocrx_word' id='word_1_450' title='bbox 2657 3015 2796 3070; x_wconf 92' lang='lat' dir='ltr'><strong>sicut</strong></span> <span class='ocrx_word' id='word_1_451' title='bbox 2833 3031 2864 3069; x_wconf 89' lang='lat' dir='ltr'><strong>a</strong></span> <span class='ocrx_word' id='word_1_452' title='bbox 2893 3014 3104 3070; x_wconf 89' lang='lat' dir='ltr'><strong>Domini</strong></span> <span class='ocrx_word' id='word_1_453' title='bbox 3134 3029 3297 3085; x_wconf 85' lang='lat' dir='ltr'><strong>opere</strong></span> <span class='ocrx_word' id='word_1_454' title='bbox 3335 3011 3469 3068; x_wconf 88' lang='lat' dir='ltr'><strong>nihil</strong></span> <span class='ocrx_word' id='word_1_455' title='bbox 3495 3019 3580 3067; x_wconf 87' lang='lat' dir='ltr'><strong>est</strong></span> <span class='ocrx_word' id='word_1_456' title='bbox 3619 3026 3808 3081; x_wconf 84' lang='lat' dir='ltr'><strong>excep-</strong></span> 
     </span>
    </p>
   </div>
   <div class='ocr_carea' id='block_1_60' title="bbox 2224 3103 3809 3176">
    <p class='ocr_par' dir='ltr' id='par_1_60' title="bbox 2224 3103 3809 3176">
     <span class='ocr_line' id='line_1_60' title="bbox 2224 3103 3809 3176; baseline -0.002 -18"><span class='ocrx_word' id='word_1_457' title='bbox 2224 3112 2363 3173; x_wconf 88' lang='lat' dir='ltr'><strong>tum,</strong></span> <span class='ocrx_word' id='word_1_458' title='bbox 2400 3106 2476 3160; x_wconf 91' lang='lat' dir='ltr'><strong>ita</strong></span> <span class='ocrx_word' id='word_1_459' title='bbox 2510 3121 2612 3163; x_wconf 85' lang='lat' dir='ltr'><strong>nec</strong></span> <span class='ocrx_word' id='word_1_460' title='bbox 2649 3123 2679 3160; x_wconf 89' lang='lat' dir='ltr'><strong>a</strong></span> <span class='ocrx_word' id='word_1_461' title='bbox 2725 3112 2994 3176; x_wconf 89' lang='lat' dir='ltr'><strong>potestate</strong></span> <span class='ocrx_word' id='word_1_462' title='bbox 3049 3105 3249 3160; x_wconf 90' lang='lat' dir='ltr'><strong>Christi</strong></span> <span class='ocrx_word' id='word_1_463' title='bbox 3295 3103 3499 3174; x_wconf 89' lang='lat' dir='ltr'><strong>aliquid</strong></span> <span class='ocrx_word' id='word_1_464' title='bbox 3543 3104 3809 3172; x_wconf 85' lang='lat' dir='ltr'><strong>probatur</strong></span> 
     </span>
    </p>
   </div>
   <div class='ocr_carea' id='block_1_61' title="bbox 2225 3197 3806 3268">
    <p class='ocr_par' dir='ltr' id='par_1_61' title="bbox 2225 3197 3806 3268">
     <span class='ocr_line' id='line_1_61' title="bbox 2225 3197 3806 3268; baseline -0.004 -14"><span class='ocrx_word' id='word_1_465' title='bbox 2225 3213 2344 3255; x_wconf 88' lang='lat' dir='ltr'><strong>esse</strong></span> <span class='ocrx_word' id='word_1_466' title='bbox 2394 3199 2666 3265; x_wconf 82' lang='lat' dir='ltr'><strong>divisum;</strong></span> <span class='ocrx_word' id='word_1_467' title='bbox 2701 3199 2754 3253; x_wconf 87' lang='lat' dir='ltr'><strong>in</strong></span> <span class='ocrx_word' id='word_1_468' title='bbox 2783 3215 2849 3255; x_wconf 91' lang='lat' dir='ltr'><strong>eo</strong></span> <span class='ocrx_word' id='word_1_469' title='bbox 2871 3201 3018 3255; x_wconf 87' lang='lat' dir='ltr'><strong>enim</strong></span> <span class='ocrx_word' id='word_1_470' title='bbox 3058 3198 3202 3268; x_wconf 86' lang='lat' dir='ltr'><strong>quod</strong></span> <span class='ocrx_word' id='word_1_471' title='bbox 3252 3199 3303 3253; x_wconf 87' lang='lat' dir='ltr'><strong>ei</strong></span> <span class='ocrx_word' id='word_1_472' title='bbox 3331 3198 3516 3253; x_wconf 85' lang='lat' dir='ltr'><strong>omnia</strong></span> <span class='ocrx_word' id='word_1_473' title='bbox 3560 3197 3806 3267; x_wconf 83' lang='lat' dir='ltr'><strong>subjecit,</strong></span> 
     </span>
    </p>
   </div>
   <div class='ocr_carea' id='block_1_62' title="bbox 2226 3285 3812 3359">
    <p class='ocr_par' dir='ltr' id='par_1_62' title="bbox 2226 3285 3812 3359">
     <span class='ocr_line' id='line_1_62' title="bbox 2226 3285 3812 3359; baseline -0.006 -13"><span class='ocrx_word' id='word_1_474' title='bbox 2226 3291 2362 3346; x_wconf 89' lang='lat' dir='ltr'><strong>nihil</strong></span> <span class='ocrx_word' id='word_1_475' title='bbox 2401 3290 2605 3346; x_wconf 91' lang='lat' dir='ltr'><strong>dimisit</strong></span> <span class='ocrx_word' id='word_1_476' title='bbox 2633 3305 2742 3345; x_wconf 92' lang='lat' dir='ltr'><strong>non</strong></span> <span class='ocrx_word' id='word_1_477' title='bbox 2779 3288 3082 3359; x_wconf 85' lang='lat' dir='ltr'><strong>subjectum</strong></span> <span class='ocrx_word' id='word_1_478' title='bbox 3105 3289 3176 3345; x_wconf 87' lang='lat' dir='ltr'><strong>ei.</strong></span> <span class='ocrx_word' id='word_1_479' title='bbox 3227 3288 3464 3344; x_wconf 89' lang='lat' dir='ltr'><strong>Dicendo</strong></span> <span class='ocrx_word' id='word_1_480' title='bbox 3493 3285 3663 3350; x_wconf 89' lang='lat' dir='ltr'><strong>enim,</strong></span> <span class='ocrx_word' id='word_1_481' title='bbox 3704 3301 3812 3338; x_wconf 55' lang='lat' dir='ltr'><strong>om»</strong></span> 
     </span>
    </p>
   </div>
   <div class='ocr_carea' id='block_1_63' title="bbox 529 3363 3806 3456">
    <p class='ocr_par' dir='ltr' id='par_1_63' title="bbox 529 3363 3806 3456">
     <span class='ocr_line' id='line_1_63' title="bbox 529 3363 3806 3456; baseline -0.002 -20"><span class='ocrx_word' id='word_1_482' title='bbox 529 3383 792 3451; x_wconf 74' lang='lat' dir='ltr'><strong>praedicta</strong></span> <span class='ocrx_word' id='word_1_483' title='bbox 833 3391 935 3448; x_wconf 92' lang='lat' dir='ltr'><strong>est,</strong></span> <span class='ocrx_word' id='word_1_484' title='bbox 972 3383 1066 3438; x_wconf 90' lang='lat' dir='ltr'><strong>sed</strong></span> <span class='ocrx_word' id='word_1_485' title='bbox 1100 3383 1289 3454; x_wconf 88' lang='lat' dir='ltr'><strong>[etiam</strong></span> <span class='ocrx_word' id='word_1_486' title='bbox 1319 3383 1371 3456; x_wconf 78' lang='grc' dir='ltr'><strong>ει]</strong></span> <span class='ocrx_word' id='word_1_487' title='bbox 1402 3382 1539 3438; x_wconf 89' lang='lat' dir='ltr'><strong>Filio</strong></span> <span class='ocrx_word' id='word_1_488' title='bbox 1561 3397 1681 3448; x_wconf 92' lang='lat' dir='ltr'><strong>suo,</strong></span> <span class='ocrx_word' id='word_1_489' title='bbox 1713 3381 1782 3436; x_wconf 91' lang='lat' dir='ltr'><strong>ad</strong></span> <span class='ocrx_word' id='word_1_490' title='bbox 1812 3395 1974 3450; x_wconf 89' lang='lat' dir='ltr'><strong>quem</strong></span> <span class='ocrx_word' id='word_1_491' title='bbox 2019 3395 2122 3436; x_wconf 84' lang='lat' dir='ltr'><strong>vox</strong></span> <span class='ocrx_word' id='word_1_492' title='bbox 2147 3363 2199 3422; x_wconf 65' lang='grc' dir='ltr'>α</span> <span class='ocrx_word' id='word_1_493' title='bbox 2231 3385 2342 3451; x_wconf 89' lang='lat' dir='ltr'><strong>nia,</strong></span> <span class='ocrx_word' id='word_1_494' title='bbox 2390 3399 2492 3439; x_wconf 91' lang='lat' dir='ltr'><strong>nec</strong></span> <span class='ocrx_word' id='word_1_495' title='bbox 2525 3391 2740 3439; x_wconf 89' lang='lat' dir='ltr'><strong>terrena</strong></span> <span class='ocrx_word' id='word_1_496' title='bbox 2789 3383 3001 3438; x_wconf 89' lang='lat' dir='ltr'><strong>videtur</strong></span> <span class='ocrx_word' id='word_1_497' title='bbox 3049 3381 3342 3452; x_wconf 82' lang='lat' dir='ltr'><strong>excepisse,</strong></span> <span class='ocrx_word' id='word_1_498' title='bbox 3397 3394 3498 3436; x_wconf 88' lang='lat' dir='ltr'><strong>nec</strong></span> <span class='ocrx_word' id='word_1_499' title='bbox 3544 3377 3806 3435; x_wconf 75' lang='lat' dir='ltr'><strong>cmlestia.</strong></span> 
     </span>
    </p>
   </div>
   <div class='ocr_carea' id='block_1_64' title="bbox 525 3474 2120 3545">
    <p class='ocr_par' dir='ltr' id='par_1_64' title="bbox 525 3474 2120 3545">
     <span class='ocr_line' id='line_1_64' title="bbox 525 3474 2120 3545; baseline 0 -17"><span class='ocrx_word' id='word_1_500' title='bbox 525 3483 775 3545; x_wconf 89' lang='lat' dir='ltr'><strong>paterna,</strong></span> <span class='ocrx_word' id='word_1_501' title='bbox 825 3474 968 3529; x_wconf 91' lang='lat' dir='ltr'><strong>sicut</strong></span> <span class='ocrx_word' id='word_1_502' title='bbox 1003 3476 1253 3544; x_wconf 86' lang='lat' dir='ltr'><strong>superius</strong></span> <span class='ocrx_word' id='word_1_503' title='bbox 1281 3476 1710 3532; x_wconf 90' lang='lat' dir='ltr'><strong>demonstratum</strong></span> <span class='ocrx_word' id='word_1_504' title='bbox 1743 3483 1848 3541; x_wconf 89' lang='lat' dir='ltr'><strong>est,</strong></span> <span class='ocrx_word' id='word_1_505' title='bbox 1901 3474 2120 3529; x_wconf 90' lang='lat' dir='ltr'><strong>sonuit:</strong></span> 
     </span>
    </p>
   </div>
   <div class='ocr_carea' id='block_1_65' title="bbox 526 3563 2120 3637">
    <p class='ocr_par' dir='ltr' id='par_1_65' title="bbox 526 3563 2120 3637">
     <span class='ocr_line' id='line_1_65' title="bbox 526 3563 2120 3637; baseline 0.001 -19"><span class='ocrx_word' id='word_1_506' title='bbox 526 3563 704 3620; x_wconf 85' lang='lat' dir='ltr'><strong>Filius</strong></span> <span class='ocrx_word' id='word_1_507' title='bbox 735 3581 880 3620; x_wconf 88' lang='lat' dir='ltr'><strong>meus</strong></span> <span class='ocrx_word' id='word_1_508' title='bbox 917 3583 970 3620; x_wconf 87' lang='lat' dir='ltr'><strong>es</strong></span> <span class='ocrx_word' id='word_1_509' title='bbox 998 3575 1076 3631; x_wconf 87' lang='lat' dir='ltr'><strong>tu,</strong></span> <span class='ocrx_word' id='word_1_510' title='bbox 1108 3583 1200 3637; x_wconf 89' lang='lat' dir='ltr'><strong>ego</strong></span> <span class='ocrx_word' id='word_1_511' title='bbox 1227 3565 1381 3620; x_wconf 84' lang='lat' dir='ltr'><strong>hodie</strong></span> <span class='ocrx_word' id='word_1_512' title='bbox 1407 3567 1560 3637; x_wconf 83' lang='lat' dir='ltr'><strong>genui</strong></span> <span class='ocrx_word' id='word_1_513' title='bbox 1603 3576 1652 3620; x_wconf 92' lang='lat' dir='ltr'><strong>te</strong></span> <span class='ocrx_word' id='word_1_514' title='bbox 1673 3583 1692 3632; x_wconf 91' lang='lat'><strong>;</strong></span> <span class='ocrx_word' id='word_1_515' title='bbox 1711 3566 1920 3637; x_wconf 89' lang='lat' dir='ltr'><strong>postula</strong></span> <span class='ocrx_word' id='word_1_516' title='bbox 1961 3583 1992 3619; x_wconf 92' lang='lat' dir='ltr'><strong>a</strong></span> <span class='ocrx_word' id='word_1_517' title='bbox 2020 3583 2120 3630; x_wconf 88' lang='lat' dir='ltr'><strong>me,</strong></span> 
     </span>
    </p>
   </div>
   <div class='ocr_carea' id='block_1_66' title="bbox 525 3658 2126 3732">
    <p class='ocr_par' dir='ltr' id='par_1_66' title="bbox 525 3658 2126 3732">
     <span class='ocr_line' id='line_1_66' title="bbox 525 3658 2126 3732; baseline 0.001 -20"><span class='ocrx_word' id='word_1_518' title='bbox 525 3665 577 3712; x_wconf 88' lang='lat' dir='ltr'><strong>et</strong></span> <span class='ocrx_word' id='word_1_519' title='bbox 601 3658 738 3712; x_wconf 89' lang='lat' dir='ltr'><strong>dabo</strong></span> <span class='ocrx_word' id='word_1_520' title='bbox 765 3658 860 3712; x_wconf 86' lang='lat' dir='ltr'><strong>tibi</strong></span> <span class='ocrx_word' id='word_1_521' title='bbox 890 3667 1065 3729; x_wconf 87' lang='lat' dir='ltr'><strong>gentes</strong></span> <span class='ocrx_word' id='word_1_522' title='bbox 1098 3659 1456 3713; x_wconf 78' lang='lat' dir='ltr'><strong>hwreditatem</strong></span> <span class='ocrx_word' id='word_1_523' title='bbox 1485 3669 1650 3732; x_wconf 87' lang='lat' dir='ltr'><strong>tuam.</strong></span> <span class='ocrx_word' id='word_1_524' title='bbox 1676 3659 1744 3712; x_wconf 91' lang='lat' dir='ltr'><strong>Et</strong></span> <span class='ocrx_word' id='word_1_525' title='bbox 1764 3661 1866 3714; x_wconf 90' lang='lat' dir='ltr'><strong>hoc</strong></span> <span class='ocrx_word' id='word_1_526' title='bbox 1891 3659 2126 3729; x_wconf 85' lang='lat' dir='ltr'><strong>prophe-</strong></span> 
     </span>
    </p>
   </div>
   <div class='ocr_carea' id='block_1_67' title="bbox 526 3748 2124 3823">
    <p class='ocr_par' dir='ltr' id='par_1_67' title="bbox 526 3748 2124 3823">
     <span class='ocr_line' id='line_1_67' title="bbox 526 3748 2124 3823; baseline 0.001 -20"><span class='ocrx_word' id='word_1_527' title='bbox 526 3748 651 3805; x_wconf 89' lang='lat' dir='ltr'><strong>ticis</strong></span> <span class='ocrx_word' id='word_1_528' title='bbox 674 3749 962 3806; x_wconf 76' lang='lat' dir='ltr'><strong>confirmat</strong></span> <span class='ocrx_word' id='word_1_529' title='bbox 989 3750 1252 3820; x_wconf 81' lang='lat' dir='ltr'><strong>exemplis</strong></span> <span class='ocrx_word' id='word_1_530' title='bbox 1279 3752 1465 3807; x_wconf 90' lang='lat' dir='ltr'><strong>dicens</strong></span> <span class='ocrx_word' id='word_1_531' title='bbox 1505 3770 1517 3804; x_wconf 91' lang='lat'><strong>:</strong></span> <span class='ocrx_word' id='word_1_532' title='bbox 1554 3752 1741 3823; x_wconf 75' lang='lat' dir='ltr'><strong>(Vsus.</strong></span> <span class='ocrx_word' id='word_1_533' title='bbox 1775 3751 1830 3823; x_wconf 88' lang='lat'><strong>6)</strong></span> <span class='ocrx_word' id='word_1_534' title='bbox 1881 3751 2124 3805; x_wconf 84' lang='lat' dir='ltr'><strong>Testatus</strong></span> 
     </span>
    </p>
   </div>
   <div class='ocr_carea' id='block_1_68' title="bbox 525 3842 2124 3914">
    <p class='ocr_par' dir='ltr' id='par_1_68' title="bbox 525 3842 2124 3914">
     <span class='ocr_line' id='line_1_68' title="bbox 525 3842 2124 3914; baseline -0.002 -16"><span class='ocrx_word' id='word_1_535' title='bbox 525 3851 605 3898; x_wconf 88' lang='lat' dir='ltr'><strong>est</strong></span> <span class='ocrx_word' id='word_1_536' title='bbox 635 3851 810 3898; x_wconf 85' lang='lat' dir='ltr'><strong>autem</strong></span> <span class='ocrx_word' id='word_1_537' title='bbox 849 3844 909 3897; x_wconf 89' lang='lat' dir='ltr'><strong>in</strong></span> <span class='ocrx_word' id='word_1_538' title='bbox 957 3842 1188 3914; x_wconf 84' lang='lat' dir='ltr'><strong>quodam</strong></span> <span class='ocrx_word' id='word_1_539' title='bbox 1215 3842 1328 3896; x_wconf 91' lang='lat' dir='ltr'><strong>loco</strong></span> <span class='ocrx_word' id='word_1_540' title='bbox 1374 3845 1513 3914; x_wconf 89' lang='lat' dir='ltr'><strong>quis,</strong></span> <span class='ocrx_word' id='word_1_541' title='bbox 1561 3843 1780 3897; x_wconf 88' lang='lat' dir='ltr'><strong>dicens:</strong></span> <span class='ocrx_word' id='word_1_542' title='bbox 1811 3862 1829 3893; x_wconf 88' lang='grc'><em>‹</em></span> <span class='ocrx_word' id='word_1_543' title='bbox 1859 3842 1971 3897; x_wconf 92' lang='lat' dir='ltr'><strong>Cur</strong></span> <span class='ocrx_word' id='word_1_544' title='bbox 2016 3857 2124 3896; x_wconf 90' lang='lat' dir='ltr'><strong>non</strong></span> 
     </span>
    </p>
   </div>
   <div class='ocr_carea' id='block_1_69' title="bbox 527 3933 2128 4007">
    <p class='ocr_par' dir='ltr' id='par_1_69' title="bbox 527 3933 2128 4007">
     <span class='ocr_line' id='line_1_69' title="bbox 527 3933 2128 4007; baseline -0.001 -18"><span class='ocrx_word' id='word_1_545' title='bbox 527 3933 708 4006; x_wconf 89' lang='lat' dir='ltr'><strong>ipsum</strong></span> <span class='ocrx_word' id='word_1_546' title='bbox 735 3951 933 3991; x_wconf 89' lang='lat' dir='ltr'><strong>nomen</strong></span> <span class='ocrx_word' id='word_1_547' title='bbox 978 3937 1257 4007; x_wconf 81' lang='lat' dir='ltr'><strong>prOphetae</strong></span> <span class='ocrx_word' id='word_1_548' title='bbox 1289 3937 1493 4005; x_wconf 91' lang='lat' dir='ltr'><strong>posuit,</strong></span> <span class='ocrx_word' id='word_1_549' title='bbox 1524 3935 1620 3991; x_wconf 90' lang='lat' dir='ltr'><strong>sed</strong></span> <span class='ocrx_word' id='word_1_550' title='bbox 1662 3935 1990 3991; x_wconf 87' lang='lat' dir='ltr'><strong>abscondit?</strong></span> <span class='ocrx_word' id='word_1_551' title='bbox 2024 3933 2128 3988; x_wconf 90' lang='lat' dir='ltr'><strong>Fa-</strong></span> 
     </span>
    </p>
   </div>
   <div class='ocr_carea' id='block_1_70' title="bbox 526 4026 2127 4098">
    <p class='ocr_par' dir='ltr' id='par_1_70' title="bbox 526 4026 2127 4098">
     <span class='ocr_line' id='line_1_70' title="bbox 526 4026 2127 4098; baseline -0.001 -16"><span class='ocrx_word' id='word_1_552' title='bbox 526 4027 603 4082; x_wconf 88' lang='lat' dir='ltr'><strong>cit</strong></span> <span class='ocrx_word' id='word_1_553' title='bbox 635 4029 742 4083; x_wconf 92' lang='lat' dir='ltr'><strong>hoc</strong></span> <span class='ocrx_word' id='word_1_554' title='bbox 767 4027 930 4082; x_wconf 88' lang='lat' dir='ltr'><strong>etiam</strong></span> <span class='ocrx_word' id='word_1_555' title='bbox 958 4028 1014 4081; x_wconf 93' lang='lat' dir='ltr'><strong>in</strong></span> <span class='ocrx_word' id='word_1_556' title='bbox 1042 4027 1165 4082; x_wconf 91' lang='lat' dir='ltr'><strong>aliis</strong></span> <span class='ocrx_word' id='word_1_557' title='bbox 1185 4028 1534 4093; x_wconf 88' lang='lat' dir='ltr'><strong>testimoniis,</strong></span> <span class='ocrx_word' id='word_1_558' title='bbox 1564 4028 1705 4083; x_wconf 89' lang='lat' dir='ltr'><strong>sicut</strong></span> <span class='ocrx_word' id='word_1_559' title='bbox 1729 4042 1890 4098; x_wconf 89' lang='lat' dir='ltr'><strong>supra</strong></span> <span class='ocrx_word' id='word_1_560' title='bbox 1921 4026 2127 4082; x_wconf 90' lang='lat' dir='ltr'><strong>dictum</strong></span> 
     </span>
    </p>
   </div>
   <div class='ocr_carea' id='block_1_71' title="bbox 526 4119 2128 4184">
    <p class='ocr_par' dir='ltr' id='par_1_71' title="bbox 526 4119 2128 4184">
     <span class='ocr_line' id='line_1_71' title="bbox 526 4119 2128 4184; baseline -0.004 -6"><span class='ocrx_word' id='word_1_561' title='bbox 526 4129 629 4178; x_wconf 88' lang='lat' dir='ltr'><strong>est.</strong></span> <span class='ocrx_word' id='word_1_562' title='bbox 679 4121 947 4177; x_wconf 80' lang='lat' dir='ltr'><strong>Existimo</strong></span> <span class='ocrx_word' id='word_1_563' title='bbox 974 4136 1084 4176; x_wconf 90' lang='lat' dir='ltr'><strong>non</strong></span> <span class='ocrx_word' id='word_1_564' title='bbox 1125 4121 1506 4176; x_wconf 89' lang='lat' dir='ltr'><strong>abscondentis</strong></span> <span class='ocrx_word' id='word_1_565' title='bbox 1535 4119 1752 4184; x_wconf 69' lang='lat' dir='ltr'><strong>affectu,</strong></span> <span class='ocrx_word' id='word_1_566' title='bbox 1802 4119 1897 4174; x_wconf 90' lang='lat' dir='ltr'><strong>sed</strong></span> <span class='ocrx_word' id='word_1_567' title='bbox 1945 4124 2128 4172; x_wconf 88' lang='lat' dir='ltr'><strong>osten-</strong></span> 
     </span>
    </p>
   </div>
   <div class='ocr_carea' id='block_1_72' title="bbox 529 4209 2129 4279">
    <p class='ocr_par' dir='ltr' id='par_1_72' title="bbox 529 4209 2129 4279">
     <span class='ocr_line' id='line_1_72' title="bbox 529 4209 2129 4279; baseline -0.003 -11"><span class='ocrx_word' id='word_1_568' title='bbox 529 4213 711 4269; x_wconf 90' lang='lat' dir='ltr'><strong>dentis</strong></span> <span class='ocrx_word' id='word_1_569' title='bbox 739 4212 959 4279; x_wconf 89' lang='lat' dir='ltr'><strong>intuitu,</strong></span> <span class='ocrx_word' id='word_1_570' title='bbox 988 4227 1083 4268; x_wconf 88' lang='lat' dir='ltr'><strong>eos</strong></span> <span class='ocrx_word' id='word_1_571' title='bbox 1110 4212 1337 4267; x_wconf 89' lang='lat' dir='ltr'><strong>multam</strong></span> <span class='ocrx_word' id='word_1_572' title='bbox 1365 4211 1567 4267; x_wconf 89' lang='lat' dir='ltr'><strong>habere</strong></span> <span class='ocrx_word' id='word_1_573' title='bbox 1585 4211 1866 4266; x_wconf 88' lang='lat' dir='ltr'><strong>scientiam</strong></span> <span class='ocrx_word' id='word_1_574' title='bbox 1885 4209 2129 4278; x_wconf 89' lang='lat' dir='ltr'><strong>Scriptu-</strong></span> 
     </span>
    </p>
   </div>
   <div class='ocr_carea' id='block_1_73' title="bbox 531 4300 2128 4375">
    <p class='ocr_par' dir='ltr' id='par_1_73' title="bbox 531 4300 2128 4375">
     <span class='ocr_line' id='line_1_73' title="bbox 531 4300 2128 4375; baseline -0.003 -15"><span class='ocrx_word' id='word_1_575' title='bbox 531 4319 743 4373; x_wconf 89' lang='lat' dir='ltr'><strong>rarum,</strong></span> <span class='ocrx_word' id='word_1_576' title='bbox 773 4313 834 4360; x_wconf 89' lang='lat' dir='ltr'><strong>ut</strong></span> <span class='ocrx_word' id='word_1_577' title='bbox 861 4319 961 4361; x_wconf 92' lang='lat' dir='ltr'><strong>nec</strong></span> <span class='ocrx_word' id='word_1_578' title='bbox 992 4319 1130 4375; x_wconf 90' lang='lat' dir='ltr'><strong>opus</strong></span> <span class='ocrx_word' id='word_1_579' title='bbox 1168 4305 1394 4359; x_wconf 89' lang='lat' dir='ltr'><strong>haberet</strong></span> <span class='ocrx_word' id='word_1_580' title='bbox 1421 4319 1618 4358; x_wconf 90' lang='lat' dir='ltr'><strong>nomen</strong></span> <span class='ocrx_word' id='word_1_581' title='bbox 1647 4303 1914 4372; x_wconf 75' lang='lat' dir='ltr'><strong>posuisse</strong></span> <span class='ocrx_word' id='word_1_582' title='bbox 1943 4300 2128 4356; x_wconf 88' lang='lat' dir='ltr'><strong>dicen-</strong></span> 
     </span>
    </p>
   </div>
   <div class='ocr_carea' id='block_1_74' title="bbox 527 4395 2128 4466">
    <p class='ocr_par' dir='ltr' id='par_1_74' title="bbox 527 4395 2128 4466">
     <span class='ocr_line' id='line_1_74' title="bbox 527 4395 2128 4466; baseline -0.002 -13"><span class='ocrx_word' id='word_1_583' title='bbox 527 4398 638 4464; x_wconf 86' lang='lat' dir='ltr'><strong>tis;</strong></span> <span class='ocrx_word' id='word_1_584' title='bbox 675 4399 771 4456; x_wconf 88' lang='lat' dir='ltr'><strong>sed</strong></span> <span class='ocrx_word' id='word_1_585' title='bbox 799 4398 969 4454; x_wconf 88' lang='lat' dir='ltr'><strong>veluti</strong></span> <span class='ocrx_word' id='word_1_586' title='bbox 1007 4398 1072 4452; x_wconf 89' lang='lat' dir='ltr'><strong>de</strong></span> <span class='ocrx_word' id='word_1_587' title='bbox 1111 4412 1172 4452; x_wconf 92' lang='lat' dir='ltr'><strong>re</strong></span> <span class='ocrx_word' id='word_1_588' title='bbox 1197 4396 1484 4452; x_wconf 81' lang='lat' dir='ltr'><strong>manifesta</strong></span> <span class='ocrx_word' id='word_1_589' title='bbox 1511 4404 1567 4452; x_wconf 92' lang='lat' dir='ltr'><strong>et</strong></span> <span class='ocrx_word' id='word_1_590' title='bbox 1607 4395 1665 4451; x_wconf 92' lang='lat' dir='ltr'><strong>in</strong></span> <span class='ocrx_word' id='word_1_591' title='bbox 1701 4403 1956 4466; x_wconf 89' lang='lat' dir='ltr'><strong>promptu</strong></span> <span class='ocrx_word' id='word_1_592' title='bbox 1997 4410 2128 4451; x_wconf 88' lang='lat' dir='ltr'><strong>con-</strong></span> 
     </span>
    </p>
   </div>
   <div class='ocr_carea' id='block_1_75' title="bbox 528 4488 1462 4544">
    <p class='ocr_par' dir='ltr' id='par_1_75' title="bbox 528 4488 1462 4544">
     <span class='ocr_line' id='line_1_75' title="bbox 528 4488 1462 4544; baseline -0.003 -1"><span class='ocrx_word' id='word_1_593' title='bbox 528 4489 720 4543; x_wconf 90' lang='lat' dir='ltr'><strong>stituta</strong></span> <span class='ocrx_word' id='word_1_594' title='bbox 749 4489 1034 4544; x_wconf 89' lang='lat' dir='ltr'><strong>induceret</strong></span> <span class='ocrx_word' id='word_1_595' title='bbox 1070 4488 1407 4544; x_wconf 86' lang='lat' dir='ltr'><strong>testimonia.</strong></span> <span class='ocrx_word' id='word_1_596' title='bbox 1442 4507 1462 4540; x_wconf 89' lang='grc'><strong>›</strong></span> 
     </span>
    </p>
   </div>
   <div class='ocr_carea' id='block_1_76' title="bbox 601 4576 2126 4650">
    <p class='ocr_par' dir='ltr' id='par_1_76' title="bbox 601 4576 2126 4650">
     <span class='ocr_line' id='line_1_76' title="bbox 601 4576 2126 4650; baseline 0.001 -19"><span class='ocrx_word' id='word_1_597' title='bbox 601 4577 741 4642; x_wconf 83' lang='lat' dir='ltr'><strong>Quid</strong></span> <span class='ocrx_word' id='word_1_598' title='bbox 792 4587 868 4633; x_wconf 89' lang='lat' dir='ltr'><strong>est</strong></span> <span class='ocrx_word' id='word_1_599' title='bbox 893 4579 1069 4643; x_wconf 90' lang='lat' dir='ltr'><strong>homo,</strong></span> <span class='ocrx_word' id='word_1_600' title='bbox 1109 4577 1248 4650; x_wconf 90' lang='lat' dir='ltr'><strong>quod</strong></span> <span class='ocrx_word' id='word_1_601' title='bbox 1274 4594 1474 4632; x_wconf 88' lang='lat' dir='ltr'><strong>memor</strong></span> <span class='ocrx_word' id='word_1_602' title='bbox 1521 4595 1574 4633; x_wconf 87' lang='lat' dir='ltr'><strong>es</strong></span> <span class='ocrx_word' id='word_1_603' title='bbox 1623 4579 1758 4649; x_wconf 86' lang='lat' dir='ltr'><strong>ejus,</strong></span> <span class='ocrx_word' id='word_1_604' title='bbox 1815 4587 1906 4632; x_wconf 88' lang='lat' dir='ltr'><strong>aut</strong></span> <span class='ocrx_word' id='word_1_605' title='bbox 1951 4576 2126 4633; x_wconf 85' lang='lat' dir='ltr'><strong>Filius</strong></span> 
     </span>
    </p>
   </div>
   <div class='ocr_carea' id='block_1_77' title="bbox 528 4667 2126 4739">
    <p class='ocr_par' dir='ltr' id='par_1_77' title="bbox 528 4667 2126 4739">
     <span class='ocr_line' id='line_1_77' title="bbox 528 4667 2126 4739; baseline 0.003 -18"><span class='ocrx_word' id='word_1_606' title='bbox 528 4667 774 4733; x_wconf 83' lang='lat' dir='ltr'><strong>hominis,</strong></span> <span class='ocrx_word' id='word_1_607' title='bbox 821 4669 1066 4739; x_wconf 88' lang='lat' dir='ltr'><strong>quoniam</strong></span> <span class='ocrx_word' id='word_1_608' title='bbox 1097 4669 1276 4724; x_wconf 84' lang='lat' dir='ltr'><strong>visitas</strong></span> <span class='ocrx_word' id='word_1_609' title='bbox 1315 4685 1434 4724; x_wconf 84' lang='lat' dir='ltr'><strong>eum</strong></span> <span class='ocrx_word' id='word_1_610' title='bbox 1462 4670 1486 4723; x_wconf 88' lang='lat'><strong><em>?</em></strong></span> <span class='ocrx_word' id='word_1_611' title='bbox 1511 4669 1651 4735; x_wconf 84' lang='lat' dir='ltr'><strong>Quid</strong></span> <span class='ocrx_word' id='word_1_612' title='bbox 1677 4679 1751 4725; x_wconf 86' lang='lat' dir='ltr'><strong>est</strong></span> <span class='ocrx_word' id='word_1_613' title='bbox 1781 4671 1954 4736; x_wconf 90' lang='lat' dir='ltr'><strong>homo,</strong></span> <span class='ocrx_word' id='word_1_614' title='bbox 2000 4685 2126 4726; x_wconf 89' lang='lat' dir='ltr'><strong>cum</strong></span> 
     </span>
    </p>
   </div>
   <div class='ocr_carea' id='block_1_78' title="bbox 2226 3471 3807 3548">
    <p class='ocr_par' dir='ltr' id='par_1_78' title="bbox 2226 3471 3807 3548">
     <span class='ocr_line' id='line_1_78' title="bbox 2226 3471 3807 3548; baseline -0.006 -16"><span class='ocrx_word' id='word_1_615' title='bbox 2226 3476 2396 3545; x_wconf 90' lang='lat' dir='ltr'><strong>Quem</strong></span> <span class='ocrx_word' id='word_1_616' title='bbox 2425 3477 2575 3548; x_wconf 91' lang='lat' dir='ltr'><strong>prius</strong></span> <span class='ocrx_word' id='word_1_617' title='bbox 2599 3485 2823 3547; x_wconf 89' lang='lat' dir='ltr'><strong>propter</strong></span> <span class='ocrx_word' id='word_1_618' title='bbox 2853 3475 3212 3530; x_wconf 89' lang='lat' dir='ltr'><strong>humilitatem</strong></span> <span class='ocrx_word' id='word_1_619' title='bbox 3237 3472 3419 3529; x_wconf 89' lang='lat' dir='ltr'><strong>carnis</strong></span> <span class='ocrx_word' id='word_1_620' title='bbox 3437 3471 3607 3542; x_wconf 91' lang='lat' dir='ltr'><strong>paulo</strong></span> <span class='ocrx_word' id='word_1_621' title='bbox 3633 3471 3807 3524; x_wconf 89' lang='lat' dir='ltr'><strong>minus</strong></span> 
     </span>
    </p>
   </div>
   <div class='ocr_carea' id='block_1_79' title="bbox 2226 3563 3816 3639">
    <p class='ocr_par' dir='ltr' id='par_1_79' title="bbox 2226 3563 3816 3639">
     <span class='ocr_line' id='line_1_79' title="bbox 2226 3563 3816 3639; baseline -0.004 -16"><span class='ocrx_word' id='word_1_622' title='bbox 2226 3571 2294 3625; x_wconf 91' lang='lat' dir='ltr'><strong>ab</strong></span> <span class='ocrx_word' id='word_1_623' title='bbox 2331 3569 2537 3639; x_wconf 86' lang='lat' dir='ltr'><strong>angelis</strong></span> <span class='ocrx_word' id='word_1_624' title='bbox 2586 3570 2797 3623; x_wconf 75' lang='lat' dir='ltr'><strong>dixerat</strong></span> <span class='ocrx_word' id='word_1_625' title='bbox 2841 3582 2962 3623; x_wconf 91' lang='lat' dir='ltr'><strong>esse</strong></span> <span class='ocrx_word' id='word_1_626' title='bbox 2999 3567 3348 3633; x_wconf 90' lang='lat' dir='ltr'><strong>minoratum,</strong></span> <span class='ocrx_word' id='word_1_627' title='bbox 3388 3573 3514 3638; x_wconf 89' lang='lat' dir='ltr'><strong>post</strong></span> <span class='ocrx_word' id='word_1_628' title='bbox 3540 3563 3816 3619; x_wconf 86' lang='lat' dir='ltr'><strong>ascensio-</strong></span> 
     </span>
    </p>
   </div>
   <div class='ocr_carea' id='block_1_80' title="bbox 2225 3655 3815 3730">
    <p class='ocr_par' dir='ltr' id='par_1_80' title="bbox 2225 3655 3815 3730">
     <span class='ocr_line' id='line_1_80' title="bbox 2225 3655 3815 3730; baseline -0.005 -14"><span class='ocrx_word' id='word_1_629' title='bbox 2225 3675 2349 3716; x_wconf 90' lang='lat' dir='ltr'><strong>nem</strong></span> <span class='ocrx_word' id='word_1_630' title='bbox 2379 3661 2510 3716; x_wconf 89' lang='lat' dir='ltr'><strong>dicit</strong></span> <span class='ocrx_word' id='word_1_631' title='bbox 2533 3660 2761 3730; x_wconf 87' lang='lat' dir='ltr'><strong>pedibus</strong></span> <span class='ocrx_word' id='word_1_632' title='bbox 2783 3659 2899 3728; x_wconf 90' lang='lat' dir='ltr'><strong>ejus</strong></span> <span class='ocrx_word' id='word_1_633' title='bbox 2927 3660 3107 3715; x_wconf 91' lang='lat' dir='ltr'><strong>omnia</strong></span> <span class='ocrx_word' id='word_1_634' title='bbox 3135 3659 3304 3714; x_wconf 90' lang='lat' dir='ltr'><strong>fuisse</strong></span> <span class='ocrx_word' id='word_1_635' title='bbox 3331 3657 3600 3728; x_wconf 85' lang='lat' dir='ltr'><strong>subjecta,</strong></span> <span class='ocrx_word' id='word_1_636' title='bbox 3623 3664 3684 3710; x_wconf 90' lang='lat' dir='ltr'><strong>ut</strong></span> <span class='ocrx_word' id='word_1_637' title='bbox 3712 3655 3815 3709; x_wconf 84' lang='lat' dir='ltr'><strong>ista</strong></span> 
     </span>
    </p>
   </div>
   <div class='ocr_carea' id='block_1_81' title="bbox 2225 3744 3814 3811">
    <p class='ocr_par' dir='ltr' id='par_1_81' title="bbox 2225 3744 3814 3811">
     <span class='ocr_line' id='line_1_81' title="bbox 2225 3744 3814 3811; baseline -0.006 -5"><span class='ocrx_word' id='word_1_638' title='bbox 2225 3751 2501 3808; x_wconf 90' lang='lat' dir='ltr'><strong>distinctio</strong></span> <span class='ocrx_word' id='word_1_639' title='bbox 2551 3759 2607 3807; x_wconf 89' lang='lat' dir='ltr'><strong>et</strong></span> <span class='ocrx_word' id='word_1_640' title='bbox 2663 3751 2993 3806; x_wconf 85' lang='lat' dir='ltr'><strong>dubietatem</strong></span> <span class='ocrx_word' id='word_1_641' title='bbox 3053 3749 3407 3804; x_wconf 88' lang='lat' dir='ltr'><strong>titubantibus</strong></span> <span class='ocrx_word' id='word_1_642' title='bbox 3451 3744 3690 3811; x_wconf 81' lang='lat' dir='ltr'><strong>auferat,</strong></span> <span class='ocrx_word' id='word_1_643' title='bbox 3761 3751 3814 3798; x_wconf 87' lang='lat' dir='ltr'><strong>et</strong></span> 
     </span>
    </p>
   </div>
   <div class='ocr_carea' id='block_1_82' title="bbox 2225 3836 3814 3916">
    <p class='ocr_par' dir='ltr' id='par_1_82' title="bbox 2225 3836 3814 3916">
     <span class='ocr_line' id='line_1_82' title="bbox 2225 3836 3814 3916; baseline -0.004 -19"><span class='ocrx_word' id='word_1_644' title='bbox 2225 3844 2454 3916; x_wconf 87' lang='lat' dir='ltr'><strong>gloriam</strong></span> <span class='ocrx_word' id='word_1_645' title='bbox 2477 3857 2588 3897; x_wconf 63' lang='lat' dir='ltr'><strong>suae</strong></span> <span class='ocrx_word' id='word_1_646' title='bbox 2612 3842 2999 3896; x_wconf 89' lang='lat' dir='ltr'><strong>incarnationis</strong></span> <span class='ocrx_word' id='word_1_647' title='bbox 3021 3839 3288 3895; x_wconf 82' lang='lat' dir='ltr'><strong>ostendat.</strong></span> <span class='ocrx_word' id='word_1_648' title='bbox 3309 3836 3416 3893; x_wconf 89' lang='lat' dir='ltr'><strong>Sub</strong></span> <span class='ocrx_word' id='word_1_649' title='bbox 3444 3838 3686 3909; x_wconf 78' lang='lat' dir='ltr'><strong>pedibus,</strong></span> <span class='ocrx_word' id='word_1_650' title='bbox 3719 3837 3814 3904; x_wconf 78' lang='lat' dir='ltr'><strong>ait,</strong></span> 
     </span>
    </p>
   </div>
   <div class='ocr_carea' id='block_1_83' title="bbox 2226 3924 3810 4000">
    <p class='ocr_par' dir='ltr' id='par_1_83' title="bbox 2226 3924 3810 4000">
     <span class='ocr_line' id='line_1_83' title="bbox 2226 3924 3810 4000; baseline -0.004 -12"><span class='ocrx_word' id='word_1_651' title='bbox 2226 3941 2286 3989; x_wconf 88' lang='lat' dir='ltr'><strong>ut</strong></span> <span class='ocrx_word' id='word_1_652' title='bbox 2329 3933 2505 3988; x_wconf 92' lang='lat' dir='ltr'><strong>omnis</strong></span> <span class='ocrx_word' id='word_1_653' title='bbox 2543 3924 2804 3987; x_wconf 82' lang='lat' dir='ltr'><strong>creatura</strong></span> <span class='ocrx_word' id='word_1_654' title='bbox 2842 3931 3036 3987; x_wconf 91' lang='lat' dir='ltr'><strong>merito</strong></span> <span class='ocrx_word' id='word_1_655' title='bbox 3065 3931 3242 4000; x_wconf 88' lang='lat' dir='ltr'><strong>ipsum</strong></span> <span class='ocrx_word' id='word_1_656' title='bbox 3274 3929 3452 3986; x_wconf 84' lang='lat' dir='ltr'><strong>colere</strong></span> <span class='ocrx_word' id='word_1_657' title='bbox 3479 3936 3648 3999; x_wconf 83' lang='lat' dir='ltr'><strong>atque</strong></span> <span class='ocrx_word' id='word_1_658' title='bbox 3689 3928 3810 3983; x_wconf 89' lang='lat' dir='ltr'><strong>ado-</strong></span> 
     </span>
    </p>
   </div>
   <div class='ocr_carea' id='block_1_84' title="bbox 2226 4024 2643 4080">
    <p class='ocr_par' dir='ltr' id='par_1_84' title="bbox 2226 4024 2643 4080">
     <span class='ocr_line' id='line_1_84' title="bbox 2226 4024 2643 4080; baseline 0 -1"><span class='ocrx_word' id='word_1_659' title='bbox 2226 4039 2350 4080; x_wconf 89' lang='lat' dir='ltr'><strong>rare</strong></span> <span class='ocrx_word' id='word_1_660' title='bbox 2375 4024 2643 4080; x_wconf 87' lang='lat' dir='ltr'><strong>videatur.</strong></span> 
     </span>
    </p>
   </div>
   <div class='ocr_carea' id='block_1_85' title="bbox 2300 4121 3814 4193">
    <p class='ocr_par' dir='ltr' id='par_1_85' title="bbox 2300 4121 3814 4193">
     <span class='ocr_line' id='line_1_85' title="bbox 2300 4121 3814 4193; baseline -0.003 -14"><span class='ocrx_word' id='word_1_661' title='bbox 2300 4123 2459 4179; x_wconf 84' lang='lat' dir='ltr'><strong>Nunc</strong></span> <span class='ocrx_word' id='word_1_662' title='bbox 2509 4132 2684 4179; x_wconf 89' lang='lat' dir='ltr'><strong>autem</strong></span> <span class='ocrx_word' id='word_1_663' title='bbox 2710 4125 2938 4179; x_wconf 87' lang='lat' dir='ltr'><strong>necdum</strong></span> <span class='ocrx_word' id='word_1_664' title='bbox 2958 4125 3189 4180; x_wconf 81' lang='lat' dir='ltr'><strong>videmus</strong></span> <span class='ocrx_word' id='word_1_665' title='bbox 3237 4122 3414 4178; x_wconf 87' lang='lat' dir='ltr'><strong>omnia</strong></span> <span class='ocrx_word' id='word_1_666' title='bbox 3460 4122 3702 4193; x_wconf 85' lang='lat' dir='ltr'><strong>subjecta</strong></span> <span class='ocrx_word' id='word_1_667' title='bbox 3747 4121 3814 4176; x_wconf 78' lang='lat' dir='ltr'><strong>ei.</strong></span> 
     </span>
    </p>
   </div>
   <div class='ocr_carea' id='block_1_86' title="bbox 2227 4213 3819 4286">
    <p class='ocr_par' dir='ltr' id='par_1_86' title="bbox 2227 4213 3819 4286">
     <span class='ocr_line' id='line_1_86' title="bbox 2227 4213 3819 4286; baseline -0.003 -14"><span class='ocrx_word' id='word_1_668' title='bbox 2227 4215 2342 4272; x_wconf 85' lang='lat' dir='ltr'><strong>Hoc</strong></span> <span class='ocrx_word' id='word_1_669' title='bbox 2367 4217 2551 4286; x_wconf 89' lang='lat' dir='ltr'><strong>itaque</strong></span> <span class='ocrx_word' id='word_1_670' title='bbox 2576 4216 2653 4270; x_wconf 90' lang='lat' dir='ltr'><strong>ait</strong></span> <span class='ocrx_word' id='word_1_671' title='bbox 2679 4216 2745 4272; x_wconf 90' lang='lat' dir='ltr'><strong>de</strong></span> <span class='ocrx_word' id='word_1_672' title='bbox 2773 4231 2880 4270; x_wconf 88' lang='lat' dir='ltr'><strong>non</strong></span> <span class='ocrx_word' id='word_1_673' title='bbox 2907 4216 3254 4271; x_wconf 84' lang='lat' dir='ltr'><strong>credentibus</strong></span> <span class='ocrx_word' id='word_1_674' title='bbox 3276 4215 3330 4269; x_wconf 92' lang='lat' dir='ltr'><strong>in</strong></span> <span class='ocrx_word' id='word_1_675' title='bbox 3360 4229 3510 4280; x_wconf 91' lang='lat' dir='ltr'><strong>eum,</strong></span> <span class='ocrx_word' id='word_1_676' title='bbox 3538 4213 3670 4284; x_wconf 90' lang='lat' dir='ltr'><strong>quia</strong></span> <span class='ocrx_word' id='word_1_677' title='bbox 3692 4228 3819 4269; x_wconf 87' lang='lat' dir='ltr'><strong>nec-</strong></span> 
     </span>
    </p>
   </div>
   <div class='ocr_carea' id='block_1_87' title="bbox 2228 4305 3820 4381">
    <p class='ocr_par' dir='ltr' id='par_1_87' title="bbox 2228 4305 3820 4381">
     <span class='ocr_line' id='line_1_87' title="bbox 2228 4305 3820 4381; baseline -0.004 -15"><span class='ocrx_word' id='word_1_678' title='bbox 2228 4309 2360 4366; x_wconf 89' lang='lat' dir='ltr'><strong>dum</strong></span> <span class='ocrx_word' id='word_1_679' title='bbox 2379 4311 2562 4366; x_wconf 91' lang='lat' dir='ltr'><strong>omnia</strong></span> <span class='ocrx_word' id='word_1_680' title='bbox 2588 4309 2900 4381; x_wconf 89' lang='lat' dir='ltr'><strong>evangelica</strong></span> <span class='ocrx_word' id='word_1_681' title='bbox 2925 4307 3499 4379; x_wconf 72' lang='lat' dir='ltr'><strong>obtinuitprmdicatio.</strong></span> <span class='ocrx_word' id='word_1_682' title='bbox 3552 4305 3820 4377; x_wconf 87' lang='lat' dir='ltr'><strong>Superius</strong></span> 
     </span>
    </p>
   </div>
   <div class='ocr_carea' id='block_1_88' title="bbox 2229 4397 3821 4470">
    <p class='ocr_par' dir='ltr' id='par_1_88' title="bbox 2229 4397 3821 4470">
     <span class='ocr_line' id='line_1_88' title="bbox 2229 4397 3821 4470; baseline -0.004 -14"><span class='ocrx_word' id='word_1_683' title='bbox 2229 4402 2372 4456; x_wconf 82' lang='lat' dir='ltr'><strong>dixit</strong></span> <span class='ocrx_word' id='word_1_684' title='bbox 2406 4401 2538 4457; x_wconf 88' lang='lat' dir='ltr'><strong>nihil</strong></span> <span class='ocrx_word' id='word_1_685' title='bbox 2567 4401 2767 4458; x_wconf 89' lang='lat' dir='ltr'><strong>dimitti</strong></span> <span class='ocrx_word' id='word_1_686' title='bbox 2795 4401 2900 4457; x_wconf 88' lang='lat' dir='ltr'><strong>sibi</strong></span> <span class='ocrx_word' id='word_1_687' title='bbox 2926 4416 3034 4457; x_wconf 91' lang='lat' dir='ltr'><strong>non</strong></span> <span class='ocrx_word' id='word_1_688' title='bbox 3057 4399 3357 4470; x_wconf 89' lang='lat' dir='ltr'><strong>subjectum</strong></span> <span class='ocrx_word' id='word_1_689' title='bbox 3380 4407 3483 4466; x_wconf 42' lang='lat' dir='ltr'><strong>;&#39;~et</strong></span> <span class='ocrx_word' id='word_1_690' title='bbox 3505 4399 3596 4454; x_wconf 90' lang='lat' dir='ltr'><strong>hic</strong></span> <span class='ocrx_word' id='word_1_691' title='bbox 3619 4397 3821 4453; x_wconf 84' lang='lat' dir='ltr'><strong>astruit</strong></span> 
     </span>
    </p>
   </div>
   <div class='ocr_carea' id='block_1_89' title="bbox 2227 4488 3819 4562">
    <p class='ocr_par' dir='ltr' id='par_1_89' title="bbox 2227 4488 3819 4562">
     <span class='ocr_line' id='line_1_89' title="bbox 2227 4488 3819 4562; baseline -0.004 -14"><span class='ocrx_word' id='word_1_692' title='bbox 2227 4495 2458 4550; x_wconf 89' lang='lat' dir='ltr'><strong>necdum</strong></span> <span class='ocrx_word' id='word_1_693' title='bbox 2496 4493 2678 4549; x_wconf 91' lang='lat' dir='ltr'><strong>omnia</strong></span> <span class='ocrx_word' id='word_1_694' title='bbox 2708 4491 2950 4562; x_wconf 90' lang='lat' dir='ltr'><strong>subjecta</strong></span> <span class='ocrx_word' id='word_1_695' title='bbox 2988 4492 3092 4548; x_wconf 91' lang='lat' dir='ltr'><strong>sibi</strong></span> <span class='ocrx_word' id='word_1_696' title='bbox 3127 4492 3321 4559; x_wconf 88' lang='lat' dir='ltr'><strong>videri,</strong></span> <span class='ocrx_word' id='word_1_697' title='bbox 3359 4490 3486 4561; x_wconf 90' lang='lat' dir='ltr'><strong>quia</strong></span> <span class='ocrx_word' id='word_1_698' title='bbox 3529 4488 3645 4544; x_wconf 89' lang='lat' dir='ltr'><strong>illic</strong></span> <span class='ocrx_word' id='word_1_699' title='bbox 3692 4489 3819 4543; x_wconf 87' lang='lat' dir='ltr'><strong>uni-</strong></span> 
     </span>
    </p>
   </div>
   <div class='ocr_carea' id='block_1_90' title="bbox 2228 4580 3822 4648">
    <p class='ocr_par' dir='ltr' id='par_1_90' title="bbox 2228 4580 3822 4648">
     <span class='ocr_line' id='line_1_90' title="bbox 2228 4580 3822 4648; baseline -0.004 -8"><span class='ocrx_word' id='word_1_700' title='bbox 2228 4584 2492 4641; x_wconf 87' lang='lat' dir='ltr'><strong>versalem</strong></span> <span class='ocrx_word' id='word_1_701' title='bbox 2547 4584 2664 4640; x_wconf 91' lang='lat' dir='ltr'><strong>sive</strong></span> <span class='ocrx_word' id='word_1_702' title='bbox 2705 4583 3088 4648; x_wconf 85' lang='lat' dir='ltr'><strong>voluntariam,</strong></span> <span class='ocrx_word' id='word_1_703' title='bbox 3133 4582 3247 4638; x_wconf 89' lang='lat' dir='ltr'><strong>sive</strong></span> <span class='ocrx_word' id='word_1_704' title='bbox 3289 4581 3659 4638; x_wconf 85' lang='lat' dir='ltr'><strong>necessariam</strong></span> <span class='ocrx_word' id='word_1_705' title='bbox 3691 4580 3822 4634; x_wconf 84' lang='lat' dir='ltr'><strong>sub-</strong></span> 
     </span>
    </p>
   </div>
   <div class='ocr_carea' id='block_1_91' title="bbox 2222 4673 3822 4752">
    <p class='ocr_par' dir='ltr' id='par_1_91' title="bbox 2222 4673 3822 4752">
     <span class='ocr_line' id='line_1_91' title="bbox 2222 4673 3822 4752; baseline -0.004 -18"><span class='ocrx_word' id='word_1_706' title='bbox 2222 4679 2516 4752; x_wconf 89' lang='lat' dir='ltr'><strong>jectionem</strong></span> <span class='ocrx_word' id='word_1_707' title='bbox 2572 4677 2852 4748; x_wconf 87' lang='lat' dir='ltr'><strong>designat;</strong></span> <span class='ocrx_word' id='word_1_708' title='bbox 2898 4677 2986 4731; x_wconf 89' lang='lat' dir='ltr'><strong>hic</strong></span> <span class='ocrx_word' id='word_1_709' title='bbox 3039 4683 3249 4730; x_wconf 86' lang='lat' dir='ltr'><strong>tantum</strong></span> <span class='ocrx_word' id='word_1_710' title='bbox 3297 4675 3688 4738; x_wconf 87' lang='lat' dir='ltr'><strong>voluntariam,</strong></span> <span class='ocrx_word' id='word_1_711' title='bbox 3728 4673 3822 4742; x_wconf 90' lang='lat' dir='ltr'><strong>qui</strong></span> 
     </span>
    </p>
   </div>
   <div class='ocr_carea' id='block_1_92' title="bbox 528 4732 3819 4839">
    <p class='ocr_par' dir='ltr' id='par_1_92' title="bbox 528 4732 3819 4839">
     <span class='ocr_line' id='line_1_92' title="bbox 528 4732 3819 4839; baseline -0.002 -22"><span class='ocrx_word' id='word_1_712' title='bbox 528 4761 788 4830; x_wconf 87' lang='lat' dir='ltr'><strong>despectu</strong></span> <span class='ocrx_word' id='word_1_713' title='bbox 813 4732 1277 4830; x_wconf 80' lang='lat' dir='ltr'><strong>pronuntiandum</strong></span> <span class='ocrx_word' id='word_1_714' title='bbox 1317 4771 1421 4827; x_wconf 91' lang='lat' dir='ltr'><strong>est,</strong></span> <span class='ocrx_word' id='word_1_715' title='bbox 1464 4732 1662 4828; x_wconf 33' lang='lat' dir='ltr'><strong>idaest,</strong></span> <span class='ocrx_word' id='word_1_716' title='bbox 1696 4762 1904 4834; x_wconf 80' lang='lat' dir='ltr'><strong>fragilis</strong></span> <span class='ocrx_word' id='word_1_717' title='bbox 1929 4732 1984 4818; x_wconf 82' lang='lat' dir='ltr'><strong>et</strong></span> <span class='ocrx_word' id='word_1_718' title='bbox 2029 4778 2122 4818; x_wconf 89' lang='lat' dir='ltr'><strong>ca-</strong></span> <span class='ocrx_word' id='word_1_719' title='bbox 2153 4732 2458 4828; x_wconf 36' lang='lat' dir='ltr'><strong>Dii—(teliteli</strong></span> <span class='ocrx_word' id='word_1_720' title='bbox 2505 4732 2734 4824; x_wconf 46' lang='lat' dir='ltr'><strong>creduli}</strong></span> <span class='ocrx_word' id='word_1_721' title='bbox 2786 4732 2850 4822; x_wconf 36' lang='lat' dir='ltr'><strong>in.</strong></span> <span class='ocrx_word' id='word_1_722' title='bbox 2884 4783 3028 4822; x_wconf 79' lang='lat' dir='ltr'><strong>cum.</strong></span> <span class='ocrx_word' id='word_1_723' title='bbox 3079 4767 3267 4838; x_wconf 62' lang='lat' dir='ltr'><strong>(Vens.</strong></span> <span class='ocrx_word' id='word_1_724' title='bbox 3306 4765 3385 4839; x_wconf 89' lang='lat'><strong>9.)</strong></span> <span class='ocrx_word' id='word_1_725' title='bbox 3424 4765 3566 4819; x_wconf 82' lang='lat' dir='ltr'><strong>Eum</strong></span> <span class='ocrx_word' id='word_1_726' title='bbox 3619 4732 3819 4826; x_wconf 48' lang='lat' dir='ltr'><strong>aerei...</strong></span> 
     </span>
    </p>
   </div>
   <div class='ocr_carea' id='block_1_93' title="bbox 528 4856 2120 4928">
    <p class='ocr_par' dir='ltr' id='par_1_93' title="bbox 528 4856 2120 4928">
     <span class='ocr_line' id='line_1_93' title="bbox 528 4856 2120 4928; baseline 0.001 -15"><span class='ocrx_word' id='word_1_727' title='bbox 528 4857 718 4925; x_wconf 85' lang='lat' dir='ltr'><strong>ducus,</strong></span> <span class='ocrx_word' id='word_1_728' title='bbox 750 4857 882 4913; x_wconf 65' lang='lat' dir='ltr'><strong>Adae</strong></span> <span class='ocrx_word' id='word_1_729' title='bbox 913 4872 1137 4927; x_wconf 85' lang='lat' dir='ltr'><strong>sequax,</strong></span> <span class='ocrx_word' id='word_1_730' title='bbox 1169 4856 1260 4927; x_wconf 91' lang='lat' dir='ltr'><strong>qui</strong></span> <span class='ocrx_word' id='word_1_731' title='bbox 1304 4856 1361 4910; x_wconf 91' lang='lat' dir='ltr'><strong>in</strong></span> <span class='ocrx_word' id='word_1_732' title='bbox 1388 4859 1560 4912; x_wconf 89' lang='lat' dir='ltr'><strong>veteri</strong></span> <span class='ocrx_word' id='word_1_733' title='bbox 1604 4868 1828 4928; x_wconf 90' lang='lat' dir='ltr'><strong>peccato</strong></span> <span class='ocrx_word' id='word_1_734' title='bbox 1877 4859 2120 4928; x_wconf 89' lang='lat' dir='ltr'><strong>generali</strong></span> 
     </span>
    </p>
   </div>
   <div class='ocr_carea' id='block_1_94' title="bbox 529 4949 2119 5021">
    <p class='ocr_par' dir='ltr' id='par_1_94' title="bbox 529 4949 2119 5021">
     <span class='ocr_line' id='line_1_94' title="bbox 529 4949 2119 5021; baseline -0.001 -16"><span class='ocrx_word' id='word_1_735' title='bbox 529 4951 804 5021; x_wconf 87' lang='lat' dir='ltr'><strong>pravitate</strong></span> <span class='ocrx_word' id='word_1_736' title='bbox 851 4949 1155 5006; x_wconf 90' lang='lat' dir='ltr'><strong>devinctus.</strong></span> <span class='ocrx_word' id='word_1_737' title='bbox 1206 4949 1377 5021; x_wconf 86' lang='lat' dir='ltr'><strong>Hujus</strong></span> <span class='ocrx_word' id='word_1_738' title='bbox 1430 4964 1641 5006; x_wconf 90' lang='lat' dir='ltr'><strong>memor</strong></span> <span class='ocrx_word' id='word_1_739' title='bbox 1692 4958 1776 5004; x_wconf 88' lang='lat' dir='ltr'><strong>est</strong></span> <span class='ocrx_word' id='word_1_740' title='bbox 1837 4949 2119 5014; x_wconf 85' lang='lat' dir='ltr'><strong>Dominus,</strong></span> 
     </span>
    </p>
   </div>
   <div class='ocr_carea' id='block_1_95' title="bbox 527 5045 2124 5116">
    <p class='ocr_par' dir='ltr' id='par_1_95' title="bbox 527 5045 2124 5116">
     <span class='ocr_line' id='line_1_95' title="bbox 527 5045 2124 5116; baseline -0.001 -17"><span class='ocrx_word' id='word_1_741' title='bbox 527 5047 744 5116; x_wconf 91' lang='lat' dir='ltr'><strong>quando</strong></span> <span class='ocrx_word' id='word_1_742' title='bbox 790 5045 842 5101; x_wconf 89' lang='lat' dir='ltr'><strong>ei</strong></span> <span class='ocrx_word' id='word_1_743' title='bbox 898 5053 1120 5116; x_wconf 89' lang='lat' dir='ltr'><strong>peccata</strong></span> <span class='ocrx_word' id='word_1_744' title='bbox 1175 5046 1418 5112; x_wconf 89' lang='lat' dir='ltr'><strong>dimittit,</strong></span> <span class='ocrx_word' id='word_1_745' title='bbox 1471 5053 1527 5100; x_wconf 90' lang='lat' dir='ltr'><strong>et</strong></span> <span class='ocrx_word' id='word_1_746' title='bbox 1574 5045 1961 5100; x_wconf 82' lang='lat' dir='ltr'><strong>misericordiae</strong></span> <span class='ocrx_word' id='word_1_747' title='bbox 2011 5059 2124 5099; x_wconf 65' lang='lat' dir='ltr'><strong>sua:</strong></span> 
     </span>
    </p>
   </div>
   <div class='ocr_carea' id='block_1_96' title="bbox 528 5135 2122 5208">
    <p class='ocr_par' dir='ltr' id='par_1_96' title="bbox 528 5135 2122 5208">
     <span class='ocr_line' id='line_1_96' title="bbox 528 5135 2122 5208; baseline -0.001 -16"><span class='ocrx_word' id='word_1_748' title='bbox 528 5136 669 5192; x_wconf 90' lang='lat' dir='ltr'><strong>dona</strong></span> <span class='ocrx_word' id='word_1_749' title='bbox 713 5136 960 5208; x_wconf 88' lang='lat' dir='ltr'><strong>largitur.</strong></span> <span class='ocrx_word' id='word_1_750' title='bbox 1007 5137 1112 5191; x_wconf 85' lang='lat' dir='ltr'><strong>Aut</strong></span> <span class='ocrx_word' id='word_1_751' title='bbox 1151 5135 1325 5192; x_wconf 87' lang='lat' dir='ltr'><strong>Filius</strong></span> <span class='ocrx_word' id='word_1_752' title='bbox 1355 5137 1600 5202; x_wconf 86' lang='lat' dir='ltr'><strong>hominis,</strong></span> <span class='ocrx_word' id='word_1_753' title='bbox 1651 5137 1896 5208; x_wconf 90' lang='lat' dir='ltr'><strong>quoniam</strong></span> <span class='ocrx_word' id='word_1_754' title='bbox 1942 5138 2122 5191; x_wconf 83' lang='lat' dir='ltr'><strong>visitas</strong></span> 
     </span>
    </p>
   </div>
   <div class='ocr_carea' id='block_1_97' title="bbox 527 5228 2119 5300">
    <p class='ocr_par' dir='ltr' id='par_1_97' title="bbox 527 5228 2119 5300">
     <span class='ocr_line' id='line_1_97' title="bbox 527 5228 2119 5300; baseline -0.001 -15"><span class='ocrx_word' id='word_1_755' title='bbox 527 5246 647 5286; x_wconf 89' lang='lat' dir='ltr'><strong>eum</strong></span> <span class='ocrx_word' id='word_1_756' title='bbox 671 5230 697 5284; x_wconf 78' lang='lat'><strong><em>?</em></strong></span> <span class='ocrx_word' id='word_1_757' title='bbox 725 5229 825 5285; x_wconf 81' lang='lat' dir='ltr'><strong>Hic</strong></span> <span class='ocrx_word' id='word_1_758' title='bbox 855 5230 969 5300; x_wconf 90' lang='lat' dir='ltr'><strong>jam</strong></span> <span class='ocrx_word' id='word_1_759' title='bbox 995 5245 1128 5285; x_wconf 90' lang='lat' dir='ltr'><strong>voce</strong></span> <span class='ocrx_word' id='word_1_760' title='bbox 1154 5229 1482 5300; x_wconf 89' lang='lat' dir='ltr'><strong>surgendum</strong></span> <span class='ocrx_word' id='word_1_761' title='bbox 1521 5237 1621 5293; x_wconf 89' lang='lat' dir='ltr'><strong>est,</strong></span> <span class='ocrx_word' id='word_1_762' title='bbox 1647 5229 1792 5299; x_wconf 84' lang='lat' dir='ltr'><strong>quod</strong></span> <span class='ocrx_word' id='word_1_763' title='bbox 1829 5228 2119 5283; x_wconf 89' lang='lat' dir='ltr'><strong>Dominum</strong></span> 
     </span>
    </p>
   </div>
   <div class='ocr_carea' id='block_1_98' title="bbox 529 5320 2122 5393">
    <p class='ocr_par' dir='ltr' id='par_1_98' title="bbox 529 5320 2122 5393">
     <span class='ocr_line' id='line_1_98' title="bbox 529 5320 2122 5393; baseline 0 -15"><span class='ocrx_word' id='word_1_764' title='bbox 529 5321 805 5393; x_wconf 78' lang='lat' dir='ltr'><strong>significat</strong></span> <span class='ocrx_word' id='word_1_765' title='bbox 833 5320 1209 5388; x_wconf 88' lang='lat' dir='ltr'><strong>Salvatorem;</strong></span> <span class='ocrx_word' id='word_1_766' title='bbox 1259 5322 1384 5391; x_wconf 89' lang='lat' dir='ltr'><strong>quia</strong></span> <span class='ocrx_word' id='word_1_767' title='bbox 1423 5337 1550 5389; x_wconf 91' lang='lat' dir='ltr'><strong>non,</strong></span> <span class='ocrx_word' id='word_1_768' title='bbox 1592 5330 1654 5376; x_wconf 88' lang='lat' dir='ltr'><strong>ut</strong></span> <span class='ocrx_word' id='word_1_769' title='bbox 1689 5323 1872 5378; x_wconf 70' lang='lat' dir='ltr'><strong>caeteri</strong></span> <span class='ocrx_word' id='word_1_770' title='bbox 1918 5334 2122 5378; x_wconf 86' lang='lat' dir='ltr'><strong>morta-</strong></span> 
     </span>
    </p>
   </div>
   <div class='ocr_carea' id='block_1_99' title="bbox 527 5411 2121 5484">
    <p class='ocr_par' dir='ltr' id='par_1_99' title="bbox 527 5411 2121 5484">
     <span class='ocr_line' id='line_1_99' title="bbox 527 5411 2121 5484; baseline 0.001 -18"><span class='ocrx_word' id='word_1_771' title='bbox 527 5411 628 5477; x_wconf 89' lang='lat' dir='ltr'><strong>les,</strong></span> <span class='ocrx_word' id='word_1_772' title='bbox 671 5427 739 5467; x_wconf 77' lang='lat' dir='ltr'><strong>ex</strong></span> <span class='ocrx_word' id='word_1_773' title='bbox 776 5411 985 5467; x_wconf 89' lang='lat' dir='ltr'><strong>duobus</strong></span> <span class='ocrx_word' id='word_1_774' title='bbox 1011 5411 1322 5467; x_wconf 90' lang='lat' dir='ltr'><strong>hominibus</strong></span> <span class='ocrx_word' id='word_1_775' title='bbox 1350 5419 1509 5466; x_wconf 92' lang='lat' dir='ltr'><strong>natus</strong></span> <span class='ocrx_word' id='word_1_776' title='bbox 1543 5419 1646 5477; x_wconf 85' lang='lat' dir='ltr'><strong>est,</strong></span> <span class='ocrx_word' id='word_1_777' title='bbox 1681 5414 1774 5467; x_wconf 90' lang='lat' dir='ltr'><strong>sed</strong></span> <span class='ocrx_word' id='word_1_778' title='bbox 1803 5427 1871 5467; x_wconf 83' lang='lat' dir='ltr'><strong>ex</strong></span> <span class='ocrx_word' id='word_1_779' title='bbox 1914 5412 2121 5484; x_wconf 89' lang='lat' dir='ltr'><strong>Spiritu</strong></span> 
     </span>
    </p>
   </div>
   <div class='ocr_carea' id='block_1_100' title="bbox 529 5501 2118 5573">
    <p class='ocr_par' dir='ltr' id='par_1_100' title="bbox 529 5501 2118 5573">
     <span class='ocr_line' id='line_1_100' title="bbox 529 5501 2118 5573; baseline -0.001 -13"><span class='ocrx_word' id='word_1_780' title='bbox 529 5513 722 5560; x_wconf 87' lang='lat' dir='ltr'><strong>sancto</strong></span> <span class='ocrx_word' id='word_1_781' title='bbox 749 5511 804 5558; x_wconf 86' lang='lat' dir='ltr'><strong>et</strong></span> <span class='ocrx_word' id='word_1_782' title='bbox 831 5504 1004 5558; x_wconf 65' lang='lat' dir='ltr'><strong>beata;</strong></span> <span class='ocrx_word' id='word_1_783' title='bbox 1044 5501 1229 5558; x_wconf 65' lang='lat' dir='ltr'><strong>Mariae</strong></span> <span class='ocrx_word' id='word_1_784' title='bbox 1265 5516 1480 5572; x_wconf 91' lang='lat' dir='ltr'><strong>semper</strong></span> <span class='ocrx_word' id='word_1_785' title='bbox 1505 5501 1732 5573; x_wconf 86' lang='lat' dir='ltr'><strong>virginis</strong></span> <span class='ocrx_word' id='word_1_786' title='bbox 1778 5509 1954 5568; x_wconf 91' lang='lat' dir='ltr'><strong>utero,</strong></span> <span class='ocrx_word' id='word_1_787' title='bbox 1996 5511 2118 5558; x_wconf 91' lang='lat' dir='ltr'><strong>tan-</strong></span> 
     </span>
    </p>
   </div>
   <div class='ocr_carea' id='block_1_101' title="bbox 529 5593 2123 5668">
    <p class='ocr_par' dir='ltr' id='par_1_101' title="bbox 529 5593 2123 5668">
     <span class='ocr_line' id='line_1_101' title="bbox 529 5593 2123 5668; baseline 0 -17"><span class='ocrx_word' id='word_1_788' title='bbox 529 5613 696 5668; x_wconf 92' lang='lat' dir='ltr'><strong>quam</strong></span> <span class='ocrx_word' id='word_1_789' title='bbox 718 5612 951 5668; x_wconf 89' lang='lat' dir='ltr'><strong>sponsus</strong></span> <span class='ocrx_word' id='word_1_790' title='bbox 977 5595 1045 5651; x_wconf 92' lang='lat' dir='ltr'><strong>de</strong></span> <span class='ocrx_word' id='word_1_791' title='bbox 1071 5593 1303 5666; x_wconf 87' lang='lat' dir='ltr'><strong>glorioso</strong></span> <span class='ocrx_word' id='word_1_792' title='bbox 1331 5594 1567 5650; x_wconf 90' lang='lat' dir='ltr'><strong>thalamo</strong></span> <span class='ocrx_word' id='word_1_793' title='bbox 1592 5594 1874 5666; x_wconf 89' lang='lat' dir='ltr'><strong>processit.</strong></span> <span class='ocrx_word' id='word_1_794' title='bbox 1909 5596 1976 5649; x_wconf 85' lang='lat' dir='ltr'><strong>Et</strong></span> <span class='ocrx_word' id='word_1_795' title='bbox 1998 5611 2123 5651; x_wconf 89' lang='lat' dir='ltr'><strong>con-</strong></span> 
     </span>
    </p>
   </div>
   <div class='ocr_carea' id='block_1_102' title="bbox 531 5683 2122 5757">
    <p class='ocr_par' dir='ltr' id='par_1_102' title="bbox 531 5683 2122 5757">
     <span class='ocr_line' id='line_1_102' title="bbox 531 5683 2122 5757; baseline -0.001 -16"><span class='ocrx_word' id='word_1_796' title='bbox 531 5686 710 5742; x_wconf 87' lang='lat' dir='ltr'><strong>sidera</strong></span> <span class='ocrx_word' id='word_1_797' title='bbox 761 5687 906 5757; x_wconf 90' lang='lat' dir='ltr'><strong>quod</strong></span> <span class='ocrx_word' id='word_1_798' title='bbox 933 5686 1183 5756; x_wconf 88' lang='lat' dir='ltr'><strong>superius</strong></span> <span class='ocrx_word' id='word_1_799' title='bbox 1211 5685 1368 5752; x_wconf 88' lang='lat' dir='ltr'><strong>dixit,</strong></span> <span class='ocrx_word' id='word_1_800' title='bbox 1399 5701 1598 5740; x_wconf 87' lang='lat' dir='ltr'><strong>memor</strong></span> <span class='ocrx_word' id='word_1_801' title='bbox 1637 5701 1691 5739; x_wconf 85' lang='lat' dir='ltr'><strong>es</strong></span> <span class='ocrx_word' id='word_1_802' title='bbox 1719 5701 1736 5739; x_wconf 92' lang='lat'><strong>:</strong></span> <span class='ocrx_word' id='word_1_803' title='bbox 1767 5683 1996 5753; x_wconf 89' lang='lat' dir='ltr'><strong>subjecit</strong></span> <span class='ocrx_word' id='word_1_804' title='bbox 2025 5701 2122 5740; x_wconf 89' lang='lat' dir='ltr'><strong>au-</strong></span> 
     </span>
    </p>
   </div>
   <div class='ocr_carea' id='block_1_103' title="bbox 531 5774 2121 5847">
    <p class='ocr_par' dir='ltr' id='par_1_103' title="bbox 531 5774 2121 5847">
     <span class='ocr_line' id='line_1_103' title="bbox 531 5774 2121 5847; baseline 0 -15"><span class='ocrx_word' id='word_1_805' title='bbox 531 5782 667 5842; x_wconf 83' lang='lat' dir='ltr'><strong>tem,</strong></span> <span class='ocrx_word' id='word_1_806' title='bbox 703 5778 906 5832; x_wconf 78' lang='lat' dir='ltr'><strong>uisitas.</strong></span> <span class='ocrx_word' id='word_1_807' title='bbox 953 5775 1160 5833; x_wconf 85' lang='lat' dir='ltr'><strong>Memor</strong></span> <span class='ocrx_word' id='word_1_808' title='bbox 1186 5774 1310 5842; x_wconf 90' lang='lat' dir='ltr'><strong>fuit,</strong></span> <span class='ocrx_word' id='word_1_809' title='bbox 1353 5791 1476 5831; x_wconf 91' lang='lat' dir='ltr'><strong>cum</strong></span> <span class='ocrx_word' id='word_1_810' title='bbox 1514 5775 1840 5847; x_wconf 87' lang='lat' dir='ltr'><strong>patriarchis</strong></span> <span class='ocrx_word' id='word_1_811' title='bbox 1865 5775 1932 5830; x_wconf 92' lang='lat' dir='ltr'><strong>de</strong></span> <span class='ocrx_word' id='word_1_812' title='bbox 1981 5776 2121 5833; x_wconf 64' lang='lat' dir='ltr'><strong>caelo</strong></span> 
     </span>
    </p>
   </div>
   <div class='ocr_carea' id='block_1_104' title="bbox 603 5953 1646 6026">
    <p class='ocr_par' dir='ltr' id='par_1_104' title="bbox 603 5953 1646 6026">
     <span class='ocr_line' id='line_1_104' title="bbox 603 5953 1646 6026; baseline 0.001 -16"><span class='ocrx_word' id='word_1_813' title='bbox 603 5967 630 5995; x_wconf 69' lang='grc' dir='ltr'>α</span> <span class='ocrx_word' id='word_1_814' title='bbox 654 5953 784 6010; x_wconf 68' lang='lat' dir='ltr'><strong>Haec</strong></span> <span class='ocrx_word' id='word_1_815' title='bbox 803 5967 906 6011; x_wconf 86' lang='lat' dir='ltr'><strong>vox</strong></span> <span class='ocrx_word' id='word_1_816' title='bbox 927 5953 1165 6009; x_wconf 87' lang='lat' dir='ltr'><strong>abundat</strong></span> <span class='ocrx_word' id='word_1_817' title='bbox 1184 5955 1238 6010; x_wconf 91' lang='lat' dir='ltr'><strong>in</strong></span> <span class='ocrx_word' id='word_1_818' title='bbox 1261 5957 1646 6026; x_wconf 86' lang='lat' dir='ltr'><strong>manuscripto.</strong></span> 
     </span>
    </p>
   </div>
   <div class='ocr_carea' id='block_1_105' title="bbox 2223 4855 3823 4934">
    <p class='ocr_par' dir='ltr' id='par_1_105' title="bbox 2223 4855 3823 4934">
     <span class='ocr_line' id='line_1_105' title="bbox 2223 4855 3823 4934; baseline -0.006 -16"><span class='ocrx_word' id='word_1_819' title='bbox 2223 4864 2314 4934; x_wconf 86' lang='lat' dir='ltr'><strong>qui</strong></span> <span class='ocrx_word' id='word_1_820' title='bbox 2341 4861 2546 4916; x_wconf 89' lang='lat' dir='ltr'><strong>modico</strong></span> <span class='ocrx_word' id='word_1_821' title='bbox 2577 4876 2738 4929; x_wconf 88' lang='lat' dir='ltr'><strong>quam</strong></span> <span class='ocrx_word' id='word_1_822' title='bbox 2763 4859 2957 4929; x_wconf 86' lang='lat' dir='ltr'><strong>angeli,</strong></span> <span class='ocrx_word' id='word_1_823' title='bbox 2991 4859 3285 4913; x_wconf 87' lang='lat' dir='ltr'><strong>minoratus</strong></span> <span class='ocrx_word' id='word_1_824' title='bbox 3321 4867 3419 4924; x_wconf 86' lang='lat' dir='ltr'><strong>est,</strong></span> <span class='ocrx_word' id='word_1_825' title='bbox 3459 4857 3694 4912; x_wconf 81' lang='lat' dir='ltr'><strong>videmus</strong></span> <span class='ocrx_word' id='word_1_826' title='bbox 3727 4855 3823 4910; x_wconf 80' lang='lat' dir='ltr'><strong>Je-</strong></span> 
     </span>
    </p>
   </div>
   <div class='ocr_carea' id='block_1_106' title="bbox 2225 4947 3824 5020">
    <p class='ocr_par' dir='ltr' id='par_1_106' title="bbox 2225 4947 3824 5020">
     <span class='ocr_line' id='line_1_106' title="bbox 2225 4947 3824 5020; baseline -0.004 -15"><span class='ocrx_word' id='word_1_827' title='bbox 2225 4967 2341 5005; x_wconf 81' lang='lat' dir='ltr'><strong>sum</strong></span> <span class='ocrx_word' id='word_1_828' title='bbox 2389 4959 2601 5020; x_wconf 86' lang='lat' dir='ltr'><strong>propter</strong></span> <span class='ocrx_word' id='word_1_829' title='bbox 2624 4949 2921 5020; x_wconf 84' lang='lat' dir='ltr'><strong>passionem</strong></span> <span class='ocrx_word' id='word_1_830' title='bbox 2961 4949 3144 5003; x_wconf 81' lang='lat' dir='ltr'><strong>mortis</strong></span> <span class='ocrx_word' id='word_1_831' title='bbox 3170 4948 3286 5018; x_wconf 86' lang='lat' dir='ltr'><strong>ejus</strong></span> <span class='ocrx_word' id='word_1_832' title='bbox 3327 4947 3498 5018; x_wconf 87' lang='lat' dir='ltr'><strong>gloria</strong></span> <span class='ocrx_word' id='word_1_833' title='bbox 3526 4955 3577 5000; x_wconf 89' lang='lat' dir='ltr'><strong>et</strong></span> <span class='ocrx_word' id='word_1_834' title='bbox 3621 4947 3824 5000; x_wconf 84' lang='lat' dir='ltr'><strong>honore</strong></span> 
     </span>
    </p>
   </div>
   <div class='ocr_carea' id='block_1_107' title="bbox 2222 5041 3824 5112">
    <p class='ocr_par' dir='ltr' id='par_1_107' title="bbox 2222 5041 3824 5112">
     <span class='ocr_line' id='line_1_107' title="bbox 2222 5041 3824 5112; baseline -0.004 -14"><span class='ocrx_word' id='word_1_835' title='bbox 2222 5054 2552 5108; x_wconf 90' lang='lat' dir='ltr'><strong>coronatum,</strong></span> <span class='ocrx_word' id='word_1_836' title='bbox 2593 5052 2648 5096; x_wconf 87' lang='lat' dir='ltr'><strong>ut</strong></span> <span class='ocrx_word' id='word_1_837' title='bbox 2679 5043 2851 5112; x_wconf 87' lang='lat' dir='ltr'><strong>gratia</strong></span> <span class='ocrx_word' id='word_1_838' title='bbox 2894 5041 2993 5097; x_wconf 86' lang='lat' dir='ltr'><strong>Dei</strong></span> <span class='ocrx_word' id='word_1_839' title='bbox 3020 5057 3113 5112; x_wconf 90' lang='lat' dir='ltr'><strong>pro</strong></span> <span class='ocrx_word' id='word_1_840' title='bbox 3141 5041 3378 5095; x_wconf 86' lang='lat' dir='ltr'><strong>omnibus</strong></span> <span class='ocrx_word' id='word_1_841' title='bbox 3405 5047 3647 5110; x_wconf 88' lang='lat' dir='ltr'><strong>gustaret</strong></span> <span class='ocrx_word' id='word_1_842' title='bbox 3677 5055 3824 5092; x_wconf 87' lang='lat' dir='ltr'><strong>mor-</strong></span> 
     </span>
    </p>
   </div>
   <div class='ocr_carea' id='block_1_108' title="bbox 2223 5135 3819 5206">
    <p class='ocr_par' dir='ltr' id='par_1_108' title="bbox 2223 5135 3819 5206">
     <span class='ocr_line' id='line_1_108' title="bbox 2223 5135 3819 5206; baseline -0.002 -17"><span class='ocrx_word' id='word_1_843' title='bbox 2223 5144 2346 5189; x_wconf 90' lang='lat' dir='ltr'><strong>tem.</strong></span> <span class='ocrx_word' id='word_1_844' title='bbox 2383 5154 2402 5186; x_wconf 75' lang='grc' dir='ltr'>ι</span> <span class='ocrx_word' id='word_1_845' title='bbox 2465 5135 2565 5191; x_wconf 83' lang='lat' dir='ltr'><strong>Hic</strong></span> <span class='ocrx_word' id='word_1_846' title='bbox 2613 5135 2852 5191; x_wconf 90' lang='lat' dir='ltr'><strong>ostendit</strong></span> <span class='ocrx_word' id='word_1_847' title='bbox 2899 5135 3023 5206; x_wconf 91' lang='lat' dir='ltr'><strong>quia</strong></span> <span class='ocrx_word' id='word_1_848' title='bbox 3047 5135 3219 5205; x_wconf 85' lang='lat' dir='ltr'><strong>gloria</strong></span> <span class='ocrx_word' id='word_1_849' title='bbox 3267 5142 3322 5189; x_wconf 91' lang='lat' dir='ltr'><strong>et</strong></span> <span class='ocrx_word' id='word_1_850' title='bbox 3349 5135 3523 5190; x_wconf 91' lang='lat' dir='ltr'><strong>honor</strong></span> <span class='ocrx_word' id='word_1_851' title='bbox 3552 5149 3694 5190; x_wconf 80' lang='lat' dir='ltr'><strong>crux</strong></span> <span class='ocrx_word' id='word_1_852' title='bbox 3729 5139 3819 5189; x_wconf 87' lang='lat' dir='ltr'><strong>est</strong></span> 
     </span>
    </p>
   </div>
   <div class='ocr_carea' id='block_1_109' title="bbox 2223 5211 3824 5298">
    <p class='ocr_par' dir='ltr' id='par_1_109' title="bbox 2223 5211 3824 5298">
     <span class='ocr_line' id='line_1_109' title="bbox 2223 5211 3824 5298; baseline 0 -17"><span class='ocrx_word' id='word_1_853' title='bbox 2223 5224 2446 5294; x_wconf 90' lang='lat' dir='ltr'><strong>Christi,</strong></span> <span class='ocrx_word' id='word_1_854' title='bbox 2483 5246 2501 5279; x_wconf 76' lang='grc' dir='ltr'><strong><em>ι</em></strong></span> <span class='ocrx_word' id='word_1_855' title='bbox 2533 5241 2632 5297; x_wconf 91' lang='lat' dir='ltr'><strong>pro</strong></span> <span class='ocrx_word' id='word_1_856' title='bbox 2673 5241 2779 5296; x_wconf 92' lang='lat' dir='ltr'><strong>qua</strong></span> <span class='ocrx_word' id='word_1_857' title='bbox 2818 5225 3089 5282; x_wconf 87' lang='lat' dir='ltr'><strong>modicum</strong></span> <span class='ocrx_word' id='word_1_858' title='bbox 3124 5211 3425 5283; x_wconf 86' lang='lat' dir='ltr'><strong>minoratus</strong></span> <span class='ocrx_word' id='word_1_859' title='bbox 3449 5233 3534 5282; x_wconf 79' lang='lat' dir='ltr'><strong>est</strong></span> <span class='ocrx_word' id='word_1_860' title='bbox 3566 5227 3638 5284; x_wconf 86' lang='lat' dir='ltr'><strong>ab</strong></span> <span class='ocrx_word' id='word_1_861' title='bbox 3659 5241 3824 5298; x_wconf 83' lang='lat' dir='ltr'><strong>ange-</strong></span> 
     </span>
    </p>
   </div>
   <div class='ocr_carea' id='block_1_110' title="bbox 2222 5318 3820 5390">
    <p class='ocr_par' dir='ltr' id='par_1_110' title="bbox 2222 5318 3820 5390">
     <span class='ocr_line' id='line_1_110' title="bbox 2222 5318 3820 5390; baseline -0.001 -18"><span class='ocrx_word' id='word_1_862' title='bbox 2222 5318 2308 5386; x_wconf 91' lang='lat' dir='ltr'><strong>lis,</strong></span> <span class='ocrx_word' id='word_1_863' title='bbox 2347 5339 2365 5371; x_wconf 80' lang='lat' dir='ltr'><strong>t</strong></span> <span class='ocrx_word' id='word_1_864' title='bbox 2395 5320 2536 5376; x_wconf 91' lang='lat' dir='ltr'><strong>sicut</strong></span> <span class='ocrx_word' id='word_1_865' title='bbox 2577 5321 2690 5390; x_wconf 90' lang='lat' dir='ltr'><strong>ipse</strong></span> <span class='ocrx_word' id='word_1_866' title='bbox 2709 5319 2972 5376; x_wconf 89' lang='lat' dir='ltr'><strong>Dominus</strong></span> <span class='ocrx_word' id='word_1_867' title='bbox 3003 5335 3125 5374; x_wconf 89' lang='lat' dir='ltr'><strong>eam</strong></span> <span class='ocrx_word' id='word_1_868' title='bbox 3148 5335 3364 5390; x_wconf 89' lang='lat' dir='ltr'><strong>semper</strong></span> <span class='ocrx_word' id='word_1_869' title='bbox 3396 5327 3557 5376; x_wconf 88' lang='lat' dir='ltr'><strong>vocat</strong></span> <span class='ocrx_word' id='word_1_870' title='bbox 3587 5319 3820 5375; x_wconf 86' lang='lat' dir='ltr'><strong>dicens:</strong></span> 
     </span>
    </p>
   </div>
   <div class='ocr_carea' id='block_1_111' title="bbox 2226 5410 3824 5484">
    <p class='ocr_par' dir='ltr' id='par_1_111' title="bbox 2226 5410 3824 5484">
     <span class='ocr_line' id='line_1_111' title="bbox 2226 5410 3824 5484; baseline -0.001 -18"><span class='ocrx_word' id='word_1_871' title='bbox 2226 5411 2293 5466; x_wconf 89' lang='lat' dir='ltr'><strong>Ut</strong></span> <span class='ocrx_word' id='word_1_872' title='bbox 2339 5413 2726 5484; x_wconf 77' lang='lat' dir='ltr'><strong>gloriﬁcaretur</strong></span> <span class='ocrx_word' id='word_1_873' title='bbox 2769 5410 2943 5466; x_wconf 85' lang='lat' dir='ltr'><strong>Filius</strong></span> <span class='ocrx_word' id='word_1_874' title='bbox 2977 5411 3220 5466; x_wconf 81' lang='lat' dir='ltr'><strong>hominis.</strong></span> <span class='ocrx_word' id='word_1_875' title='bbox 3252 5411 3310 5467; x_wconf 89' lang='lat' dir='ltr'><strong>Si</strong></span> <span class='ocrx_word' id='word_1_876' title='bbox 3337 5411 3424 5467; x_wconf 86' lang='lat' dir='ltr'><strong>ille</strong></span> <span class='ocrx_word' id='word_1_877' title='bbox 3451 5427 3513 5468; x_wconf 82' lang='lat' dir='ltr'><strong>ea</strong></span> <span class='ocrx_word' id='word_1_878' title='bbox 3549 5427 3674 5481; x_wconf 66' lang='lat' dir='ltr'><strong>quae</strong></span> <span class='ocrx_word' id='word_1_879' title='bbox 3719 5426 3824 5481; x_wconf 83' lang='lat' dir='ltr'><strong>pro</strong></span> 
     </span>
    </p>
   </div>
   <div class='ocr_carea' id='block_1_112' title="bbox 2223 5502 3822 5576">
    <p class='ocr_par' dir='ltr' id='par_1_112' title="bbox 2223 5502 3822 5576">
     <span class='ocr_line' id='line_1_112' title="bbox 2223 5502 3822 5576; baseline -0.003 -16"><span class='ocrx_word' id='word_1_880' title='bbox 2223 5505 2396 5560; x_wconf 87' lang='lat' dir='ltr'><strong>servis</strong></span> <span class='ocrx_word' id='word_1_881' title='bbox 2425 5520 2618 5576; x_wconf 87' lang='lat' dir='ltr'><strong>passus</strong></span> <span class='ocrx_word' id='word_1_882' title='bbox 2641 5511 2747 5571; x_wconf 90' lang='lat' dir='ltr'><strong>est,</strong></span> <span class='ocrx_word' id='word_1_883' title='bbox 2793 5502 3020 5575; x_wconf 88' lang='lat' dir='ltr'><strong>gloriam</strong></span> <span class='ocrx_word' id='word_1_884' title='bbox 3063 5509 3243 5567; x_wconf 87' lang='lat' dir='ltr'><strong>vocat,</strong></span> <span class='ocrx_word' id='word_1_885' title='bbox 3292 5503 3465 5558; x_wconf 90' lang='lat' dir='ltr'><strong>multo</strong></span> <span class='ocrx_word' id='word_1_886' title='bbox 3492 5503 3727 5573; x_wconf 87' lang='lat' dir='ltr'><strong>amplius</strong></span> <span class='ocrx_word' id='word_1_887' title='bbox 3764 5511 3822 5556; x_wconf 91' lang='lat' dir='ltr'><strong>tu</strong></span> 
     </span>
    </p>
   </div>
   <div class='ocr_carea' id='block_1_113' title="bbox 2223 5585 3822 5669">
    <p class='ocr_par' dir='ltr' id='par_1_113' title="bbox 2223 5585 3822 5669">
     <span class='ocr_line' id='line_1_113' title="bbox 2223 5585 3822 5669; baseline -0.003 -17"><span class='ocrx_word' id='word_1_888' title='bbox 2223 5598 2409 5663; x_wconf 91' lang='lat' dir='ltr'><strong>homo,</strong></span> <span class='ocrx_word' id='word_1_889' title='bbox 2441 5614 2561 5669; x_wconf 65' lang='lat' dir='ltr'><strong>quae</strong></span> <span class='ocrx_word' id='word_1_890' title='bbox 2607 5612 2706 5668; x_wconf 93' lang='lat' dir='ltr'><strong>pro</strong></span> <span class='ocrx_word' id='word_1_891' title='bbox 2735 5585 2976 5652; x_wconf 81' lang='lat' dir='ltr'><strong>Domino</strong></span> <span class='ocrx_word' id='word_1_892' title='bbox 3003 5597 3231 5667; x_wconf 88' lang='lat' dir='ltr'><strong>pateris,</strong></span> <span class='ocrx_word' id='word_1_893' title='bbox 3266 5617 3285 5649; x_wconf 73' lang='grc' dir='ltr'><strong><em>ι</em></strong></span> <span class='ocrx_word' id='word_1_894' title='bbox 3327 5597 3428 5652; x_wconf 88' lang='lat' dir='ltr'><strong>tibi</strong></span> <span class='ocrx_word' id='word_1_895' title='bbox 3469 5596 3538 5651; x_wconf 84' lang='lat' dir='ltr'><strong>ad</strong></span> <span class='ocrx_word' id='word_1_896' title='bbox 3587 5596 3822 5666; x_wconf 86' lang='lat' dir='ltr'><strong>gloriam</strong></span> 
     </span>
    </p>
   </div>
   <div class='ocr_carea' id='block_1_114' title="bbox 2221 5687 3820 5762">
    <p class='ocr_par' dir='ltr' id='par_1_114' title="bbox 2221 5687 3820 5762">
     <span class='ocr_line' id='line_1_114' title="bbox 2221 5687 3820 5762; baseline -0.004 -15"><span class='ocrx_word' id='word_1_897' title='bbox 2221 5692 2496 5762; x_wconf 69' lang='lat' dir='ltr'><strong>pertinuere</strong></span> <span class='ocrx_word' id='word_1_898' title='bbox 2525 5691 2912 5761; x_wconf 87' lang='lat' dir='ltr'><strong>sempiternam</strong></span> <span class='ocrx_word' id='word_1_899' title='bbox 2937 5690 3185 5747; x_wconf 90' lang='lat' dir='ltr'><strong>dubitare</strong></span> <span class='ocrx_word' id='word_1_900' title='bbox 3217 5705 3324 5745; x_wconf 90' lang='lat' dir='ltr'><strong>non</strong></span> <span class='ocrx_word' id='word_1_901' title='bbox 3346 5690 3530 5746; x_wconf 88' lang='lat' dir='ltr'><strong>debes.</strong></span> <span class='ocrx_word' id='word_1_902' title='bbox 3557 5687 3820 5745; x_wconf 80' lang='lat' dir='ltr'><strong>Addidit:</strong></span> 
     </span>
    </p>
   </div>
   <div class='ocr_carea' id='block_1_115' title="bbox 2225 5778 3823 5854">
    <p class='ocr_par' dir='ltr' id='par_1_115' title="bbox 2225 5778 3823 5854">
     <span class='ocr_line' id='line_1_115' title="bbox 2225 5778 3823 5854; baseline -0.002 -18"><span class='ocrx_word' id='word_1_903' title='bbox 2225 5793 2279 5837; x_wconf 83' lang='lat' dir='ltr'><strong>ut</strong></span> <span class='ocrx_word' id='word_1_904' title='bbox 2291 5785 2465 5854; x_wconf 86' lang='lat' dir='ltr'><strong>gratia</strong></span> <span class='ocrx_word' id='word_1_905' title='bbox 2478 5782 2575 5837; x_wconf 90' lang='lat' dir='ltr'><strong>Dei</strong></span> <span class='ocrx_word' id='word_1_906' title='bbox 2591 5799 2685 5853; x_wconf 91' lang='lat' dir='ltr'><strong>pro</strong></span> <span class='ocrx_word' id='word_1_907' title='bbox 2706 5781 2944 5838; x_wconf 85' lang='lat' dir='ltr'><strong>omnibus</strong></span> <span class='ocrx_word' id='word_1_908' title='bbox 2964 5789 3196 5853; x_wconf 89' lang='lat' dir='ltr'><strong>gustaret</strong></span> <span class='ocrx_word' id='word_1_909' title='bbox 3208 5781 3368 5853; x_wconf 75' lang='grc'><strong>671</strong></span> <span class='ocrx_word' id='word_1_910' title='bbox 3385 5789 3630 5837; x_wconf 84' lang='lat' dir='ltr'><strong>mortem.</strong></span> <span class='ocrx_word' id='word_1_911' title='bbox 3661 5797 3682 5833; x_wconf 73' lang='grc' dir='ltr'>ι</span> <span class='ocrx_word' id='word_1_912' title='bbox 3699 5778 3823 5834; x_wconf 79' lang='lat' dir='ltr'><strong>Non</strong></span> 
     </span>
    </p>
   </div>
  </div>
