  <div class='ocr_page' id='page_1' title='image "/cluster/home/n/w/nwhite01/storage/ocr_20150623/100/hvd.32044024239972/526.png"; bbox 0 0 4088 6330; ppageno 0'>
   <div class='ocr_carea' id='block_1_1' title="bbox 360 364 492 421">
    <p class='ocr_par' dir='ltr' id='par_1_1' title="bbox 360 364 492 421">
     <span class='ocr_line' id='line_1_1' title="bbox 360 364 492 421; baseline -0.008 0"><span class='ocrx_word' id='word_1_1' title='bbox 360 364 492 421; x_wconf 69' lang='grc'><strong>1041</strong></span> 
     </span>
    </p>
   </div>
   <div class='ocr_carea' id='block_1_2' title="bbox 1051 357 2927 422">
    <p class='ocr_par' dir='ltr' id='par_1_2' title="bbox 1051 357 2927 422">
     <span class='ocr_line' id='line_1_2' title="bbox 1051 357 2927 422; baseline -0.002 -2"><span class='ocrx_word' id='word_1_2' title='bbox 1051 364 1456 422; x_wconf 78' lang='lat' dir='ltr'><strong>EXEGETICA.</strong></span> <span class='ocrx_word' id='word_1_3' title='bbox 1498 394 1569 406; x_wconf 90' lang='lat'><strong><em>—</em></strong></span> <span class='ocrx_word' id='word_1_4' title='bbox 1604 360 1853 421; x_wconf 79' lang='lat' dir='ltr'><strong>EXPOS.</strong></span> <span class='ocrx_word' id='word_1_5' title='bbox 1897 359 1966 416; x_wconf 83' lang='lat' dir='ltr'><strong>IN</strong></span> <span class='ocrx_word' id='word_1_6' title='bbox 2002 357 2222 415; x_wconf 86' lang='lat' dir='ltr'><strong>EPIST.</strong></span> <span class='ocrx_word' id='word_1_7' title='bbox 2267 359 2324 415; x_wconf 91' lang='lat' dir='ltr'><strong>S.</strong></span> <span class='ocrx_word' id='word_1_8' title='bbox 2360 358 2565 416; x_wconf 82' lang='lat' dir='ltr'><strong>PAULI</strong></span> <span class='ocrx_word' id='word_1_9' title='bbox 2595 359 2687 415; x_wconf 84' lang='lat' dir='ltr'><strong>AD</strong></span> <span class='ocrx_word' id='word_1_10' title='bbox 2725 360 2927 417; x_wconf 80' lang='lat' dir='ltr'><strong>HEBR.</strong></span> 
     </span>
    </p>
   </div>
   <div class='ocr_carea' id='block_1_3' title="bbox 3472 362 3612 420">
    <p class='ocr_par' dir='ltr' id='par_1_3' title="bbox 3472 362 3612 420">
     <span class='ocr_line' id='line_1_3' title="bbox 3472 362 3612 420; baseline 0 0"><span class='ocrx_word' id='word_1_11' title='bbox 3472 362 3612 420; x_wconf 72' lang='grc'><strong>1042</strong></span> 
     </span>
    </p>
   </div>
   <div class='ocr_carea' id='block_1_4' title="bbox 356 475 3607 552">
    <p class='ocr_par' dir='ltr' id='par_1_4' title="bbox 356 475 3607 552">
     <span class='ocr_line' id='line_1_4' title="bbox 356 475 3607 552; baseline 0.004 -16"><span class='ocrx_word' id='word_1_12' title='bbox 356 481 502 536; x_wconf 89' lang='lat' dir='ltr'><strong>enim</strong></span> <span class='ocrx_word' id='word_1_13' title='bbox 538 481 832 536; x_wconf 79' lang='lat' dir='ltr'><strong>debebatur</strong></span> <span class='ocrx_word' id='word_1_14' title='bbox 868 481 1044 545; x_wconf 89' lang='lat' dir='ltr'><strong>nobis,</strong></span> <span class='ocrx_word' id='word_1_15' title='bbox 1089 489 1150 535; x_wconf 88' lang='lat' dir='ltr'><strong>ut</strong></span> <span class='ocrx_word' id='word_1_16' title='bbox 1176 481 1349 536; x_wconf 89' lang='lat' dir='ltr'><strong>Filius</strong></span> <span class='ocrx_word' id='word_1_17' title='bbox 1390 496 1490 552; x_wconf 88' lang='lat' dir='ltr'><strong>pro</strong></span> <span class='ocrx_word' id='word_1_18' title='bbox 1531 480 1686 536; x_wconf 90' lang='lat' dir='ltr'><strong>nobis</strong></span> <span class='ocrx_word' id='word_1_19' title='bbox 1733 487 1918 551; x_wconf 83' lang='lat' dir='ltr'><strong>gusta-</strong></span> <span class='ocrx_word' id='word_1_20' title='bbox 1944 480 2161 541; x_wconf 74' lang='grc' dir='ltr'><strong>Αινιι,</strong></span> <span class='ocrx_word' id='word_1_21' title='bbox 2207 475 2318 548; x_wconf 63' lang='grc'><strong>24)·</strong></span> <span class='ocrx_word' id='word_1_22' title='bbox 2368 475 2514 544; x_wconf 68' lang='lat' dir='ltr'><strong>QUOS</strong></span> <span class='ocrx_word' id='word_1_23' title='bbox 2555 477 2736 542; x_wconf 56' lang='lat' dir='ltr'><strong>etiam.</strong></span> <span class='ocrx_word' id='word_1_24' title='bbox 2785 487 2844 533; x_wconf 77' lang='grc' dir='ltr'><strong>ιιι</strong></span> <span class='ocrx_word' id='word_1_25' title='bbox 2889 478 3269 535; x_wconf 58' lang='lat' dir='ltr'><strong>conﬁdentiam</strong></span> <span class='ocrx_word' id='word_1_26' title='bbox 3321 482 3607 549; x_wconf 62' lang='lat' dir='ltr'><strong>haberem.</strong></span> 
     </span>
    </p>
   </div>
   <div class='ocr_carea' id='block_1_5' title="bbox 358 571 1924 642">
    <p class='ocr_par' dir='ltr' id='par_1_5' title="bbox 358 571 1924 642">
     <span class='ocr_line' id='line_1_5' title="bbox 358 571 1924 642; baseline -0.002 -16"><span class='ocrx_word' id='word_1_27' title='bbox 358 578 441 627; x_wconf 91' lang='lat' dir='ltr'><strong>ret</strong></span> <span class='ocrx_word' id='word_1_28' title='bbox 466 579 712 636; x_wconf 91' lang='lat' dir='ltr'><strong>mortem,</strong></span> <span class='ocrx_word' id='word_1_29' title='bbox 759 573 853 627; x_wconf 89' lang='lat' dir='ltr'><strong>sed</strong></span> <span class='ocrx_word' id='word_1_30' title='bbox 889 574 1062 642; x_wconf 82' lang='lat' dir='ltr'><strong>gratia</strong></span> <span class='ocrx_word' id='word_1_31' title='bbox 1097 575 1199 628; x_wconf 89' lang='lat' dir='ltr'><strong>hoc</strong></span> <span class='ocrx_word' id='word_1_32' title='bbox 1227 572 1370 626; x_wconf 86' lang='lat' dir='ltr'><strong>fecit.</strong></span> <span class='ocrx_word' id='word_1_33' title='bbox 1415 572 1532 642; x_wconf 89' lang='lat' dir='ltr'><strong>Ipse</strong></span> <span class='ocrx_word' id='word_1_34' title='bbox 1571 571 1788 641; x_wconf 83' lang='lat' dir='ltr'><strong>quidem</strong></span> <span class='ocrx_word' id='word_1_35' title='bbox 1824 584 1924 640; x_wconf 88' lang='lat' dir='ltr'><strong>pro</strong></span> 
     </span>
    </p>
   </div>
   <div class='ocr_carea' id='block_1_6' title="bbox 355 660 1926 732">
    <p class='ocr_par' dir='ltr' id='par_1_6' title="bbox 355 660 1926 732">
     <span class='ocr_line' id='line_1_6' title="bbox 355 660 1926 732; baseline 0.001 -17"><span class='ocrx_word' id='word_1_36' title='bbox 355 660 606 715; x_wconf 88' lang='lat' dir='ltr'><strong>omnibus</strong></span> <span class='ocrx_word' id='word_1_37' title='bbox 641 670 881 718; x_wconf 89' lang='lat' dir='ltr'><strong>mortuus</strong></span> <span class='ocrx_word' id='word_1_38' title='bbox 907 669 1030 729; x_wconf 88' lang='lat' dir='ltr'><strong>est;</strong></span> <span class='ocrx_word' id='word_1_39' title='bbox 1062 663 1190 732; x_wconf 87' lang='lat' dir='ltr'><strong>quid</strong></span> <span class='ocrx_word' id='word_1_40' title='bbox 1233 670 1432 728; x_wconf 89' lang='lat' dir='ltr'><strong>autem,</strong></span> <span class='ocrx_word' id='word_1_41' title='bbox 1479 663 1526 718; x_wconf 89' lang='lat' dir='ltr'>si</span> <span class='ocrx_word' id='word_1_42' title='bbox 1578 677 1686 717; x_wconf 87' lang='lat' dir='ltr'><strong>non</strong></span> <span class='ocrx_word' id='word_1_43' title='bbox 1737 675 1926 716; x_wconf 88' lang='lat' dir='ltr'><strong>omnes</strong></span> 
     </span>
    </p>
   </div>
   <div class='ocr_carea' id='block_1_7' title="bbox 355 753 1926 824">
    <p class='ocr_par' dir='ltr' id='par_1_7' title="bbox 355 753 1926 824">
     <span class='ocr_line' id='line_1_7' title="bbox 355 753 1926 824; baseline 0.002 -17"><span class='ocrx_word' id='word_1_44' title='bbox 355 753 732 808; x_wconf 78' lang='lat' dir='ltr'><strong>credunt‘lllle</strong></span> <span class='ocrx_word' id='word_1_45' title='bbox 757 761 939 809; x_wconf 91' lang='lat' dir='ltr'><strong>tamen</strong></span> <span class='ocrx_word' id='word_1_46' title='bbox 973 755 1117 824; x_wconf 89' lang='lat' dir='ltr'><strong>quod</strong></span> <span class='ocrx_word' id='word_1_47' title='bbox 1140 771 1296 810; x_wconf 89' lang='lat' dir='ltr'><strong>suum</strong></span> <span class='ocrx_word' id='word_1_48' title='bbox 1332 762 1450 810; x_wconf 91' lang='lat' dir='ltr'><strong>erat</strong></span> <span class='ocrx_word' id='word_1_49' title='bbox 1487 755 1744 824; x_wconf 81' lang='lat' dir='ltr'><strong>implevit.</strong></span> <span class='ocrx_word' id='word_1_50' title='bbox 1792 755 1926 810; x_wconf 89' lang='lat' dir='ltr'><strong>Pro-</strong></span> 
     </span>
    </p>
   </div>
   <div class='ocr_carea' id='block_1_8' title="bbox 352 845 1928 918">
    <p class='ocr_par' dir='ltr' id='par_1_8' title="bbox 352 845 1928 918">
     <span class='ocr_line' id='line_1_8' title="bbox 352 845 1928 918; baseline 0.003 -19"><span class='ocrx_word' id='word_1_51' title='bbox 352 845 489 912; x_wconf 85' lang='lat' dir='ltr'><strong>prie,</strong></span> <span class='ocrx_word' id='word_1_52' title='bbox 543 846 769 918; x_wconf 86' lang='lat' dir='ltr'><strong>gustavit</strong></span> <span class='ocrx_word' id='word_1_53' title='bbox 813 856 1049 912; x_wconf 89' lang='lat' dir='ltr'><strong>mortem,</strong></span> <span class='ocrx_word' id='word_1_54' title='bbox 1105 845 1264 913; x_wconf 82' lang='lat' dir='ltr'><strong>dixit,</strong></span> <span class='ocrx_word' id='word_1_55' title='bbox 1323 847 1450 917; x_wconf 87' lang='lat' dir='ltr'><strong>quia</strong></span> <span class='ocrx_word' id='word_1_56' title='bbox 1493 847 1645 902; x_wconf 86' lang='lat' dir='ltr'><strong>brevi</strong></span> <span class='ocrx_word' id='word_1_57' title='bbox 1687 855 1928 916; x_wconf 89' lang='lat' dir='ltr'><strong>tempore</strong></span> 
     </span>
    </p>
   </div>
   <div class='ocr_carea' id='block_1_9' title="bbox 354 933 1918 1008">
    <p class='ocr_par' dir='ltr' id='par_1_9' title="bbox 354 933 1918 1008">
     <span class='ocr_line' id='line_1_9' title="bbox 354 933 1918 1008; baseline -0.001 -17"><span class='ocrx_word' id='word_1_58' title='bbox 354 937 410 992; x_wconf 91' lang='lat' dir='ltr'><strong>in</strong></span> <span class='ocrx_word' id='word_1_59' title='bbox 454 934 544 990; x_wconf 88' lang='lat' dir='ltr'><strong>illa</strong></span> <span class='ocrx_word' id='word_1_60' title='bbox 575 933 698 1001; x_wconf 86' lang='lat' dir='ltr'><strong>fuit,</strong></span> <span class='ocrx_word' id='word_1_61' title='bbox 739 943 798 990; x_wconf 91' lang='lat' dir='ltr'><strong>ut</strong></span> <span class='ocrx_word' id='word_1_62' title='bbox 832 951 896 992; x_wconf 88' lang='lat' dir='ltr'><strong>ea</strong></span> <span class='ocrx_word' id='word_1_63' title='bbox 937 937 1146 993; x_wconf 88' lang='lat' dir='ltr'><strong>devicta</strong></span> <span class='ocrx_word' id='word_1_64' title='bbox 1199 937 1484 992; x_wconf 87' lang='lat' dir='ltr'><strong>confestim</strong></span> <span class='ocrx_word' id='word_1_65' title='bbox 1530 945 1858 1008; x_wconf 78' lang='lat' dir='ltr'><strong>resurgeret.</strong></span> <span class='ocrx_word' id='word_1_66' title='bbox 1898 955 1918 990; x_wconf 71' lang='grc' dir='ltr'><strong>ι</strong></span> 
     </span>
    </p>
   </div>
   <div class='ocr_carea' id='block_1_10' title="bbox 423 1026 1928 1104">
    <p class='ocr_par' dir='ltr' id='par_1_10' title="bbox 423 1026 1928 1104">
     <span class='ocr_line' id='line_1_10' title="bbox 423 1026 1928 1104; baseline -0.001 -16"><span class='ocrx_word' id='word_1_67' title='bbox 423 1031 588 1088; x_wconf 72' lang='lat' dir='ltr'><strong>Vens.</strong></span> <span class='ocrx_word' id='word_1_68' title='bbox 619 1031 702 1087; x_wconf 86' lang='grc'><strong>10.</strong></span> <span class='ocrx_word' id='word_1_69' title='bbox 730 1063 802 1073; x_wconf 90' lang='grc'><strong><em>-</em></strong></span> <span class='ocrx_word' id='word_1_70' title='bbox 828 1032 1055 1088; x_wconf 87' lang='lat' dir='ltr'><strong>Decebat</strong></span> <span class='ocrx_word' id='word_1_71' title='bbox 1093 1034 1230 1088; x_wconf 90' lang='lat' dir='ltr'><strong>enim</strong></span> <span class='ocrx_word' id='word_1_72' title='bbox 1251 1026 1390 1099; x_wconf 74' lang='lat' dir='ltr'><strong>eum,</strong></span> <span class='ocrx_word' id='word_1_73' title='bbox 1412 1042 1621 1104; x_wconf 77' lang='lat' dir='ltr'><strong>propter</strong></span> <span class='ocrx_word' id='word_1_74' title='bbox 1637 1048 1787 1104; x_wconf 87' lang='lat' dir='ltr'><strong>quem</strong></span> <span class='ocrx_word' id='word_1_75' title='bbox 1815 1047 1928 1086; x_wconf 87' lang='lat' dir='ltr'><strong>om-</strong></span> 
     </span>
    </p>
   </div>
   <div class='ocr_carea' id='block_1_11' title="bbox 351 1122 1926 1197">
    <p class='ocr_par' dir='ltr' id='par_1_11' title="bbox 351 1122 1926 1197">
     <span class='ocr_line' id='line_1_11' title="bbox 351 1122 1926 1197; baseline -0.003 -17"><span class='ocrx_word' id='word_1_76' title='bbox 351 1125 458 1189; x_wconf 90' lang='lat' dir='ltr'><strong>nia,</strong></span> <span class='ocrx_word' id='word_1_77' title='bbox 488 1134 537 1179; x_wconf 91' lang='lat' dir='ltr'><strong>et</strong></span> <span class='ocrx_word' id='word_1_78' title='bbox 562 1142 656 1197; x_wconf 90' lang='lat' dir='ltr'><strong>per</strong></span> <span class='ocrx_word' id='word_1_79' title='bbox 680 1142 832 1196; x_wconf 89' lang='lat' dir='ltr'><strong>quem</strong></span> <span class='ocrx_word' id='word_1_80' title='bbox 873 1127 1070 1191; x_wconf 90' lang='lat' dir='ltr'><strong>omnia,</strong></span> <span class='ocrx_word' id='word_1_81' title='bbox 1115 1125 1204 1196; x_wconf 91' lang='lat' dir='ltr'><strong>qui</strong></span> <span class='ocrx_word' id='word_1_82' title='bbox 1230 1124 1421 1179; x_wconf 91' lang='lat' dir='ltr'><strong>multos</strong></span> <span class='ocrx_word' id='word_1_83' title='bbox 1451 1123 1589 1194; x_wconf 83' lang='lat' dir='ltr'><strong>ﬁlios</strong></span> <span class='ocrx_word' id='word_1_84' title='bbox 1619 1125 1674 1180; x_wconf 90' lang='lat' dir='ltr'><strong>in</strong></span> <span class='ocrx_word' id='word_1_85' title='bbox 1702 1122 1926 1194; x_wconf 79' lang='lat' dir='ltr'><strong>gloriam</strong></span> 
     </span>
    </p>
   </div>
   <div class='ocr_carea' id='block_1_12' title="bbox 350 1216 1926 1300">
    <p class='ocr_par' dir='ltr' id='par_1_12' title="bbox 350 1216 1926 1300">
     <span class='ocr_line' id='line_1_12' title="bbox 350 1216 1926 1300; baseline -0.001 -28"><span class='ocrx_word' id='word_1_86' title='bbox 350 1217 666 1284; x_wconf 76' lang='lat' dir='ltr'><strong>adduxerat,</strong></span> <span class='ocrx_word' id='word_1_87' title='bbox 717 1226 982 1272; x_wconf 78' lang='lat' dir='ltr'><strong>auctorem</strong></span> <span class='ocrx_word' id='word_1_88' title='bbox 1034 1216 1219 1272; x_wconf 87' lang='lat' dir='ltr'><strong>salutis</strong></span> <span class='ocrx_word' id='word_1_89' title='bbox 1265 1233 1444 1272; x_wconf 91' lang='lat' dir='ltr'><strong>eorum</strong></span> <span class='ocrx_word' id='word_1_90' title='bbox 1489 1233 1582 1288; x_wconf 91' lang='lat' dir='ltr'><strong>per</strong></span> <span class='ocrx_word' id='word_1_91' title='bbox 1630 1216 1926 1300; x_wconf 83' lang='lat' dir='ltr'><strong>passionem</strong></span> 
     </span>
    </p>
   </div>
   <div class='ocr_carea' id='block_1_13' title="bbox 349 1309 1926 1380">
    <p class='ocr_par' dir='ltr' id='par_1_13' title="bbox 349 1309 1926 1380">
     <span class='ocr_line' id='line_1_13' title="bbox 349 1309 1926 1380; baseline 0.001 -18"><span class='ocrx_word' id='word_1_92' title='bbox 349 1325 726 1364; x_wconf 85' lang='lat' dir='ltr'><strong>consummare.</strong></span> <span class='ocrx_word' id='word_1_93' title='bbox 777 1309 1011 1366; x_wconf 86' lang='lat' dir='ltr'><strong>Decebat</strong></span> <span class='ocrx_word' id='word_1_94' title='bbox 1053 1310 1197 1367; x_wconf 91' lang='lat' dir='ltr'><strong>enim</strong></span> <span class='ocrx_word' id='word_1_95' title='bbox 1217 1325 1315 1380; x_wconf 89' lang='lat' dir='ltr'><strong>per</strong></span> <span class='ocrx_word' id='word_1_96' title='bbox 1341 1309 1649 1380; x_wconf 88' lang='lat' dir='ltr'><strong>passionem</strong></span> <span class='ocrx_word' id='word_1_97' title='bbox 1675 1323 1926 1365; x_wconf 87' lang='lat' dir='ltr'><strong>consum-</strong></span> 
     </span>
    </p>
   </div>
   <div class='ocr_carea' id='block_1_14' title="bbox 349 1400 1925 1473">
    <p class='ocr_par' dir='ltr' id='par_1_14' title="bbox 349 1400 1925 1473">
     <span class='ocr_line' id='line_1_14' title="bbox 349 1400 1925 1473; baseline 0 -17"><span class='ocrx_word' id='word_1_98' title='bbox 349 1416 517 1468; x_wconf 87' lang='lat' dir='ltr'><strong>mare,</strong></span> <span class='ocrx_word' id='word_1_99' title='bbox 547 1402 601 1457; x_wconf 89' lang='lat' dir='ltr'><strong>id</strong></span> <span class='ocrx_word' id='word_1_100' title='bbox 647 1409 749 1469; x_wconf 88' lang='lat' dir='ltr'><strong>est,</strong></span> <span class='ocrx_word' id='word_1_101' title='bbox 775 1402 1038 1473; x_wconf 90' lang='lat' dir='ltr'><strong>perﬁcere</strong></span> <span class='ocrx_word' id='word_1_102' title='bbox 1079 1402 1320 1458; x_wconf 89' lang='lat' dir='ltr'><strong>omnium</strong></span> <span class='ocrx_word' id='word_1_103' title='bbox 1356 1401 1603 1457; x_wconf 90' lang='lat' dir='ltr'><strong>salutem.</strong></span> <span class='ocrx_word' id='word_1_104' title='bbox 1637 1400 1745 1456; x_wconf 91' lang='lat' dir='ltr'><strong>Per</strong></span> <span class='ocrx_word' id='word_1_105' title='bbox 1771 1418 1925 1473; x_wconf 84' lang='lat' dir='ltr'><strong>quem</strong></span> 
     </span>
    </p>
   </div>
   <div class='ocr_carea' id='block_1_15' title="bbox 348 1492 1923 1566">
    <p class='ocr_par' dir='ltr' id='par_1_15' title="bbox 348 1492 1923 1566">
     <span class='ocr_line' id='line_1_15' title="bbox 348 1492 1923 1566; baseline 0.002 -20"><span class='ocrx_word' id='word_1_106' title='bbox 348 1494 547 1560; x_wconf 83' lang='lat' dir='ltr'><strong>omnia,</strong></span> <span class='ocrx_word' id='word_1_107' title='bbox 575 1493 630 1549; x_wconf 91' lang='lat' dir='ltr'><strong>id</strong></span> <span class='ocrx_word' id='word_1_108' title='bbox 658 1501 761 1560; x_wconf 89' lang='lat' dir='ltr'><strong>est,</strong></span> <span class='ocrx_word' id='word_1_109' title='bbox 787 1509 886 1565; x_wconf 86' lang='lat' dir='ltr'><strong>per</strong></span> <span class='ocrx_word' id='word_1_110' title='bbox 912 1495 1029 1566; x_wconf 84' lang='lat' dir='ltr'><strong>ejus</strong></span> <span class='ocrx_word' id='word_1_111' title='bbox 1055 1503 1308 1560; x_wconf 88' lang='lat' dir='ltr'><strong>mortem,</strong></span> <span class='ocrx_word' id='word_1_112' title='bbox 1353 1495 1466 1550; x_wconf 85' lang='lat' dir='ltr'><strong>sive</strong></span> <span class='ocrx_word' id='word_1_113' title='bbox 1502 1509 1623 1565; x_wconf 75' lang='lat' dir='ltr'><strong>qua:</strong></span> <span class='ocrx_word' id='word_1_114' title='bbox 1649 1494 1706 1549; x_wconf 90' lang='lat' dir='ltr'><strong>in</strong></span> <span class='ocrx_word' id='word_1_115' title='bbox 1750 1492 1923 1560; x_wconf 71' lang='lat' dir='ltr'><strong>cmlis,</strong></span> 
     </span>
    </p>
   </div>
   <div class='ocr_carea' id='block_1_16' title="bbox 346 1585 1926 1657">
    <p class='ocr_par' dir='ltr' id='par_1_16' title="bbox 346 1585 1926 1657">
     <span class='ocr_line' id='line_1_16' title="bbox 346 1585 1926 1657; baseline 0.001 -18"><span class='ocrx_word' id='word_1_116' title='bbox 346 1585 458 1640; x_wconf 85' lang='lat' dir='ltr'><strong>sive</strong></span> <span class='ocrx_word' id='word_1_117' title='bbox 493 1601 612 1656; x_wconf 71' lang='lat' dir='ltr'><strong>qua:</strong></span> <span class='ocrx_word' id='word_1_118' title='bbox 640 1586 695 1641; x_wconf 91' lang='lat' dir='ltr'><strong>in</strong></span> <span class='ocrx_word' id='word_1_119' title='bbox 727 1588 888 1643; x_wconf 88' lang='lat' dir='ltr'><strong>terris</strong></span> <span class='ocrx_word' id='word_1_120' title='bbox 927 1595 1232 1642; x_wconf 76' lang='lat' dir='ltr'><strong>restaurata</strong></span> <span class='ocrx_word' id='word_1_121' title='bbox 1266 1594 1408 1652; x_wconf 89' lang='lat' dir='ltr'><strong>sunt,</strong></span> <span class='ocrx_word' id='word_1_122' title='bbox 1432 1601 1530 1657; x_wconf 87' lang='lat' dir='ltr'><strong>per</strong></span> <span class='ocrx_word' id='word_1_123' title='bbox 1555 1600 1714 1656; x_wconf 88' lang='lat' dir='ltr'><strong>quem</strong></span> <span class='ocrx_word' id='word_1_124' title='bbox 1759 1585 1926 1640; x_wconf 89' lang='lat' dir='ltr'><strong>etiam</strong></span> 
     </span>
    </p>
   </div>
   <div class='ocr_carea' id='block_1_17' title="bbox 344 1674 1924 1749">
    <p class='ocr_par' dir='ltr' id='par_1_17' title="bbox 344 1674 1924 1749">
     <span class='ocr_line' id='line_1_17' title="bbox 344 1674 1924 1749; baseline 0 -19"><span class='ocrx_word' id='word_1_125' title='bbox 344 1685 396 1730; x_wconf 92' lang='lat' dir='ltr'><strong>et</strong></span> <span class='ocrx_word' id='word_1_126' title='bbox 428 1677 608 1733; x_wconf 86' lang='lat' dir='ltr'><strong>omnia</strong></span> <span class='ocrx_word' id='word_1_127' title='bbox 635 1685 822 1733; x_wconf 90' lang='lat' dir='ltr'><strong>creata</strong></span> <span class='ocrx_word' id='word_1_128' title='bbox 848 1686 992 1733; x_wconf 88' lang='lat' dir='ltr'><strong>sunt.</strong></span> <span class='ocrx_word' id='word_1_129' title='bbox 1027 1697 1047 1730; x_wconf 88' lang='grc'><strong>‹</strong></span> <span class='ocrx_word' id='word_1_130' title='bbox 1077 1678 1242 1734; x_wconf 82' lang='lat' dir='ltr'><strong>Vides</strong></span> <span class='ocrx_word' id='word_1_131' title='bbox 1265 1687 1526 1749; x_wconf 88' lang='lat' dir='ltr'><strong>quantum</strong></span> <span class='ocrx_word' id='word_1_132' title='bbox 1551 1683 1635 1732; x_wconf 89' lang='lat' dir='ltr'><strong>est</strong></span> <span class='ocrx_word' id='word_1_133' title='bbox 1661 1676 1715 1730; x_wconf 93' lang='lat' dir='ltr'><strong>in</strong></span> <span class='ocrx_word' id='word_1_134' title='bbox 1743 1674 1924 1731; x_wconf 91' lang='lat' dir='ltr'><strong>medio</strong></span> 
     </span>
    </p>
   </div>
   <div class='ocr_carea' id='block_1_18' title="bbox 344 1768 1917 1840">
    <p class='ocr_par' dir='ltr' id='par_1_18' title="bbox 344 1768 1917 1840">
     <span class='ocr_line' id='line_1_18' title="bbox 344 1768 1917 1840; baseline -0.001 -17"><span class='ocrx_word' id='word_1_135' title='bbox 344 1770 628 1824; x_wconf 89' lang='lat' dir='ltr'><strong>nostrum?</strong></span> <span class='ocrx_word' id='word_1_136' title='bbox 658 1769 725 1824; x_wconf 87' lang='lat' dir='ltr'><strong>Et</strong></span> <span class='ocrx_word' id='word_1_137' title='bbox 745 1771 859 1840; x_wconf 92' lang='lat' dir='ltr'><strong>ipse</strong></span> <span class='ocrx_word' id='word_1_138' title='bbox 887 1770 1074 1837; x_wconf 87' lang='lat' dir='ltr'><strong>Filius,</strong></span> <span class='ocrx_word' id='word_1_139' title='bbox 1096 1778 1151 1824; x_wconf 90' lang='lat' dir='ltr'><strong>et</strong></span> <span class='ocrx_word' id='word_1_140' title='bbox 1177 1786 1274 1826; x_wconf 93' lang='lat' dir='ltr'><strong>nos</strong></span> <span class='ocrx_word' id='word_1_141' title='bbox 1300 1769 1396 1824; x_wconf 87' lang='lat' dir='ltr'><strong>ﬁlii</strong></span> <span class='ocrx_word' id='word_1_142' title='bbox 1422 1787 1436 1835; x_wconf 90' lang='lat'><strong>;</strong></span> <span class='ocrx_word' id='word_1_143' title='bbox 1473 1790 1492 1822; x_wconf 70' lang='grc' dir='ltr'><strong><em>ι</em></strong></span> <span class='ocrx_word' id='word_1_144' title='bbox 1525 1769 1612 1822; x_wconf 91' lang='lat' dir='ltr'><strong>ille</strong></span> <span class='ocrx_word' id='word_1_145' title='bbox 1646 1768 1917 1840; x_wconf 83' lang='lat' dir='ltr'><strong>proprius,</strong></span> 
     </span>
    </p>
   </div>
   <div class='ocr_carea' id='block_1_19' title="bbox 2026 568 3612 641">
    <p class='ocr_par' dir='ltr' id='par_1_19' title="bbox 2026 568 3612 641">
     <span class='ocr_line' id='line_1_19' title="bbox 2026 568 3612 641; baseline 0.004 -18"><span class='ocrx_word' id='word_1_146' title='bbox 2026 568 2414 623; x_wconf 79' lang='lat' dir='ltr'><strong>exhortabatur</strong></span> <span class='ocrx_word' id='word_1_147' title='bbox 2488 568 2752 624; x_wconf 86' lang='lat' dir='ltr'><strong>dicendo:</strong></span> <span class='ocrx_word' id='word_1_148' title='bbox 2801 569 3078 639; x_wconf 85' lang='lat' dir='ltr'><strong>Conﬁdite,</strong></span> <span class='ocrx_word' id='word_1_149' title='bbox 3135 588 3228 641; x_wconf 85' lang='lat' dir='ltr'><strong>ego</strong></span> <span class='ocrx_word' id='word_1_150' title='bbox 3298 573 3394 627; x_wconf 88' lang='lat' dir='ltr'><strong>vici</strong></span> <span class='ocrx_word' id='word_1_151' title='bbox 3457 591 3612 630; x_wconf 88' lang='lat' dir='ltr'><strong>mun-</strong></span> 
     </span>
    </p>
   </div>
   <div class='ocr_carea' id='block_1_20' title="bbox 2026 659 3610 736">
    <p class='ocr_par' dir='ltr' id='par_1_20' title="bbox 2026 659 3610 736">
     <span class='ocr_line' id='line_1_20' title="bbox 2026 659 3610 736; baseline 0.005 -23"><span class='ocrx_word' id='word_1_152' title='bbox 2026 660 2153 714; x_wconf 84' lang='lat' dir='ltr'><strong>dum</strong></span> <span class='ocrx_word' id='word_1_153' title='bbox 2205 659 2389 732; x_wconf 80' lang='lat' dir='ltr'><strong>(Joan.</strong></span> <span class='ocrx_word' id='word_1_154' title='bbox 2448 677 2560 727; x_wconf 72' lang='lat' dir='ltr'><strong>xvr,</strong></span> <span class='ocrx_word' id='word_1_155' title='bbox 2623 661 2734 734; x_wconf 79' lang='grc'><strong>55).</strong></span> <span class='ocrx_word' id='word_1_156' title='bbox 2797 661 2866 714; x_wconf 89' lang='lat' dir='ltr'><strong>Et</strong></span> <span class='ocrx_word' id='word_1_157' title='bbox 2931 679 3178 718; x_wconf 85' lang='lat' dir='ltr'><strong>rursum:</strong></span> <span class='ocrx_word' id='word_1_158' title='bbox 3228 661 3362 718; x_wconf 85' lang='lat' dir='ltr'><strong>Ecce</strong></span> <span class='ocrx_word' id='word_1_159' title='bbox 3415 682 3510 736; x_wconf 88' lang='lat' dir='ltr'><strong>ego</strong></span> <span class='ocrx_word' id='word_1_160' title='bbox 3561 675 3610 721; x_wconf 89' lang='lat' dir='ltr'><strong>et</strong></span> 
     </span>
    </p>
   </div>
   <div class='ocr_carea' id='block_1_21' title="bbox 2025 751 3610 829">
    <p class='ocr_par' dir='ltr' id='par_1_21' title="bbox 2025 751 3610 829">
     <span class='ocr_line' id='line_1_21' title="bbox 2025 751 3610 829; baseline 0.006 -25"><span class='ocrx_word' id='word_1_161' title='bbox 2025 752 2196 822; x_wconf 88' lang='lat' dir='ltr'><strong>pueri,</strong></span> <span class='ocrx_word' id='word_1_162' title='bbox 2227 768 2356 822; x_wconf 91' lang='lat' dir='ltr'><strong>quos</strong></span> <span class='ocrx_word' id='word_1_163' title='bbox 2381 751 2521 806; x_wconf 87' lang='lat' dir='ltr'><strong>dedit</strong></span> <span class='ocrx_word' id='word_1_164' title='bbox 2543 753 2669 806; x_wconf 91' lang='lat' dir='ltr'><strong>mihi</strong></span> <span class='ocrx_word' id='word_1_165' title='bbox 2699 753 2840 807; x_wconf 83' lang='lat' dir='ltr'><strong>Deus</strong></span> <span class='ocrx_word' id='word_1_166' title='bbox 2865 753 3048 825; x_wconf 78' lang='lat' dir='ltr'><strong>(Isaia:</strong></span> <span class='ocrx_word' id='word_1_167' title='bbox 3086 771 3204 821; x_wconf 85' lang='lat' dir='ltr'><strong>viii,</strong></span> <span class='ocrx_word' id='word_1_168' title='bbox 3231 755 3340 829; x_wconf 87' lang='grc'><strong>18).</strong></span> <span class='ocrx_word' id='word_1_169' title='bbox 3371 755 3485 814; x_wconf 81' lang='lat' dir='ltr'><strong>Hoc</strong></span> <span class='ocrx_word' id='word_1_170' title='bbox 3532 767 3610 813; x_wconf 86' lang='lat' dir='ltr'><strong>te-</strong></span> 
     </span>
    </p>
   </div>
   <div class='ocr_carea' id='block_1_22' title="bbox 2027 845 3608 917">
    <p class='ocr_par' dir='ltr' id='par_1_22' title="bbox 2027 845 3608 917">
     <span class='ocr_line' id='line_1_22' title="bbox 2027 845 3608 917; baseline 0.004 -18"><span class='ocrx_word' id='word_1_171' title='bbox 2027 845 2341 900; x_wconf 87' lang='lat' dir='ltr'><strong>stimonium</strong></span> <span class='ocrx_word' id='word_1_172' title='bbox 2367 846 2433 900; x_wconf 90' lang='lat' dir='ltr'><strong>de</strong></span> <span class='ocrx_word' id='word_1_173' title='bbox 2453 846 2589 901; x_wconf 85' lang='lat' dir='ltr'><strong>Isaia</strong></span> <span class='ocrx_word' id='word_1_174' title='bbox 2615 847 2840 916; x_wconf 88' lang='lat' dir='ltr'><strong>protulit</strong></span> <span class='ocrx_word' id='word_1_175' title='bbox 2871 846 3178 917; x_wconf 85' lang='lat' dir='ltr'><strong>Apostolus,</strong></span> <span class='ocrx_word' id='word_1_176' title='bbox 3229 849 3296 903; x_wconf 91' lang='lat' dir='ltr'><strong>ad</strong></span> <span class='ocrx_word' id='word_1_177' title='bbox 3331 848 3608 906; x_wconf 87' lang='lat' dir='ltr'><strong>Christum</strong></span> 
     </span>
    </p>
   </div>
   <div class='ocr_carea' id='block_1_23' title="bbox 2025 937 3608 1011">
    <p class='ocr_par' dir='ltr' id='par_1_23' title="bbox 2025 937 3608 1011">
     <span class='ocr_line' id='line_1_23' title="bbox 2025 937 3608 1011; baseline 0.004 -21"><span class='ocrx_word' id='word_1_178' title='bbox 2025 943 2083 990; x_wconf 94' lang='lat' dir='ltr'><strong>et</strong></span> <span class='ocrx_word' id='word_1_179' title='bbox 2121 937 2188 991; x_wconf 89' lang='lat' dir='ltr'><strong>ad</strong></span> <span class='ocrx_word' id='word_1_180' title='bbox 2231 937 2503 1006; x_wconf 89' lang='lat' dir='ltr'><strong>apostolos</strong></span> <span class='ocrx_word' id='word_1_181' title='bbox 2541 937 2800 1003; x_wconf 86' lang='lat' dir='ltr'><strong>referens,</strong></span> <span class='ocrx_word' id='word_1_182' title='bbox 2826 953 2960 1008; x_wconf 92' lang='lat' dir='ltr'><strong>quos</strong></span> <span class='ocrx_word' id='word_1_183' title='bbox 2992 948 3214 1011; x_wconf 87' lang='lat' dir='ltr'><strong>propter</strong></span> <span class='ocrx_word' id='word_1_184' title='bbox 3243 941 3608 998; x_wconf 89' lang='lat' dir='ltr'><strong>innocentiam</strong></span> 
     </span>
    </p>
   </div>
   <div class='ocr_carea' id='block_1_24' title="bbox 2024 1029 3604 1101">
    <p class='ocr_par' dir='ltr' id='par_1_24' title="bbox 2024 1029 3604 1101">
     <span class='ocr_line' id='line_1_24' title="bbox 2024 1029 3604 1101; baseline 0.005 -21"><span class='ocrx_word' id='word_1_185' title='bbox 2024 1043 2224 1097; x_wconf 90' lang='lat' dir='ltr'><strong>pueros</strong></span> <span class='ocrx_word' id='word_1_186' title='bbox 2280 1029 2596 1083; x_wconf 81' lang='lat' dir='ltr'><strong>nominavit.</strong></span> <span class='ocrx_word' id='word_1_187' title='bbox 2649 1029 2726 1085; x_wconf 93' lang='lat' dir='ltr'><strong>De</strong></span> <span class='ocrx_word' id='word_1_188' title='bbox 2782 1031 2977 1099; x_wconf 90' lang='lat' dir='ltr'><strong>quibus</strong></span> <span class='ocrx_word' id='word_1_189' title='bbox 3023 1032 3136 1101; x_wconf 90' lang='lat' dir='ltr'><strong>ipse</strong></span> <span class='ocrx_word' id='word_1_190' title='bbox 3185 1033 3442 1088; x_wconf 87' lang='lat' dir='ltr'><strong>Dominus</strong></span> <span class='ocrx_word' id='word_1_191' title='bbox 3489 1034 3604 1088; x_wconf 90' lang='lat' dir='ltr'><strong>ait:</strong></span> 
     </span>
    </p>
   </div>
   <div class='ocr_carea' id='block_1_25' title="bbox 2028 1117 3609 1196">
    <p class='ocr_par' dir='ltr' id='par_1_25' title="bbox 2028 1117 3609 1196">
     <span class='ocr_line' id='line_1_25' title="bbox 2028 1117 3609 1196; baseline 0.004 -22"><span class='ocrx_word' id='word_1_192' title='bbox 2028 1117 2199 1174; x_wconf 81' lang='lat' dir='ltr'><strong>Sinite</strong></span> <span class='ocrx_word' id='word_1_193' title='bbox 2225 1120 2467 1190; x_wconf 84' lang='lat' dir='ltr'><strong>parvulos</strong></span> <span class='ocrx_word' id='word_1_194' title='bbox 2492 1137 2664 1176; x_wconf 77' lang='lat' dir='ltr'><strong>venire</strong></span> <span class='ocrx_word' id='word_1_195' title='bbox 2684 1121 2754 1176; x_wconf 88' lang='lat' dir='ltr'><strong>ad</strong></span> <span class='ocrx_word' id='word_1_196' title='bbox 2779 1139 2884 1188; x_wconf 91' lang='lat' dir='ltr'><strong>me,</strong></span> <span class='ocrx_word' id='word_1_197' title='bbox 2909 1123 3095 1178; x_wconf 90' lang='lat' dir='ltr'><strong>talium</strong></span> <span class='ocrx_word' id='word_1_198' title='bbox 3127 1133 3204 1178; x_wconf 88' lang='lat' dir='ltr'><strong>est</strong></span> <span class='ocrx_word' id='word_1_199' title='bbox 3231 1125 3368 1178; x_wconf 91' lang='lat' dir='ltr'><strong>enim</strong></span> <span class='ocrx_word' id='word_1_200' title='bbox 3394 1142 3609 1196; x_wconf 81' lang='lat' dir='ltr'><strong>regnum</strong></span> 
     </span>
    </p>
   </div>
   <div class='ocr_carea' id='block_1_26' title="bbox 2026 1208 3608 1287">
    <p class='ocr_par' dir='ltr' id='par_1_26' title="bbox 2026 1208 3608 1287">
     <span class='ocr_line' id='line_1_26' title="bbox 2026 1208 3608 1287; baseline 0.006 -25"><span class='ocrx_word' id='word_1_201' title='bbox 2026 1208 2272 1264; x_wconf 75' lang='lat' dir='ltr'><strong>caelorum</strong></span> <span class='ocrx_word' id='word_1_202' title='bbox 2294 1210 2488 1282; x_wconf 78' lang='lat' dir='ltr'><strong>(Marc.</strong></span> <span class='ocrx_word' id='word_1_203' title='bbox 2514 1228 2572 1278; x_wconf 86' lang='lat' dir='ltr'><strong>x,</strong></span> <span class='ocrx_word' id='word_1_204' title='bbox 2604 1211 2712 1284; x_wconf 73' lang='grc'><strong>14).</strong></span> <span class='ocrx_word' id='word_1_205' title='bbox 2745 1212 2929 1284; x_wconf 74' lang='lat' dir='ltr'><strong>(Vens.</strong></span> <span class='ocrx_word' id='word_1_206' title='bbox 2963 1213 3076 1287; x_wconf 72' lang='lat' dir='ltr'><strong>ﬂ.)</strong></span> <span class='ocrx_word' id='word_1_207' title='bbox 3115 1215 3254 1282; x_wconf 83' lang='lat' dir='ltr'><strong>Quia</strong></span> <span class='ocrx_word' id='word_1_208' title='bbox 3297 1233 3416 1285; x_wconf 85' lang='lat' dir='ltr'><strong>ergo</strong></span> <span class='ocrx_word' id='word_1_209' title='bbox 3456 1217 3608 1287; x_wconf 89' lang='lat' dir='ltr'><strong>pueri</strong></span> 
     </span>
    </p>
   </div>
   <div class='ocr_carea' id='block_1_27' title="bbox 2027 1303 3610 1378">
    <p class='ocr_par' dir='ltr' id='par_1_27' title="bbox 2027 1303 3610 1378">
     <span class='ocr_line' id='line_1_27' title="bbox 2027 1303 3610 1378; baseline 0.004 -22"><span class='ocrx_word' id='word_1_210' title='bbox 2027 1303 2541 1356; x_wconf 88' lang='lat' dir='ltr'><strong>communicaverunt</strong></span> <span class='ocrx_word' id='word_1_211' title='bbox 2585 1305 2733 1358; x_wconf 89' lang='lat' dir='ltr'><strong>carni</strong></span> <span class='ocrx_word' id='word_1_212' title='bbox 2769 1313 2817 1358; x_wconf 88' lang='lat' dir='ltr'><strong>et</strong></span> <span class='ocrx_word' id='word_1_213' title='bbox 2864 1306 3129 1377; x_wconf 80' lang='lat' dir='ltr'><strong>sanguini,</strong></span> <span class='ocrx_word' id='word_1_214' title='bbox 3157 1316 3205 1361; x_wconf 91' lang='lat' dir='ltr'><strong>et</strong></span> <span class='ocrx_word' id='word_1_215' title='bbox 3230 1307 3338 1378; x_wconf 87' lang='lat' dir='ltr'><strong>ipse</strong></span> <span class='ocrx_word' id='word_1_216' title='bbox 3367 1307 3610 1363; x_wconf 77' lang='lat' dir='ltr'><strong>similiter</strong></span> 
     </span>
    </p>
   </div>
   <div class='ocr_carea' id='block_1_28' title="bbox 2023 1395 3610 1466">
    <p class='ocr_par' dir='ltr' id='par_1_28' title="bbox 2023 1395 3610 1466">
     <span class='ocr_line' id='line_1_28' title="bbox 2023 1395 3610 1466; baseline 0.006 -20"><span class='ocrx_word' id='word_1_217' title='bbox 2023 1395 2358 1466; x_wconf 87' lang='lat' dir='ltr'><strong>participavit</strong></span> <span class='ocrx_word' id='word_1_218' title='bbox 2420 1395 2634 1449; x_wconf 88' lang='lat' dir='ltr'><strong>eisdem.</strong></span> <span class='ocrx_word' id='word_1_219' title='bbox 2695 1395 2796 1452; x_wconf 84' lang='lat' dir='ltr'><strong>Hic</strong></span> <span class='ocrx_word' id='word_1_220' title='bbox 2848 1399 3043 1454; x_wconf 88' lang='lat' dir='ltr'><strong>astruit</strong></span> <span class='ocrx_word' id='word_1_221' title='bbox 3081 1399 3478 1458; x_wconf 80' lang='lat' dir='ltr'><strong>fraternitatem</strong></span> <span class='ocrx_word' id='word_1_222' title='bbox 3517 1417 3610 1456; x_wconf 83' lang='lat' dir='ltr'><strong>ve-</strong></span> 
     </span>
    </p>
   </div>
   <div class='ocr_carea' id='block_1_29' title="bbox 2027 1486 3607 1562">
    <p class='ocr_par' dir='ltr' id='par_1_29' title="bbox 2027 1486 3607 1562">
     <span class='ocr_line' id='line_1_29' title="bbox 2027 1486 3607 1562; baseline 0.004 -22"><span class='ocrx_word' id='word_1_223' title='bbox 2027 1499 2147 1540; x_wconf 86' lang='lat' dir='ltr'><strong>ram</strong></span> <span class='ocrx_word' id='word_1_224' title='bbox 2180 1493 2235 1540; x_wconf 93' lang='lat' dir='ltr'><strong>et</strong></span> <span class='ocrx_word' id='word_1_225' title='bbox 2255 1486 2645 1542; x_wconf 88' lang='lat' dir='ltr'><strong>humanitatem</strong></span> <span class='ocrx_word' id='word_1_226' title='bbox 2676 1486 2899 1556; x_wconf 89' lang='lat' dir='ltr'><strong>Christi,</strong></span> <span class='ocrx_word' id='word_1_227' title='bbox 2921 1505 3029 1545; x_wconf 91' lang='lat' dir='ltr'><strong>non</strong></span> <span class='ocrx_word' id='word_1_228' title='bbox 3054 1490 3253 1546; x_wconf 90' lang='lat' dir='ltr'><strong>ﬁctam.</strong></span> <span class='ocrx_word' id='word_1_229' title='bbox 3280 1489 3432 1547; x_wconf 86' lang='lat' dir='ltr'><strong>Sicut</strong></span> <span class='ocrx_word' id='word_1_230' title='bbox 3453 1493 3607 1562; x_wconf 90' lang='lat' dir='ltr'><strong>pueri</strong></span> 
     </span>
    </p>
   </div>
   <div class='ocr_carea' id='block_1_30' title="bbox 2027 1579 3603 1656">
    <p class='ocr_par' dir='ltr' id='par_1_30' title="bbox 2027 1579 3603 1656">
     <span class='ocr_line' id='line_1_30' title="bbox 2027 1579 3603 1656; baseline 0.003 -22"><span class='ocrx_word' id='word_1_231' title='bbox 2027 1591 2193 1634; x_wconf 85' lang='lat' dir='ltr'><strong>carne</strong></span> <span class='ocrx_word' id='word_1_232' title='bbox 2211 1579 2544 1650; x_wconf 87' lang='lat' dir='ltr'><strong>etsanguine</strong></span> <span class='ocrx_word' id='word_1_233' title='bbox 2566 1589 2841 1648; x_wconf 88' lang='lat' dir='ltr'><strong>constant,</strong></span> <span class='ocrx_word' id='word_1_234' title='bbox 2863 1591 2920 1637; x_wconf 91' lang='lat' dir='ltr'><strong>et</strong></span> <span class='ocrx_word' id='word_1_235' title='bbox 2943 1583 3032 1638; x_wconf 90' lang='lat' dir='ltr'><strong>ille</strong></span> <span class='ocrx_word' id='word_1_236' title='bbox 3071 1584 3416 1656; x_wconf 90' lang='lat' dir='ltr'><strong>participavit</strong></span> <span class='ocrx_word' id='word_1_237' title='bbox 3449 1585 3603 1639; x_wconf 79' lang='lat' dir='ltr'><strong>carni</strong></span> 
     </span>
    </p>
   </div>
   <div class='ocr_carea' id='block_1_31' title="bbox 2023 1673 3608 1750">
    <p class='ocr_par' dir='ltr' id='par_1_31' title="bbox 2023 1673 3608 1750">
     <span class='ocr_line' id='line_1_31' title="bbox 2023 1673 3608 1750; baseline 0.004 -22"><span class='ocrx_word' id='word_1_238' title='bbox 2023 1682 2077 1728; x_wconf 91' lang='lat' dir='ltr'><strong>et</strong></span> <span class='ocrx_word' id='word_1_239' title='bbox 2093 1673 2360 1742; x_wconf 83' lang='lat' dir='ltr'><strong>sanguini,</strong></span> <span class='ocrx_word' id='word_1_240' title='bbox 2378 1674 2673 1732; x_wconf 89' lang='lat' dir='ltr'><strong>uthaberet</strong></span> <span class='ocrx_word' id='word_1_241' title='bbox 2693 1678 2834 1734; x_wconf 90' lang='lat' dir='ltr'><strong>unde</strong></span> <span class='ocrx_word' id='word_1_242' title='bbox 2849 1687 3088 1748; x_wconf 77' lang='lat' dir='ltr'><strong>gustaret</strong></span> <span class='ocrx_word' id='word_1_243' title='bbox 3103 1687 3334 1735; x_wconf 87' lang='lat' dir='ltr'><strong>mortem</strong></span> <span class='ocrx_word' id='word_1_244' title='bbox 3353 1694 3452 1750; x_wconf 91' lang='lat' dir='ltr'><strong>pro</strong></span> <span class='ocrx_word' id='word_1_245' title='bbox 3477 1695 3608 1750; x_wconf 84' lang='lat' dir='ltr'><strong>pue-</strong></span> 
     </span>
    </p>
   </div>
   <div class='ocr_carea' id='block_1_32' title="bbox 2023 1763 3604 1838">
    <p class='ocr_par' dir='ltr' id='par_1_32' title="bbox 2023 1763 3604 1838">
     <span class='ocr_line' id='line_1_32' title="bbox 2023 1763 3604 1838; baseline 0.008 -23"><span class='ocrx_word' id='word_1_246' title='bbox 2023 1777 2212 1817; x_wconf 88' lang='lat' dir='ltr'><strong>rorum</strong></span> <span class='ocrx_word' id='word_1_247' title='bbox 2254 1763 2448 1831; x_wconf 92' lang='lat' dir='ltr'><strong>salute,</strong></span> <span class='ocrx_word' id='word_1_248' title='bbox 2483 1766 2637 1838; x_wconf 90' lang='lat' dir='ltr'><strong>cujus</strong></span> <span class='ocrx_word' id='word_1_249' title='bbox 2665 1767 3085 1838; x_wconf 88' lang='lat' dir='ltr'><strong>dispensationis</strong></span> <span class='ocrx_word' id='word_1_250' title='bbox 3128 1769 3330 1826; x_wconf 73' lang='lat' dir='ltr'><strong>affatim</strong></span> <span class='ocrx_word' id='word_1_251' title='bbox 3382 1787 3604 1828; x_wconf 89' lang='lat' dir='ltr'><strong>causam</strong></span> 
     </span>
    </p>
   </div>
   <div class='ocr_carea' id='block_1_33' title="bbox 341 1828 3604 1932">
    <p class='ocr_par' dir='ltr' id='par_1_33' title="bbox 341 1828 3604 1932">
     <span class='ocr_line' id='line_1_33' title="bbox 341 1828 3604 1932; baseline 0.001 -17"><span class='ocrx_word' id='word_1_252' title='bbox 341 1874 441 1915; x_wconf 88' lang='lat' dir='ltr'><strong>nos</strong></span> <span class='ocrx_word' id='word_1_253' title='bbox 467 1859 724 1928; x_wconf 89' lang='lat' dir='ltr'><strong>adoptati.</strong></span> <span class='ocrx_word' id='word_1_254' title='bbox 813 1859 918 1915; x_wconf 88' lang='lat' dir='ltr'><strong>Sed</strong></span> <span class='ocrx_word' id='word_1_255' title='bbox 949 1861 1037 1914; x_wconf 86' lang='lat' dir='ltr'><strong>ille</strong></span> <span class='ocrx_word' id='word_1_256' title='bbox 1060 1828 1264 1927; x_wconf 74' lang='lat' dir='ltr'><strong>salvat,</strong></span> <span class='ocrx_word' id='word_1_257' title='bbox 1301 1868 1355 1914; x_wconf 90' lang='lat' dir='ltr'><strong>et</strong></span> <span class='ocrx_word' id='word_1_258' title='bbox 1385 1828 1484 1914; x_wconf 82' lang='lat' dir='ltr'><strong>nos</strong></span> <span class='ocrx_word' id='word_1_259' title='bbox 1507 1828 1794 1914; x_wconf 71' lang='lat' dir='ltr'><strong>salvantur.</strong></span> <span class='ocrx_word' id='word_1_260' title='bbox 1828 1858 1921 1912; x_wconf 83' lang='lat' dir='ltr'><strong>Vi-</strong></span> <span class='ocrx_word' id='word_1_261' title='bbox 1947 1828 1997 1890; x_wconf 78' lang='grc' dir='ltr'><strong>Β</strong></span> <span class='ocrx_word' id='word_1_262' title='bbox 2022 1854 2374 1925; x_wconf 84' lang='lat' dir='ltr'><strong>subjungens,</strong></span> <span class='ocrx_word' id='word_1_263' title='bbox 2427 1866 2483 1910; x_wconf 91' lang='lat' dir='ltr'><strong>ut</strong></span> <span class='ocrx_word' id='word_1_264' title='bbox 2512 1875 2604 1928; x_wconf 90' lang='lat' dir='ltr'><strong>per</strong></span> <span class='ocrx_word' id='word_1_265' title='bbox 2629 1868 2865 1924; x_wconf 90' lang='lat' dir='ltr'><strong>mortem,</strong></span> <span class='ocrx_word' id='word_1_266' title='bbox 2913 1861 3110 1932; x_wconf 89' lang='lat' dir='ltr'><strong>inquit,</strong></span> <span class='ocrx_word' id='word_1_267' title='bbox 3155 1862 3444 1918; x_wconf 85' lang='lat' dir='ltr'><strong>destrueret</strong></span> <span class='ocrx_word' id='word_1_268' title='bbox 3487 1881 3604 1918; x_wconf 91' lang='lat' dir='ltr'><strong>eum</strong></span> 
     </span>
    </p>
   </div>
   <div class='ocr_carea' id='block_1_34' title="bbox 341 1950 1918 2025">
    <p class='ocr_par' dir='ltr' id='par_1_34' title="bbox 341 1950 1918 2025">
     <span class='ocr_line' id='line_1_34' title="bbox 341 1950 1918 2025; baseline -0.003 -16"><span class='ocrx_word' id='word_1_269' title='bbox 341 1953 437 2009; x_wconf 92' lang='lat' dir='ltr'><strong>des</strong></span> <span class='ocrx_word' id='word_1_270' title='bbox 485 1955 752 2023; x_wconf 86' lang='lat' dir='ltr'><strong>quomodo</strong></span> <span class='ocrx_word' id='word_1_271' title='bbox 777 1970 874 2009; x_wconf 90' lang='lat' dir='ltr'><strong>nos</strong></span> <span class='ocrx_word' id='word_1_272' title='bbox 908 1962 962 2009; x_wconf 92' lang='lat' dir='ltr'><strong>et</strong></span> <span class='ocrx_word' id='word_1_273' title='bbox 988 1955 1264 2025; x_wconf 81' lang='lat' dir='ltr'><strong>conjungit</strong></span> <span class='ocrx_word' id='word_1_274' title='bbox 1284 1963 1339 2008; x_wconf 92' lang='lat' dir='ltr'><strong>et</strong></span> <span class='ocrx_word' id='word_1_275' title='bbox 1388 1953 1689 2008; x_wconf 86' lang='lat' dir='ltr'><strong>discernit?</strong></span> <span class='ocrx_word' id='word_1_276' title='bbox 1721 1950 1918 2006; x_wconf 82' lang='lat' dir='ltr'><strong>Multos</strong></span> 
     </span>
    </p>
   </div>
   <div class='ocr_carea' id='block_1_35' title="bbox 340 2041 1918 2115">
    <p class='ocr_par' dir='ltr' id='par_1_35' title="bbox 340 2041 1918 2115">
     <span class='ocr_line' id='line_1_35' title="bbox 340 2041 1918 2115; baseline 0.005 -21"><span class='ocrx_word' id='word_1_277' title='bbox 340 2041 497 2110; x_wconf 88' lang='lat' dir='ltr'><strong>ﬁlios,</strong></span> <span class='ocrx_word' id='word_1_278' title='bbox 545 2043 737 2113; x_wconf 88' lang='lat' dir='ltr'><strong>inquit,</strong></span> <span class='ocrx_word' id='word_1_279' title='bbox 783 2043 1030 2099; x_wconf 88' lang='lat' dir='ltr'><strong>inducens</strong></span> <span class='ocrx_word' id='word_1_280' title='bbox 1076 2045 1133 2099; x_wconf 88' lang='lat' dir='ltr'><strong>in</strong></span> <span class='ocrx_word' id='word_1_281' title='bbox 1177 2043 1440 2115; x_wconf 85' lang='lat' dir='ltr'><strong>gloriam;</strong></span> <span class='ocrx_word' id='word_1_282' title='bbox 1471 2045 1560 2100; x_wconf 90' lang='lat' dir='ltr'><strong>hic</strong></span> <span class='ocrx_word' id='word_1_283' title='bbox 1599 2044 1918 2115; x_wconf 80' lang='lat' dir='ltr'><strong>conjunxit;</strong></span> 
     </span>
    </p>
   </div>
   <div class='ocr_carea' id='block_1_36' title="bbox 339 2135 1914 2210">
    <p class='ocr_par' dir='ltr' id='par_1_36' title="bbox 339 2135 1914 2210">
     <span class='ocr_line' id='line_1_36' title="bbox 339 2135 1914 2210; baseline 0.006 -24"><span class='ocrx_word' id='word_1_284' title='bbox 339 2143 624 2202; x_wconf 88' lang='lat' dir='ltr'><strong>auctorem,</strong></span> <span class='ocrx_word' id='word_1_285' title='bbox 647 2135 842 2205; x_wconf 88' lang='lat' dir='ltr'><strong>inquit,</strong></span> <span class='ocrx_word' id='word_1_286' title='bbox 865 2135 1053 2192; x_wconf 88' lang='lat' dir='ltr'><strong>salutis</strong></span> <span class='ocrx_word' id='word_1_287' title='bbox 1071 2153 1249 2192; x_wconf 89' lang='lat' dir='ltr'><strong>eorum</strong></span> <span class='ocrx_word' id='word_1_288' title='bbox 1273 2153 1291 2192; x_wconf 89' lang='lat'><strong>:</strong></span> <span class='ocrx_word' id='word_1_289' title='bbox 1319 2137 1410 2192; x_wconf 92' lang='lat' dir='ltr'><strong>hic</strong></span> <span class='ocrx_word' id='word_1_290' title='bbox 1434 2135 1709 2192; x_wconf 87' lang='lat' dir='ltr'><strong>discrevit.</strong></span> <span class='ocrx_word' id='word_1_291' title='bbox 1728 2138 1914 2210; x_wconf 74' lang='lat' dir='ltr'><strong>(VI-ms.</strong></span> 
     </span>
    </p>
   </div>
   <div class='ocr_carea' id='block_1_37' title="bbox 339 2223 1914 2300">
    <p class='ocr_par' dir='ltr' id='par_1_37' title="bbox 339 2223 1914 2300">
     <span class='ocr_line' id='line_1_37' title="bbox 339 2223 1914 2300; baseline 0.005 -22"><span class='ocrx_word' id='word_1_292' title='bbox 339 2223 453 2298; x_wconf 92' lang='grc'><strong>11.)</strong></span> <span class='ocrx_word' id='word_1_293' title='bbox 507 2224 610 2292; x_wconf 91' lang='lat' dir='ltr'><strong>Qui</strong></span> <span class='ocrx_word' id='word_1_294' title='bbox 676 2228 813 2282; x_wconf 89' lang='lat' dir='ltr'><strong>enim</strong></span> <span class='ocrx_word' id='word_1_295' title='bbox 877 2229 1193 2298; x_wconf 86' lang='lat' dir='ltr'><strong>sanctiﬁcat,</strong></span> <span class='ocrx_word' id='word_1_296' title='bbox 1251 2236 1298 2282; x_wconf 90' lang='lat' dir='ltr'><strong>et</strong></span> <span class='ocrx_word' id='word_1_297' title='bbox 1363 2230 1454 2299; x_wconf 89' lang='lat' dir='ltr'><strong>qui</strong></span> <span class='ocrx_word' id='word_1_298' title='bbox 1492 2229 1914 2300; x_wconf 86' lang='lat' dir='ltr'><strong>sanctiﬁcantur,</strong></span> 
     </span>
    </p>
   </div>
   <div class='ocr_carea' id='block_1_38' title="bbox 337 2320 1916 2396">
    <p class='ocr_par' dir='ltr' id='par_1_38' title="bbox 337 2320 1916 2396">
     <span class='ocr_line' id='line_1_38' title="bbox 337 2320 1916 2396; baseline 0.008 -26"><span class='ocrx_word' id='word_1_299' title='bbox 337 2332 404 2370; x_wconf 78' lang='lat' dir='ltr'><strong>ea:</strong></span> <span class='ocrx_word' id='word_1_300' title='bbox 443 2332 547 2370; x_wconf 91' lang='lat' dir='ltr'><strong>uno</strong></span> <span class='ocrx_word' id='word_1_301' title='bbox 604 2333 800 2373; x_wconf 88' lang='lat' dir='ltr'><strong>omnes.</strong></span> <span class='ocrx_word' id='word_1_302' title='bbox 865 2337 884 2371; x_wconf 86' lang='grc'><em>‹</em></span> <span class='ocrx_word' id='word_1_303' title='bbox 910 2320 1048 2375; x_wconf 86' lang='lat' dir='ltr'><strong>Ecce</strong></span> <span class='ocrx_word' id='word_1_304' title='bbox 1085 2321 1282 2375; x_wconf 89' lang='lat' dir='ltr'><strong>iterum</strong></span> <span class='ocrx_word' id='word_1_305' title='bbox 1316 2323 1588 2390; x_wconf 90' lang='lat' dir='ltr'><strong>quomodo</strong></span> <span class='ocrx_word' id='word_1_306' title='bbox 1642 2325 1916 2396; x_wconf 80' lang='lat' dir='ltr'><strong>conjungit</strong></span> 
     </span>
    </p>
   </div>
   <div class='ocr_carea' id='block_1_39' title="bbox 337 2407 1918 2476">
    <p class='ocr_par' dir='ltr' id='par_1_39' title="bbox 337 2407 1918 2476">
     <span class='ocr_line' id='line_1_39' title="bbox 337 2407 1918 2476; baseline 0.007 -16"><span class='ocrx_word' id='word_1_307' title='bbox 337 2407 610 2462; x_wconf 91' lang='lat' dir='ltr'><strong>honorans</strong></span> <span class='ocrx_word' id='word_1_308' title='bbox 637 2415 692 2463; x_wconf 92' lang='lat' dir='ltr'><strong>et</strong></span> <span class='ocrx_word' id='word_1_309' title='bbox 723 2409 1026 2476; x_wconf 89' lang='lat' dir='ltr'><strong>consolans,</strong></span> <span class='ocrx_word' id='word_1_310' title='bbox 1053 2420 1110 2465; x_wconf 94' lang='lat' dir='ltr'><strong>et</strong></span> <span class='ocrx_word' id='word_1_311' title='bbox 1133 2409 1334 2466; x_wconf 88' lang='lat' dir='ltr'><strong>Christi</strong></span> <span class='ocrx_word' id='word_1_312' title='bbox 1365 2410 1565 2470; x_wconf 88' lang='lat' dir='ltr'><strong>fratres</strong></span> <span class='ocrx_word' id='word_1_313' title='bbox 1607 2429 1702 2472; x_wconf 91' lang='lat' dir='ltr'><strong>eos</strong></span> <span class='ocrx_word' id='word_1_314' title='bbox 1742 2416 1918 2472; x_wconf 90' lang='lat' dir='ltr'><strong>nomi-</strong></span> 
     </span>
    </p>
   </div>
   <div class='ocr_carea' id='block_1_40' title="bbox 337 2497 1916 2580">
    <p class='ocr_par' dir='ltr' id='par_1_40' title="bbox 337 2497 1916 2580">
     <span class='ocr_line' id='line_1_40' title="bbox 337 2497 1916 2580; baseline 0.01 -30"><span class='ocrx_word' id='word_1_315' title='bbox 337 2512 494 2564; x_wconf 90' lang='lat' dir='ltr'><strong>nans,</strong></span> <span class='ocrx_word' id='word_1_316' title='bbox 547 2497 780 2572; x_wconf 85' lang='lat' dir='ltr'><strong>[Chrys.,</strong></span> <span class='ocrx_word' id='word_1_317' title='bbox 839 2519 934 2559; x_wconf 90' lang='lat' dir='ltr'><strong>eos</strong></span> <span class='ocrx_word' id='word_1_318' title='bbox 983 2503 1247 2577; x_wconf 82' lang='lat' dir='ltr'><strong>efﬁciens]</strong></span> <span class='ocrx_word' id='word_1_319' title='bbox 1295 2509 1590 2564; x_wconf 88' lang='lat' dir='ltr'><strong>secundum</strong></span> <span class='ocrx_word' id='word_1_320' title='bbox 1656 2512 1798 2580; x_wconf 90' lang='lat' dir='ltr'><strong>quod</strong></span> <span class='ocrx_word' id='word_1_321' title='bbox 1850 2529 1916 2566; x_wconf 77' lang='lat' dir='ltr'><strong>ea:</strong></span> 
     </span>
    </p>
   </div>
   <div class='ocr_carea' id='block_1_41' title="bbox 338 2592 1914 2660">
    <p class='ocr_par' dir='ltr' id='par_1_41' title="bbox 338 2592 1914 2660">
     <span class='ocr_line' id='line_1_41' title="bbox 338 2592 1914 2660; baseline 0.011 -18"><span class='ocrx_word' id='word_1_322' title='bbox 338 2605 441 2643; x_wconf 88' lang='lat' dir='ltr'><strong>uno</strong></span> <span class='ocrx_word' id='word_1_323' title='bbox 478 2607 654 2647; x_wconf 90' lang='lat' dir='ltr'><strong>omnes</strong></span> <span class='ocrx_word' id='word_1_324' title='bbox 680 2592 828 2649; x_wconf 89' lang='lat' dir='ltr'><strong>dicit.</strong></span> <span class='ocrx_word' id='word_1_325' title='bbox 865 2593 1069 2651; x_wconf 87' lang='lat' dir='ltr'><strong>Deinde</strong></span> <span class='ocrx_word' id='word_1_326' title='bbox 1112 2597 1360 2653; x_wconf 88' lang='lat' dir='ltr'><strong>muniens</strong></span> <span class='ocrx_word' id='word_1_327' title='bbox 1407 2613 1712 2656; x_wconf 89' lang='lat' dir='ltr'><strong>sermonem</strong></span> <span class='ocrx_word' id='word_1_328' title='bbox 1757 2617 1914 2660; x_wconf 91' lang='lat' dir='ltr'><strong>suum</strong></span> 
     </span>
    </p>
   </div>
   <div class='ocr_carea' id='block_1_42' title="bbox 335 2684 1914 2764">
    <p class='ocr_par' dir='ltr' id='par_1_42' title="bbox 335 2684 1914 2764">
     <span class='ocr_line' id='line_1_42' title="bbox 335 2684 1914 2764; baseline 0.013 -33"><span class='ocrx_word' id='word_1_329' title='bbox 335 2688 390 2733; x_wconf 92' lang='lat' dir='ltr'><strong>et</strong></span> <span class='ocrx_word' id='word_1_330' title='bbox 437 2684 725 2740; x_wconf 87' lang='lat' dir='ltr'><strong>ostendens</strong></span> <span class='ocrx_word' id='word_1_331' title='bbox 768 2686 1038 2755; x_wconf 92' lang='lat' dir='ltr'><strong>quomodo</strong></span> <span class='ocrx_word' id='word_1_332' title='bbox 1084 2688 1150 2743; x_wconf 91' lang='lat' dir='ltr'><strong>de</strong></span> <span class='ocrx_word' id='word_1_333' title='bbox 1176 2703 1241 2744; x_wconf 89' lang='lat' dir='ltr'><strong>eo</strong></span> <span class='ocrx_word' id='word_1_334' title='bbox 1274 2687 1506 2762; x_wconf 85' lang='lat' dir='ltr'><strong>[Chrys.,</strong></span> <span class='ocrx_word' id='word_1_335' title='bbox 1556 2695 1809 2764; x_wconf 89' lang='lat' dir='ltr'><strong>quoniam</strong></span> <span class='ocrx_word' id='word_1_336' title='bbox 1847 2697 1914 2754; x_wconf 91' lang='lat' dir='ltr'><strong>de</strong></span> 
     </span>
    </p>
   </div>
   <div class='ocr_carea' id='block_1_43' title="bbox 333 2769 1912 2858">
    <p class='ocr_par' dir='ltr' id='par_1_43' title="bbox 333 2769 1912 2858">
     <span class='ocr_line' id='line_1_43' title="bbox 333 2769 1912 2858; baseline 0.011 -33"><span class='ocrx_word' id='word_1_337' title='bbox 333 2769 445 2844; x_wconf 90' lang='lat' dir='ltr'><strong>eo],</strong></span> <span class='ocrx_word' id='word_1_338' title='bbox 481 2773 573 2842; x_wconf 87' lang='lat' dir='ltr'><strong>qui</strong></span> <span class='ocrx_word' id='word_1_339' title='bbox 601 2775 894 2831; x_wconf 79' lang='lat' dir='ltr'><strong>secundum</strong></span> <span class='ocrx_word' id='word_1_340' title='bbox 922 2793 1138 2834; x_wconf 88' lang='lat' dir='ltr'><strong>carnem</strong></span> <span class='ocrx_word' id='word_1_341' title='bbox 1174 2789 1275 2846; x_wconf 89' lang='lat' dir='ltr'><strong>est,</strong></span> <span class='ocrx_word' id='word_1_342' title='bbox 1317 2780 1474 2848; x_wconf 78' lang='lat' dir='ltr'><strong>dixit,</strong></span> <span class='ocrx_word' id='word_1_343' title='bbox 1507 2782 1731 2858; x_wconf 90' lang='lat' dir='ltr'><strong>[intulit]</strong></span> <span class='ocrx_word' id='word_1_344' title='bbox 1761 2805 1773 2840; x_wconf 91' lang='lat'><strong>:</strong></span> <span class='ocrx_word' id='word_1_345' title='bbox 1808 2786 1912 2853; x_wconf 75' lang='lat' dir='ltr'><strong>Qui</strong></span> 
     </span>
    </p>
   </div>
   <div class='ocr_carea' id='block_1_44' title="bbox 332 2863 1912 2949">
    <p class='ocr_par' dir='ltr' id='par_1_44' title="bbox 332 2863 1912 2949">
     <span class='ocr_line' id='line_1_44' title="bbox 332 2863 1912 2949; baseline 0.01 -32"><span class='ocrx_word' id='word_1_346' title='bbox 332 2863 471 2917; x_wconf 88' lang='lat' dir='ltr'><strong>enim</strong></span> <span class='ocrx_word' id='word_1_347' title='bbox 501 2866 820 2937; x_wconf 81' lang='lat' dir='ltr'><strong>sanctiﬁcat,</strong></span> <span class='ocrx_word' id='word_1_348' title='bbox 859 2869 964 2925; x_wconf 87' lang='lat' dir='ltr'><strong>hoc</strong></span> <span class='ocrx_word' id='word_1_349' title='bbox 1011 2879 1115 2938; x_wconf 91' lang='lat' dir='ltr'><strong>est,</strong></span> <span class='ocrx_word' id='word_1_350' title='bbox 1159 2871 1443 2940; x_wconf 86' lang='lat' dir='ltr'><strong>Christus;</strong></span> <span class='ocrx_word' id='word_1_351' title='bbox 1489 2884 1543 2932; x_wconf 88' lang='lat' dir='ltr'><strong>et</strong></span> <span class='ocrx_word' id='word_1_352' title='bbox 1579 2880 1667 2949; x_wconf 90' lang='lat' dir='ltr'><strong>qui</strong></span> <span class='ocrx_word' id='word_1_353' title='bbox 1717 2881 1912 2933; x_wconf 87' lang='lat' dir='ltr'><strong>sancti-</strong></span> 
     </span>
    </p>
   </div>
   <div class='ocr_carea' id='block_1_45' title="bbox 332 2953 1911 3040">
    <p class='ocr_par' dir='ltr' id='par_1_45' title="bbox 332 2953 1911 3040">
     <span class='ocr_line' id='line_1_45' title="bbox 332 2953 1911 3040; baseline 0.013 -32"><span class='ocrx_word' id='word_1_354' title='bbox 332 2953 573 3024; x_wconf 86' lang='lat' dir='ltr'><strong>ﬁcantur,</strong></span> <span class='ocrx_word' id='word_1_355' title='bbox 621 2960 724 3016; x_wconf 91' lang='lat' dir='ltr'><strong>hoc</strong></span> <span class='ocrx_word' id='word_1_356' title='bbox 761 2970 843 3018; x_wconf 88' lang='lat' dir='ltr'><strong>est</strong></span> <span class='ocrx_word' id='word_1_357' title='bbox 883 2979 1001 3019; x_wconf 89' lang='lat' dir='ltr'><strong>nos.</strong></span> <span class='ocrx_word' id='word_1_358' title='bbox 1056 2965 1288 3023; x_wconf 87' lang='lat' dir='ltr'><strong>Intueris</strong></span> <span class='ocrx_word' id='word_1_359' title='bbox 1331 2980 1588 3040; x_wconf 90' lang='lat' dir='ltr'><strong>quantum</strong></span> <span class='ocrx_word' id='word_1_360' title='bbox 1645 2972 1911 3029; x_wconf 88' lang='lat' dir='ltr'><strong>interest?</strong></span> 
     </span>
    </p>
   </div>
   <div class='ocr_carea' id='block_1_46' title="bbox 331 3045 1884 3122">
    <p class='ocr_par' dir='ltr' id='par_1_46' title="bbox 331 3045 1884 3122">
     <span class='ocr_line' id='line_1_46' title="bbox 331 3045 1884 3122; baseline 0.014 -22"><span class='ocrx_word' id='word_1_361' title='bbox 331 3045 425 3102; x_wconf 85' lang='lat' dir='ltr'><strong>Ille</strong></span> <span class='ocrx_word' id='word_1_362' title='bbox 471 3050 790 3121; x_wconf 89' lang='lat' dir='ltr'><strong>sanctiﬁcat,</strong></span> <span class='ocrx_word' id='word_1_363' title='bbox 841 3056 1243 3114; x_wconf 88' lang='lat' dir='ltr'><strong>sanctiﬁcamur</strong></span> <span class='ocrx_word' id='word_1_364' title='bbox 1272 3062 1417 3116; x_wconf 91' lang='lat' dir='ltr'><strong>enim</strong></span> <span class='ocrx_word' id='word_1_365' title='bbox 1439 3078 1556 3118; x_wconf 91' lang='lat' dir='ltr'><strong>nos.</strong></span> <span class='ocrx_word' id='word_1_366' title='bbox 1590 3084 1609 3117; x_wconf 74' lang='grc' dir='ltr'><strong><em>ι</em></strong></span> <span class='ocrx_word' id='word_1_367' title='bbox 1663 3064 1884 3122; x_wconf 80' lang='lat' dir='ltr'><strong>Addidit</strong></span> 
     </span>
    </p>
   </div>
   <div class='ocr_carea' id='block_1_47' title="bbox 2020 1948 3602 2022">
    <p class='ocr_par' dir='ltr' id='par_1_47' title="bbox 2020 1948 3602 2022">
     <span class='ocr_line' id='line_1_47' title="bbox 2020 1948 3602 2022; baseline 0.006 -22"><span class='ocrx_word' id='word_1_368' title='bbox 2020 1949 2110 2018; x_wconf 88' lang='lat' dir='ltr'><strong>qui</strong></span> <span class='ocrx_word' id='word_1_369' title='bbox 2159 1948 2378 2003; x_wconf 85' lang='lat' dir='ltr'><strong>habebat</strong></span> <span class='ocrx_word' id='word_1_370' title='bbox 2427 1952 2610 2006; x_wconf 86' lang='lat' dir='ltr'><strong>mortis</strong></span> <span class='ocrx_word' id='word_1_371' title='bbox 2658 1953 2958 2022; x_wconf 87' lang='lat' dir='ltr'><strong>imperium,</strong></span> <span class='ocrx_word' id='word_1_372' title='bbox 3012 1953 3108 2008; x_wconf 90' lang='lat' dir='ltr'><strong>hoc</strong></span> <span class='ocrx_word' id='word_1_373' title='bbox 3161 1963 3262 2022; x_wconf 90' lang='lat' dir='ltr'><strong>est,</strong></span> <span class='ocrx_word' id='word_1_374' title='bbox 3313 1954 3602 2010; x_wconf 89' lang='lat' dir='ltr'><strong>diabolum.</strong></span> 
     </span>
    </p>
   </div>
   <div class='ocr_carea' id='block_1_48' title="bbox 2028 2037 3607 2128">
    <p class='ocr_par' dir='ltr' id='par_1_48' title="bbox 2028 2037 3607 2128">
     <span class='ocr_line' id='line_1_48' title="bbox 2028 2037 3607 2128; baseline 0.006 -37"><span class='ocrx_word' id='word_1_375' title='bbox 2028 2057 2046 2090; x_wconf 75' lang='grc' dir='ltr'><strong><em>ι</em></strong></span> <span class='ocrx_word' id='word_1_376' title='bbox 2101 2037 2213 2128; x_wconf 47' lang='lat' dir='ltr'><strong>Hic.</strong></span> <span class='ocrx_word' id='word_1_377' title='bbox 2248 2039 2567 2096; x_wconf 84' lang='lat' dir='ltr'><strong>admirabile</strong></span> <span class='ocrx_word' id='word_1_378' title='bbox 2617 2041 2878 2111; x_wconf 89' lang='lat' dir='ltr'><strong>quiddam</strong></span> <span class='ocrx_word' id='word_1_379' title='bbox 2927 2042 3284 2112; x_wconf 89' lang='lat' dir='ltr'><strong>demonstrat,</strong></span> <span class='ocrx_word' id='word_1_380' title='bbox 3335 2045 3463 2116; x_wconf 91' lang='lat' dir='ltr'><strong>quia</strong></span> <span class='ocrx_word' id='word_1_381' title='bbox 3508 2059 3607 2116; x_wconf 80' lang='lat' dir='ltr'><strong>per</strong></span> 
     </span>
    </p>
   </div>
   <div class='ocr_carea' id='block_1_49' title="bbox 2027 2132 3607 2207">
    <p class='ocr_par' dir='ltr' id='par_1_49' title="bbox 2027 2132 3607 2207">
     <span class='ocr_line' id='line_1_49' title="bbox 2027 2132 3607 2207; baseline 0.005 -22"><span class='ocrx_word' id='word_1_382' title='bbox 2027 2132 2172 2200; x_wconf 92' lang='lat' dir='ltr'><strong>quod</strong></span> <span class='ocrx_word' id='word_1_383' title='bbox 2217 2140 2540 2201; x_wconf 87' lang='lat' dir='ltr'><strong>potestatem</strong></span> <span class='ocrx_word' id='word_1_384' title='bbox 2590 2133 2781 2188; x_wconf 89' lang='lat' dir='ltr'><strong>habuit</strong></span> <span class='ocrx_word' id='word_1_385' title='bbox 2828 2135 3096 2203; x_wconf 85' lang='lat' dir='ltr'><strong>diabolus,</strong></span> <span class='ocrx_word' id='word_1_386' title='bbox 3141 2152 3240 2207; x_wconf 90' lang='lat' dir='ltr'><strong>per</strong></span> <span class='ocrx_word' id='word_1_387' title='bbox 3291 2137 3395 2192; x_wconf 89' lang='lat' dir='ltr'><strong>hoc</strong></span> <span class='ocrx_word' id='word_1_388' title='bbox 3430 2137 3607 2194; x_wconf 91' lang='lat' dir='ltr'><strong>victus</strong></span> 
     </span>
    </p>
   </div>
   <div class='ocr_carea' id='block_1_50' title="bbox 1993 2222 3607 2294">
    <p class='ocr_par' dir='ltr' id='par_1_50' title="bbox 1993 2222 3607 2294">
     <span class='ocr_line' id='line_1_50' title="bbox 1993 2222 3607 2294; baseline 0.002 -15"><span class='ocrx_word' id='word_1_389' title='bbox 1993 2229 2142 2288; x_wconf 84' lang='lat' dir='ltr'><strong>.est;</strong></span> <span class='ocrx_word' id='word_1_390' title='bbox 2172 2238 2346 2289; x_wconf 89' lang='lat' dir='ltr'><strong>arma,</strong></span> <span class='ocrx_word' id='word_1_391' title='bbox 2375 2238 2494 2294; x_wconf 65' lang='lat' dir='ltr'><strong>quae</strong></span> <span class='ocrx_word' id='word_1_392' title='bbox 2543 2222 2762 2278; x_wconf 92' lang='lat' dir='ltr'><strong>fuerunt</strong></span> <span class='ocrx_word' id='word_1_393' title='bbox 2807 2224 2884 2278; x_wconf 92' lang='lat' dir='ltr'><strong>illi</strong></span> <span class='ocrx_word' id='word_1_394' title='bbox 2929 2223 3091 2280; x_wconf 86' lang='lat' dir='ltr'><strong>fortia</strong></span> <span class='ocrx_word' id='word_1_395' title='bbox 3120 2226 3407 2282; x_wconf 90' lang='lat' dir='ltr'><strong>adversum</strong></span> <span class='ocrx_word' id='word_1_396' title='bbox 3450 2243 3607 2283; x_wconf 82' lang='lat' dir='ltr'><strong>mun-</strong></span> 
     </span>
    </p>
   </div>
   <div class='ocr_carea' id='block_1_51' title="bbox 2019 2316 3607 2392">
    <p class='ocr_par' dir='ltr' id='par_1_51' title="bbox 2019 2316 3607 2392">
     <span class='ocr_line' id='line_1_51' title="bbox 2019 2316 3607 2392; baseline 0.004 -22"><span class='ocrx_word' id='word_1_397' title='bbox 2019 2316 2172 2383; x_wconf 90' lang='lat' dir='ltr'><strong>dum,</strong></span> <span class='ocrx_word' id='word_1_398' title='bbox 2232 2318 2335 2374; x_wconf 89' lang='lat' dir='ltr'><strong>hoc</strong></span> <span class='ocrx_word' id='word_1_399' title='bbox 2365 2326 2448 2373; x_wconf 90' lang='lat' dir='ltr'><strong>est</strong></span> <span class='ocrx_word' id='word_1_400' title='bbox 2499 2334 2667 2386; x_wconf 90' lang='lat' dir='ltr'><strong>mors,</strong></span> <span class='ocrx_word' id='word_1_401' title='bbox 2697 2333 2794 2389; x_wconf 88' lang='lat' dir='ltr'><strong>per</strong></span> <span class='ocrx_word' id='word_1_402' title='bbox 2821 2333 2885 2373; x_wconf 90' lang='lat' dir='ltr'><strong>ea</strong></span> <span class='ocrx_word' id='word_1_403' title='bbox 2911 2319 3060 2374; x_wconf 91' lang='lat' dir='ltr'><strong>illum</strong></span> <span class='ocrx_word' id='word_1_404' title='bbox 3087 2319 3334 2377; x_wconf 88' lang='lat' dir='ltr'><strong>Christus</strong></span> <span class='ocrx_word' id='word_1_405' title='bbox 3384 2336 3607 2392; x_wconf 88' lang='lat' dir='ltr'><strong>percus-</strong></span> 
     </span>
    </p>
   </div>
   <div class='ocr_carea' id='block_1_52' title="bbox 2017 2407 3606 2484">
    <p class='ocr_par' dir='ltr' id='par_1_52' title="bbox 2017 2407 3606 2484">
     <span class='ocr_line' id='line_1_52' title="bbox 2017 2407 3606 2484; baseline 0.004 -22"><span class='ocrx_word' id='word_1_406' title='bbox 2017 2408 2108 2462; x_wconf 90' lang='lat' dir='ltr'><strong>sit.</strong></span> <span class='ocrx_word' id='word_1_407' title='bbox 2146 2407 2247 2464; x_wconf 84' lang='lat' dir='ltr'><strong>Hic</strong></span> <span class='ocrx_word' id='word_1_408' title='bbox 2285 2408 2708 2480; x_wconf 77' lang='lat' dir='ltr'><strong>magnitudinem</strong></span> <span class='ocrx_word' id='word_1_409' title='bbox 2747 2410 2965 2466; x_wconf 87' lang='lat' dir='ltr'><strong>virtutis</strong></span> <span class='ocrx_word' id='word_1_410' title='bbox 3001 2411 3119 2484; x_wconf 82' lang='lat' dir='ltr'><strong>ejus</strong></span> <span class='ocrx_word' id='word_1_411' title='bbox 3155 2413 3249 2483; x_wconf 90' lang='lat' dir='ltr'><strong>qui</strong></span> <span class='ocrx_word' id='word_1_412' title='bbox 3273 2413 3424 2479; x_wconf 82' lang='lat' dir='ltr'><strong>vicit,</strong></span> <span class='ocrx_word' id='word_1_413' title='bbox 3474 2410 3606 2469; x_wconf 86' lang='lat' dir='ltr'><strong>insi-</strong></span> 
     </span>
    </p>
   </div>
   <div class='ocr_carea' id='block_1_53' title="bbox 2016 2503 3588 2577">
    <p class='ocr_par' dir='ltr' id='par_1_53' title="bbox 2016 2503 3588 2577">
     <span class='ocr_line' id='line_1_53' title="bbox 2016 2503 3588 2577; baseline 0.003 -21"><span class='ocrx_word' id='word_1_414' title='bbox 2016 2510 2150 2557; x_wconf 91' lang='lat' dir='ltr'><strong>nuat</strong></span> <span class='ocrx_word' id='word_1_415' title='bbox 2173 2503 2506 2560; x_wconf 84' lang='lat' dir='ltr'><strong>ostendendo</strong></span> <span class='ocrx_word' id='word_1_416' title='bbox 2527 2512 2786 2575; x_wconf 90' lang='lat' dir='ltr'><strong>quantum</strong></span> <span class='ocrx_word' id='word_1_417' title='bbox 2807 2506 3008 2560; x_wconf 92' lang='lat' dir='ltr'><strong>bonum</strong></span> <span class='ocrx_word' id='word_1_418' title='bbox 3054 2514 3370 2577; x_wconf 86' lang='lat' dir='ltr'><strong>operaretur</strong></span> <span class='ocrx_word' id='word_1_419' title='bbox 3420 2521 3588 2562; x_wconf 90' lang='lat' dir='ltr'><strong>mors.</strong></span> 
     </span>
    </p>
   </div>
   <div class='ocr_carea' id='block_1_54' title="bbox 2017 2592 3595 2670">
    <p class='ocr_par' dir='ltr' id='par_1_54' title="bbox 2017 2592 3595 2670">
     <span class='ocr_line' id='line_1_54' title="bbox 2017 2592 3595 2670; baseline 0.001 -20"><span class='ocrx_word' id='word_1_420' title='bbox 2017 2592 2202 2665; x_wconf 76' lang='lat' dir='ltr'><strong>(Vens.</strong></span> <span class='ocrx_word' id='word_1_421' title='bbox 2234 2593 2344 2666; x_wconf 86' lang='grc'><strong>15.)</strong></span> <span class='ocrx_word' id='word_1_422' title='bbox 2388 2593 2454 2648; x_wconf 88' lang='lat' dir='ltr'><strong>Ut</strong></span> <span class='ocrx_word' id='word_1_423' title='bbox 2496 2595 2762 2662; x_wconf 84' lang='lat' dir='ltr'><strong>liberaret,</strong></span> <span class='ocrx_word' id='word_1_424' title='bbox 2792 2597 2988 2667; x_wconf 84' lang='lat' dir='ltr'><strong>inquit,</strong></span> <span class='ocrx_word' id='word_1_425' title='bbox 3011 2614 3097 2652; x_wconf 89' lang='lat' dir='ltr'><strong>eos</strong></span> <span class='ocrx_word' id='word_1_426' title='bbox 3126 2599 3215 2670; x_wconf 90' lang='lat' dir='ltr'><strong>qui</strong></span> <span class='ocrx_word' id='word_1_427' title='bbox 3243 2599 3426 2653; x_wconf 84' lang='lat' dir='ltr'><strong>timore</strong></span> <span class='ocrx_word' id='word_1_428' title='bbox 3451 2613 3595 2652; x_wconf 90' lang='lat' dir='ltr'><strong>mor-</strong></span> 
     </span>
    </p>
   </div>
   <div class='ocr_carea' id='block_1_55' title="bbox 2015 2685 3604 2756">
    <p class='ocr_par' dir='ltr' id='par_1_55' title="bbox 2015 2685 3604 2756">
     <span class='ocr_line' id='line_1_55' title="bbox 2015 2685 3604 2756; baseline 0.005 -18"><span class='ocrx_word' id='word_1_429' title='bbox 2015 2686 2083 2738; x_wconf 85' lang='lat' dir='ltr'><strong>tis</strong></span> <span class='ocrx_word' id='word_1_430' title='bbox 2140 2701 2233 2755; x_wconf 92' lang='lat' dir='ltr'><strong>per</strong></span> <span class='ocrx_word' id='word_1_431' title='bbox 2257 2694 2421 2739; x_wconf 85' lang='lat' dir='ltr'><strong>totam</strong></span> <span class='ocrx_word' id='word_1_432' title='bbox 2463 2685 2622 2740; x_wconf 89' lang='lat' dir='ltr'><strong>vitam</strong></span> <span class='ocrx_word' id='word_1_433' title='bbox 2672 2686 2882 2741; x_wconf 75' lang='lat' dir='ltr'><strong>obnoxii</strong></span> <span class='ocrx_word' id='word_1_434' title='bbox 2935 2697 3083 2742; x_wconf 88' lang='lat' dir='ltr'><strong>erant</strong></span> <span class='ocrx_word' id='word_1_435' title='bbox 3115 2688 3369 2743; x_wconf 87' lang='lat' dir='ltr'><strong>servituti.</strong></span> <span class='ocrx_word' id='word_1_436' title='bbox 3423 2687 3604 2756; x_wconf 84' lang='lat' dir='ltr'><strong>Quare</strong></span> 
     </span>
    </p>
   </div>
   <div class='ocr_carea' id='block_1_56' title="bbox 2016 2779 3602 2852">
    <p class='ocr_par' dir='ltr' id='par_1_56' title="bbox 2016 2779 3602 2852">
     <span class='ocr_line' id='line_1_56' title="bbox 2016 2779 3602 2852; baseline 0.004 -20"><span class='ocrx_word' id='word_1_437' title='bbox 2016 2779 2272 2844; x_wconf 88' lang='lat' dir='ltr'><strong>tremitis,</strong></span> <span class='ocrx_word' id='word_1_438' title='bbox 2319 2795 2488 2850; x_wconf 91' lang='lat' dir='ltr'><strong>quare</strong></span> <span class='ocrx_word' id='word_1_439' title='bbox 2516 2781 2720 2836; x_wconf 88' lang='lat' dir='ltr'><strong>timetis</strong></span> <span class='ocrx_word' id='word_1_440' title='bbox 2769 2797 2888 2836; x_wconf 92' lang='lat' dir='ltr'><strong>eam</strong></span> <span class='ocrx_word' id='word_1_441' title='bbox 2924 2797 3045 2852; x_wconf 69' lang='lat' dir='ltr'><strong>quae</strong></span> <span class='ocrx_word' id='word_1_442' title='bbox 3083 2780 3198 2851; x_wconf 88' lang='lat' dir='ltr'><strong>jam</strong></span> <span class='ocrx_word' id='word_1_443' title='bbox 3243 2783 3602 2840; x_wconf 87' lang='lat' dir='ltr'><strong>condemnata</strong></span> 
     </span>
    </p>
   </div>
   <div class='ocr_carea' id='block_1_57' title="bbox 2023 2869 3598 2947">
    <p class='ocr_par' dir='ltr' id='par_1_57' title="bbox 2023 2869 3598 2947">
     <span class='ocr_line' id='line_1_57' title="bbox 2023 2869 3598 2947; baseline 0.004 -23"><span class='ocrx_word' id='word_1_444' title='bbox 2023 2872 2149 2926; x_wconf 85' lang='lat' dir='ltr'><strong>est?</strong></span> <span class='ocrx_word' id='word_1_445' title='bbox 2195 2869 2312 2926; x_wconf 87' lang='lat' dir='ltr'><strong>Jam</strong></span> <span class='ocrx_word' id='word_1_446' title='bbox 2363 2871 2626 2927; x_wconf 84' lang='lat' dir='ltr'><strong>terribilis</strong></span> <span class='ocrx_word' id='word_1_447' title='bbox 2661 2888 2767 2927; x_wconf 92' lang='lat' dir='ltr'><strong>non</strong></span> <span class='ocrx_word' id='word_1_448' title='bbox 2793 2882 2900 2940; x_wconf 86' lang='lat' dir='ltr'><strong>est,</strong></span> <span class='ocrx_word' id='word_1_449' title='bbox 2936 2894 2955 2926; x_wconf 75' lang='grc' dir='ltr'><strong><em>ι</em></strong></span> <span class='ocrx_word' id='word_1_450' title='bbox 2993 2873 3089 2930; x_wconf 91' lang='lat' dir='ltr'><strong>sed</strong></span> <span class='ocrx_word' id='word_1_451' title='bbox 3129 2875 3402 2945; x_wconf 88' lang='lat' dir='ltr'><strong>optabilis,</strong></span> <span class='ocrx_word' id='word_1_452' title='bbox 3443 2876 3598 2947; x_wconf 89' lang='lat' dir='ltr'><strong>quasi</strong></span> 
     </span>
    </p>
   </div>
   <div class='ocr_carea' id='block_1_58' title="bbox 2011 2963 3595 3034">
    <p class='ocr_par' dir='ltr' id='par_1_58' title="bbox 2011 2963 3595 3034">
     <span class='ocr_line' id='line_1_58' title="bbox 2011 2963 3595 3034; baseline 0.003 -17"><span class='ocrx_word' id='word_1_453' title='bbox 2011 2963 2257 3020; x_wconf 88' lang='lat' dir='ltr'><strong>laborum</strong></span> <span class='ocrx_word' id='word_1_454' title='bbox 2286 2964 2408 3019; x_wconf 89' lang='lat' dir='ltr'><strong>ﬁnis</strong></span> <span class='ocrx_word' id='word_1_455' title='bbox 2461 2972 2516 3018; x_wconf 89' lang='lat' dir='ltr'><strong>et</strong></span> <span class='ocrx_word' id='word_1_456' title='bbox 2565 2965 2773 3034; x_wconf 90' lang='lat' dir='ltr'><strong>requiei</strong></span> <span class='ocrx_word' id='word_1_457' title='bbox 2815 2966 3046 3020; x_wconf 91' lang='lat' dir='ltr'><strong>initium.</strong></span> <span class='ocrx_word' id='word_1_458' title='bbox 3088 2964 3198 3022; x_wconf 92' lang='lat' dir='ltr'><strong>Cur</strong></span> <span class='ocrx_word' id='word_1_459' title='bbox 3244 2967 3359 3021; x_wconf 90' lang='lat' dir='ltr'><strong>ait:</strong></span> <span class='ocrx_word' id='word_1_460' title='bbox 3389 2966 3595 3022; x_wconf 89' lang='lat' dir='ltr'><strong>Timore</strong></span> 
     </span>
    </p>
   </div>
   <div class='ocr_carea' id='block_1_59' title="bbox 2010 3055 3601 3126">
    <p class='ocr_par' dir='ltr' id='par_1_59' title="bbox 2010 3055 3601 3126">
     <span class='ocr_line' id='line_1_59' title="bbox 2010 3055 3601 3126; baseline 0.001 -16"><span class='ocrx_word' id='word_1_461' title='bbox 2010 3055 2192 3110; x_wconf 88' lang='lat' dir='ltr'><strong>mortis</strong></span> <span class='ocrx_word' id='word_1_462' title='bbox 2241 3072 2334 3126; x_wconf 88' lang='lat' dir='ltr'><strong>per</strong></span> <span class='ocrx_word' id='word_1_463' title='bbox 2379 3064 2542 3110; x_wconf 90' lang='lat' dir='ltr'><strong>totam</strong></span> <span class='ocrx_word' id='word_1_464' title='bbox 2594 3057 2753 3111; x_wconf 87' lang='lat' dir='ltr'><strong>vitam</strong></span> <span class='ocrx_word' id='word_1_465' title='bbox 2822 3056 3031 3112; x_wconf 71' lang='lat' dir='ltr'><strong>obnoxii</strong></span> <span class='ocrx_word' id='word_1_466' title='bbox 3110 3067 3258 3112; x_wconf 87' lang='lat' dir='ltr'><strong>erant</strong></span> <span class='ocrx_word' id='word_1_467' title='bbox 3317 3059 3601 3115; x_wconf 83' lang='lat' dir='ltr'><strong>servituti?</strong></span> 
     </span>
    </p>
   </div>
   <div class='ocr_carea' id='block_1_60' title="bbox 331 3147 3597 3251">
    <p class='ocr_par' dir='ltr' id='par_1_60' title="bbox 331 3147 3597 3251">
     <span class='ocr_line' id='line_1_60' title="bbox 331 3147 3597 3251; baseline 0 -48"><span class='ocrx_word' id='word_1_468' title='bbox 331 3153 395 3192; x_wconf 65' lang='grc' dir='ltr'><strong><em>επ</em></strong></span> <span class='ocrx_word' id='word_1_469' title='bbox 419 3155 522 3194; x_wconf 74' lang='grc' dir='ltr'><strong>ιιηο</strong></span> <span class='ocrx_word' id='word_1_470' title='bbox 559 3159 736 3197; x_wconf 82' lang='lat' dir='ltr'><strong>omnes</strong></span> <span class='ocrx_word' id='word_1_471' title='bbox 761 3161 781 3210; x_wconf 86' lang='grc'><strong><em>;</em></strong></span> <span class='ocrx_word' id='word_1_472' title='bbox 810 3156 1056 3202; x_wconf 81' lang='lat' dir='ltr'><strong>unUS‘est</strong></span> <span class='ocrx_word' id='word_1_473' title='bbox 1087 3151 1233 3204; x_wconf 89' lang='lat' dir='ltr'><strong>enim</strong></span> <span class='ocrx_word' id='word_1_474' title='bbox 1270 3152 1432 3218; x_wconf 84' lang='lat' dir='ltr'><strong>Deus,</strong></span> <span class='ocrx_word' id='word_1_475' title='bbox 1485 3170 1514 3208; x_wconf 84' lang='lat' dir='ltr'><strong>a</strong></span> <span class='ocrx_word' id='word_1_476' title='bbox 1543 3171 1652 3226; x_wconf 85' lang='lat' dir='ltr'><strong>quo</strong></span> <span class='ocrx_word' id='word_1_477' title='bbox 1676 3158 1896 3225; x_wconf 75' lang='lat' dir='ltr'><strong>omnia;</strong></span> <span class='ocrx_word' id='word_1_478' title='bbox 1924 3183 1976 3251; x_wconf 66' lang='grc' dir='ltr'>ο</span> <span class='ocrx_word' id='word_1_479' title='bbox 2012 3147 2170 3204; x_wconf 87' lang='lat' dir='ltr'><strong>Servi</strong></span> <span class='ocrx_word' id='word_1_480' title='bbox 2208 3149 2427 3219; x_wconf 81' lang='lat' dir='ltr'><strong>quidem</strong></span> <span class='ocrx_word' id='word_1_481' title='bbox 2469 3163 2659 3204; x_wconf 91' lang='lat' dir='ltr'><strong>omnes</strong></span> <span class='ocrx_word' id='word_1_482' title='bbox 2694 3148 2908 3204; x_wconf 85' lang='lat' dir='ltr'><strong>fuerant</strong></span> <span class='ocrx_word' id='word_1_483' title='bbox 2945 3149 3160 3216; x_wconf 89' lang='lat' dir='ltr'><strong>mortis,</strong></span> <span class='ocrx_word' id='word_1_484' title='bbox 3201 3150 3326 3220; x_wconf 90' lang='lat' dir='ltr'><strong>quia</strong></span> <span class='ocrx_word' id='word_1_485' title='bbox 3367 3158 3597 3206; x_wconf 88' lang='lat' dir='ltr'><strong>mortem</strong></span> 
     </span>
     <span class='ocr_line' id='line_1_61' title="bbox 331 3229 3406 3251; baseline 0 0"><span class='ocrx_word' id='word_1_486' title='bbox 331 3229 421 3251; x_wconf 67' lang='grc' dir='ltr'><strong>..-Δ</strong></span> <span class='ocrx_word' id='word_1_487' title='bbox 455 3229 536 3251; x_wconf 70' lang='grc' dir='ltr'><strong>211Δ</strong></span> <span class='ocrx_word' id='word_1_488' title='bbox 561 3231 709 3251; x_wconf 54' lang='lat' dir='ltr'><strong>‘I!._,,</strong></span> <span class='ocrx_word' id='word_1_489' title='bbox 797 3234 852 3251; x_wconf 79' lang='grc' dir='ltr'><strong>1ο-</strong></span> <span class='ocrx_word' id='word_1_490' title='bbox 973 3247 982 3251; x_wconf 88' lang='grc'><strong>-</strong></span> <span class='ocrx_word' id='word_1_491' title='bbox 1154 3240 1209 3251; x_wconf 79' lang='grc' dir='ltr'><strong>-η</strong></span> <span class='ocrx_word' id='word_1_492' title='bbox 1399 3243 1410 3251; x_wconf 90' lang='grc'><strong>.</strong></span> <span class='ocrx_word' id='word_1_493' title='bbox 1605 3247 1616 3251; x_wconf 89' lang='grc'><strong>-</strong></span> <span class='ocrx_word' id='word_1_494' title='bbox 1710 3247 1806 3251; x_wconf 83' lang='lat'><em>____</em></span> <span class='ocrx_word' id='word_1_495' title='bbox 2015 3241 2042 3251; x_wconf 38' lang='grc' dir='ltr'><em>ν.</em></span> <span class='ocrx_word' id='word_1_496' title='bbox 2137 3242 2149 3251; x_wconf 82' lang='grc'><strong><em>-</em></strong></span> <span class='ocrx_word' id='word_1_497' title='bbox 2254 3249 2259 3251; x_wconf 64' lang='lat'><strong>.</strong></span> <span class='ocrx_word' id='word_1_498' title='bbox 2464 3242 2478 3251; x_wconf 74' lang='lat'>.</span> <span class='ocrx_word' id='word_1_499' title='bbox 2737 3247 2746 3251; x_wconf 83' lang='grc'><strong>-</strong></span> <span class='ocrx_word' id='word_1_500' title='bbox 2838 3240 2852 3251; x_wconf 74' lang='grc'><strong>1</strong></span> <span class='ocrx_word' id='word_1_501' title='bbox 2901 3241 2933 3251; x_wconf 83' lang='lat'><strong>_.</strong></span> <span class='ocrx_word' id='word_1_502' title='bbox 3033 3241 3061 3251; x_wconf 81' lang='lat'><strong>..</strong></span> <span class='ocrx_word' id='word_1_503' title='bbox 3376 3242 3406 3251; x_wconf 66' lang='grc' dir='ltr'><strong>Δ.</strong></span> 
     </span>
    </p>
   </div>
   <div class='ocr_carea' id='block_1_61' title="bbox 328 3229 1894 3314">
    <p class='ocr_par' dir='ltr' id='par_1_61' title="bbox 328 3229 1894 3314">
     <span class='ocr_line' id='line_1_62' title="bbox 328 3229 1894 3314; baseline 0.014 -33"><span class='ocrx_word' id='word_1_504' title='bbox 328 3229 423 3282; x_wconf 88' lang='lat' dir='ltr'><strong>sed</strong></span> <span class='ocrx_word' id='word_1_505' title='bbox 453 3229 541 3286; x_wconf 90' lang='lat' dir='ltr'><strong>ille</strong></span> <span class='ocrx_word' id='word_1_506' title='bbox 557 3231 732 3298; x_wconf 86' lang='lat' dir='ltr'><strong>aliter,</strong></span> <span class='ocrx_word' id='word_1_507' title='bbox 765 3234 920 3291; x_wconf 89' lang='lat' dir='ltr'><strong>aliter</strong></span> <span class='ocrx_word' id='word_1_508' title='bbox 934 3247 990 3292; x_wconf 89' lang='lat' dir='ltr'><strong>et</strong></span> <span class='ocrx_word' id='word_1_509' title='bbox 1009 3255 1125 3294; x_wconf 93' lang='lat' dir='ltr'><strong>nos.</strong></span> <span class='ocrx_word' id='word_1_510' title='bbox 1154 3240 1245 3297; x_wconf 91' lang='lat' dir='ltr'><strong>Ille</strong></span> <span class='ocrx_word' id='word_1_511' title='bbox 1260 3243 1412 3312; x_wconf 91' lang='lat' dir='ltr'><strong>quasi</strong></span> <span class='ocrx_word' id='word_1_512' title='bbox 1437 3247 1684 3314; x_wconf 91' lang='lat' dir='ltr'><strong>proprius</strong></span> <span class='ocrx_word' id='word_1_513' title='bbox 1708 3247 1894 3314; x_wconf 85' lang='lat' dir='ltr'><strong>Filius,</strong></span> 
     </span>
    </p>
   </div>
   <div class='ocr_carea' id='block_1_62' title="bbox 329 3325 1900 3398">
    <p class='ocr_par' dir='ltr' id='par_1_62' title="bbox 329 3325 1900 3398">
     <span class='ocr_line' id='line_1_63' title="bbox 329 3325 1900 3398; baseline 0.015 -25"><span class='ocrx_word' id='word_1_514' title='bbox 329 3333 426 3374; x_wconf 89' lang='lat' dir='ltr'><strong>nos</strong></span> <span class='ocrx_word' id='word_1_515' title='bbox 443 3335 572 3376; x_wconf 88' lang='lat' dir='ltr'><strong>vero</strong></span> <span class='ocrx_word' id='word_1_516' title='bbox 592 3325 745 3394; x_wconf 85' lang='lat' dir='ltr'><strong>quasi</strong></span> <span class='ocrx_word' id='word_1_517' title='bbox 766 3327 1020 3398; x_wconf 89' lang='lat' dir='ltr'><strong>adoptivi.</strong></span> <span class='ocrx_word' id='word_1_518' title='bbox 1036 3331 1286 3388; x_wconf 89' lang='lat' dir='ltr'><strong>Attamen</strong></span> <span class='ocrx_word' id='word_1_519' title='bbox 1309 3352 1475 3390; x_wconf 90' lang='lat' dir='ltr'><strong>unum</strong></span> <span class='ocrx_word' id='word_1_520' title='bbox 1504 3337 1764 3396; x_wconf 89' lang='lat' dir='ltr'><strong>habemus</strong></span> <span class='ocrx_word' id='word_1_521' title='bbox 1793 3341 1900 3396; x_wconf 86' lang='lat' dir='ltr'><strong>Pa-</strong></span> 
     </span>
    </p>
   </div>
   <div class='ocr_carea' id='block_1_63' title="bbox 325 3413 1893 3501">
    <p class='ocr_par' dir='ltr' id='par_1_63' title="bbox 325 3413 1893 3501">
     <span class='ocr_line' id='line_1_64' title="bbox 325 3413 1893 3501; baseline 0.015 -36"><span class='ocrx_word' id='word_1_522' title='bbox 325 3415 465 3468; x_wconf 86' lang='lat' dir='ltr'><strong>trem</strong></span> <span class='ocrx_word' id='word_1_523' title='bbox 505 3413 693 3471; x_wconf 90' lang='lat' dir='ltr'><strong>Deum.</strong></span> <span class='ocrx_word' id='word_1_524' title='bbox 740 3417 833 3474; x_wconf 87' lang='lat' dir='ltr'><strong>Ille</strong></span> <span class='ocrx_word' id='word_1_525' title='bbox 856 3424 1008 3491; x_wconf 90' lang='lat' dir='ltr'><strong>quasi</strong></span> <span class='ocrx_word' id='word_1_526' title='bbox 1037 3426 1288 3494; x_wconf 88' lang='lat' dir='ltr'><strong>pr0prius</strong></span> <span class='ocrx_word' id='word_1_527' title='bbox 1333 3427 1502 3484; x_wconf 90' lang='lat' dir='ltr'><strong>Filius</strong></span> <span class='ocrx_word' id='word_1_528' title='bbox 1552 3432 1893 3501; x_wconf 88' lang='lat' dir='ltr'><strong>sanctiﬁcat;</strong></span> 
     </span>
    </p>
   </div>
   <div class='ocr_carea' id='block_1_64' title="bbox 325 3504 1900 3596">
    <p class='ocr_par' dir='ltr' id='par_1_64' title="bbox 325 3504 1900 3596">
     <span class='ocr_line' id='line_1_65' title="bbox 325 3504 1900 3596; baseline 0.016 -41"><span class='ocrx_word' id='word_1_529' title='bbox 325 3515 424 3557; x_wconf 83' lang='lat' dir='ltr'><strong>nos</strong></span> <span class='ocrx_word' id='word_1_530' title='bbox 447 3504 587 3560; x_wconf 82' lang='lat' dir='ltr'><strong>sicut</strong></span> <span class='ocrx_word' id='word_1_531' title='bbox 620 3507 857 3579; x_wconf 86' lang='lat' dir='ltr'><strong>adoptivi</strong></span> <span class='ocrx_word' id='word_1_532' title='bbox 880 3515 1299 3572; x_wconf 88' lang='lat' dir='ltr'><strong>sanctiﬁcamur.</strong></span> <span class='ocrx_word' id='word_1_533' title='bbox 1327 3519 1513 3592; x_wconf 78' lang='lat' dir='ltr'><strong>(Vens.</strong></span> <span class='ocrx_word' id='word_1_534' title='bbox 1542 3523 1652 3596; x_wconf 75' lang='grc'><strong>12.)</strong></span> <span class='ocrx_word' id='word_1_535' title='bbox 1677 3523 1900 3596; x_wconf 88' lang='lat' dir='ltr'><strong>Propter</strong></span> 
     </span>
    </p>
   </div>
   <div class='ocr_carea' id='block_1_65' title="bbox 325 3607 1901 3686">
    <p class='ocr_par' dir='ltr' id='par_1_65' title="bbox 325 3607 1901 3686">
     <span class='ocr_line' id='line_1_66' title="bbox 325 3607 1901 3686; baseline 0.016 -38"><span class='ocrx_word' id='word_1_536' title='bbox 325 3611 481 3664; x_wconf 87' lang='lat' dir='ltr'><strong>quam</strong></span> <span class='ocrx_word' id='word_1_537' title='bbox 518 3616 732 3655; x_wconf 91' lang='lat' dir='ltr'><strong>causam</strong></span> <span class='ocrx_word' id='word_1_538' title='bbox 754 3621 859 3659; x_wconf 90' lang='lat' dir='ltr'><strong>non</strong></span> <span class='ocrx_word' id='word_1_539' title='bbox 881 3607 1222 3677; x_wconf 79' lang='lat' dir='ltr'><strong>confunditur</strong></span> <span class='ocrx_word' id='word_1_540' title='bbox 1258 3612 1447 3681; x_wconf 81' lang='lat' dir='ltr'><strong>fratres</strong></span> <span class='ocrx_word' id='word_1_541' title='bbox 1473 3633 1560 3670; x_wconf 93' lang='lat' dir='ltr'><strong>eos</strong></span> <span class='ocrx_word' id='word_1_542' title='bbox 1591 3635 1790 3686; x_wconf 86' lang='lat' dir='ltr'><strong>vocare,</strong></span> <span class='ocrx_word' id='word_1_543' title='bbox 1818 3619 1901 3673; x_wconf 89' lang='lat' dir='ltr'><strong>di-</strong></span> 
     </span>
    </p>
   </div>
   <div class='ocr_carea' id='block_1_66' title="bbox 325 3691 1900 3775">
    <p class='ocr_par' dir='ltr' id='par_1_66' title="bbox 325 3691 1900 3775">
     <span class='ocr_line' id='line_1_67' title="bbox 325 3691 1900 3775; baseline 0.018 -35"><span class='ocrx_word' id='word_1_544' title='bbox 325 3703 486 3743; x_wconf 87' lang='lat' dir='ltr'><strong>cens:</strong></span> <span class='ocrx_word' id='word_1_545' title='bbox 516 3691 786 3750; x_wconf 88' lang='lat' dir='ltr'><strong>Nuntiabo</strong></span> <span class='ocrx_word' id='word_1_546' title='bbox 830 3715 1017 3756; x_wconf 89' lang='lat' dir='ltr'><strong>nomen</strong></span> <span class='ocrx_word' id='word_1_547' title='bbox 1038 3717 1182 3758; x_wconf 84' lang='lat' dir='ltr'><strong>tuum</strong></span> <span class='ocrx_word' id='word_1_548' title='bbox 1214 3704 1468 3775; x_wconf 82' lang='lat' dir='ltr'><strong>fratribus</strong></span> <span class='ocrx_word' id='word_1_549' title='bbox 1497 3710 1643 3762; x_wconf 84' lang='lat' dir='ltr'><strong>meis.</strong></span> <span class='ocrx_word' id='word_1_550' title='bbox 1681 3729 1697 3759; x_wconf 74' lang='grc' dir='ltr'>ι</span> <span class='ocrx_word' id='word_1_551' title='bbox 1736 3710 1794 3764; x_wconf 91' lang='lat' dir='ltr'><strong>ln</strong></span> <span class='ocrx_word' id='word_1_552' title='bbox 1835 3727 1900 3768; x_wconf 86' lang='lat' dir='ltr'><strong>eo</strong></span> 
     </span>
    </p>
   </div>
   <div class='ocr_carea' id='block_1_67' title="bbox 325 3783 1893 3872">
    <p class='ocr_par' dir='ltr' id='par_1_67' title="bbox 325 3783 1893 3872">
     <span class='ocr_line' id='line_1_68' title="bbox 325 3783 1893 3872; baseline 0.015 -37"><span class='ocrx_word' id='word_1_553' title='bbox 325 3783 470 3838; x_wconf 90' lang='lat' dir='ltr'><strong>enim</strong></span> <span class='ocrx_word' id='word_1_554' title='bbox 509 3787 652 3855; x_wconf 90' lang='lat' dir='ltr'><strong>quod</strong></span> <span class='ocrx_word' id='word_1_555' title='bbox 695 3790 866 3847; x_wconf 85' lang='lat' dir='ltr'><strong>dixit:</strong></span> <span class='ocrx_word' id='word_1_556' title='bbox 911 3794 1036 3850; x_wconf 88' lang='lat' dir='ltr'><strong>Non</strong></span> <span class='ocrx_word' id='word_1_557' title='bbox 1066 3799 1317 3855; x_wconf 78' lang='lat' dir='ltr'><strong>erubescit</strong></span> <span class='ocrx_word' id='word_1_558' title='bbox 1356 3801 1548 3871; x_wconf 80' lang='lat' dir='ltr'><strong>fratres</strong></span> <span class='ocrx_word' id='word_1_559' title='bbox 1582 3819 1669 3857; x_wconf 87' lang='lat' dir='ltr'><strong>eos</strong></span> <span class='ocrx_word' id='word_1_560' title='bbox 1694 3820 1893 3872; x_wconf 86' lang='lat' dir='ltr'><strong>vocare,</strong></span> 
     </span>
    </p>
   </div>
   <div class='ocr_carea' id='block_1_68' title="bbox 325 3876 1894 3963">
    <p class='ocr_par' dir='ltr' id='par_1_68' title="bbox 325 3876 1894 3963">
     <span class='ocr_line' id='line_1_69' title="bbox 325 3876 1894 3963; baseline 0.014 -34"><span class='ocrx_word' id='word_1_561' title='bbox 325 3876 658 3937; x_wconf 87' lang='lat' dir='ltr'><strong>demonstrat</strong></span> <span class='ocrx_word' id='word_1_562' title='bbox 703 3900 808 3939; x_wconf 91' lang='lat' dir='ltr'><strong>non</strong></span> <span class='ocrx_word' id='word_1_563' title='bbox 847 3889 923 3943; x_wconf 90' lang='lat' dir='ltr'><strong>rei</strong></span> <span class='ocrx_word' id='word_1_564' title='bbox 951 3898 1156 3945; x_wconf 65' lang='lat' dir='ltr'><strong>natura:</strong></span> <span class='ocrx_word' id='word_1_565' title='bbox 1181 3908 1302 3948; x_wconf 88' lang='lat' dir='ltr'><strong>esse</strong></span> <span class='ocrx_word' id='word_1_566' title='bbox 1325 3893 1636 3950; x_wconf 83' lang='lat' dir='ltr'><strong>fraternitas</strong></span> <span class='ocrx_word' id='word_1_567' title='bbox 1690 3904 1894 3963; x_wconf 86' lang='lat' dir='ltr'><strong>nostra,</strong></span> 
     </span>
    </p>
   </div>
   <div class='ocr_carea' id='block_1_69' title="bbox 324 3969 1898 4055">
    <p class='ocr_par' dir='ltr' id='par_1_69' title="bbox 324 3969 1898 4055">
     <span class='ocr_line' id='line_1_70' title="bbox 324 3969 1898 4055; baseline 0.015 -36"><span class='ocrx_word' id='word_1_568' title='bbox 324 3969 418 4023; x_wconf 88' lang='lat' dir='ltr'><strong>sed</strong></span> <span class='ocrx_word' id='word_1_569' title='bbox 456 3970 838 4029; x_wconf 75' lang='lat' dir='ltr'><strong>misericordize</strong></span> <span class='ocrx_word' id='word_1_570' title='bbox 864 3977 982 4046; x_wconf 89' lang='lat' dir='ltr'><strong>ejus</strong></span> <span class='ocrx_word' id='word_1_571' title='bbox 1006 3987 1060 4031; x_wconf 88' lang='lat' dir='ltr'><strong>et</strong></span> <span class='ocrx_word' id='word_1_572' title='bbox 1085 3980 1405 4037; x_wconf 88' lang='lat' dir='ltr'><strong>humilitatis</strong></span> <span class='ocrx_word' id='word_1_573' title='bbox 1446 3985 1644 4048; x_wconf 73' lang='lat' dir='ltr'><strong>multm,</strong></span> <span class='ocrx_word' id='word_1_574' title='bbox 1679 3987 1770 4055; x_wconf 85' lang='lat' dir='ltr'><strong>qui</strong></span> <span class='ocrx_word' id='word_1_575' title='bbox 1798 4002 1898 4043; x_wconf 92' lang='lat' dir='ltr'><strong>nos</strong></span> 
     </span>
    </p>
   </div>
   <div class='ocr_carea' id='block_1_70' title="bbox 323 4058 1899 4142">
    <p class='ocr_par' dir='ltr' id='par_1_70' title="bbox 323 4058 1899 4142">
     <span class='ocr_line' id='line_1_71' title="bbox 323 4058 1899 4142; baseline 0.015 -30"><span class='ocrx_word' id='word_1_576' title='bbox 323 4058 523 4115; x_wconf 88' lang='lat' dir='ltr'><strong>fratres</strong></span> <span class='ocrx_word' id='word_1_577' title='bbox 549 4061 711 4134; x_wconf 79' lang='lat' dir='ltr'><strong>elegit</strong></span> <span class='ocrx_word' id='word_1_578' title='bbox 743 4064 862 4120; x_wconf 89' lang='lat' dir='ltr'><strong>sibi.</strong></span> <span class='ocrx_word' id='word_1_579' title='bbox 897 4084 918 4118; x_wconf 75' lang='grc' dir='ltr'><strong><em>ι</em></strong></span> <span class='ocrx_word' id='word_1_580' title='bbox 953 4067 1021 4122; x_wconf 89' lang='lat' dir='ltr'><strong>Et</strong></span> <span class='ocrx_word' id='word_1_581' title='bbox 1048 4069 1151 4124; x_wconf 90' lang='lat' dir='ltr'><strong>hoc</strong></span> <span class='ocrx_word' id='word_1_582' title='bbox 1189 4073 1502 4142; x_wconf 89' lang='lat' dir='ltr'><strong>prophetico</strong></span> <span class='ocrx_word' id='word_1_583' title='bbox 1544 4073 1775 4133; x_wconf 84' lang='lat' dir='ltr'><strong>afﬁrmat</strong></span> <span class='ocrx_word' id='word_1_584' title='bbox 1818 4087 1899 4134; x_wconf 89' lang='lat' dir='ltr'><strong>te-</strong></span> 
     </span>
    </p>
   </div>
   <div class='ocr_carea' id='block_1_71' title="bbox 325 4153 1900 4233">
    <p class='ocr_par' dir='ltr' id='par_1_71' title="bbox 325 4153 1900 4233">
     <span class='ocr_line' id='line_1_72' title="bbox 325 4153 1900 4233; baseline 0.013 -27"><span class='ocrx_word' id='word_1_585' title='bbox 325 4153 601 4221; x_wconf 90' lang='lat' dir='ltr'><strong>stimonio,</strong></span> <span class='ocrx_word' id='word_1_586' title='bbox 630 4171 698 4211; x_wconf 90' lang='lat' dir='ltr'><strong>ne</strong></span> <span class='ocrx_word' id='word_1_587' title='bbox 735 4160 888 4227; x_wconf 91' lang='lat' dir='ltr'><strong>quasi</strong></span> <span class='ocrx_word' id='word_1_588' title='bbox 913 4177 1112 4216; x_wconf 89' lang='lat' dir='ltr'><strong>novum</strong></span> <span class='ocrx_word' id='word_1_589' title='bbox 1155 4173 1459 4233; x_wconf 84' lang='lat' dir='ltr'><strong>putaretur,</strong></span> <span class='ocrx_word' id='word_1_590' title='bbox 1487 4175 1543 4222; x_wconf 92' lang='lat' dir='ltr'><strong>et</strong></span> <span class='ocrx_word' id='word_1_591' title='bbox 1577 4184 1684 4224; x_wconf 90' lang='lat' dir='ltr'><strong>non</strong></span> <span class='ocrx_word' id='word_1_592' title='bbox 1729 4170 1900 4225; x_wconf 89' lang='lat' dir='ltr'><strong>multo</strong></span> 
     </span>
    </p>
   </div>
   <div class='ocr_carea' id='block_1_72' title="bbox 325 4247 1899 4317">
    <p class='ocr_par' dir='ltr' id='par_1_72' title="bbox 325 4247 1899 4317">
     <span class='ocr_line' id='line_1_73' title="bbox 325 4247 1899 4317; baseline 0.012 -19"><span class='ocrx_word' id='word_1_593' title='bbox 325 4253 454 4300; x_wconf 91' lang='lat' dir='ltr'><strong>ante</strong></span> <span class='ocrx_word' id='word_1_594' title='bbox 491 4247 807 4316; x_wconf 57' lang='lat' dir='ltr'><strong>praedictum</strong></span> <span class='ocrx_word' id='word_1_595' title='bbox 835 4268 850 4317; x_wconf 90' lang='lat'><strong>;</strong></span> <span class='ocrx_word' id='word_1_596' title='bbox 883 4251 959 4306; x_wconf 90' lang='lat' dir='ltr'><strong>ait</strong></span> <span class='ocrx_word' id='word_1_597' title='bbox 999 4254 1180 4309; x_wconf 91' lang='lat' dir='ltr'><strong>enim:</strong></span> <span class='ocrx_word' id='word_1_598' title='bbox 1209 4257 1480 4314; x_wconf 83' lang='lat' dir='ltr'><strong>Nuntiabo</strong></span> <span class='ocrx_word' id='word_1_599' title='bbox 1518 4277 1705 4316; x_wconf 91' lang='lat' dir='ltr'><strong>nomen</strong></span> <span class='ocrx_word' id='word_1_600' title='bbox 1749 4271 1899 4316; x_wconf 90' lang='lat' dir='ltr'><strong>tuum</strong></span> 
     </span>
    </p>
   </div>
   <div class='ocr_carea' id='block_1_73' title="bbox 324 4337 1901 4419">
    <p class='ocr_par' dir='ltr' id='par_1_73' title="bbox 324 4337 1901 4419">
     <span class='ocr_line' id='line_1_74' title="bbox 324 4337 1901 4419; baseline 0.013 -29"><span class='ocrx_word' id='word_1_601' title='bbox 324 4337 578 4408; x_wconf 83' lang='lat' dir='ltr'><strong>fratribus</strong></span> <span class='ocrx_word' id='word_1_602' title='bbox 606 4343 751 4398; x_wconf 86' lang='lat' dir='ltr'><strong>meis.</strong></span> <span class='ocrx_word' id='word_1_603' title='bbox 792 4343 920 4400; x_wconf 89' lang='lat' dir='ltr'><strong>Post</strong></span> <span class='ocrx_word' id='word_1_604' title='bbox 947 4362 1156 4403; x_wconf 87' lang='lat' dir='ltr'><strong>sacram</strong></span> <span class='ocrx_word' id='word_1_605' title='bbox 1193 4352 1499 4419; x_wconf 87' lang='lat' dir='ltr'><strong>passionem</strong></span> <span class='ocrx_word' id='word_1_606' title='bbox 1545 4363 1600 4409; x_wconf 92' lang='lat' dir='ltr'><strong>et</strong></span> <span class='ocrx_word' id='word_1_607' title='bbox 1655 4371 1901 4411; x_wconf 87' lang='lat' dir='ltr'><strong>resurre-</strong></span> 
     </span>
    </p>
   </div>
   <div class='ocr_carea' id='block_1_74' title="bbox 323 4431 1900 4522">
    <p class='ocr_par' dir='ltr' id='par_1_74' title="bbox 323 4431 1900 4522">
     <span class='ocr_line' id='line_1_75' title="bbox 323 4431 1900 4522; baseline 0.012 -37"><span class='ocrx_word' id='word_1_608' title='bbox 323 4431 559 4487; x_wconf 91' lang='lat' dir='ltr'><strong>ctionem</strong></span> <span class='ocrx_word' id='word_1_609' title='bbox 609 4435 739 4494; x_wconf 89' lang='lat' dir='ltr'><strong>dicit</strong></span> <span class='ocrx_word' id='word_1_610' title='bbox 763 4436 989 4507; x_wconf 84' lang='lat' dir='ltr'><strong>gloriam</strong></span> <span class='ocrx_word' id='word_1_611' title='bbox 1018 4441 1326 4500; x_wconf 89' lang='lat' dir='ltr'><strong>Divinitatis</strong></span> <span class='ocrx_word' id='word_1_612' title='bbox 1353 4454 1468 4502; x_wconf 93' lang='lat' dir='ltr'><strong>toto</strong></span> <span class='ocrx_word' id='word_1_613' title='bbox 1495 4449 1629 4504; x_wconf 89' lang='lat' dir='ltr'><strong>orbe</strong></span> <span class='ocrx_word' id='word_1_614' title='bbox 1671 4451 1900 4522; x_wconf 78' lang='lat' dir='ltr'><strong>vulgan-</strong></span> 
     </span>
    </p>
   </div>
   <div class='ocr_carea' id='block_1_75' title="bbox 2004 3240 3591 3308">
    <p class='ocr_par' dir='ltr' id='par_1_75' title="bbox 2004 3240 3591 3308">
     <span class='ocr_line' id='line_1_76' title="bbox 2004 3240 3591 3308; baseline 0 -12"><span class='ocrx_word' id='word_1_615' title='bbox 2004 3241 2302 3306; x_wconf 89' lang='lat' dir='ltr'><strong>timebant;</strong></span> <span class='ocrx_word' id='word_1_616' title='bbox 2347 3242 2573 3296; x_wconf 87' lang='lat' dir='ltr'><strong>necdum</strong></span> <span class='ocrx_word' id='word_1_617' title='bbox 2597 3247 2754 3295; x_wconf 87' lang='lat' dir='ltr'><strong>erant</strong></span> <span class='ocrx_word' id='word_1_618' title='bbox 2776 3240 2937 3295; x_wconf 88' lang='lat' dir='ltr'><strong>soluti</strong></span> <span class='ocrx_word' id='word_1_619' title='bbox 2967 3257 2998 3296; x_wconf 87' lang='lat' dir='ltr'><strong>a</strong></span> <span class='ocrx_word' id='word_1_620' title='bbox 3026 3241 3220 3296; x_wconf 91' lang='lat' dir='ltr'><strong>timore</strong></span> <span class='ocrx_word' id='word_1_621' title='bbox 3245 3242 3461 3308; x_wconf 91' lang='lat' dir='ltr'><strong>mortis,</strong></span> <span class='ocrx_word' id='word_1_622' title='bbox 3494 3257 3591 3296; x_wconf 84' lang='lat' dir='ltr'><strong>cu-</strong></span> 
     </span>
    </p>
   </div>
   <div class='ocr_carea' id='block_1_76' title="bbox 1996 3330 3596 3404">
    <p class='ocr_par' dir='ltr' id='par_1_76' title="bbox 1996 3330 3596 3404">
     <span class='ocr_line' id='line_1_77' title="bbox 1996 3330 3596 3404; baseline 0.002 -18"><span class='ocrx_word' id='word_1_623' title='bbox 1996 3332 2088 3402; x_wconf 88' lang='lat' dir='ltr'><strong>jus</strong></span> <span class='ocrx_word' id='word_1_624' title='bbox 2114 3333 2322 3404; x_wconf 88' lang='lat' dir='ltr'><strong>legibus</strong></span> <span class='ocrx_word' id='word_1_625' title='bbox 2343 3333 2686 3387; x_wconf 85' lang='lat' dir='ltr'><strong>tenebantur.</strong></span> <span class='ocrx_word' id='word_1_626' title='bbox 2730 3330 2883 3386; x_wconf 86' lang='lat' dir='ltr'><strong>Nunc</strong></span> <span class='ocrx_word' id='word_1_627' title='bbox 2909 3333 3092 3402; x_wconf 90' lang='lat' dir='ltr'><strong>itaque</strong></span> <span class='ocrx_word' id='word_1_628' title='bbox 3113 3333 3286 3388; x_wconf 90' lang='lat' dir='ltr'><strong>sancti</strong></span> <span class='ocrx_word' id='word_1_629' title='bbox 3314 3333 3478 3404; x_wconf 76' lang='lat'><strong>672</strong></span> <span class='ocrx_word' id='word_1_630' title='bbox 3503 3335 3596 3390; x_wconf 87' lang='lat' dir='ltr'><strong>de-</strong></span> 
     </span>
    </p>
   </div>
   <div class='ocr_carea' id='block_1_77' title="bbox 2004 3423 3594 3495">
    <p class='ocr_par' dir='ltr' id='par_1_77' title="bbox 2004 3423 3594 3495">
     <span class='ocr_line' id='line_1_78' title="bbox 2004 3423 3594 3495; baseline 0.003 -18"><span class='ocrx_word' id='word_1_631' title='bbox 2004 3424 2183 3479; x_wconf 85' lang='lat' dir='ltr'><strong>rident</strong></span> <span class='ocrx_word' id='word_1_632' title='bbox 2233 3438 2376 3490; x_wconf 88' lang='lat' dir='ltr'><strong>eam,</strong></span> <span class='ocrx_word' id='word_1_633' title='bbox 2405 3423 2496 3494; x_wconf 92' lang='lat' dir='ltr'><strong>qui</strong></span> <span class='ocrx_word' id='word_1_634' title='bbox 2531 3438 2704 3495; x_wconf 83' lang='lat' dir='ltr'><strong>agone</strong></span> <span class='ocrx_word' id='word_1_635' title='bbox 2751 3431 3027 3479; x_wconf 90' lang='lat' dir='ltr'><strong>transacto</strong></span> <span class='ocrx_word' id='word_1_636' title='bbox 3063 3433 3118 3479; x_wconf 89' lang='lat' dir='ltr'><strong>et</strong></span> <span class='ocrx_word' id='word_1_637' title='bbox 3165 3433 3340 3480; x_wconf 91' lang='lat' dir='ltr'><strong>morte</strong></span> <span class='ocrx_word' id='word_1_638' title='bbox 3385 3426 3594 3481; x_wconf 89' lang='lat' dir='ltr'><strong>devicta</strong></span> 
     </span>
    </p>
   </div>
   <div class='ocr_carea' id='block_1_78' title="bbox 2004 3514 3588 3588">
    <p class='ocr_par' dir='ltr' id='par_1_78' title="bbox 2004 3514 3588 3588">
     <span class='ocr_line' id='line_1_79' title="bbox 2004 3514 3588 3588; baseline 0.002 -20"><span class='ocrx_word' id='word_1_639' title='bbox 2004 3514 2074 3569; x_wconf 89' lang='lat' dir='ltr'><strong>ad</strong></span> <span class='ocrx_word' id='word_1_640' title='bbox 2114 3531 2340 3587; x_wconf 88' lang='lat' dir='ltr'><strong>regnum</strong></span> <span class='ocrx_word' id='word_1_641' title='bbox 2390 3515 2674 3570; x_wconf 83' lang='lat' dir='ltr'><strong>transituri</strong></span> <span class='ocrx_word' id='word_1_642' title='bbox 2714 3523 2860 3571; x_wconf 90' lang='lat' dir='ltr'><strong>sunt.</strong></span> <span class='ocrx_word' id='word_1_643' title='bbox 2916 3515 3073 3572; x_wconf 87' lang='lat' dir='ltr'><strong>Unde</strong></span> <span class='ocrx_word' id='word_1_644' title='bbox 3123 3525 3180 3572; x_wconf 93' lang='lat' dir='ltr'><strong>et</strong></span> <span class='ocrx_word' id='word_1_645' title='bbox 3226 3517 3342 3588; x_wconf 89' lang='lat' dir='ltr'><strong>ipse</strong></span> <span class='ocrx_word' id='word_1_646' title='bbox 3384 3515 3588 3572; x_wconf 91' lang='lat' dir='ltr'><strong>Paulus</strong></span> 
     </span>
    </p>
   </div>
   <div class='ocr_carea' id='block_1_79' title="bbox 2003 3607 3578 3680">
    <p class='ocr_par' dir='ltr' id='par_1_79' title="bbox 2003 3607 3578 3680">
     <span class='ocr_line' id='line_1_80' title="bbox 2003 3607 3578 3680; baseline -0.001 -17"><span class='ocrx_word' id='word_1_647' title='bbox 2003 3609 2116 3663; x_wconf 88' lang='lat' dir='ltr'><strong>ait:</strong></span> <span class='ocrx_word' id='word_1_648' title='bbox 2139 3607 2304 3679; x_wconf 86' lang='lat' dir='ltr'><strong>Cupio</strong></span> <span class='ocrx_word' id='word_1_649' title='bbox 2335 3607 2548 3663; x_wconf 87' lang='lat' dir='ltr'><strong>dissolvi</strong></span> <span class='ocrx_word' id='word_1_650' title='bbox 2575 3617 2624 3662; x_wconf 91' lang='lat' dir='ltr'><strong>et</strong></span> <span class='ocrx_word' id='word_1_651' title='bbox 2643 3625 2754 3663; x_wconf 88' lang='lat' dir='ltr'><strong>esse</strong></span> <span class='ocrx_word' id='word_1_652' title='bbox 2775 3625 2893 3662; x_wconf 88' lang='lat' dir='ltr'><strong>cum</strong></span> <span class='ocrx_word' id='word_1_653' title='bbox 2916 3607 3124 3664; x_wconf 78' lang='lat' dir='ltr'><strong>Christo</strong></span> <span class='ocrx_word' id='word_1_654' title='bbox 3154 3608 3374 3680; x_wconf 82' lang='lat' dir='ltr'><strong>(Philip.</strong></span> <span class='ocrx_word' id='word_1_655' title='bbox 3407 3625 3446 3674; x_wconf 85' lang='lat' dir='ltr'><strong>i,</strong></span> <span class='ocrx_word' id='word_1_656' title='bbox 3465 3609 3578 3679; x_wconf 74' lang='grc'><strong>25).</strong></span> 
     </span>
    </p>
   </div>
   <div class='ocr_carea' id='block_1_80' title="bbox 2073 3697 3582 3773">
    <p class='ocr_par' dir='ltr' id='par_1_80' title="bbox 2073 3697 3582 3773">
     <span class='ocr_line' id='line_1_81' title="bbox 2073 3697 3582 3773; baseline 0.001 -19"><span class='ocrx_word' id='word_1_657' title='bbox 2073 3697 2236 3754; x_wconf 75' lang='lat' dir='ltr'><strong>Vens.</strong></span> <span class='ocrx_word' id='word_1_658' title='bbox 2261 3697 2348 3752; x_wconf 89' lang='grc'><strong>16.</strong></span> <span class='ocrx_word' id='word_1_659' title='bbox 2371 3728 2444 3739; x_wconf 94' lang='lat'><strong><em>—</em></strong></span> <span class='ocrx_word' id='word_1_660' title='bbox 2489 3697 2766 3771; x_wconf 84' lang='lat' dir='ltr'><strong>Nusquam</strong></span> <span class='ocrx_word' id='word_1_661' title='bbox 2808 3699 2945 3754; x_wconf 89' lang='lat' dir='ltr'><strong>enim</strong></span> <span class='ocrx_word' id='word_1_662' title='bbox 2985 3699 3196 3772; x_wconf 89' lang='lat' dir='ltr'><strong>angelos</strong></span> <span class='ocrx_word' id='word_1_663' title='bbox 3225 3700 3582 3773; x_wconf 86' lang='lat' dir='ltr'><strong>apprehendit,</strong></span> 
     </span>
    </p>
   </div>
   <div class='ocr_carea' id='block_1_81' title="bbox 2000 3789 3581 3864">
    <p class='ocr_par' dir='ltr' id='par_1_81' title="bbox 2000 3789 3581 3864">
     <span class='ocr_line' id='line_1_82' title="bbox 2000 3789 3581 3864; baseline 0.003 -21"><span class='ocrx_word' id='word_1_664' title='bbox 2000 3789 2091 3843; x_wconf 88' lang='lat' dir='ltr'><strong>sed</strong></span> <span class='ocrx_word' id='word_1_665' title='bbox 2115 3805 2288 3843; x_wconf 88' lang='lat' dir='ltr'><strong>semen</strong></span> <span class='ocrx_word' id='word_1_666' title='bbox 2318 3790 2544 3844; x_wconf 72' lang='lat' dir='ltr'><strong>Abrahw</strong></span> <span class='ocrx_word' id='word_1_667' title='bbox 2566 3790 2925 3862; x_wconf 82' lang='lat' dir='ltr'><strong>apprehendit.</strong></span> <span class='ocrx_word' id='word_1_668' title='bbox 2961 3789 3108 3847; x_wconf 89' lang='lat' dir='ltr'><strong>Unde</strong></span> <span class='ocrx_word' id='word_1_669' title='bbox 3131 3793 3307 3847; x_wconf 88' lang='lat' dir='ltr'><strong>debuit</strong></span> <span class='ocrx_word' id='word_1_670' title='bbox 3333 3810 3427 3864; x_wconf 90' lang='lat' dir='ltr'><strong>per</strong></span> <span class='ocrx_word' id='word_1_671' title='bbox 3467 3809 3581 3847; x_wconf 83' lang='lat' dir='ltr'><strong>om—</strong></span> 
     </span>
    </p>
   </div>
   <div class='ocr_carea' id='block_1_82' title="bbox 2001 3878 3578 3968">
    <p class='ocr_par' dir='ltr' id='par_1_82' title="bbox 2001 3878 3578 3968">
     <span class='ocr_line' id='line_1_83' title="bbox 2001 3878 3578 3968; baseline 0.006 -38"><span class='ocrx_word' id='word_1_672' title='bbox 2001 3878 2091 3931; x_wconf 89' lang='lat' dir='ltr'><strong>nia</strong></span> <span class='ocrx_word' id='word_1_673' title='bbox 2162 3878 2415 3948; x_wconf 80' lang='lat' dir='ltr'><strong>fratribus</strong></span> <span class='ocrx_word' id='word_1_674' title='bbox 2463 3879 2706 3934; x_wconf 86' lang='lat' dir='ltr'><strong>similari.</strong></span> <span class='ocrx_word' id='word_1_675' title='bbox 2766 3881 3008 3936; x_wconf 83' lang='lat' dir='ltr'><strong>Honorat</strong></span> <span class='ocrx_word' id='word_1_676' title='bbox 3051 3883 3160 3968; x_wconf 50' lang='lat' dir='ltr'><strong>hic.</strong></span> <span class='ocrx_word' id='word_1_677' title='bbox 3189 3884 3578 3952; x_wconf 89' lang='lat' dir='ltr'><strong>patriarcham,</strong></span> 
     </span>
    </p>
   </div>
   <div class='ocr_carea' id='block_1_83' title="bbox 2002 3973 3583 4048">
    <p class='ocr_par' dir='ltr' id='par_1_83' title="bbox 2002 3973 3583 4048">
     <span class='ocr_line' id='line_1_84' title="bbox 2002 3973 3583 4048; baseline 0.004 -20"><span class='ocrx_word' id='word_1_678' title='bbox 2002 3988 2202 4041; x_wconf 90' lang='lat' dir='ltr'><strong>eosque</strong></span> <span class='ocrx_word' id='word_1_679' title='bbox 2247 3973 2341 4042; x_wconf 93' lang='lat' dir='ltr'><strong>qui</strong></span> <span class='ocrx_word' id='word_1_680' title='bbox 2395 3973 2460 4029; x_wconf 92' lang='lat' dir='ltr'><strong>de</strong></span> <span class='ocrx_word' id='word_1_681' title='bbox 2507 3973 2625 4042; x_wconf 90' lang='lat' dir='ltr'><strong>ejus</strong></span> <span class='ocrx_word' id='word_1_682' title='bbox 2703 3982 2828 4030; x_wconf 88' lang='lat' dir='ltr'><strong>sunt</strong></span> <span class='ocrx_word' id='word_1_683' title='bbox 2880 3989 3096 4046; x_wconf 88' lang='lat' dir='ltr'><strong>genere,</strong></span> <span class='ocrx_word' id='word_1_684' title='bbox 3144 3978 3214 4032; x_wconf 90' lang='lat' dir='ltr'><strong>ad</strong></span> <span class='ocrx_word' id='word_1_685' title='bbox 3267 3992 3404 4048; x_wconf 91' lang='lat' dir='ltr'><strong>quos</strong></span> <span class='ocrx_word' id='word_1_686' title='bbox 3467 3979 3583 4035; x_wconf 63' lang='lat' dir='ltr'><strong>haec</strong></span> 
     </span>
    </p>
   </div>
   <div class='ocr_carea' id='block_1_84' title="bbox 2001 4062 3587 4138">
    <p class='ocr_par' dir='ltr' id='par_1_84' title="bbox 2001 4062 3587 4138">
     <span class='ocr_line' id='line_1_85' title="bbox 2001 4062 3587 4138; baseline 0.006 -22"><span class='ocrx_word' id='word_1_687' title='bbox 2001 4062 2228 4133; x_wconf 89' lang='lat' dir='ltr'><strong>epistola</strong></span> <span class='ocrx_word' id='word_1_688' title='bbox 2261 4063 2465 4134; x_wconf 88' lang='lat' dir='ltr'><strong>scripta</strong></span> <span class='ocrx_word' id='word_1_689' title='bbox 2490 4073 2594 4119; x_wconf 89' lang='lat' dir='ltr'><strong>est.</strong></span> <span class='ocrx_word' id='word_1_690' title='bbox 2629 4063 3034 4121; x_wconf 89' lang='lat' dir='ltr'><strong>Commemorat</strong></span> <span class='ocrx_word' id='word_1_691' title='bbox 3053 4081 3185 4138; x_wconf 86' lang='lat' dir='ltr'><strong>ergo</strong></span> <span class='ocrx_word' id='word_1_692' title='bbox 3215 4068 3282 4124; x_wconf 92' lang='lat' dir='ltr'><strong>de</strong></span> <span class='ocrx_word' id='word_1_693' title='bbox 3305 4067 3587 4125; x_wconf 88' lang='lat' dir='ltr'><strong>beneﬁciis</strong></span> 
     </span>
    </p>
   </div>
   <div class='ocr_carea' id='block_1_85' title="bbox 2000 4153 3580 4226">
    <p class='ocr_par' dir='ltr' id='par_1_85' title="bbox 2000 4153 3580 4226">
     <span class='ocr_line' id='line_1_86' title="bbox 2000 4153 3580 4226; baseline 0.005 -17"><span class='ocrx_word' id='word_1_694' title='bbox 2000 4153 2122 4219; x_wconf 89' lang='lat' dir='ltr'><strong>Dei,</strong></span> <span class='ocrx_word' id='word_1_695' title='bbox 2160 4161 2215 4210; x_wconf 89' lang='lat' dir='ltr'><strong>et</strong></span> <span class='ocrx_word' id='word_1_696' title='bbox 2241 4155 2306 4210; x_wconf 91' lang='lat' dir='ltr'><strong>de</strong></span> <span class='ocrx_word' id='word_1_697' title='bbox 2349 4155 2754 4226; x_wconf 89' lang='lat' dir='ltr'><strong>pr0pinquitate</strong></span> <span class='ocrx_word' id='word_1_698' title='bbox 2779 4157 2984 4212; x_wconf 90' lang='lat' dir='ltr'><strong>carnali</strong></span> <span class='ocrx_word' id='word_1_699' title='bbox 3011 4159 3080 4214; x_wconf 91' lang='lat' dir='ltr'><strong>ad</strong></span> <span class='ocrx_word' id='word_1_700' title='bbox 3099 4158 3395 4226; x_wconf 89' lang='lat' dir='ltr'><strong>Christum,</strong></span> <span class='ocrx_word' id='word_1_701' title='bbox 3426 4169 3483 4216; x_wconf 91' lang='lat' dir='ltr'><strong>et</strong></span> <span class='ocrx_word' id='word_1_702' title='bbox 3513 4161 3580 4217; x_wconf 94' lang='lat' dir='ltr'><strong>de</strong></span> 
     </span>
    </p>
   </div>
   <div class='ocr_carea' id='block_1_86' title="bbox 2000 4248 3585 4319">
    <p class='ocr_par' dir='ltr' id='par_1_86' title="bbox 2000 4248 3585 4319">
     <span class='ocr_line' id='line_1_87' title="bbox 2000 4248 3585 4319; baseline 0.004 -17"><span class='ocrx_word' id='word_1_703' title='bbox 2000 4248 2358 4319; x_wconf 89' lang='lat' dir='ltr'><strong>promissione</strong></span> <span class='ocrx_word' id='word_1_704' title='bbox 2372 4264 2492 4319; x_wconf 70' lang='lat' dir='ltr'><strong>qua:</strong></span> <span class='ocrx_word' id='word_1_705' title='bbox 2512 4249 2655 4306; x_wconf 91' lang='lat' dir='ltr'><strong>dicta</strong></span> <span class='ocrx_word' id='word_1_706' title='bbox 2693 4258 2776 4307; x_wconf 88' lang='lat' dir='ltr'><strong>est</strong></span> <span class='ocrx_word' id='word_1_707' title='bbox 2811 4249 3126 4308; x_wconf 81' lang='lat' dir='ltr'><strong>Abraham:</strong></span> <span class='ocrx_word' id='word_1_708' title='bbox 3158 4252 3271 4307; x_wconf 88' lang='lat' dir='ltr'><strong>Tibi</strong></span> <span class='ocrx_word' id='word_1_709' title='bbox 3307 4263 3357 4308; x_wconf 90' lang='lat' dir='ltr'><strong>et</strong></span> <span class='ocrx_word' id='word_1_710' title='bbox 3398 4254 3585 4309; x_wconf 79' lang='lat' dir='ltr'><strong>semini</strong></span> 
     </span>
    </p>
   </div>
   <div class='ocr_carea' id='block_1_87' title="bbox 2001 4337 3581 4413">
    <p class='ocr_par' dir='ltr' id='par_1_87' title="bbox 2001 4337 3581 4413">
     <span class='ocr_line' id='line_1_88' title="bbox 2001 4337 3581 4413; baseline 0.003 -20"><span class='ocrx_word' id='word_1_711' title='bbox 2001 4347 2090 4393; x_wconf 90' lang='lat' dir='ltr'><strong>tuo</strong></span> <span class='ocrx_word' id='word_1_712' title='bbox 2112 4338 2246 4393; x_wconf 90' lang='lat' dir='ltr'><strong>dabo</strong></span> <span class='ocrx_word' id='word_1_713' title='bbox 2271 4348 2464 4394; x_wconf 89' lang='lat' dir='ltr'><strong>terram</strong></span> <span class='ocrx_word' id='word_1_714' title='bbox 2490 4339 2624 4394; x_wconf 90' lang='lat' dir='ltr'><strong>hanc</strong></span> <span class='ocrx_word' id='word_1_715' title='bbox 2653 4337 2806 4413; x_wconf 83' lang='lat' dir='ltr'><strong>(Gen.</strong></span> <span class='ocrx_word' id='word_1_716' title='bbox 2834 4357 2964 4405; x_wconf 84' lang='lat' dir='ltr'><strong>xvu,</strong></span> <span class='ocrx_word' id='word_1_717' title='bbox 2989 4342 3068 4412; x_wconf 92' lang='lat'><strong>8),</strong></span> <span class='ocrx_word' id='word_1_718' title='bbox 3088 4343 3213 4412; x_wconf 91' lang='lat' dir='ltr'><strong>quia</strong></span> <span class='ocrx_word' id='word_1_719' title='bbox 3234 4358 3302 4398; x_wconf 86' lang='lat' dir='ltr'><strong>ex</strong></span> <span class='ocrx_word' id='word_1_720' title='bbox 3323 4358 3431 4398; x_wconf 93' lang='lat' dir='ltr'><strong>uno</strong></span> <span class='ocrx_word' id='word_1_721' title='bbox 3459 4358 3581 4400; x_wconf 88' lang='lat' dir='ltr'><strong>om-</strong></span> 
     </span>
    </p>
   </div>
   <div class='ocr_carea' id='block_1_88' title="bbox 2001 4431 3577 4503">
    <p class='ocr_par' dir='ltr' id='par_1_88' title="bbox 2001 4431 3577 4503">
     <span class='ocr_line' id='line_1_89' title="bbox 2001 4431 3577 4503; baseline 0.004 -18"><span class='ocrx_word' id='word_1_722' title='bbox 2001 4445 2118 4497; x_wconf 91' lang='lat' dir='ltr'><strong>nes,</strong></span> <span class='ocrx_word' id='word_1_723' title='bbox 2162 4431 2217 4486; x_wconf 93' lang='lat' dir='ltr'><strong>id</strong></span> <span class='ocrx_word' id='word_1_724' title='bbox 2250 4439 2352 4497; x_wconf 91' lang='lat' dir='ltr'><strong>est,</strong></span> <span class='ocrx_word' id='word_1_725' title='bbox 2385 4431 2696 4498; x_wconf 88' lang='lat' dir='ltr'><strong>Abraham;</strong></span> <span class='ocrx_word' id='word_1_726' title='bbox 2727 4431 2974 4489; x_wconf 88' lang='lat' dir='ltr'><strong>Christus</strong></span> <span class='ocrx_word' id='word_1_727' title='bbox 3011 4435 3307 4490; x_wconf 91' lang='lat' dir='ltr'><strong>secundum</strong></span> <span class='ocrx_word' id='word_1_728' title='bbox 3335 4449 3577 4503; x_wconf 89' lang='lat' dir='ltr'><strong>carnem,</strong></span> 
     </span>
    </p>
   </div>
   <div class='ocr_carea' id='block_1_89' title="bbox 323 4524 1906 4612">
    <p class='ocr_par' dir='ltr' id='par_1_89' title="bbox 323 4524 1892 4612">
     <span class='ocr_line' id='line_1_90' title="bbox 323 4524 1892 4612; baseline 0.013 -33"><span class='ocrx_word' id='word_1_729' title='bbox 323 4526 467 4580; x_wconf 91' lang='lat' dir='ltr'><strong>dam.</strong></span> <span class='ocrx_word' id='word_1_730' title='bbox 524 4524 797 4583; x_wconf 90' lang='lat' dir='ltr'><strong>Nuntiabo</strong></span> <span class='ocrx_word' id='word_1_731' title='bbox 833 4530 998 4597; x_wconf 88' lang='lat' dir='ltr'><strong>enim,</strong></span> <span class='ocrx_word' id='word_1_732' title='bbox 1027 4532 1176 4600; x_wconf 81' lang='lat' dir='ltr'><strong>dicit,</strong></span> <span class='ocrx_word' id='word_1_733' title='bbox 1211 4536 1266 4590; x_wconf 91' lang='lat' dir='ltr'><strong>id</strong></span> <span class='ocrx_word' id='word_1_734' title='bbox 1305 4545 1405 4601; x_wconf 91' lang='lat' dir='ltr'><strong>est,</strong></span> <span class='ocrx_word' id='word_1_735' title='bbox 1451 4555 1674 4596; x_wconf 89' lang='lat' dir='ltr'><strong>narrare</strong></span> <span class='ocrx_word' id='word_1_736' title='bbox 1716 4542 1892 4612; x_wconf 88' lang='lat' dir='ltr'><strong>facio;</strong></span> 
     </span>
    </p>
   </div>
   <div class='ocr_carea' id='block_1_90' title="bbox 2009 4524 3580 4612">
    <p class='ocr_par' dir='ltr' id='par_1_90' title="bbox 2009 4524 3580 4600">
     <span class='ocr_line' id='line_1_91' title="bbox 2009 4524 3580 4600; baseline 0.003 -20"><span class='ocrx_word' id='word_1_737' title='bbox 2009 4535 2058 4581; x_wconf 85' lang='lat' dir='ltr'><strong>et</strong></span> <span class='ocrx_word' id='word_1_738' title='bbox 2078 4524 2157 4580; x_wconf 92' lang='lat' dir='ltr'><strong>illi</strong></span> <span class='ocrx_word' id='word_1_739' title='bbox 2203 4525 2272 4580; x_wconf 93' lang='lat' dir='ltr'><strong>ad</strong></span> <span class='ocrx_word' id='word_1_740' title='bbox 2299 4541 2436 4594; x_wconf 90' lang='lat' dir='ltr'><strong>quos</strong></span> <span class='ocrx_word' id='word_1_741' title='bbox 2463 4526 2580 4581; x_wconf 69' lang='lat' dir='ltr'><strong>hinc</strong></span> <span class='ocrx_word' id='word_1_742' title='bbox 2607 4525 2948 4596; x_wconf 86' lang='lat' dir='ltr'><strong>loquebatur.</strong></span> <span class='ocrx_word' id='word_1_743' title='bbox 2985 4525 3136 4595; x_wconf 87' lang='lat' dir='ltr'><strong>Quod</strong></span> <span class='ocrx_word' id='word_1_744' title='bbox 3160 4543 3291 4584; x_wconf 89' lang='lat' dir='ltr'><strong>vero</strong></span> <span class='ocrx_word' id='word_1_745' title='bbox 3332 4529 3580 4600; x_wconf 87' lang='lat' dir='ltr'><strong>superius</strong></span> 
     </span>
    </p>
   </div>
   <div class='ocr_carea' id='block_1_91' title="bbox 321 4619 1898 4706">
    <p class='ocr_par' dir='ltr' id='par_1_91' title="bbox 321 4619 1898 4706">
     <span class='ocr_line' id='line_1_92' title="bbox 321 4619 1898 4706; baseline 0.012 -33"><span class='ocrx_word' id='word_1_746' title='bbox 321 4619 530 4674; x_wconf 89' lang='lat' dir='ltr'><strong>sicutin</strong></span> <span class='ocrx_word' id='word_1_747' title='bbox 557 4620 847 4692; x_wconf 88' lang='lat' dir='ltr'><strong>Evangelio</strong></span> <span class='ocrx_word' id='word_1_748' title='bbox 869 4625 1184 4682; x_wconf 91' lang='lat' dir='ltr'><strong>mulieribus</strong></span> <span class='ocrx_word' id='word_1_749' title='bbox 1213 4628 1348 4683; x_wconf 88' lang='lat' dir='ltr'><strong>dixit</strong></span> <span class='ocrx_word' id='word_1_750' title='bbox 1373 4647 1386 4683; x_wconf 93' lang='lat'><strong>:</strong></span> <span class='ocrx_word' id='word_1_751' title='bbox 1412 4629 1518 4698; x_wconf 85' lang='lat' dir='ltr'><strong>Ite,</strong></span> <span class='ocrx_word' id='word_1_752' title='bbox 1545 4632 1702 4688; x_wconf 83' lang='lat' dir='ltr'><strong>dicite</strong></span> <span class='ocrx_word' id='word_1_753' title='bbox 1715 4637 1898 4706; x_wconf 79' lang='lat' dir='ltr'><strong>fratri-</strong></span> 
     </span>
    </p>
   </div>
   <div class='ocr_carea' id='block_1_92' title="bbox 321 4711 1894 4799">
    <p class='ocr_par' dir='ltr' id='par_1_92' title="bbox 321 4711 1894 4799">
     <span class='ocr_line' id='line_1_93' title="bbox 321 4711 1894 4799; baseline 0.013 -35"><span class='ocrx_word' id='word_1_754' title='bbox 321 4711 415 4766; x_wconf 87' lang='lat' dir='ltr'><strong>bus</strong></span> <span class='ocrx_word' id='word_1_755' title='bbox 439 4713 565 4766; x_wconf 89' lang='lat' dir='ltr'><strong>meis</strong></span> <span class='ocrx_word' id='word_1_756' title='bbox 587 4711 800 4783; x_wconf 78' lang='lat' dir='ltr'><strong>(Matth.</strong></span> <span class='ocrx_word' id='word_1_757' title='bbox 826 4731 1021 4782; x_wconf 82' lang='lat' dir='ltr'><strong>xxvui,</strong></span> <span class='ocrx_word' id='word_1_758' title='bbox 1049 4716 1160 4790; x_wconf 90' lang='grc'><strong>10).</strong></span> <span class='ocrx_word' id='word_1_759' title='bbox 1179 4719 1400 4778; x_wconf 86' lang='lat' dir='ltr'><strong>Fratres</strong></span> <span class='ocrx_word' id='word_1_760' title='bbox 1422 4732 1600 4779; x_wconf 89' lang='lat' dir='ltr'><strong>autem</strong></span> <span class='ocrx_word' id='word_1_761' title='bbox 1625 4727 1894 4799; x_wconf 91' lang='lat' dir='ltr'><strong>dicuntur,</strong></span> 
     </span>
    </p>
   </div>
   <div class='ocr_carea' id='block_1_93' title="bbox 320 4802 1896 4880">
    <p class='ocr_par' dir='ltr' id='par_1_93' title="bbox 320 4802 1896 4880">
     <span class='ocr_line' id='line_1_94' title="bbox 320 4802 1896 4880; baseline 0.011 -24"><span class='ocrx_word' id='word_1_762' title='bbox 320 4809 376 4856; x_wconf 90' lang='lat' dir='ltr'><strong>et</strong></span> <span class='ocrx_word' id='word_1_763' title='bbox 403 4802 493 4872; x_wconf 86' lang='lat' dir='ltr'><strong>qui</strong></span> <span class='ocrx_word' id='word_1_764' title='bbox 535 4803 782 4874; x_wconf 86' lang='lat' dir='ltr'><strong>diligunt,</strong></span> <span class='ocrx_word' id='word_1_765' title='bbox 822 4813 874 4858; x_wconf 90' lang='lat' dir='ltr'><strong>et</strong></span> <span class='ocrx_word' id='word_1_766' title='bbox 912 4807 1004 4876; x_wconf 91' lang='lat' dir='ltr'><strong>qui</strong></span> <span class='ocrx_word' id='word_1_767' title='bbox 1034 4807 1349 4880; x_wconf 84' lang='lat' dir='ltr'><strong>diliguntur.</strong></span> <span class='ocrx_word' id='word_1_768' title='bbox 1385 4811 1608 4870; x_wconf 87' lang='lat' dir='ltr'><strong>Addidit</strong></span> <span class='ocrx_word' id='word_1_769' title='bbox 1633 4831 1798 4872; x_wconf 86' lang='lat' dir='ltr'><strong>vero:</strong></span> <span class='ocrx_word' id='word_1_770' title='bbox 1827 4818 1896 4875; x_wconf 89' lang='lat' dir='ltr'><strong>In</strong></span> 
     </span>
    </p>
   </div>
   <div class='ocr_carea' id='block_1_94' title="bbox 319 4894 1894 4965">
    <p class='ocr_par' dir='ltr' id='par_1_94' title="bbox 319 4894 1894 4965">
     <span class='ocr_line' id='line_1_95' title="bbox 319 4894 1894 4965; baseline 0.011 -17"><span class='ocrx_word' id='word_1_771' title='bbox 319 4894 490 4948; x_wconf 85' lang='lat' dir='ltr'><strong>medio</strong></span> <span class='ocrx_word' id='word_1_772' title='bbox 545 4895 795 4951; x_wconf 78' lang='lat' dir='ltr'><strong>Ecclesia:</strong></span> <span class='ocrx_word' id='word_1_773' title='bbox 851 4896 1077 4953; x_wconf 90' lang='lat' dir='ltr'><strong>laudabo</strong></span> <span class='ocrx_word' id='word_1_774' title='bbox 1133 4910 1200 4956; x_wconf 91' lang='lat' dir='ltr'><strong>te.</strong></span> <span class='ocrx_word' id='word_1_775' title='bbox 1254 4902 1312 4957; x_wconf 86' lang='lat' dir='ltr'><strong>In</strong></span> <span class='ocrx_word' id='word_1_776' title='bbox 1363 4904 1539 4960; x_wconf 87' lang='lat' dir='ltr'><strong>medio</strong></span> <span class='ocrx_word' id='word_1_777' title='bbox 1587 4915 1894 4965; x_wconf 88' lang='lat' dir='ltr'><strong>sanctorum</strong></span> 
     </span>
    </p>
   </div>
   <div class='ocr_carea' id='block_1_95' title="bbox 321 4985 1893 5068">
    <p class='ocr_par' dir='ltr' id='par_1_95' title="bbox 321 4985 1893 5068">
     <span class='ocr_line' id='line_1_96' title="bbox 321 4985 1893 5068; baseline 0.011 -31"><span class='ocrx_word' id='word_1_778' title='bbox 321 4985 438 5039; x_wconf 90' lang='lat' dir='ltr'><strong>laus</strong></span> <span class='ocrx_word' id='word_1_779' title='bbox 461 4986 669 5042; x_wconf 90' lang='lat' dir='ltr'><strong>Domini</strong></span> <span class='ocrx_word' id='word_1_780' title='bbox 694 5000 910 5044; x_wconf 89' lang='lat' dir='ltr'><strong>resonat</strong></span> <span class='ocrx_word' id='word_1_781' title='bbox 936 5007 1034 5061; x_wconf 90' lang='lat' dir='ltr'><strong>per</strong></span> <span class='ocrx_word' id='word_1_782' title='bbox 1057 5009 1180 5047; x_wconf 89' lang='lat' dir='ltr'><strong>eum</strong></span> <span class='ocrx_word' id='word_1_783' title='bbox 1214 4995 1306 5064; x_wconf 92' lang='lat' dir='ltr'><strong>qui</strong></span> <span class='ocrx_word' id='word_1_784' title='bbox 1336 4995 1450 5050; x_wconf 89' lang='lat' dir='ltr'><strong>ait:</strong></span> <span class='ocrx_word' id='word_1_785' title='bbox 1480 4995 1744 5067; x_wconf 88' lang='lat' dir='ltr'><strong>Conﬁteor</strong></span> <span class='ocrx_word' id='word_1_786' title='bbox 1779 5000 1893 5068; x_wconf 89' lang='lat' dir='ltr'><strong>tibi,</strong></span> 
     </span>
    </p>
   </div>
   <div class='ocr_carea' id='block_1_96' title="bbox 323 5075 1896 5162">
    <p class='ocr_par' dir='ltr' id='par_1_96' title="bbox 323 5075 1896 5162">
     <span class='ocr_line' id='line_1_97' title="bbox 323 5075 1896 5162; baseline 0.011 -33"><span class='ocrx_word' id='word_1_787' title='bbox 323 5075 487 5130; x_wconf 79' lang='lat' dir='ltr'><strong>Pat&#39;er</strong></span> <span class='ocrx_word' id='word_1_788' title='bbox 513 5078 627 5132; x_wconf 73' lang='grc' dir='ltr'><strong>ειεΙὶ</strong></span> <span class='ocrx_word' id='word_1_789' title='bbox 652 5089 700 5134; x_wconf 88' lang='lat' dir='ltr'><strong>et</strong></span> <span class='ocrx_word' id='word_1_790' title='bbox 733 5089 906 5148; x_wconf 64' lang='lat' dir='ltr'><strong>terrae,</strong></span> <span class='ocrx_word' id='word_1_791' title='bbox 937 5085 1059 5153; x_wconf 91' lang='lat' dir='ltr'><strong>quia</strong></span> <span class='ocrx_word' id='word_1_792' title='bbox 1095 5085 1413 5141; x_wconf 87' lang='lat' dir='ltr'><strong>abscondisti</strong></span> <span class='ocrx_word' id='word_1_793' title='bbox 1451 5088 1564 5143; x_wconf 64' lang='lat' dir='ltr'><strong>haec</strong></span> <span class='ocrx_word' id='word_1_794' title='bbox 1590 5107 1622 5143; x_wconf 89' lang='lat' dir='ltr'><strong>a</strong></span> <span class='ocrx_word' id='word_1_795' title='bbox 1646 5092 1896 5162; x_wconf 88' lang='lat' dir='ltr'><strong>sapienti-</strong></span> 
     </span>
    </p>
   </div>
   <div class='ocr_carea' id='block_1_97' title="bbox 320 5166 1895 5249">
    <p class='ocr_par' dir='ltr' id='par_1_97' title="bbox 320 5166 1895 5249">
     <span class='ocr_line' id='line_1_98' title="bbox 320 5166 1895 5249; baseline 0.011 -29"><span class='ocrx_word' id='word_1_796' title='bbox 320 5166 437 5233; x_wconf 88' lang='lat' dir='ltr'><strong>bus,</strong></span> <span class='ocrx_word' id='word_1_797' title='bbox 461 5179 509 5223; x_wconf 92' lang='lat' dir='ltr'><strong>et</strong></span> <span class='ocrx_word' id='word_1_798' title='bbox 535 5170 771 5226; x_wconf 83' lang='lat' dir='ltr'><strong>revelasti</strong></span> <span class='ocrx_word' id='word_1_799' title='bbox 809 5189 870 5226; x_wconf 91' lang='lat' dir='ltr'><strong>ea</strong></span> <span class='ocrx_word' id='word_1_800' title='bbox 894 5173 1122 5243; x_wconf 86' lang='lat' dir='ltr'><strong>parvulis</strong></span> <span class='ocrx_word' id='word_1_801' title='bbox 1149 5174 1302 5246; x_wconf 86' lang='lat' dir='ltr'><strong>(Luc.</strong></span> <span class='ocrx_word' id='word_1_802' title='bbox 1338 5192 1394 5242; x_wconf 84' lang='lat' dir='ltr'><strong>x,</strong></span> <span class='ocrx_word' id='word_1_803' title='bbox 1423 5177 1534 5249; x_wconf 73' lang='grc'><strong>21).</strong></span> <span class='ocrx_word' id='word_1_804' title='bbox 1571 5179 1715 5237; x_wconf 89' lang='lat' dir='ltr'><strong>Laus</strong></span> <span class='ocrx_word' id='word_1_805' title='bbox 1750 5183 1895 5238; x_wconf 90' lang='lat' dir='ltr'><strong>enim</strong></span> 
     </span>
    </p>
   </div>
   <div class='ocr_carea' id='block_1_98' title="bbox 319 5261 1895 5333">
    <p class='ocr_par' dir='ltr' id='par_1_98' title="bbox 319 5261 1895 5333">
     <span class='ocr_line' id='line_1_99' title="bbox 319 5261 1895 5333; baseline 0.01 -18"><span class='ocrx_word' id='word_1_806' title='bbox 319 5261 531 5316; x_wconf 90' lang='lat' dir='ltr'><strong>Domini</strong></span> <span class='ocrx_word' id='word_1_807' title='bbox 554 5278 680 5318; x_wconf 87' lang='lat' dir='ltr'><strong>vera</strong></span> <span class='ocrx_word' id='word_1_808' title='bbox 709 5280 813 5319; x_wconf 93' lang='lat' dir='ltr'><strong>non</strong></span> <span class='ocrx_word' id='word_1_809' title='bbox 843 5266 1016 5321; x_wconf 91' lang='lat' dir='ltr'><strong>solum</strong></span> <span class='ocrx_word' id='word_1_810' title='bbox 1036 5283 1150 5333; x_wconf 89' lang='lat' dir='ltr'><strong>ore,</strong></span> <span class='ocrx_word' id='word_1_811' title='bbox 1169 5270 1265 5324; x_wconf 91' lang='lat' dir='ltr'><strong>sed</strong></span> <span class='ocrx_word' id='word_1_812' title='bbox 1283 5270 1450 5324; x_wconf 88' lang='lat' dir='ltr'><strong>etiam</strong></span> <span class='ocrx_word' id='word_1_813' title='bbox 1476 5273 1639 5328; x_wconf 91' lang='lat' dir='ltr'><strong>corde</strong></span> <span class='ocrx_word' id='word_1_814' title='bbox 1662 5275 1895 5332; x_wconf 89' lang='lat' dir='ltr'><strong>amantis</strong></span> 
     </span>
    </p>
   </div>
   <div class='ocr_carea' id='block_1_99' title="bbox 318 5356 1892 5440">
    <p class='ocr_par' dir='ltr' id='par_1_99' title="bbox 318 5356 1892 5440">
     <span class='ocr_line' id='line_1_100' title="bbox 318 5356 1892 5440; baseline 0.01 -32"><span class='ocrx_word' id='word_1_815' title='bbox 318 5363 372 5409; x_wconf 92' lang='lat' dir='ltr'><strong>et</strong></span> <span class='ocrx_word' id='word_1_816' title='bbox 392 5356 719 5424; x_wconf 88' lang='lat' dir='ltr'><strong>perficientis</strong></span> <span class='ocrx_word' id='word_1_817' title='bbox 734 5369 999 5428; x_wconf 66' lang='lat' dir='ltr'><strong>pmcepta</strong></span> <span class='ocrx_word' id='word_1_818' title='bbox 1035 5360 1247 5414; x_wconf 90' lang='lat' dir='ltr'><strong>Domini</strong></span> <span class='ocrx_word' id='word_1_819' title='bbox 1274 5370 1547 5418; x_wconf 91' lang='lat' dir='ltr'><strong>narratur.</strong></span> <span class='ocrx_word' id='word_1_820' title='bbox 1569 5361 1756 5435; x_wconf 74' lang='lat' dir='ltr'><strong>(Vens.</strong></span> <span class='ocrx_word' id='word_1_821' title='bbox 1780 5367 1892 5440; x_wconf 83' lang='grc'><strong>15.)</strong></span> 
     </span>
    </p>
   </div>
   <div class='ocr_carea' id='block_1_100' title="bbox 319 5445 1894 5528">
    <p class='ocr_par' dir='ltr' id='par_1_100' title="bbox 319 5445 1894 5528">
     <span class='ocr_line' id='line_1_101' title="bbox 319 5445 1894 5528; baseline 0.01 -28"><span class='ocrx_word' id='word_1_822' title='bbox 319 5445 390 5500; x_wconf 85' lang='lat' dir='ltr'><strong>Et</strong></span> <span class='ocrx_word' id='word_1_823' title='bbox 439 5449 667 5502; x_wconf 86' lang='lat' dir='ltr'><strong>iterum:</strong></span> <span class='ocrx_word' id='word_1_824' title='bbox 705 5448 820 5519; x_wconf 88' lang='lat' dir='ltr'><strong>Ego</strong></span> <span class='ocrx_word' id='word_1_825' title='bbox 869 5466 956 5505; x_wconf 91' lang='lat' dir='ltr'><strong>ero</strong></span> <span class='ocrx_word' id='word_1_826' title='bbox 1003 5451 1173 5521; x_wconf 88' lang='lat' dir='ltr'><strong>ﬁdens</strong></span> <span class='ocrx_word' id='word_1_827' title='bbox 1224 5452 1280 5506; x_wconf 89' lang='lat' dir='ltr'><strong>in</strong></span> <span class='ocrx_word' id='word_1_828' title='bbox 1326 5470 1465 5508; x_wconf 88' lang='lat' dir='ltr'><strong>eum.</strong></span> <span class='ocrx_word' id='word_1_829' title='bbox 1519 5455 1595 5512; x_wconf 92' lang='lat' dir='ltr'><strong>De</strong></span> <span class='ocrx_word' id='word_1_830' title='bbox 1642 5467 1894 5528; x_wconf 83' lang='lat' dir='ltr'><strong>suscepto</strong></span> 
     </span>
    </p>
   </div>
   <div class='ocr_carea' id='block_1_101' title="bbox 317 5533 1892 5612">
    <p class='ocr_par' dir='ltr' id='par_1_101' title="bbox 317 5533 1892 5612">
     <span class='ocr_line' id='line_1_102' title="bbox 317 5533 1892 5612; baseline 0.01 -23"><span class='ocrx_word' id='word_1_831' title='bbox 317 5533 536 5592; x_wconf 87' lang='lat' dir='ltr'><strong>homine</strong></span> <span class='ocrx_word' id='word_1_832' title='bbox 577 5537 677 5594; x_wconf 92' lang='lat' dir='ltr'><strong>hoc</strong></span> <span class='ocrx_word' id='word_1_833' title='bbox 705 5538 905 5594; x_wconf 92' lang='lat' dir='ltr'><strong>dictum</strong></span> <span class='ocrx_word' id='word_1_834' title='bbox 933 5549 1036 5606; x_wconf 89' lang='lat' dir='ltr'><strong>est,</strong></span> <span class='ocrx_word' id='word_1_835' title='bbox 1078 5542 1232 5612; x_wconf 91' lang='lat' dir='ltr'><strong>cujus</strong></span> <span class='ocrx_word' id='word_1_836' title='bbox 1288 5543 1613 5602; x_wconf 87' lang='lat' dir='ltr'><strong>conﬁdentia</strong></span> <span class='ocrx_word' id='word_1_837' title='bbox 1666 5556 1778 5603; x_wconf 92' lang='lat' dir='ltr'><strong>tota</strong></span> <span class='ocrx_word' id='word_1_838' title='bbox 1837 5551 1892 5605; x_wconf 93' lang='lat' dir='ltr'><strong>in</strong></span> 
     </span>
    </p>
   </div>
   <div class='ocr_carea' id='block_1_102' title="bbox 317 5620 1893 5712">
    <p class='ocr_par' dir='ltr' id='par_1_102' title="bbox 317 5620 1893 5712">
     <span class='ocr_line' id='line_1_103' title="bbox 317 5620 1893 5712; baseline 0.013 -35"><span class='ocrx_word' id='word_1_839' title='bbox 317 5620 430 5678; x_wconf 93' lang='lat' dir='ltr'><strong>Deo</strong></span> <span class='ocrx_word' id='word_1_840' title='bbox 477 5623 638 5682; x_wconf 87' lang='lat' dir='ltr'><strong>Patre</strong></span> <span class='ocrx_word' id='word_1_841' title='bbox 661 5641 781 5682; x_wconf 89' lang='lat' dir='ltr'><strong>esse</strong></span> <span class='ocrx_word' id='word_1_842' title='bbox 807 5644 914 5684; x_wconf 91' lang='lat' dir='ltr'><strong>non</strong></span> <span class='ocrx_word' id='word_1_843' title='bbox 951 5630 1173 5686; x_wconf 88' lang='lat' dir='ltr'><strong>dubium</strong></span> <span class='ocrx_word' id='word_1_844' title='bbox 1199 5641 1305 5700; x_wconf 91' lang='lat' dir='ltr'><strong>est,</strong></span> <span class='ocrx_word' id='word_1_845' title='bbox 1333 5634 1474 5690; x_wconf 88' lang='lat' dir='ltr'><strong>sicut</strong></span> <span class='ocrx_word' id='word_1_846' title='bbox 1502 5637 1557 5691; x_wconf 90' lang='lat' dir='ltr'><strong>in</strong></span> <span class='ocrx_word' id='word_1_847' title='bbox 1601 5636 1893 5712; x_wconf 86' lang='lat' dir='ltr'><strong>Evangelio</strong></span> 
     </span>
    </p>
   </div>
   <div class='ocr_carea' id='block_1_103' title="bbox 319 5715 1890 5797">
    <p class='ocr_par' dir='ltr' id='par_1_103' title="bbox 319 5715 1890 5797">
     <span class='ocr_line' id='line_1_104' title="bbox 319 5715 1890 5797; baseline 0.012 -28"><span class='ocrx_word' id='word_1_848' title='bbox 319 5715 436 5786; x_wconf 88' lang='lat' dir='ltr'><strong>ipse</strong></span> <span class='ocrx_word' id='word_1_849' title='bbox 485 5719 578 5784; x_wconf 90' lang='lat' dir='ltr'><strong>ait,</strong></span> <span class='ocrx_word' id='word_1_850' title='bbox 649 5737 748 5791; x_wconf 90' lang='lat' dir='ltr'><strong>pro</strong></span> <span class='ocrx_word' id='word_1_851' title='bbox 799 5724 994 5794; x_wconf 90' lang='lat' dir='ltr'><strong>quibus</strong></span> <span class='ocrx_word' id='word_1_852' title='bbox 1049 5725 1448 5797; x_wconf 89' lang='lat' dir='ltr'><strong>supplicabatur</strong></span> <span class='ocrx_word' id='word_1_853' title='bbox 1487 5729 1710 5788; x_wconf 90' lang='lat' dir='ltr'><strong>dicens:</strong></span> <span class='ocrx_word' id='word_1_854' title='bbox 1761 5731 1890 5788; x_wconf 83' lang='lat' dir='ltr'><strong>Volo</strong></span> 
     </span>
    </p>
   </div>
   <div class='ocr_carea' id='block_1_104' title="bbox 323 5802 1884 5894">
    <p class='ocr_par' dir='ltr' id='par_1_104' title="bbox 323 5802 1884 5894">
     <span class='ocr_line' id='line_1_105' title="bbox 323 5802 1884 5894; baseline 0.013 -38"><span class='ocrx_word' id='word_1_855' title='bbox 323 5802 506 5873; x_wconf 87' lang='lat' dir='ltr'><strong>Pater,</strong></span> <span class='ocrx_word' id='word_1_856' title='bbox 537 5818 614 5864; x_wconf 87' lang='lat' dir='ltr'><strong>ut.</strong></span> <span class='ocrx_word' id='word_1_857' title='bbox 649 5813 738 5868; x_wconf 86' lang='lat' dir='ltr'><strong>ubi</strong></span> <span class='ocrx_word' id='word_1_858' title='bbox 783 5830 876 5889; x_wconf 86' lang='lat' dir='ltr'><strong>ego</strong></span> <span class='ocrx_word' id='word_1_859' title='bbox 913 5833 1049 5885; x_wconf 86' lang='lat' dir='ltr'><strong>sum,</strong></span> <span class='ocrx_word' id='word_1_860' title='bbox 1075 5827 1123 5873; x_wconf 87' lang='lat' dir='ltr'><strong>et</strong></span> <span class='ocrx_word' id='word_1_861' title='bbox 1166 5819 1255 5874; x_wconf 89' lang='lat' dir='ltr'><strong>isti</strong></span> <span class='ocrx_word' id='word_1_862' title='bbox 1301 5819 1406 5874; x_wconf 89' lang='lat' dir='ltr'><strong>sint</strong></span> <span class='ocrx_word' id='word_1_863' title='bbox 1459 5836 1659 5874; x_wconf 87' lang='lat' dir='ltr'><strong>mecum</strong></span> <span class='ocrx_word' id='word_1_864' title='bbox 1704 5821 1884 5894; x_wconf 76' lang='lat' dir='ltr'><strong>(Joan.</strong></span> 
     </span>
    </p>
   </div>
   <div class='ocr_carea' id='block_1_105' title="bbox 2001 4617 3580 4688">
    <p class='ocr_par' dir='ltr' id='par_1_105' title="bbox 2001 4617 3580 4688">
     <span class='ocr_line' id='line_1_106' title="bbox 2001 4617 3580 4688; baseline 0.002 -17"><span class='ocrx_word' id='word_1_865' title='bbox 2001 4617 2100 4684; x_wconf 90' lang='lat' dir='ltr'><strong>ait,</strong></span> <span class='ocrx_word' id='word_1_866' title='bbox 2147 4617 2401 4686; x_wconf 90' lang='lat' dir='ltr'><strong>quoniam</strong></span> <span class='ocrx_word' id='word_1_867' title='bbox 2445 4633 2574 4688; x_wconf 87' lang='lat' dir='ltr'><strong>ergo</strong></span> <span class='ocrx_word' id='word_1_868' title='bbox 2616 4620 2765 4688; x_wconf 87' lang='lat' dir='ltr'><strong>pueri</strong></span> <span class='ocrx_word' id='word_1_869' title='bbox 2803 4619 3311 4675; x_wconf 87' lang='lat' dir='ltr'><strong>communicaverunt</strong></span> <span class='ocrx_word' id='word_1_870' title='bbox 3353 4622 3501 4676; x_wconf 85' lang='lat' dir='ltr'><strong>carni</strong></span> <span class='ocrx_word' id='word_1_871' title='bbox 3529 4629 3580 4676; x_wconf 90' lang='lat' dir='ltr'><strong>et</strong></span> 
     </span>
    </p>
   </div>
   <div class='ocr_carea' id='block_1_106' title="bbox 1998 4707 3580 4779">
    <p class='ocr_par' dir='ltr' id='par_1_106' title="bbox 1998 4707 3580 4779">
     <span class='ocr_line' id='line_1_107' title="bbox 1998 4707 3580 4779; baseline 0.005 -19"><span class='ocrx_word' id='word_1_872' title='bbox 1998 4709 2267 4777; x_wconf 85' lang='lat' dir='ltr'><strong>sanguini,</strong></span> <span class='ocrx_word' id='word_1_873' title='bbox 2297 4717 2347 4762; x_wconf 90' lang='lat' dir='ltr'><strong>et</strong></span> <span class='ocrx_word' id='word_1_874' title='bbox 2384 4709 2491 4778; x_wconf 91' lang='lat' dir='ltr'><strong>ipse</strong></span> <span class='ocrx_word' id='word_1_875' title='bbox 2518 4707 2761 4762; x_wconf 87' lang='lat' dir='ltr'><strong>similiter</strong></span> <span class='ocrx_word' id='word_1_876' title='bbox 2779 4708 3110 4779; x_wconf 86' lang='lat' dir='ltr'><strong>participavit</strong></span> <span class='ocrx_word' id='word_1_877' title='bbox 3164 4711 3376 4778; x_wconf 87' lang='lat' dir='ltr'><strong>eisdem,</strong></span> <span class='ocrx_word' id='word_1_878' title='bbox 3423 4727 3580 4768; x_wconf 80' lang='lat' dir='ltr'><strong>exse-</strong></span> 
     </span>
    </p>
   </div>
   <div class='ocr_carea' id='block_1_107' title="bbox 1997 4799 3578 4876">
    <p class='ocr_par' dir='ltr' id='par_1_107' title="bbox 1997 4799 3578 4876">
     <span class='ocr_line' id='line_1_108' title="bbox 1997 4799 3578 4876; baseline 0.007 -25"><span class='ocrx_word' id='word_1_879' title='bbox 1997 4799 2185 4867; x_wconf 89' lang='lat' dir='ltr'><strong>quitur</strong></span> <span class='ocrx_word' id='word_1_880' title='bbox 2213 4801 2442 4870; x_wconf 90' lang='lat' dir='ltr'><strong>amplius</strong></span> <span class='ocrx_word' id='word_1_881' title='bbox 2469 4803 2614 4856; x_wconf 91' lang='lat' dir='ltr'><strong>hunc</strong></span> <span class='ocrx_word' id='word_1_882' title='bbox 2639 4817 2880 4868; x_wconf 90' lang='lat' dir='ltr'><strong>sensum,</strong></span> <span class='ocrx_word' id='word_1_883' title='bbox 2913 4803 3057 4860; x_wconf 92' lang='lat' dir='ltr'><strong>unde</strong></span> <span class='ocrx_word' id='word_1_884' title='bbox 3081 4806 3433 4876; x_wconf 86' lang='lat' dir='ltr'><strong>participaret</strong></span> <span class='ocrx_word' id='word_1_885' title='bbox 3457 4822 3578 4862; x_wconf 85' lang='lat' dir='ltr'><strong>car-</strong></span> 
     </span>
    </p>
   </div>
   <div class='ocr_carea' id='block_1_108' title="bbox 1996 4895 3573 4970">
    <p class='ocr_par' dir='ltr' id='par_1_108' title="bbox 1996 4895 3573 4970">
     <span class='ocr_line' id='line_1_109' title="bbox 1996 4895 3573 4970; baseline 0.006 -24"><span class='ocrx_word' id='word_1_886' title='bbox 1996 4907 2123 4947; x_wconf 90' lang='lat' dir='ltr'><strong>nem</strong></span> <span class='ocrx_word' id='word_1_887' title='bbox 2158 4901 2214 4947; x_wconf 87' lang='lat' dir='ltr'><strong>et</strong></span> <span class='ocrx_word' id='word_1_888' title='bbox 2249 4895 2601 4965; x_wconf 85' lang='lat' dir='ltr'><strong>sanguinem;</strong></span> <span class='ocrx_word' id='word_1_889' title='bbox 2638 4895 2758 4965; x_wconf 87' lang='lat' dir='ltr'><strong>ideo</strong></span> <span class='ocrx_word' id='word_1_890' title='bbox 2787 4897 2902 4952; x_wconf 89' lang='lat' dir='ltr'><strong>ait:</strong></span> <span class='ocrx_word' id='word_1_891' title='bbox 2934 4897 3060 4954; x_wconf 89' lang='lat' dir='ltr'><strong>Non</strong></span> <span class='ocrx_word' id='word_1_892' title='bbox 3084 4901 3222 4954; x_wconf 90' lang='lat' dir='ltr'><strong>enim</strong></span> <span class='ocrx_word' id='word_1_893' title='bbox 3261 4915 3573 4970; x_wconf 84' lang='lat' dir='ltr'><strong>quemquam</strong></span> 
     </span>
    </p>
   </div>
   <div class='ocr_carea' id='block_1_109' title="bbox 1996 4984 3574 5065">
    <p class='ocr_par' dir='ltr' id='par_1_109' title="bbox 1996 4984 3574 5065">
     <span class='ocr_line' id='line_1_110' title="bbox 1996 4984 3574 5065; baseline 0.008 -27"><span class='ocrx_word' id='word_1_894' title='bbox 1996 4984 2300 5056; x_wconf 86' lang='lat' dir='ltr'><strong>angelorum</strong></span> <span class='ocrx_word' id='word_1_895' title='bbox 2334 4988 2694 5059; x_wconf 86' lang='lat' dir='ltr'><strong>apprehendit,</strong></span> <span class='ocrx_word' id='word_1_896' title='bbox 2725 4989 2781 5045; x_wconf 89' lang='lat' dir='ltr'><strong>id</strong></span> <span class='ocrx_word' id='word_1_897' title='bbox 2813 4998 2914 5057; x_wconf 89' lang='lat' dir='ltr'><strong>est,</strong></span> <span class='ocrx_word' id='word_1_898' title='bbox 2951 5007 3059 5047; x_wconf 93' lang='lat' dir='ltr'><strong>non</strong></span> <span class='ocrx_word' id='word_1_899' title='bbox 3085 4992 3372 5064; x_wconf 81' lang='lat' dir='ltr'><strong>cujuslibet</strong></span> <span class='ocrx_word' id='word_1_900' title='bbox 3399 4994 3574 5065; x_wconf 83' lang='lat' dir='ltr'><strong>angeli</strong></span> 
     </span>
    </p>
   </div>
   <div class='ocr_carea' id='block_1_110' title="bbox 1995 5079 3574 5153">
    <p class='ocr_par' dir='ltr' id='par_1_110' title="bbox 1995 5079 3574 5153">
     <span class='ocr_line' id='line_1_111' title="bbox 1995 5079 3574 5153; baseline 0.007 -23"><span class='ocrx_word' id='word_1_901' title='bbox 1995 5085 2246 5131; x_wconf 86' lang='lat' dir='ltr'><strong>naturam</strong></span> <span class='ocrx_word' id='word_1_902' title='bbox 2269 5079 2525 5148; x_wconf 90' lang='lat' dir='ltr'><strong>suscepit,</strong></span> <span class='ocrx_word' id='word_1_903' title='bbox 2545 5079 2635 5133; x_wconf 86' lang='lat' dir='ltr'><strong>sed</strong></span> <span class='ocrx_word' id='word_1_904' title='bbox 2655 5097 2828 5136; x_wconf 90' lang='lat' dir='ltr'><strong>semen</strong></span> <span class='ocrx_word' id='word_1_905' title='bbox 2847 5081 3069 5137; x_wconf 75' lang='lat' dir='ltr'><strong>Abrahte</strong></span> <span class='ocrx_word' id='word_1_906' title='bbox 3083 5082 3440 5153; x_wconf 87' lang='lat' dir='ltr'><strong>apprehendit.</strong></span> <span class='ocrx_word' id='word_1_907' title='bbox 3455 5083 3574 5141; x_wconf 87' lang='lat' dir='ltr'><strong>Non</strong></span> 
     </span>
    </p>
   </div>
   <div class='ocr_carea' id='block_1_111' title="bbox 1995 5165 3569 5240">
    <p class='ocr_par' dir='ltr' id='par_1_111' title="bbox 1995 5165 3569 5240">
     <span class='ocr_line' id='line_1_112' title="bbox 1995 5165 3569 5240; baseline 0.006 -20"><span class='ocrx_word' id='word_1_908' title='bbox 1995 5165 2140 5220; x_wconf 91' lang='lat' dir='ltr'><strong>enim</strong></span> <span class='ocrx_word' id='word_1_909' title='bbox 2165 5167 2370 5236; x_wconf 88' lang='lat' dir='ltr'><strong>angelis</strong></span> <span class='ocrx_word' id='word_1_910' title='bbox 2404 5184 2507 5222; x_wconf 89' lang='lat' dir='ltr'><strong>una</strong></span> <span class='ocrx_word' id='word_1_911' title='bbox 2538 5169 2769 5240; x_wconf 90' lang='lat' dir='ltr'><strong>dignitas</strong></span> <span class='ocrx_word' id='word_1_912' title='bbox 2813 5172 3008 5226; x_wconf 89' lang='lat' dir='ltr'><strong>donata</strong></span> <span class='ocrx_word' id='word_1_913' title='bbox 3057 5180 3160 5239; x_wconf 87' lang='lat' dir='ltr'><strong>est,</strong></span> <span class='ocrx_word' id='word_1_914' title='bbox 3189 5181 3250 5228; x_wconf 92' lang='lat' dir='ltr'><strong>ut</strong></span> <span class='ocrx_word' id='word_1_915' title='bbox 3297 5175 3354 5228; x_wconf 91' lang='lat' dir='ltr'><strong>in</strong></span> <span class='ocrx_word' id='word_1_916' title='bbox 3406 5190 3569 5231; x_wconf 90' lang='lat' dir='ltr'><strong>unam</strong></span> 
     </span>
    </p>
   </div>
   <div class='ocr_carea' id='block_1_112' title="bbox 1994 5257 3567 5335">
    <p class='ocr_par' dir='ltr' id='par_1_112' title="bbox 1994 5257 3567 5335">
     <span class='ocr_line' id='line_1_113' title="bbox 1994 5257 3567 5335; baseline 0.008 -26"><span class='ocrx_word' id='word_1_917' title='bbox 1994 5269 2278 5323; x_wconf 89' lang='lat' dir='ltr'><strong>personam</strong></span> <span class='ocrx_word' id='word_1_918' title='bbox 2322 5257 2416 5313; x_wconf 89' lang='lat' dir='ltr'><strong>Dei</strong></span> <span class='ocrx_word' id='word_1_919' title='bbox 2446 5259 2614 5316; x_wconf 85' lang='lat' dir='ltr'><strong>Filius</strong></span> <span class='ocrx_word' id='word_1_920' title='bbox 2646 5277 2832 5317; x_wconf 90' lang='lat' dir='ltr'><strong>eorum</strong></span> <span class='ocrx_word' id='word_1_921' title='bbox 2872 5270 3079 5318; x_wconf 74' lang='lat' dir='ltr'><strong>naturae</strong></span> <span class='ocrx_word' id='word_1_922' title='bbox 3115 5263 3567 5335; x_wconf 81' lang='lat' dir='ltr'><strong>conjungeretur;</strong></span> 
     </span>
    </p>
   </div>
   <div class='ocr_carea' id='block_1_113' title="bbox 1995 5347 3570 5423">
    <p class='ocr_par' dir='ltr' id='par_1_113' title="bbox 1995 5347 3570 5423">
     <span class='ocr_line' id='line_1_114' title="bbox 1995 5347 3570 5423; baseline 0.01 -24"><span class='ocrx_word' id='word_1_923' title='bbox 1995 5347 2088 5400; x_wconf 90' lang='lat' dir='ltr'><strong>sed</strong></span> <span class='ocrx_word' id='word_1_924' title='bbox 2125 5347 2268 5403; x_wconf 92' lang='lat' dir='ltr'><strong>hunc</strong></span> <span class='ocrx_word' id='word_1_925' title='bbox 2293 5349 2550 5406; x_wconf 89' lang='lat' dir='ltr'><strong>honorem</strong></span> <span class='ocrx_word' id='word_1_926' title='bbox 2593 5360 2647 5407; x_wconf 89' lang='lat' dir='ltr'><strong>et</strong></span> <span class='ocrx_word' id='word_1_927' title='bbox 2675 5353 2814 5408; x_wconf 91' lang='lat' dir='ltr'><strong>hanc</strong></span> <span class='ocrx_word' id='word_1_928' title='bbox 2840 5353 3158 5423; x_wconf 84' lang='lat' dir='ltr'><strong>dignitatem</strong></span> <span class='ocrx_word' id='word_1_929' title='bbox 3197 5357 3446 5413; x_wconf 70' lang='lat' dir='ltr'><strong>humanae</strong></span> <span class='ocrx_word' id='word_1_930' title='bbox 3473 5374 3570 5414; x_wconf 89' lang='lat' dir='ltr'><strong>na-</strong></span> 
     </span>
    </p>
   </div>
   <div class='ocr_carea' id='block_1_114' title="bbox 1994 5438 3570 5513">
    <p class='ocr_par' dir='ltr' id='par_1_114' title="bbox 1994 5438 3570 5513">
     <span class='ocr_line' id='line_1_115' title="bbox 1994 5438 3570 5513; baseline 0.013 -24"><span class='ocrx_word' id='word_1_931' title='bbox 1994 5445 2130 5492; x_wconf 82' lang='lat' dir='ltr'><strong>turae</strong></span> <span class='ocrx_word' id='word_1_932' title='bbox 2173 5438 2316 5495; x_wconf 92' lang='lat' dir='ltr'><strong>Deus</strong></span> <span class='ocrx_word' id='word_1_933' title='bbox 2361 5440 2457 5497; x_wconf 91' lang='lat' dir='ltr'><strong>Dei</strong></span> <span class='ocrx_word' id='word_1_934' title='bbox 2488 5443 2655 5499; x_wconf 88' lang='lat' dir='ltr'><strong>Filius</strong></span> <span class='ocrx_word' id='word_1_935' title='bbox 2685 5445 3000 5513; x_wconf 91' lang='lat' dir='ltr'><strong>contribuit,</strong></span> <span class='ocrx_word' id='word_1_936' title='bbox 3041 5455 3102 5502; x_wconf 92' lang='lat' dir='ltr'><strong>ut</strong></span> <span class='ocrx_word' id='word_1_937' title='bbox 3137 5449 3282 5505; x_wconf 90' lang='lat' dir='ltr'><strong>Deus</strong></span> <span class='ocrx_word' id='word_1_938' title='bbox 3315 5457 3371 5506; x_wconf 91' lang='lat' dir='ltr'><strong>et</strong></span> <span class='ocrx_word' id='word_1_939' title='bbox 3407 5451 3570 5510; x_wconf 89' lang='lat' dir='ltr'><strong>homo</strong></span> 
     </span>
    </p>
   </div>
   <div class='ocr_carea' id='block_1_115' title="bbox 1993 5533 3569 5612">
    <p class='ocr_par' dir='ltr' id='par_1_115' title="bbox 1993 5533 3569 5612">
     <span class='ocr_line' id='line_1_116' title="bbox 1993 5533 3569 5612; baseline 0.013 -30"><span class='ocrx_word' id='word_1_940' title='bbox 1993 5543 2100 5583; x_wconf 91' lang='lat' dir='ltr'><strong>una</strong></span> <span class='ocrx_word' id='word_1_941' title='bbox 2142 5537 2288 5586; x_wconf 91' lang='lat' dir='ltr'><strong>esset</strong></span> <span class='ocrx_word' id='word_1_942' title='bbox 2319 5547 2569 5602; x_wconf 90' lang='lat' dir='ltr'><strong>persona.</strong></span> <span class='ocrx_word' id='word_1_943' title='bbox 2619 5533 2796 5601; x_wconf 87' lang='lat' dir='ltr'><strong>Quare</strong></span> <span class='ocrx_word' id='word_1_944' title='bbox 2825 5537 2982 5605; x_wconf 86' lang='lat' dir='ltr'><strong>dixit,</strong></span> <span class='ocrx_word' id='word_1_945' title='bbox 3016 5542 3356 5612; x_wconf 87' lang='lat' dir='ltr'><strong>apprehendit</strong></span> <span class='ocrx_word' id='word_1_946' title='bbox 3378 5544 3404 5598; x_wconf 77' lang='lat' dir='ltr'><strong>l’</strong></span> <span class='ocrx_word' id='word_1_947' title='bbox 3431 5543 3569 5612; x_wconf 84' lang='lat' dir='ltr'><strong>Quia</strong></span> 
     </span>
    </p>
   </div>
   <div class='ocr_carea' id='block_1_116' title="bbox 1991 5623 3571 5706">
    <p class='ocr_par' dir='ltr' id='par_1_116' title="bbox 1991 5623 3571 5706">
     <span class='ocr_line' id='line_1_117' title="bbox 1991 5623 3571 5706; baseline 0.012 -31"><span class='ocrx_word' id='word_1_948' title='bbox 1991 5636 2091 5677; x_wconf 92' lang='lat' dir='ltr'><strong>nos</strong></span> <span class='ocrx_word' id='word_1_949' title='bbox 2120 5623 2274 5693; x_wconf 88' lang='lat' dir='ltr'><strong>quasi</strong></span> <span class='ocrx_word' id='word_1_950' title='bbox 2306 5627 2617 5682; x_wconf 88' lang='lat' dir='ltr'><strong>recedentes</strong></span> <span class='ocrx_word' id='word_1_951' title='bbox 2643 5628 2712 5684; x_wconf 91' lang='lat' dir='ltr'><strong>ab</strong></span> <span class='ocrx_word' id='word_1_952' title='bbox 2739 5645 2802 5686; x_wconf 94' lang='lat' dir='ltr'><strong>eo</strong></span> <span class='ocrx_word' id='word_1_953' title='bbox 2836 5638 2892 5686; x_wconf 92' lang='lat' dir='ltr'><strong>et</strong></span> <span class='ocrx_word' id='word_1_954' title='bbox 2922 5631 3079 5703; x_wconf 84' lang='lat' dir='ltr'><strong>longe</strong></span> <span class='ocrx_word' id='word_1_955' title='bbox 3115 5632 3381 5706; x_wconf 88' lang='lat' dir='ltr'><strong>fugientes</strong></span> <span class='ocrx_word' id='word_1_956' title='bbox 3423 5637 3571 5694; x_wconf 83' lang='lat' dir='ltr'><strong>inse-</strong></span> 
     </span>
    </p>
   </div>
   <div class='ocr_carea' id='block_1_117' title="bbox 1991 5717 3561 5796">
    <p class='ocr_par' dir='ltr' id='par_1_117' title="bbox 1991 5717 3561 5796">
     <span class='ocr_line' id='line_1_118' title="bbox 1991 5717 3561 5796; baseline 0.012 -28"><span class='ocrx_word' id='word_1_957' title='bbox 1991 5721 2150 5770; x_wconf 91' lang='lat' dir='ltr'><strong>cutus</strong></span> <span class='ocrx_word' id='word_1_958' title='bbox 2195 5717 2569 5787; x_wconf 88' lang='lat' dir='ltr'><strong>apprehendit,</strong></span> <span class='ocrx_word' id='word_1_959' title='bbox 2607 5727 2662 5775; x_wconf 90' lang='lat' dir='ltr'><strong>et</strong></span> <span class='ocrx_word' id='word_1_960' title='bbox 2708 5721 2765 5777; x_wconf 90' lang='lat' dir='ltr'><strong>in</strong></span> <span class='ocrx_word' id='word_1_961' title='bbox 2804 5738 2969 5779; x_wconf 90' lang='lat' dir='ltr'><strong>unam</strong></span> <span class='ocrx_word' id='word_1_962' title='bbox 3016 5739 3305 5796; x_wconf 89' lang='lat' dir='ltr'><strong>personam</strong></span> <span class='ocrx_word' id='word_1_963' title='bbox 3361 5738 3561 5787; x_wconf 73' lang='lat' dir='ltr'><strong>nostra:</strong></span> 
     </span>
    </p>
   </div>
   <div class='ocr_carea' id='block_1_118' title="bbox 1991 5803 3559 5886">
    <p class='ocr_par' dir='ltr' id='par_1_118' title="bbox 1991 5803 3559 5886">
     <span class='ocr_line' id='line_1_119' title="bbox 1991 5803 3559 5886; baseline 0.011 -27"><span class='ocrx_word' id='word_1_964' title='bbox 1991 5803 2297 5876; x_wconf 82' lang='lat' dir='ltr'><strong>fragilitatis</strong></span> <span class='ocrx_word' id='word_1_965' title='bbox 2343 5817 2592 5864; x_wconf 90' lang='lat' dir='ltr'><strong>naturam</strong></span> <span class='ocrx_word' id='word_1_966' title='bbox 2620 5810 2725 5870; x_wconf 81' lang='lat' dir='ltr'><strong>sibi</strong></span> <span class='ocrx_word' id='word_1_967' title='bbox 2771 5818 3213 5886; x_wconf 89' lang='lat' dir='ltr'><strong>contemperavit.</strong></span> <span class='ocrx_word' id='word_1_968' title='bbox 3264 5817 3397 5875; x_wconf 87' lang='lat' dir='ltr'><strong>Mira</strong></span> <span class='ocrx_word' id='word_1_969' title='bbox 3427 5836 3559 5876; x_wconf 85' lang='lat' dir='ltr'><strong>con-</strong></span> 
     </span>
    </p>
   </div>
  </div>
