4088 6330
501 379 636 436 1043

1335 379 1389 432 Β.
1433 378 1489 432 F.
1531 373 1753 432 ALBlNl
1791 375 1922 434 SEU
1961 373 2236 433 ALCUINI
2273 373 2554 434 OPERUM
2587 372 2769 431 PARS
2798 373 2863 431 ll.

3615 383 3753 443 i0“

496 491 702 561 iunctio
728 489 857 547 dum
903 499 1136 547 aeternus
1167 501 1218 546 et
1261 492 1582 546 immortalis
1611 492 1826 546 mortali
1854 499 1910 546 et
1940 501 2070 546 tem-
2095 491 2389 556 Alentiam
2439 491 2860 562 promissiomnn
2915 493 3032 563 Dei,
3085 503 3146 553 ut
3200 499 3406 557 intente
3449 515 3510 560 se
3558 515 3753 575 parent

499 583 670 653 porali
722 584 986 639 adunatus
1014 592 1096 639 est
1120 585 1131 637 !
1161 582 1439 650 Quomodo
1472 597 1601 637 vero
1633 585 1733 639 hoc
1761 591 1920 649 esset,
1945 596 2076 639 con-
2173 583 2416 652 accipere
2449 584 2592 652 quod
2622 583 2764 639 Deus
2783 585 3011 657 benigne
3039 587 3115 642 illi
3144 593 3393 660 promisit
3414 594 3628 663 altene,
3653 615 3755 653 no.

497 675 678 732 festim
727 675 1001 745 subiunxit
1051 676 1284 731 dicens:
1329 676 1516 747 (Vens.
1565 676 1652 747 i7)
1705 674 1854 731 Unde
1896 675 2074 730 debuit

499 788 588 839 per
628 775 805 827 omnia
839 772 1091 841 fratribus
1116 772 1360 826 similari.
1404 791 1422 822 ‹
1449 771 1588 838 Quid
1615 776 1716 833 est,
1742 786 1834 840 per
1859 767 2074 824 omnia?

499 863 554 919 ld
577 873 679 930 est,
711 874 867 919 natus
903 872 1007 929 est,
1034 864 1310 925 educatus,
1360 865 1548 929 crevit,
1579 877 1768 933 passus
1800 869 1884 916 est
1908 860 2072 915 etiam

497 966 551 1011 et
580 964 846 1019 mortuus,
882 975 900 1008 ι
952 964 1012 1008 ιιι
1034 970 1130 1024 per
1161 957 1341 1009 omnia
1385 955 1577 1009 similis
1603 962 1746 1009 esset
1789 952 2068 1016 fratribus,

497 1049 590 1119 qui
644 1047 906 1115 ejusmodi
956 1046 1246 1102 conditioni
1306 1046 1529 1116 subjecti
1590 1054 1734 1099 sunt.
1810 1044 2070 1114 Superius

498 1138 642 1193 enim
698 1139 829 1192 dicit
885 1138 1223 1208 splendorem
1268 1151 1390 1190 eum
1468 1136 1671 1204 gloriae,
1723 1144 1777 1191 et
1832 1143 2070 1207 paterna:

497 1230 815 1285 substantiae
873 1231 1116 1300 ﬁguram,
1168 1246 1266 1300 per
1309 1245 1467 1300 quem
1516 1229 1710 1284 secula
1739 1229 1883 1285 fecit.
1923 1231 2069 1284 «iste

503 1331 688 1378 tantus
764 1330 818 1376 et
867 1330 975 1376 tam
1030 1321 1293 1376 mirabilis
1346 1331 1403 1375 et
1467 1330 1576 1374 tam
1625 1321 1887 1392 gloriosus
1951 1329 2071 1374 tan-

500 1426 609 1470 tam
669 1423 868 1470 nostra:
922 1412 1113 1470 salutis
1150 1430 1338 1470 curam
1398 1413 1611 1478 habuit,
1651 1421 1709 1466 ut
1763 1412 1928 1467 frater
1973 1431 2069 1467 no—

497 1520 611 1566 ster
645 1511 698 1566 in
749 1511 1000 1566 omnibus
1054 1511 1224 1565 ﬁeret.
1282 1509 1511 1579 Propter
1551 1510 1653 1564 hoc
1685 1507 1902 1578 angelos
1934 1521 2068 1577 quo-

497 1603 784 1659 dammodo
811 1603 1045 1675 reliquit,
1083 1604 1324 1673 aliasque
1352 1601 1611 1658 caelorum
1653 1601 1902 1664 virtutes,
1937 1619 1956 1652 ι
2010 1609 2068 1655 ιιι

493 1709 591 1750 nos
631 1695 1076 1766 apprehenderet,
1115 1711 1269 1752 ovem
1313 1698 1598 1768 perditam,
1644 1697 1910 1766 passionis
1956 1711 2067 1750 sua:

493 1787 784 1853 inventam,
844 1789 1084 1844 humeris
1133 1789 1439 1858 impositam
1491 1797 1794 1858 reportaret
1847 1788 1909 1842 ad
1955 1803 2066 1843 coe-

493 1879 686 1934 lestem
723 1881 975 1951 patriam.
1027 1879 1126 1936 Hic
1169 1895 1299 1935 vero
1327 1889 1508 1934 tantus
1547 1889 1603 1935 et
1645 1880 1768 1935 talis
1810 1878 2066 1934 sacerdos

492 1982 680 2028 noster
717 1975 884 2029 voluit
944 1974 1082 2043 apud
1133 1974 1350 2028 Patrem
1413 1975 1646 2042 seipsum
1713 1972 1906 2028 offerre
1970 1985 2067 2042 pro

491 2061 666 2120 nobis.
717 2061 949 2120 Proinde
978 2071 1194 2120 secutus
1221 2074 1305 2120 est
1339 2071 1392 2118 et
1431 2064 1630 2118 infert:
1661 2060 1727 2116 Ut
1772 2061 2066 2116 misericors

490 2156 635 2224 ﬁeret
659 2166 707 2210 et
732 2155 900 2226 ﬁdelis
923 2157 1157 2228 pontifex.
1187 2157 1254 2211 ad
1281 2159 1468 2221 Deum,
1495 2166 1553 2210 ut
1585 2155 1939 2226 repmpitiaret
1975 2155 2066 2208 de-

489 2247 610 2301 licta
636 2248 833 2318 populi.
867 2245 974 2303 Nec
1001 2251 1179 2320 itaque
1206 2249 1308 2304 alia
1329 2264 1491 2304 causa
1517 2247 1616 2302 fuit
1639 2248 1736 2313 illi,
1759 2262 1856 2318 per
1881 2247 2061 2303 omnia

458 2342 465 2349 '
491 2337 750 2393 fratribus
777 2339 1090 2405 assimilari,
1120 2341 1224 2394 nisi
1263 2348 1321 2394 ut
1357 2339 1529 2395 fidelis
1555 2337 1797 2410 pontifex
1838 2347 1982 2394 esset
2008 2339 2062 2392 in

489 2429 665 2495 nobis,
715 2431 1022 2501 nostrisque
1077 2431 1393 2502 propitiaret
1438 2432 1694 2501 peccatis.
1749 2449 1769 2481 ε
1811 2429 1927 2484 Νοη
1977 2437 2062 2485 est

487 2520 660 2574 altera
698 2522 861 2575 totius
903 2523 1060 2593 hujus
1105 2523 1363 2576 mirandae
1410 2522 1825 2593 dispensationis
1873 2535 2055 2586 causa,

487 2625 648 2680 quam
676 2613 792 2666 inec
821 2613 954 2667 sola.
984 2613 1129 2668 Vidit
1154 2615 1350 2684 quippe
1387 2628 1554 2684 genus
1569 2615 1868 2668 humanum
1894 2613 2058 2667 humo

482 2698 750 2769 iacentem
776 2702 922 2774 [Ley.
935 2745 949 2768 ,
958 2701 1188 2776 iacens],
1218 2713 1556 2774 peccatorum
1573 2705 1800 2760 vinculis
1813 2703 2054 2774 ligatum,

487 2794 649 2847 morti
692 2791 1004 2860 obnoxium,
1045 2797 1384 2867 tyrannidem
1436 2797 1664 2866 patiens,
1705 2803 1761 2851 et
1805 2797 2058 2850 misertus

486 2891 571 2939 est
598 2884 714 2955 eius
740 2885 881 2940 sicut
905 2885 1078 2941 ﬁdelis
1103 2887 1363 2956 pontifex.
1397 2885 1619 2950 Fidelis,
1647 2888 1800 2951 dicit,
1823 2889 1926 2942 hoc
1951 2895 2054 2952 est,

485 2987 646 3031 verus
693 2984 750 3031 et
791 2987 1002 3046 potens.
1043 2998 1060 3030 ›
1108 2978 1458 3032 Ministerium
1508 2979 1715 3034 scilicet
1761 2978 2058 3033 sacerdotis

483 3075 588 3134 est,
617 3068 829 3123 ﬁdelem
857 3079 996 3133 esse,
1029 3077 1087 3123 ut
1112 3071 1280 3139 possit
1305 3085 1396 3126 eos
1423 3084 1651 3140 quorum
1673 3078 1755 3124 est
1779 3066 2050 3131 sacerdos,

481 3159 714 3216 liberare
783 3175 814 3216 a
863 3164 1116 3233 peccatis.
1169 3163 1400 3218 Proinde
1468 3177 1566 3232 pro
1634 3161 1749 3231 ejus
1815 3162 2051 3230 potentia

486 3253 801 3306 subsecutus
830 3253 1072 3320 adiunxit
1097 3271 1110 3306 :
1137 3251 1321 3324 (Vens.
1351 3254 1444 3321 18)
1488 3254 1554 3307 In
1587 3270 1650 3307 eo
1675 3254 1836 3317 enim,
1873 3254 1928 3307 in
1950 3267 2052 3324 quo

481 3359 668 3411 passus
706 3353 804 3407 est,
831 3344 943 3414 ipse
979 3353 1204 3399 tentatus
1224 3355 1402 3414 potens
1419 3353 1499 3400 est
1534 3345 1606 3398 eis
1646 3345 1733 3415 qui
1763 3352 2050 3410 mittantur,

483 3433 751 3488 auxiliari.
779 3435 839 3488 in
865 3449 950 3499 eo,
981 3434 1033 3489 id
1075 3444 1178 3501 est,
1209 3438 1426 3491 homine
1469 3438 1524 3490 in
1565 3451 1672 3506 quo
1714 3451 1907 3506 passus
1945 3444 2048 3501 est,

480 3533 675 3594 potens
707 3534 793 3581 est
820 3526 992 3582 victos
1025 3527 1272 3594 liberare,
1304 3536 1650 3597 tentatosque
1673 3529 1956 3599 adjuvare,
1985 3544 2054 3583 ne

484 3617 770 3670 vincantur
790 3634 806 3683 ;
825 3619 954 3686 quia
976 3619 1307 3674 mutationes
1334 3627 1552 3673 nostras
1579 3633 1685 3673 non
1713 3619 1884 3673 solum
1914 3620 2054 3673 sicut

483 3707 762 3774 Dominus,
811 3711 905 3764 sed
957 3711 1121 3764 etiam
1173 3708 1316 3764 sicut
1352 3709 1522 3763 'hotne
1569 3707 1629 3762 in
1679 3724 1740 3762 se
1787 3709 1903 3776 ipso
1955 3723 2055 3779 per

483 3800 911 3869 experimentum
937 3801 1207 3871 cognovit.
1242 3799 1403 3855 Licet
1438 3801 1587 3855 Deus
1627 3799 1688 3853 in
1713 3813 1810 3854 sua
1861 3808 2052 3854 natura

483 3891 552 3946 sit
591 3892 970 3964 impassibilist;
1001 3901 1178 3947 tamen
1215 3893 1268 3946 in
1297 3901 1483 3948 nostra
1525 3907 1690 3962 quam
1741 3893 2048 3962 assumpsit,

489 3984 627 4039 idem
679 3985 773 4040 Dei
805 3985 975 4042 Filius
999 3985 1272 4055 passibilis
1297 3986 1416 4052 fuit,
1450 3994 1646 4042 nostra:
1672 3994 1880 4041 natura:
1913 4000 2051 4041 con-

483 4075 694 4132 similis.
753 4095 780 4128 s
813 4078 869 4132 in
893 4094 956 4132 ea
991 4095 1122 4132 vero
1149 4093 1310 4134 carne
1361 4093 1525 4149 quam
1575 4079 1832 4146 suscepit,
1887 4077 2052 4131 multa

482 4184 622 4226 steva
680 4183 871 4240 passus
925 4179 1026 4226 est.
1067 4169 1223 4226 Novit
1271 4172 1397 4240 quid
1453 4181 1538 4225 est
1595 4171 1699 4225 ista
1755 4169 2048 4233 tribulatio,

483 4262 633 4317 novit
656 4264 793 4333 quid
829 4271 914 4318 est
959 4265 1184 4317 tentatio
1223 4263 1565 4332 patientium.
1601 4279 1618 4312 ι
1654 4261 1779 4330 'lpse
1807 4268 2053 4316 tentatus

481 4361 583 4418 est,
612 4355 704 4410 sed
721 4369 837 4409 :non
867 4363 1168 4424 superatus.

1093 4443 1319 4499 CAPUT
1359 4443 1424 4498 ll]

2171 675 2383 730 minans
2414 690 2508 730 eos
2535 675 2734 732 fratres
2759 677 3108 736 charissimos
3133 683 3203 736 ad
3234 686 3475 742 caelestia
3505 701 3751 755 vocatos,
3787 721 3792 726 τ

2170 763 2462 835 participes
2496 781 2617 822 cum
2657 766 2874 829 Christo
2902 771 3235 830 hzereditatis
3277 776 3394 832 Dei.
3433 778 3538 844 Qui
3578 781 3756 849 ﬁdelis

2170 864 2243 906 est
2269 857 2341 919 ei,
2364 857 2415 910 id
2444 864 2546 922 est,
2577 857 2687 912 Deo
2716 856 2887 922 Patri,
2913 861 3004 931 qui
3039 861 3162 932 fecit
3188 882 3325 920 eunt.
3369 868 3446 924 De
3501 871 3760 926 humani-

2171 954 2279 1001 tate
2307 947 2422 1017 eius
2469 949 2620 1014 dicit,
2656 952 2746 1020 qui
2782 949 2957 1007 factus
2993 963 3076 1008 est
3105 971 3171 1010 ex
3208 960 3413 1014 semine
3456 962 3627 1019 David
3661 980 3758 1020 se-

2169 1042 2402 1094 cundum
2446 1056 2701 1106 carnem;
2730 1055 2838 1096 non
2885 1043 2952 1098 de
2985 1045 3288 1114 divinitate,
3335 1066 3456 1119 quae
3507 1068 3614 1108 non
3661 1065 3756 1110 est

2169 1129 2332 1195 facta,
2362 1132 2454 1185 sed
2475 1133 2656 1200 genita
2686 1147 2717 1187 a
2753 1133 2938 1199 Patre,
2967 1137 3130 1192 unius
3152 1140 3466 1196 substantiae
3493 1159 3618 1199 cum
3659 1161 3752 1200 eo.

2174 1238 2192 1271 ι
2219 1220 2370 1276 'Sicut
2397 1221 2622 1292 Moyses,
2663 1225 2762 1289 ait,
2795 1219 2969 1280 ﬁdelis
2997 1236 3082 1282 est
3116 1230 3170 1283 in
3196 1229 3352 1284 domo
3375 1249 3493 1286 sua.
3533 1235 3759 1305 Praepe—

2167 1318 2369 1373 siturus
2415 1333 2536 1373 eum
2591 1317 2784 1389 Moysi,
2829 1321 3125 1375 secundum
3175 1328 3638 1394 comparationem
3699 1330 3756 1384 in

2166 1407 2283 1479 lege
2306 1409 2618 1472 sacerdotii,
2645 1410 2786 1464 hunc
2823 1425 3126 1467 sermonem
3172 1415 3407 1481 induxit,
3441 1435 3462 1469 ι
3505 1432 3758 1475 asserens

2165 1515 2286 1555 eum
2311 1502 2522 1556 ﬁdelem
2541 1515 2663 1558 esse
2691 1504 2744 1557 in
2768 1505 2928 1558 domo
2951 1519 3069 1559 sua.
3107 1525 3127 1557 ‹
3155 1505 3418 1574 Fidetent,
3450 1511 3503 1565 id
3521 1520 3630 1576 est,
3657 1515 3757 1568 de—

2165 1602 2368 1657 votum,
2403 1593 2774 1650 defendentem
2813 1611 2877 1650 ea
2903 1611 3025 1666 quae
3059 1608 3185 1653 sunt
3207 1599 3346 1669 eius,
3384 1617 3491 1656 non
3527 1605 3756 1672 permit-

2167 1690 2364 1737 tentem
2415 1685 2722 1754 corrumpi:
2755 1703 2775 1738 ι
2806 1700 2927 1755 quae
2960 1687 3152 1743 domus
3174 1703 3274 1744 nos
3291 1705 3509 1759 sumus,
3531 1694 3675 1748 sicut
3697 1697 3751 1751 in

2166 1776 2618 1844 consequentibus
2665 1775 3004 1832 dicit:Sicut
3059 1779 3265 1850 Moyses
3311 1781 3484 1850 ﬁdelis
3542 1783 3644 1852 fuit
3693 1786 3752 1840 iss

2097 1849 2142 1909 Β
2168 1869 2321 1922 domo
2347 1883 2468 1933 sua,
2493 1870 2545 1923 id
2573 1880 2657 1924 est
2675 1871 2874 1940 populo
2902 1871 3100 1940 priore.
3124 1849 3750 1946 Confestimque—conse-

2167 1970 2323 2017 cutus
2342 1963 2577 2017 ostendit
2597 1964 2867 2032 quomodo
2893 1964 3085 2020 domum
3113 1967 3258 2022 illius
3279 1982 3402 2023 esse
3421 1970 3740 2038 debeamus;

2165 2053 2242 2106 ait
2285 2053 2471 2107 enim:
2506 2051 2638 2118 Qua:
2681 2053 2868 2109 domus
2909 2069 3092 2111 suntus
3145 2074 3262 2123 nos,
3306 2059 3353 2112 si
3391 2058 3635 2123 ﬁduciam
3685 2071 3740 2116 et

2162 2144 2382 2215 gloriam
2429 2145 2540 2214 spei
2574 2159 2740 2216 usque
2794 2146 2863 2198 ad
2913 2147 3071 2215 ﬁnem
3127 2149 3339 2218 ﬁmans
3390 2153 3730 2216 meum;

2163 2239 2288 2306 quia
2309 2238 2397 2308 qui
2421 2239 2819 2307 perseueraurit
2833 2255 3003 2310 usque
3031 2241 3090 2294 in
3112 2241 3290 2310 ﬁnem,
3327 2243 3412 2297 hic
3439 2243 3604 2317 smnus
3633 2245 3729 2298 erit

2162 2329 2378 2401 (Matth.
2406 2347 2558 2396 niv,
2591 2329 2704 2401 15).
2743 2331 2974 2387 Domum
3014 2335 3158 2389 enim
3198 2336 3351 2401 dicit,
3383 2349 3485 2406 pro
3523 2338 3609 2391 his
3647 2338 3740 2408 qui

2159 2425 2590 2479 convocanturin
2610 2422 2858 2480 ecclesia.
2877 2425 3082 2491 intulit,
3105 2426 3204 2481 Dei
3223 2427 3409 2482 domu
3429 2443 3609 2482 sum
3630 2446 3742 2494 nos,

2161 2514 2369 2570 factura
2414 2516 2531 2580 Dei,
2591 2517 2764 2572 crati
2805 2516 2863 2570 in
2911 2516 3130 2572 Christe
3180 2516 3330 2572 Iesu.
3375 2517 3528 2573 Nunc
3577 2533 3747 2590 usque

2159 2610 2614 2680 comparationem
2666 2611 2794 2665 fecit
2857 2611 2925 2665 de
2957 2610 3327 2666 incarnatione
3373 2611 3580 2667 Christi
3623 2625 3745 2666 cum

2160 2702 2374 2774 Moyse;
2406 2703 2600 2757 dehinc
2625 2716 2684 2757 se
2712 2700 2778 2756 ad
2809 2701 3001 2756 altiora
3033 2701 3150 2772 eius
3193 2702 3466 2757 narrantia
3513 2716 3744 2757 conver-

2159 2795 2244 2859 tit,
2300 2794 2485 2848 dicens
2517 2812 2529 2846 :
2569 2792 2757 2864 (Vsus.
2799 2791 2856 2864 '5)
2901 2791 3185 2863 Amplioris
3239 2791 3381 2848 enim
3419 2793 3614 2865 gloria
3652 2794 3751 2848 iste

2155 2901 2266 2956 prce
2298 2884 2479 2954 Moyse
2505 2884 2662 2954 digne
2677 2883 2886 2939 habitus
2939 2892 3040 2948 est,
3067 2893 3265 2955 quam
3317 2884 3637 2955 am
3659 2885 3753 2938 tto-

2158 2997 2333 3038 uorem
2362 2980 2512 3034 habet
2531 2981 2740 3044 domus,
2768 2980 2858 3051 qui
2887 2978 3165 3049 fabricauit
3183 2977 3355 3033 illam.
3393 2996 3416 3030 ε
3442 2978 3561 3034 Non
3581 2979 3747 3044 dixit,

2156 3081 2359 3142 quanto
2386 3072 2645 3142 maiorem
2665 3068 2829 3125 habet
2849 3070 3106 3124 honorem
3131 3070 3199 3125 ab
3218 3071 3474 3140 operibus
3506 3070 3745 3133 utier;

2156 3164 2250 3219 sed
2281 3178 2455 3234 quam
2493 3163 2705 3227 domus,
2747 3161 2840 3230 qui
2870 3159 3174 3215 construxit
3209 3174 3352 3216 eam.
3394 3161 3567 3216 Vides
3611 3173 3750 3231 quo-

2159 3257 2316 3310 modo
2356 3271 2464 3310 non
2505 3255 2571 3310 de
2603 3253 2803 3324 templo
2843 3252 2995 3319 dicit,
3038 3252 3131 3308 sed
3165 3253 3233 3308 de
3281 3253 3427 3310 omni
3468 3253 3694 3324 populo,
3721 3269 3743 3305 ο

2153 3349 2349 3419 primo,
2387 3361 2550 3416 quem
2589 3344 2800 3416 Moyses
2836 3344 2902 3399 de
2941 3342 3176 3415 Egypto
3211 3342 3397 3399 eduxit
3421 3359 3436 3408 ;
3459 3353 3518 3400 et
3549 3345 3750 3399 deinde

2155 3440 2219 3494 de
2241 3451 2322 3500 eo,
2357 3452 2516 3507 quem
2537 3435 2788 3491 Christus
2809 3435 2874 3490 de
2896 3434 3160 3491 diabolica
3174 3436 3444 3491 servitute
3466 3436 3745 3501 liberalis,

2155 3531 2362 3599 sibique
2377 3529 2432 3584 in
2451 3531 2669 3585 domum
2687 3528 2975 3598 acquisivit

2223 3625 2386 3678 Vens.
2431 3623 2484 3676 4.
2516 3652 2588 3663 ——
2615 3621 2800 3676 Omnis
2847 3636 3069 3692 namque
3104 3620 3300 3674 domus
3333 3620 3638 3690 {qu
3679 3620 3749 3673 οὔ

2154 3716 2362 3786 aliquo;
2387 3714 2475 3783 qui
2501 3722 2673 3766 autem
2697 3713 2874 3766 omnia
2900 3712 3113 3777 creauit,
3137 3711 3281 3765 Bern
3304 3719 3398 3766 est.
3435 3710 3544 3766 ilic
3569 3710 3753 3766 facto-

2155 3822 2268 3862 rem
2295 3821 2327 3859 a
2347 3804 2562 3860 factura
2589 3803 2885 3866 discernit,
2914 3801 3197 3871 utriusque
3231 3802 3424 3857 domus
3451 3811 3749 3856 auctorem

2154 3899 2323 3952 Deum
2375 3911 2496 3952 esse
2549 3895 2771 3965 intelligi
2817 3893 3028 3960 volens;
3083 3893 3179 3949 sed
3231 3894 3388 3950 aliter
3435 3894 3598 3958 illius,
3647 3893 3750 3948 cui

2155 3993 2364 4063 Moyses
2399 3987 2645 4061 praefuit;
2690 3988 2846 4043 aliter
2884 3986 3042 4052 illius,
3076 3987 3162 4041 cui
3183 3986 3444 4043 Christus
3471 3987 3584 4042 dux
3619 4001 3752 4041 esse

2153 4094 2208 4140 ct
2236 4083 2484 4138 dominus
2511 4080 2870 4151 cognoscitur.
2901 4077 3027 4134 ideo
3055 4078 3370 4134 subsecutus
3395 4080 3474 4133 ait
3498 4097 3512 4132 :
3547 4080 3748 4149 (Vens.

2152 4176 2203 4238 5,
2251 4176 2304 4246 ﬁ)
2338 4175 2403 4228 Et
2432 4173 2637 4242 Moyses
2662 4172 2869 4243 quidem
2899 4170 3067 4240 ﬁdelis
3091 4181 3203 4224 erat
3231 4171 3287 4223 in
3309 4179 3419 4224 tota
3447 4171 3604 4224 domo
3627 4171 3752 4240 ejus

2152 4279 2401 4338 tanquam
2432 4264 2660 4335 famulus
2695 4267 2749 4318 in
2783 4264 3341 4317 testimoniumeorum
3367 4277 3484 4331 quae
3511 4261 3750 4316 dicenda

2151 4369 2298 4413 erant
2317 4377 2334 4424 ;
2364 4357 2602 4412 Christus
2627 4372 2744 4410 uero
2771 4366 3017 4424 tanquam
3041 4353 3185 4423 ﬁlius
3199 4355 3263 4407 in
3283 4353 3442 4407 denso
3463 4369 3566 4406 sua
3583 4369 3603 4417 ;
3623 4369 3755 4423 quo

2153 4450 2338 4504 domus
2364 4465 2545 4504 sumus
2571 4464 2684 4513 nos,
2715 4448 2764 4500 si
2799 4446 3049 4514 ﬁduciam
3087 4454 3136 4498 et
3163 4443 3394 4515 .gloniam
3430 4445 3541 4515 spei
3577 4461 3756 4514 usque

552 4539 715 4594 Vsus.
735 4535 1121 4603 i,2.—Unde,
1137 4535 1324 4604 fratres
1337 4536 1522 4601 sancti,
1541 4536 1824 4590 vocationis
1837 4513 2052 4590 cce/estis
2084 4543 2212 4620 Dan
2236 4542 2392 4611 ﬁnem
2422 4539 2628 4607 ﬁrmam
2659 4513 2990 4592 retineamus.
3027 4554 3044 4587 ι
3081 4513 3188 4591 Iste
3213 4513 3492 4601 autem,
3519 4542 3627 4598 est,
3657 4513 3758 4589 Je-

481 4628 777 4700 partic‘ipes,
801 4625 1124 4680 considerate
1149 4625 1438 4695 apostolum
1455 4635 1503 4680 et
1523 4626 1817 4696 pontiﬁcem
1845 4625 2049 4695 confes-

485 4720 646 4774 sionis
665 4728 854 4800 nostris
875 4717 1078 4783 Iesum,
1098 4718 1186 4789 qui
1201 4719 1370 4786 ﬁdelis
1387 4729 1459 4772 est
1476 4721 1521 4772 ei
1538 4721 1627 4789 qui
1641 4719 1761 4785 fecit
1781 4719 1953 4784 illum,
1976 4720 2050 4775 si-

483 4820 632 4866 cut-et
655 4809 859 4882 Moyses
889 4811 944 4864 in
963 4809 1102 4868 omni
1130 4809 1284 4863 domo
1305 4809 1673 4865 illius.Adhuc
1692 4811 1854 4864 etiam
1881 4812 1946 4864 de
1969 4812 2054 4865 in-

483 4904 807 4960 carnationis
835 4901 1035 4956 Christi
1056 4901 1292 4971 loquitur
1311 4903 1626 4957 ministerio.
1643 4902 1776 4956 Nam
1801 4904 1855 4957 in
1877 4903 2051 4957 Evan-

482 4996 620 5066 gelio
659 4996 772 5065 ipse
803 5003 1031 5050 testatur
1053 5009 1114 5049 se
1140 4994 1360 5048 missum
1402 5009 1509 5049 non
1549 5010 1666 5049 esse
1694 4995 1796 5047 nisi
1825 4995 1892 5048 ad
1921 5010 2052 5049 oves

483 5086 740 5156 perditas,
781 5089 882 5142 hoc
939 5094 1042 5150 est,
1103 5085 1293 5139 domus
1355 5085 1538 5139 Israel.
1596 5083 1828 5154 Angelus
1888 5085 2054 5155 igitur

480 5176 688 5244 Grtece,
719 5178 907 5232 Latine
947 5179 1144 5232 missus
1176 5177 1392 5232 dicitur.
1433 5178 1751 5247 Cognoscite
1798 5179 1926 5248 quid
1970 5187 2055 5234 est

480 5269 637 5326 Jesus
697 5269 976 5334 sacerdos,
1035 5279 1089 5325 et
1136 5270 1333 5338 qualis,
1397 5277 1454 5323 et
1499 5285 1604 5323 non
1664 5271 1872 5325 habetis
1918 5285 2054 5342 opus

481 5360 844 5416 consolatione
885 5361 1011 5426 alia,
1045 5376 1216 5430 neque
1262 5360 1472 5415 solatio.
1513 5377 1532 5409 ‹
1562 5359 1868 5429 Pontiﬁcem
1907 5364 2050 5417 enim

479 5465 600 5505 eum
632 5452 768 5506 dixit
803 5451 1139 5520 confessionis
1175 5461 1387 5516 nostrrr,
1425 5452 1475 5505 id
1511 5459 1613 5517 est,
1652 5452 1776 5508 ﬁdei
1825 5463 2046 5521 nostrae,

480 5543 565 5594 cui
597 5543 682 5596 isti
707 5543 934 5611 populus
957 5543 1474 5597 novus-commissus
1500 5550 1603 5606 est,
1631 5543 1770 5597 sicut
1802 5551 1857 5596 et
1881 5543 2048 5615 Moysi

483 5631 631 5700 prior
646 5633 808 5703 673
831 5635 1058 5703 populus
1087 5635 1139 5689 in
1168 5635 1405 5705 regimen
1447 5635 1604 5690 datus
1633 5644 1752 5689 est:
1782 5637 1876 5690 sed
1925 5637 2050 5691 huic

484 5723 687 5792 majora
717 5725 802 5780 vel
827 5723 981 5796 longe
1006 5726 1230 5782 meliora
1251 5728 1536 5783 commissa
1554 5736 1680 5783 sunt
1697 5743 1710 5781 :
1730 5746 1748 5778 ι
1766 5727 1886 5782 Vult
1905 5728 2047 5782 enim

484 5811 677 5870 beatus
702 5815 899 5871 Paulus
925 5820 1136 5891 erigere
1161 5819 1759 5875 animos'lsraelitarum
1775 5820 1841 5875 ad
1868 5820 2049 5875 excel-

2157 4650 2248 4689 sus
2275 4635 2334 4688 in
2365 4640 2616 4702 paternas
2652 4645 2742 4685 res
2777 4631 2919 4684 sicut
2943 4628 3086 4684 ﬁlius
3123 4627 3353 4701 [Chrys.,
3395 4628 3538 4683 sicut
3565 4629 3760 4685 domi—

2155 4725 2278 4796 nus]
2312 4723 2638 4794 ingreditur;
2683 4721 2770 4775 ille
2797 4728 2991 4782 autem,
3023 4719 3078 4774 id
3101 4727 3202 4783 est,
3229 4718 3458 4790 Moyses,
3484 4719 3628 4781 sicut
3671 4719 3762 4774 fa-

2156 4821 2332 4875 mulus
2369 4819 2487 4873 Dei.
2523 4816 2618 4872 Hic
2645 4816 2842 4870 iterum
2871 4829 2965 4869 eos
2991 4815 3236 4868 hortatur
3273 4820 3417 4867 stare
3443 4811 3671 4866 fortiter
3697 4823 3760 4866 et

2157 4926 2261 4966 non
2293 4910 2477 4965 subrui
2501 4907 2694 4979 [Iri-em,
2721 4903 3034 4976 subruere];
3067 4904 3259 4958 domus
3286 4902 3483 4972 quippe
3507 4902 3608 4955 'Dei
3635 4906 3758 4957 eri-

2157 5019 2298 5066 mus,
2338 5002 2382 5056 si
2417 5001 2666 5054 ﬁduciam
2687 4999 2810 5069 spei
2845 5006 2901 5052 et
2936 4996 3117 5067 gloriae
3145 5011 3316 5064 usque
3351 4995 3406 5051 in
3444 4995 3604 5050 ﬁnem
3653 4997 3764 5051 tir-

2154 5109 2294 5149 mam
2321 5093 2666 5147 retineamus.
2699 5108 2716 5142 ι
2747 5089 2890 5144 Bene
2911 5089 3076 5142 dixit:
3109 5086 3361 5155 ﬁduciam
3386 5087 3494 5156 spei
3521 5096 3756 5151 nostr-tr,

2153 5186 2403 5256 quoniam
2434 5185 2570 5238 bona
2599 5181 2778 5236 omnia
2803 5179 3002 5234 sanctis
3026 5177 3081 5232 in
3111 5177 3221 5232 hac
3251 5176 3358 5230 vita
3385 5175 3439 5229 in
3472 5190 3566 5244 spe
3587 5187 3758 5241 sunt,

2152 5277 2321 5330 donec
2355 5273 2421 5328 ad
2457 5271 2690 5340 speciem
2725 5269 3040 5340 pervenient
3071 5267 3323 5336 perfectae
3353 5265 3755 5334 beatitudinis;

2152 5383 2240 5436 spe
2279 5367 2418 5421 enim
2458 5363 2588 5419 salvi
2628 5361 2756 5431 facti
2795 5376 2997 5415 sumus.
3043 5359 3191 5414 Bona
3231 5359 3377 5414 enim
3417 5374 3539 5428 quae
3579 5361 3765 5416 nobis

2152 5458 2410 5526 promissa
2441 5463 2581 5517 sunt,
2616 5455 2670 5509 in
2707 5454 2812 5508 hac
2847 5451 3045 5521 ptenali
3083 5452 3194 5507 vita
3230 5450 3431 5506 habere
3465 5466 3573 5508 non
3610 5467 3762 5520 pos—

2151 5561 2352 5612 sumus,
2396 5547 2499 5602 nisi
2538 5547 2591 5600 in
2624 5558 2748 5615 spe,
2791 5551 2846 5597 et
2883 5543 3026 5599 illam
3053 5543 3338 5614 patienter
3353 5553 3763 5615 exspectantes

2150 5653 2310 5709 usque
2335 5639 2388 5692 in
2419 5637 2575 5706 ﬁnem
2597 5636 2826 5704 ﬁrmam.

2222 5730 2381 5784 Vens.
2415 5728 2562 5782 7-H.
2588 5758 2621 5768 —
2639 5756 2661 5766 -
2687 5728 3020 5798 Quapropter
3043 5727 3180 5782 sicut
3203 5726 3331 5781 dicit
3353 5725 3588 5798 Spiritus
3609 5744 3762 5784 sma-

2149 5830 2260 5877 ctns
2293 5838 2310 5876 :
2355 5819 2528 5877 Hodie
2563 5820 2613 5876 si
2650 5836 2823 5877 vocem
2858 5820 2979 5892 ejus
3021 5817 3317 5886 audieritis,
3357 5835 3427 5876 ne
3467 5819 3760 5879 elidentis
