4088 6330
275 341 412 402 ιοιδ

953 341 1367 401 EXEGE'I‘ICA.
1407 373 1479 386 ——
1513 343 1760 402 EXPOS.
1803 345 1872 404 IN
1909 346 2130 406 EPIST.
2178 347 2234 404 S.
2273 345 2478 404 PAULI
2515 345 2609 403 AD
2647 347 2846 404 HEBR.

3411 356 3544 412 i046

271 463 428 518 corda
463 469 654 527 uestra,
683 471 854 530 usque
883 477 894 514 :
924 459 1282 515 siintroibunt
1305 461 1362 516 in
1389 463 1616 532 requiem
1649 477 1836 516 meam.
1867 463 1924 526 Δ
1947 480 2052 536 que
2082 473 2510 520 consummatam
2555 467 2608 520 in
2647 467 2899 538 passione
2933 475 2988 524 et
3016 471 3424 528 resurrectione
3463 481 3547 530 to-

273 554 504 608 Looutus
523 559 612 607 est
635 551 827 608 beatus
851 551 1140 622 Apostolus
1161 551 1228 606 de
1251 565 1348 621 spe
1369 551 1424 605 in
1461 552 1847 621 superioribus,

267 645 396 714 quia
419 650 632 714 oportet
655 659 754 699 nos
781 657 1002 714 sperare
1027 657 1148 714 quae
1183 641 1362 698 futura
1401 649 1544 699 sunt.
1587 641 1724 713 Spes
1761 659 1854 698 au-

275 743 378 792 tem
403 749 530 805 qua
547 735 783 800 videtur,
811 749 921 790 non
949 741 1034 790 est
1063 750 1205 806 spes.
1241 731 1482 790 Historia
1505 749 1660 800 vero,
1691 747 1854 804 quam

271 829 530 898 propheta
545 827 644 883 Ihic
671 835 1012 892 rememorat,
1039 827 1321 882 notissima
1350 834 1469 883 est:
1499 844 1519 878 ι
1547 825 1683 884 Cum
1710 827 1854 881 enim

273 922 473 992 egressi
495 929 682 977 essent
703 921 772 976 de
799 929 944 977 terra
971 919 1214 994 Egypti,
1235 927 1290 976 et
1315 919 1539 975 multam
1565 919 1708 974 viam
1731 934 1856 989 per-

247 1015 664 1079 ‘amlnrlassent,
705 1025 761 1069 et
799 1013 965 1069 multa
998 1015 1200 1085 judicia
1227 1013 1444 1068 virtutis
1482 1012 1578 1068 Dei
1617 1011 1856 1081 accepis-

275 1115 392 1161 sent
413 1106 466 1160 in
495 1105 746 1176 .Egypto,
775 1107 832 1160 in
857 1106 994 1160 mari
1019 1104 1224 1170 Rubro,
1249 1105 1312 1163 in
1343 1117 1550 1169 eremo,
1574 1101 1857 1158 consilium

275 1199 492 1254 fewrun
543 1201 757 1254 mittere
783 1199 1163 1270 speculatores,
1189 1197 1280 1269 qui
1308 1195 1568 1252 deberent
1591 1195 1858 1266 inspicere

269 1301 518 1346 naturam
543 1301 726 1358 terr-te,
758 1307 876 1361 quae
911 1293 1176 1363 promissa
1206 1298 1289 1346 est
1315 1291 1396 1346 eis
1427 1309 1442 1346 :
1481 1289 1554 1344 illi
1580 1303 1710 1344 vero
1737 1303 1860 1359 per-

273 1390 460 1453 gentes
495 1386 700 1438 reversi
729 1391 871 1447 sunt,
901 1393 1108 1438 terram
1144 1385 1358 1452 quidem
1389 1382 1546 1438 valde
1576 1381 1854 1448 mirantes,

277 1474 534 1543 majorem
573 1474 800 1546 [Ghrys.,
847 1475 1182 1547 magnorum]
1225 1475 1494 1530 fructuum
1525 1473 1859 1544 «procreatri-

275 1580 392 1621 cem
433 1581 557 1622 esse
605 1567 878 1632 dicebant;
931 1569 1026 1624 sed
1075 1569 1315 1623 virorum
1359 1565 1860 1637 inexpugnabilium

275 1674 396 1714 esse
423 1660 568 1714 illam
597 1662 928 1731 provinciam
959 1671 1014 1717 et
1051 1663 1292 1716 fortium.
1331 1661 1586 1716 lsraelitte
1611 1675 1740 1716 vero
1777 1661 1861 1716 in-

275 1749 414 1820 grati
453 1759 508 1806 et
543 1752 824 1817 insensati,
855 1769 990 1823 quos
1016 1753 1332 1824 Oportebat,
1359 1761 1418 1807 ut
1443 1753 1860 1808 recordarentur

1955 565 2066 610 tam
2108 557 2348 612 victoriae
2387 557 2614 628 gloriam
2659 557 3016 631 quadraginta
3057 560 3246 616 diebus
3284 560 3386 620 fuit
3422 579 3548 620 cum

1955 647 2252 720 discipulis,
2283 657 2574 720 antequam
2602 651 2796 706 cmlum
2827 651 3162 708 ascenderet.
3191 653 3391 716 Primis
3417 671 3548 728 qua-

1955 737 2202 808 draginta
2250 739 2440 794 diebus
2489 742 2838 796 tentationem
2889 739 3052 812 hujus
3097 744 3548 818 peregrinationis

1956 831 2223 897 ostendit;
2261 833 2652 904 posterioribus
2685 825 3040 906 quadraginta
3081 835 3273 892 diebus
3303 837 3549 896 consola-

1957 920 2180 986 tionem,
2209 937 2372 992 quam
2401 923 2574 978 sancti
2605 923 2840 978 habituri
2869 931 2992 980 sunt
3027 925 3082 980 in
3103 923 3304 998 patria.
3339 927 3550 1000 Corpus

1927 1012 2122 1084 enim,
2161 1013 2214 1066 id
2253 1021 2334 1068 est
2363 1015 2626 1076 Ecclesia,
2653 1031 2874 1072 necesse
2917 1025 3001 1072 est
3033 1020 3357 1082 tentationes
3379 1022 3552 1092 patia-

1959 1112 2047 1157 tur
2073 1104 2127 1158 in
2167 1105 2270 1160 hoc
2308 1107 2538 1170 saeculo;
2574 1109 2666 1163 sed
2696 1124 2804 1164 non
2844 1109 2995 1166 deest
3023 1109 3076 1164 in
3113 1111 3202 1166 illo
3229 1113 3548 1181 consolatio,

1959 1193 2048 1267 qui
2079 1187 2215 1249 dixit
2245 1213 2256 1250 :
2291 1196 2426 1258 Ecce
2453 1215 2546 1269 ego
2575 1200 2834 1254 vobiscum
2863 1217 2978 1255 sum
3016 1219 3177 1274 usque
3213 1203 3283 1258 ad
3310 1221 3551 1266 consum-

1958 1287 2240 1341 mationem
2279 1289 2460 1342 steculi
2501 1287 2716 1362 (Matth.
2751 1308 2946 1359 xxviii,
2985 1291 3098 1364 ΞΟ).
3139 1293 3344 1360 Quibus
3373 1297 3553 1367 juraui

1959 1386 2180 1446 prepter
2209 1378 2578 1435 inﬁdelitatem
2608 1395 2782 1446 suam,
2821 1399 2924 1438 non
2961 1385 3200 1438 introisse
3235 1387 3289 1438 in
3322 1387 3544 1457 requiem

1959 1483 2148 1521 meum.
2179 1469 2350 1540 Loqui
2381 1471 2572 1538 Deum,
2611 1489 2862 1544 magnum
2893 1483 3002 1540 est;
3037 1483 3237 1545 quanto
3261 1479 3437 1548 magis
3460 1477 3549 1548 ju-

1965 1571 2104 1612 rare.
2153 1556 2486 1614 Jurationem
2531 1561 2992 1618 conﬁrmationem
3039 1565 3210 1622 voluit
3256 1565 3394 1622 ﬁeri.
3445 1567 3549 1622 Per

1961 1661 2122 1716 quem
2157 1649 2308 1722 jurat
2341 1651 2505 1719 Deus,
2537 1653 2640 1709 nisi
2675 1671 2774 1725 per
2809 1657 3018 1727 ipsum?
3052 1657 3170 1712 Non
3208 1659 3352 1712 enim
3387 1661 3554 1714 habet

1961 1743 2222 1812 majorem
2273 1758 2370 1814 per
2415 1759 2574 1814 quem
2621 1745 2784 1816 juret.
2832 1747 2937 1802 Per
2983 1751 3218 1820 seipsum
3267 1749 3557 1804 confirmat

277 1849 548 1898 ωιιιοωιη
575 1843 672 1899 ne;
699 1845 1103 1910 beneﬁciorum,
1129 1853 1186 1900 ει
1213 1845 1481 1914 quomodo
1517 1859 1611 1899 eos
1650 1843 1861 1898 clausos
1889 1835 1938 1896 Β
1965 1834 2140 1888 minas
2161 1849 2306 1888 suas.
2347 1833 2498 1889 Sicut
2523 1849 2710 1890 verum
2735 1845 2817 1892 est
2846 1841 2988 1907 quod
3013 1841 3302 1910 promittit,
3333 1841 3408 1896 sic
3439 1857 3557 1896 cer—

273 1935 332 1989 in
357 1936 534 1990 medio
557 1937 688 1990 tanti
711 1938 980 1993 exercitus
1008 1937 1386 2008 Egyptiorum
1413 1935 1610 2006 eripuit
1632 1935 1696 1992 de
1725 1934 1871 2006 peri-

277 2028 430 2095 culo;
475 2037 530 2084 et
567 2027 852 2086 ﬂuviorum
897 2031 1074 2086 fontes
1111 2031 1228 2086 sine
1269 2029 1478 2086 defectu
1519 2031 1766 2096 donavit,
1815 2035 1870 2086 et

235 2177 242 2182 ,
273 2133 474 2177 manna
511 2121 728 2188 tribuit,
769 2131 826 2178 et
865 2123 972 2178 alia
1011 2123 1292 2189 miracula,
1335 2137 1455 2192 quae
1496 2130 1749 2194 operatus
1787 2129 1872 2178 est

265 2213 388 2279 eis;
415 2220 472 2268 et
491 2215 695 2270 credita
719 2215 830 2270 Deo
859 2215 1092 2287 [Chrys.,
1113 2224 1168 2270 et
1191 2217 1414 2272 credere
1440 2213 1604 2286 Deo],
1635 2231 1736 2272 nec
1757 2213 1870 2272 Deo

279 2304 652 2368 crediderunt,
691 2319 799 2360 nec
829 2307 1030 2360 lhorum
1077 2307 1278 2376 aliquid
1327 2307 1676 2361 rememorati
1724 2315 1867 2374 sunt,

277 2393 374 2448 sed
423 2394 624 2448 timore
677 2395 954 2464 perterriti
1011 2397 1264 2450 dixerunt
1325 2415 1338 2450 :
1395 2395 1758 2452 Revertamur
1815 2399 1870 2453 in

249 2517 252 2520 -
281 2484 594 2556 Egyptum.
633 2487 778 2543 Deus
817 2489 983 2560 igitur
1018 2489 1189 2546 iratus
1221 2498 1304 2546 est
1335 2491 1448 2556 eis,
1485 2493 1609 2561 quia
1645 2494 1725 2548 sic
1763 2493 1870 2548 cito

277 2574 430 2629 obliti
457 2575 676 2632 fuerunt
699 2580 1082 2636 beneﬁciorum
1109 2581 1234 2646 Dei,
1266 2581 1700 2654 mirabiliumque
1729 2586 1868 2656 ejus,

275 2663 478 2734 jura-vit
493 2675 562 2721 ut
581 2683 695 2722 non
713 2670 953 2725 intraret
981 2673 1258 2742 generatio
1285 2673 1374 2728 ilia
1397 2673 1453 2728 in
1481 2675 1724 2744 requiem
1745 2691 1872 2746 pro-

281 2757 504 2818 issam
539 2759 676 2814 olim
723 2763 999 2831 patribus;
1049 2773 1104 2820 et
1151 2765 1232 2821 sic
1273 2779 1460 2820 omnes
1499 2767 1776 2838 perierunt
1815 2767 1870 2821 in

277 2861 486 2914 orem,
531 2859 727 2920 prater
765 2853 934 2926 6⁸14
971 2855 1106 2911 duos
1153 2859 1542 2914 tantummodo.
1595 2857 1732 2913 Tres
1769 2859 1871 2914 ita—

263 2955 388 3009 .que
431 2944 648 3012 requies
677 2941 968 3014 Apostolus
1013 2957 1284 3004 memorat
1329 2949 1382 3004 in
1431 2949 1531 3006 hac
1579 2949 1804 3020 epistola
1852 2968 1864 3004 :

281 3047 445 3086 unum
481 3032 713 3102 sabbati,
749 3049 867 3106 qua
893 3035 1160 3094 :Dominus
1201 3041 1469 3111 requievit
1509 3039 1577 3096 ab
1616 3041 1871 3111 operibus

283 3126 427 3192 suis;
451 3129 754 3188 secundum
781 3130 844 3185 in
879 3131 1179 3198 Palestina,
1217 3133 1274 3188 in
1303 3149 1468 3202 quam
1501 3133 1759 3188 Israelita:
1789 3133 1870 3187 in-

1969 1931 2085 1978 tum
2121 1933 2206 1980 est
2237 1927 2380 1995 quod
2413 1927 2670 1983 minatur.
2721 1927 2929 1984 Iuravit
2963 1939 3021 1985 ut
3059 1947 3162 1985 non
3201 1933 3463 1990 intrarent
3502 1933 3558 1990 in

1971 2019 2214 2087 requiem
2247 2020 2445 2090 ipsius;
2489 2029 2542 2076 et
2583 2031 2760 2077 tamen
2791 2031 3003 2092 oportet
3031 2035 3230 2078 intrare
3267 2025 3476 2094 aliquos
3503 2026 3560 2080 in

1971 2112 2215 2181 requiem
2239 2113 2432 2183 ipsius.
2455 2113 2562 2168 Illis
2579 2131 2708 2186 ergo
2739 2118 3059 2186 reprobatis,
3087 2133 3182 2172 nos
3207 2121 3556 2186 intrauimus;

1971 2204 2100 2273 quia
2135 2203 2178 2259 si
2219 2204 2382 2273 aliqui
2419 2219 2486 2259 ex
2525 2207 2693 2262 ramis
2726 2216 2946 2277 prepter
2981 2209 3468 2264 dissimilitudinem
3507 2219 3563 2267 et

1971 2295 2344 2352 inﬁdelitatem
2373 2296 2532 2352 fracti
2563 2307 2708 2362 sunt,
2736 2313 2834 2352 nos
2861 2307 3080 2370 propter
3110 2299 3268 2355 ﬁdem
3304 2309 3356 2356 et
3385 2301 3563 2357 humi—

1970 2387 2176 2443 litatem
2205 2389 2531 2444 inser-amur.
2567 2387 2824 2460 Sequitur
2847 2391 2991 2445 enim
3013 2391 3322 2447 exhortatio
3349 2401 3564 2463 aposto-

1971 2479 2077 2538 lica
2106 2481 2174 2536 ad
2210 2481 2464 2552 populum
2500 2481 2567 2536 de
2603 2481 2790 2551 requie
2827 2483 3168 2550 iutroeunda,
3199 2483 3330 2539 dicit
3366 2485 3510 2538 enim
3545 2503 3558 2539 :

1973 2572 2159 2643 (Vens.
2207 2571 2294 2642 12)
2357 2570 2563 2639 Videte,
2611 2573 2830 2643 fratres,
2881 2589 2944 2628 ne
2991 2573 3125 2644 forte
3169 2575 3235 2628 sit
3281 2577 3338 2628 in
3386 2573 3562 2648 aliqua

1951 2675 2200 2719 oestrum
2240 2681 2330 2720 cor
2371 2664 2572 2719 malum
2609 2665 3012 2733 incredulitatis,
3053 2667 3353 2722 discedendi
3395 2686 3428 2722 a
3454 2667 3564 2724 Deo

1973 2760 2102 2814 vivo.
2135 2775 2157 2808 c
2193 2757 2400 2828 Quippe
2437 2771 2535 2828 per
2576 2759 2828 2813 duritiam
2873 2759 3162 2815 inﬁdelitas
3204 2761 3467 2828 nascitur,
3509 2768 3564 2817 et

1974 2853 2112 2907 sicut
2161 2851 2422 2904 obdurata
2474 2866 2700 2921 corpora
2749 2859 2804 2908 et
2853 2853 2988 2910 dura
3037 2869 3142 2908 non
3195 2854 3564 2926 obsequuntur

1975 2943 2222 2997 manibus
2259 2942 2621 3009 medicorum,
2662 2943 2740 2999 sic
2785 2953 2840 2998 et
2885 2944 3079 3002 anima:
3127 2945 3404 3004 obdurato:
3451 2960 3564 3000 non

1972 3033 2338 3102 obsequuntur
2377 3035 2540 3090 verbo
2579 3033 2694 3089 Dei.
2741 3034 2799 3089 Si
2841 3035 3208 3106 enim.patres
3247 3036 3438 3101 vestri,
3485 3036 3559 3089 in.

1893 3189 1938 3206 ___
1972 3127 2121 3196 quit,
2173 3125 2298 3196 quia
2346 3140 2452 3180 non
2511 3133 2894 3196 speraverant,
2948 3127 3086 3181 sicut
3125 3127 3408 3204 oportebat
3448 3141 3566 3200 spe-

277 3221 488 3288 gmsi,
525 3222 818 3291 requieturi
855 3235 1012 3278 erant
1033 3240 1103 3280 ex
1131 3227 1348 3281 miseria
1386 3225 1551 3280 multa
1579 3235 1633 3282 et
1667 3223 1868 3280 labori-
1891 3195 1939 3260 Ε
1971 3237 2126 3287 τετε,
2171 3221 2288 3275 MC
2341 3220 2487 3289 Passi
2541 3231 2666 3276 sum
2718 3235 2837 3291 (111ίὲ
2889 3219 3142 3292 leguntur
3195 3219 3251 3275 ίιι
3307 3219 3567 3285 “Storia,

269 3310 412 3374 bus;
435 3312 678 3376 tertiam,
703 3327 827 3382 quae
853 3329 981 3368 vera
1003 3324 1087 3371 est
1113 3318 1349 3386 requies,
1381 3318 1484 3372 hoc
1506 3325 1611 3384 est,
1641 3331 1866 3387 regnum

283 3400 568 3466 celocem,
597 3403 666 3457 ad
693 3417 856 3472 quam
873 3407 1318 3475 quos-pervenire
1343 3408 1648 3480 contigerit,
1679 3421 1869 3463 revera

285 3490 630 3558 acquiescant
661 3508 694 3547 n
725 3493 1010 3550 Ilaboribus
1031 3503 1091 3551 et
1119 3495 1522 3554 difﬁcultatibus
1557 3497 1696 3564 suis;
1743 3518 1760 3551 ι
1801 3497 1870 3554 de

285 3591 396 3648 qua
433 3581 530 3642 illic
565 3583 831 3653 propheta
871 3584 1138 3654 loquitur,
1181 3587 1440 3646 adversus
1481 3587 1750 3644 Israelitas
1792 3589 1872 3645 di-

285 3687 418 3728 cens
459 3690 473 3728 .
517 3673 690 3728 Hodie
731 3677 776 3730 si
817 3694 988 3732 vocem
1025 3680 1138 3748 ejus
1177 3681 1468 3747 audieritis,
1509 3699 1571 3735 ne
1611 3681 1872 3738 obduretis

287 3765 450 3820 corda
475 3775 666 3832 me,
695 3783 766 3823 ne
787 3769 986 3825 similia
1007 3771 1290 3842 patiamini
1307 3813 1322 3838 ,
1349 3773 1480 3842 quia
1518 3771 1721 3845 [Forte,
1754 3789 1875 3846 quae

285 3857 370 3912 vel
391 3858 606 3930 qualia]
631 3863 1015 3932 progenitores
1037 3866 1206 3920 vestri
1233 3867 1378 3936 passi
1408 3875 1552 3933 sunt,
1591 3875 1648 3922 et
1677 3869 1874 3938 privati

285 3956 416 4004 sunt
437 3951 628 4017 requie
655 3955 944 4020 promissa.
969 3953 1272 4024 Aliquando
1299 3957 1444 4011 enim
1474 3959 1759 4014 audierunt
1783 3973 1877 4030 pa-

287 4046 404 4094 tres
431 4039 595 4094 vestri
617 4053 808 4098 uonem
829 4041 970 4098 illius
987 4059 1094 4114 per
1115 4044 1352 4115 Moysen,
1380 4055 1434 4102 et
1461 4048 1600 4102 obdo
1609 4049 1707 4102 rati
1731 4057 1873 4104 sunt.

281 4127 433 4197 Ergo
464 4137 590 4186 tunc
621 4145 720 4200 per
741 4145 1057 4201 praeconem
1093 4134 1304 4190 locutus
1337 4145 1442 4202 est,
1473 4138 1686 4207 quando
1709 4139 1879 4194 obdu—

285 4219 458 4276 rastis
483 4222 652 4278 corda
667 4231 876 4280 vestra.
893 4224 1004 4280 Per
1019 4241 1079 4280 se
1107 4241 1248 4283 nunc
1269 4227 1539 4298 loquitur;
1567 4230 1881 4287 mollescaut

287 4311 458 4368 corda
485 4321 686 4370 vestra.
725 4313 838 4381 Qui
873 4331 1153 4386 praecones
1193 4327 1319 4374 ante
1361 4333 1418 4374 se
1457 4321 1724 4386 mittebat,
1768 4323 1880 4393 ipse

285 4406 481 4462 venire
509 4407 762 4478 dignatus
789 4417 908 4464 est:
933 4425 1031 4466 ore
1055 4427 1154 4468 suo
1177 4413 1269 4468 hic
1297 4413 1552 4485 loquitur,
1578 4417 1668 4486 qui
1697 4417 1884 4488 loque—

285 4497 456 4552 batur
477 4513 579 4570 =per
597 4515 700 4556 ora
725 4505 1132 4574 prophetarum.
1155 4504 1238 4560 Ad
1259 4505 1378 4577 ejus
1403 4523 1532 4562 vero
1555 4524 1766 4576 vocem,
1787 4511 1878 4580 qui

285 4604 600 4660 praeconem
645 4593 810 4658 misit,
851 4601 908 4650 et
947 4611 1096 4650 nunc
1135 4611 1236 4666 per
1277 4611 1336 4653 se
1381 4598 1667 4665 clamabat,
1714 4601 1880 4656 nolite

287 4681 548 4738 claudere
576 4683 740 4740 corda
769 4694 971 4742 vestra.
1009 4686 1392 4744 Recordamini
1417 4693 1686 4758 quomodo
1711 4691 1880 4747 obdu-

289 4773 404 4830 rati
431 4784 558 4828 sunt
587 4783 779 4844 patres
809 4779 990 4842 vestri,
1032 4787 1088 4834 et
1113 4782 1382 4849 quomodo
1411 4797 1518 4838 non
1559 4785 1883 4840 introierunt

291 4867 355 4924 in
387 4867 630 4938 requiem
656 4870 1009 4939 promissam,
1039 4872 1134 4926 sed
1171 4874 1454 4929 amaricati
1483 4883 1882 4932 murmurantes

291 4968 492 5024 contra
519 4961 688 5016 Deum
725 4963 1022 5032 perierunt.
1061 4965 1252 5022 Patres
1278 4969 1446 5024 vestri
1481 4977 1634 5024 erant
1661 4971 1754 5039 qui
1785 4983 1882 5039 pe-

293 5057 542 5122 rierunt,
579 5055 746 5114 nolite
773 5058 974 5112 imitari
1001 5075 1124 5124 eos;
1165 5067 1348 5130 patres
1375 5064 1540 5118 vestri
1567 5071 1754 5129 erant;
1787 5063 1882 5118 sed

295 5151 348 5207 si
384 5149 580 5206 imitati
615 5164 711 5206 eos
747 5165 854 5206 non
883 5151 1116 5213 fueritis,
1147 5163 1332 5224 patres
1365 5157 1532 5210 vestri
1571 5171 1674 5211 non
1704 5167 1882 5225 erunt,

297 5243 550 5316 quamvis
575 5244 646 5300 de
671 5245 752 5300 eis
779 5245 890 5299 nati
925 5245 1064 5312 sitis,
1103 5247 1339 5302 scientes
1371 5249 1498 5318 quia
1529 5249 1668 5305 Deus
1693 5261 1888 5321 potens

295 5346 389 5394 est
413 5339 476 5392 de
499 5335 764 5406 lapidibus
787 5339 1052 5395 suscitare
1075 5338 1212 5395 ﬁlios
1239 5340 1489 5396 Abrahae.
1523 5341 1889 5415 Quadraginta

299 5431 462 5482 annis
511 5428 738 5497 o/Tensus
789 5428 868 5497 fui
921 5431 1237 5499 generatiom'
1284 5432 1426 5486 huic.
1483 5433 1662 5488 Multis
1715 5435 1886 5490 modis

299 5525 394 5572 est
417 5519 708 5587 castigata;
757 5518 860 5588 ipsi
899 5527 1084 5574 tamen
1109 5534 1327 5590 semper
1355 5523 1516 5578 corde
1545 5533 1882 5579 erraverunt.

299 5610 676 5682 Quadraginta
719 5611 911 5666 diebus
943 5611 1208 5668 Dominus
1251 5612 1306 5668 in
1351 5613 1566 5670 deserto
1603 5615 1886 5685 jejunavit,

301 5717 438 5760 cum
484 5705 840 5776 triumpharet
877 5705 946 5761 de
979 5719 1048 5762 eo
1087 5719 1188 5774 per
1223 5719 1384 5774 quem
1427 5707 1500 5761 illi
1536 5709 1889 5780 quadraginta

489 5805 1186 5864 ιηιιτωωαναιωιιωυιη
1216 5797 1387 5856 Deum
1415 5799 1467 5854 in
1491 5815 1708 5868 eremo;
1743 5810 1894 5874 post-

1959 3310 2124 3381 ‘cujus
2174 3319 2298 3366 autc
2339 3312 2780 3378 memoravimus,
2827 3321 2883 3366 et
2927 3313 3202 3384 perierunt
3247 3311 3302 3366 in
3354 3311 3566 3368 deserto

1967 3413 2193 3476 promer
2231 3404 2485 3459 duritiam
2530 3405 2738 3472 cordis;
2783 3405 2950 3460 multo
2991 3405 3221 3475 amplius
3258 3403 3412 3460 vobis
3441 3403 3566 3458 talia

1969 3497 2208 3551 timenda
2255 3505 2413 3561 sunt,
2457 3497 2595 3551 sicut
2633 3495 2735 3550 illis
2773 3497 3108 3552 acciderunt.
3151 3495 3236 3550 Ad
3265 3495 3386 3551 illos
3424 3495 3567 3552 enim

1975 3599 2152 3642 sermo
2189 3587 2292 3642 iste
2329 3585 2504 3642 factus
2541 3595 2644 3651 est,
2687 3587 2777 3656 qui
2817 3587 2872 3641 in
2911 3585 3198 3657 praesentia
3241 3585 3458 3640 fuerunt
3485 3584 3568 3642 vel

1969 3677 2142 3733 futuri
2191 3685 2346 3742 sunt,
2393 3677 2511 3732 ideo
2557 3677 2724 3732 dicit:
2757 3677 2930 3732 hodie.
2967 3673 3140 3732 ilodie
3169 3691 3401 3747 namque
3429 3691 3566 3732 sem-

1967 3787 2074 3843 per
2103 3779 2214 3836 est,
2259 3771 2430 3826 donec
2464 3779 2676 3825 constat
2707 3771 2960 3826 mundus.
3007 3790 3024 3822 ι
3065 3771 3234 3824 Intrat
3261 3770 3406 3824 enim
3449 3769 3570 3839 plus

1971 3863 2156 3917 dicere
2199 3861 2264 3916 de
2315 3861 2496 3925 hodie,
2535 3869 2600 3928 _et
2645 3859 2919 3928 subiungit
2963 3859 3147 3914 dicens
3182 3877 3193 3911 :
3235 3859 3419 3930 (Vens.
3479 3859 3569 3934 i5)

1973 3949 2085 4006 'Sed
2107 3947 2462 4001 adhortamini
2490 3948 2828 4018 vosmetipsos
2857 3955 2947 4018 per
2977 3948 3208 4020 singulos
3235 3947 3366 4014 dies,
3404 3949 3570 4004 donec

1975 4040 2129 4093 hodie
2173 4040 2587 4110 cognominetur,
2628 4047 2684 4092 ut
2727 4055 2830 4093 non
2860 4039 3134 4094 obduretut
3175 4041 3292 4110 quis
3325 4057 3388 4094 ex
3429 4040 3569 4096 vobis

1977 4129 2194 4200 fallacia
2231 4131 2447 4200 peccati.
2491 4147 2510 4179 ‹
2547 4129 2660 4184 Hoc
2697 4135 2813 4196 est,
2849 4129 3112 4185 mdiﬁcate
3151 4131 3408 4196 invicem,
3451 4145 3567 4187 cor-

1979 4223 2138 4293 rigite
2165 4222 2426 4291 vosipsos,
2461 4235 2532 4276 ne
2563 4224 2880 4296 contingant
2911 4223 3066 4278 vobis
3102 4223 3328 4291 similia;
3367 4239 3436 4279 ne
3473 4215 3580 4279 ob-'

1981 4315 2203 4369 duretur
2245 4315 2530 4384 quisquam
2578 4332 2644 4370 ex
2685 4315 2858 4380 vobis,
2901 4315 3199 4386 decipiente
3235 4324 3457 4388 peccato
3489 4317 3569 4371 in-

1979 4403 2278 4459 ﬁdelitatis.
2318 4403 2565 4459 Attendis
2599 4407 2725 4475 quia
2759 4405 3047 4461 inﬁdelitas
3089 4416 3368 4476 peccatum
3405 4407 3566 4474 facit;

1983 4495 2124 4550 sicut
2145 4495 2294 4549 enim
2321 4495 2616 4551 inﬁdelitas
2653 4497 2942 4568 malignam
2981 4497 3146 4552 vitam
3183 4506 3450 4568 procreat,
3491 4499 3570 4555 sic

1981 4589 2145 4644 etiam
2179 4589 2376 4653 anima,
2415 4591 2628 4659 quando
2663 4591 2718 4644 in
2755 4591 3078 4662 profundum
3113 4591 3375 4648 malorum
3409 4609 3571 4650 vene-

1981 4685 2072 4747 rit,
2115 4683 2416 4738 eontemnit
2464 4696 2478 4735 :
2531 4691 2867 4752 contemptus
2915 4682 3149 4755 [Chrys.,
3197 4685 3568 4760 contemnens]

1983 4782 2162 4828 autem
2197 4787 2373 4844 neque
2406 4774 2628 4828 credere
2663 4776 2882 4842 patitur,
2915 4783 2976 4830 ut
2999 4792 3058 4832 se
3086 4793 3116 4832 a
3145 4777 3344 4834 timore
3379 4781 3570 4834 mortis

1983 4875 2256 4936 perpetuae
2291 4866 2508 4920 biberet.
2547 4865 2752 4922 Deinde
2791 4867 2952 4923 infert
2989 4869 3275 4940 Apostolus
3321 4889 3334 4925 :
3379 4870 3566 4944 (Vsus.

1985 4957 2074 5029 Η)
2113 4957 2398 5027 Participes
2427 4957 2564 5011 enim
2591 4956 2783 5012 Christi
2807 4959 2974 5028 eﬁ'ecti
2999 4978 3198 5016 sumus.
3249 4979 3270 5012 ε
3299 4959 3438 5028 Quid
3463 4969 3567 5030 est,

1981 5049 2261 5120 participes
2289 5049 2459 5118 effecti
2485 5065 2668 5104 sumus
2693 5048 2930 5106 Christi?
2962 5051 3354 5122 Participamur
3387 5065 3453 5106 ex
3481 5067 3566 5122 eo,

1985 5143 2181 5212 inquit,
2205 5142 2262 5195 id
2287 5148 2391 5204 est,
2421 5140 2548 5196 facti
2577 5157 2763 5198 sumus
2793 5159 2958 5197 unum
2988 5158 3109 5197 cum
3139 5143 3249 5198 illo.
3287 5141 3566 5215 Siquidem

1987 5232 2101 5300 ipse
2147 5239 2308 5302 caput
2351 5240 2434 5286 est
2477 5239 2532 5286 et
2575 5247 2673 5289 nos
2701 5232 2962 5298 membra,
3007 5235 3313 5291 cohaeredes
3351 5245 3406 5291 et
3445 5251 3571 5292 con-

1987 5324 2295 5392 corporales
2343 5343 2361 5375 ι
2409 5323 2488 5378 illi
2527 5326 2820 5380 secundum
2849 5323 3144 5396 spiritalem
3177 5325 3448 5383 hominem
3480 5327 3570 5397 qui

1991 5422 2208 5470 creatus
2233 5415 2398 5470 estin
2427 5415 2559 5484 ipso.

2064 5525 2226 5599 675
2264 5527 2324 5584 Si
2357 5537 2530 5585 tamen
2564 5529 2769 5586 initium
2801 5527 3108 5586 substantiw
3134 5531 3269 5602 ejus,
3304 5549 3468 5606 usque
3504 5533 3573 5586 ad

1996 5619 2150 5689 ﬁnem
2177 5620 2383 5689 ﬁrmam
2418 5623 2712 5675 retinemus.
2751 5639 2770 5672 ε
2806 5621 2944 5689 Quid
2969 5631 3053 5679 est
3087 5624 3300 5678 initium
3323 5625 3573 5680 substan-

1998 5709 2120 5764 tim?
2145 5709 2334 5764 Fidem
2360 5709 2642 5780 signiﬁcat,
2682 5724 2780 5780 per
2801 5728 2964 5782 quam
2999 5713 3358 5780 subsistimus,
3387 5723 3440 5770 et
3463 5713 3573 5770 Deo

2001 5805 2110 5858 nati
2139 5821 2323 5860 sumus
2345 5806 2400 5860 in
2421 5805 2576 5871 ﬁlios,
2601 5813 2655 5862 et
2678 5805 3011 5872 essentiales,
3035 5817 3094 5863 ut
3125 5809 3196 5862 ita
3224 5808 3420 5872 dicam,
3445 5805 3570 5862 facti
