4090 6448
546 332 686 390 1047
789 375 798 379 -

1421 325 1480 381 n.
1518 325 1580 382 r.
1617 322 1845 381 suum
1880 321 2014 380 seu
2053 286 2330 380 stomun
2365 323 2649 381 orsnuu
2685 321 2866 380 rans
2903 324 2967 381 ιι.

3675 333 3825 390 1648

539 466 762 512 sumus:
787 448 930 521 quod
958 446 1362 520 diligentissime
1391 445 1788 502 observandum
1814 451 1920 508 est,
1946 457 2016 496 ne
2040 457 2134 496 cu—
2159 439 2212 502 Α
2235 453 2334 510 pro
2381 440 2767 508 afﬁrmatione,
2817 457 2916 512 pro
2969 443 3252 515 negatione
3277 485 3292 513 ,
3342 461 3443 517 pro
3486 446 3830 510 dubitatione

535 541 1038 624 iuslibetdoctrina:
1067 540 1276 594 macula
1301 553 1732 610 corrumpamur.
1771 537 1974 592 Deinde
2003 538 2129 591 sub-

538 640 704 695 infert
723 637 1010 708 Apostolus
1034 635 1210 688 adhuc
1230 634 1296 688 de
1317 632 1471 686 hodie
1493 633 1690 687 dicere.
1717 631 1901 703 (Vens.
1921 630 2128 702 15-19.)

539 735 679 788 Dum
713 732 925 795 dicitur,
966 727 1160 797 inquit,
1199 725 1353 780 hodie
1386 727 1433 782 si
1466 742 1641 780 vocem
1678 713 1790 795 ejus
1829 724 2127 790 audieritis,

540 825 698 880 nolite
727 824 984 879 obdurare
1030 818 1192 874 corda
1235 829 1429 884 vestra,
1475 817 1911 890 quemadmodum
1949 819 2005 872 in
2033 816 2130 872 illa

539 915 952 978 exacerbatione,
998 927 1170 981 usque
1219 929 1232 965 :
1281 929 1346 965 ea:
1391 911 1472 966 his
1518 928 1635 982 qua:
1678 912 1979 965 audierunt.
2030 910 2131 965 Hic

537 1021 668 1061 vero
691 1004 980 1075 Apostolus
1014 1003 1387 1074 propheticum
1429 1003 1794 1059 testimonium
1836 1003 2005 1058 intrat
2037 1019 2130 1058 ex-

535 1099 779 1170 planare,
806 1099 949 1168 quod
986 1098 1234 1169 superius
1255 1097 1466 1170 posuit;
1509 1097 1639 1152 dixit
1664 1098 1848 1153 enim:
1881 1095 2055 1151 Hodie
2082 1097 2130 1152 si

536 1205 710 1244 uocem
737 1190 852 1259 ejus
877 1189 1175 1256 audieritis,
1206 1205 1270 1244 ne
1297 1188 1561 1244 obduretis
1587 1189 1748 1244 corda
1770 1198 1967 1256 uestra,
1993 1189 2130 1244 sicut

535 1282 593 1336 in
627 1283 982 1336 amaritudine
1017 1281 1414 1336 obduratorum.
1467 1281 1791 1336 Mentionem
1830 1280 1960 1337 facit
1997 1296 2132 1351 quo-

537 1371 784 1428 rumdam
812 1373 1141 1440 inﬁdelium;
1193 1387 1370 1428 nonne
1397 1387 1582 1428 eorum
1609 1389 1838 1443 quorum
1865 1373 2131 1429 cadavera

534 1475 806 1536 prostrata
852 1476 977 1524 sunt
1001 1468 1056 1522 in
1090 1467 1346 1523 deserto?
1383 1485 1402 1516 ‹
1435 1465 1588 1534 Quod
1623 1467 1768 1522 enim
1805 1467 1936 1522 dicit
1974 1466 2132 1536 quale

537 1563 651 1616 est?
681 1562 973 1619 Audierant
1001 1572 1050 1616 et
1086 1560 1188 1628 illi,
1230 1561 1433 1632 inquit,
1469 1561 1605 1615 sicut
1643 1569 1689 1615 et
1727 1577 1819 1639 nos
1848 1560 2130 1627 audimus;

537 1653 626 1706 sed
656 1653 780 1724 quid
808 1653 1006 1726 profuit
1030 1652 1136 1708 illis
1161 1670 1330 1708 sermo
1358 1653 1610 1708 auditus?
1633 1653 1750 1710 Non
1776 1668 1905 1724 ergo
1931 1652 2131 1722 putetis

537 1744 664 1814 quia
691 1759 757 1798 ex
793 1747 977 1801 auditu
1007 1753 1217 1801 tantum
1247 1745 1645 1814 praedicationis
1683 1744 1938 1800 introitus
1965 1744 2036 1798 sit
2063 1745 2133 1799 ad

538 1839 780 1906 requiem
803 1840 916 1904 Dei,
945 1840 1074 1910 quia
1097 1820 1153 1894 et
1179 1839 1254 1894 illi
1283 1839 1572 1896 audierunt
1605 1853 1706 1908 per
1741 1836 1995 1910 Moysen;
2036 1839 2133 1894 sed

537 1932 674 1986 nihil
721 1933 972 1990 utilitatis
1013 1949 1082 1988 ex
1131 1932 1313 1988 auditu
1358 1933 1689 1998 habuerunt,
1736 1932 1990 2002 quoniam
2033 1946 2135 1987 nec

539 2025 904 2092 crediderunt,
937 2045 955 2079 ›
991 2041 1092 2082 nec
1118 2040 1297 2081 sermo
1325 2025 1541 2080 auditus
1567 2024 1672 2080 ﬁde
1697 2031 2134 2094 contemperatus

537 2124 639 2171 est.
706 2116 974 2173 Discrevit
1029 2131 1122 2173 eos
1181 2117 1274 2189 qui
1333 2117 1680 2172 crediderunt
1737 2117 2134 2188 praedicationis

539 2209 726 2273 verbo,
780 2210 848 2265 ab
902 2209 1008 2265 illis
1059 2208 1151 2280 qui
1198 2224 1307 2263 non
1362 2208 1708 2264 crediderunt
1757 2225 1772 2261 :
1826 2207 1903 2262 ait
1948 2208 2131 2276 enim,

540 2301 728 2374 (Vnus.
775 2300 861 2374 16)
895 2301 985 2357 sed
1018 2318 1122 2356 non
1158 2301 1404 2356 universi.
1448 2317 1467 2352 ‹
1503 2299 1668 2355 Caleb
1691 2314 1822 2354 vero
1855 2307 1911 2354 et
1945 2297 2130 2365 Iosue,

540 2395 668 2466 quia
691 2410 794 2449 non
819 2402 1208 2450 consenserunt
1231 2392 1558 2457 inﬁdelibus,
1585 2391 1887 2465 ell‘ugerunt
1913 2406 2134 2462 poenam

541 2502 660 2556 quae
698 2487 802 2541 illis
836 2487 984 2542 illata
1021 2497 1134 2554 est;
1185 2505 1204 2540 ι
1251 2502 1353 2542 nec
1391 2487 1495 2542 hoc
1522 2487 1692 2542 solum
1731 2486 1834 2542 illis
1873 2487 2131 2542 donatum

541 2587 623 2632 est
673 2586 902 2635 mortem
962 2579 1192 2634 evadere
1217 2621 1231 2645 ,
1287 2595 1394 2650 qua
1442 2579 1620 2635 cteteri
1674 2579 1979 2650 perierunt,
2037 2579 2131 2635 sed

541 2670 708 2725 etiam
735 2669 922 2726 datum
951 2678 1035 2726 est
1064 2661 1166 2728 illis
1193 2681 1395 2728 terram
1433 2671 1866 2741 repromissionis
1900 2669 2128 2740 intrare,

541 2776 768 2835 eamque
797 2759 1140 2821 laudabiliter
1162 2779 1262 2834 pro
1287 2779 1381 2818 sua
1407 2763 1654 2834 portione
1678 2761 1974 2833 possidere.

1153 2897 1380 2956 CAPUT
1413 2897 1514 2969 tv.

611 3035 774 3092 Vsus.
809 3036 860 3091 l.
888 3065 962 3078 —
996 3037 1293 3094 Timeamus
1329 3053 1426 3094 nos
1461 3051 1592 3092 vero
1626 3035 1838 3092 illorum
1872 3035 2130 3106 perditio-

2230 532 2401 603 accipi
2448 541 2656 604 potest;
2707 535 2956 605 superius
2994 551 3125 592 vero
3167 553 3264 608 pro
3309 541 3596 612 negatione
3643 547 3825 615 posita

2229 629 2341 687 est,
2377 623 2468 678 ubi
2507 625 2582 678 ait
2623 633 2844 695 propter
2884 627 3318 684 incredulitatem
3353 631 3568 688 illorum
3605 633 3828 705 iurasse

2230 713 2422 781 Deum,
2459 731 2567 770 non
2597 715 2821 772 introire
2855 732 2949 772 eos
2984 717 3040 772 in
3078 721 3317 790 requiem
3345 726 3698 795 promissam,
3731 730 3828 784 ad-

2228 808 2363 863 didit
2391 827 2405 864 :
2439 809 2500 865 Si
2522 810 2832 877 introibant,
2862 811 2916 866 id
2939 820 3044 878 est,
3074 829 3182 869 non
3212 815 3543 885 introibunt;
3573 822 3665 876 hic
3693 837 3827 878 vero

2227 909 2406 974 potest
2443 901 2666 973 intelligi
2703 918 2801 974 pro
2830 902 3190 961 aﬁirmatione
3217 909 3451 979 positum
3480 927 3627 978 esse,
3667 913 3826 984 quasi

2230 991 2470 1047 diceret:
2502 991 2562 1047 Si
2589 993 2912 1060 introibunt,
2934 995 3071 1052 bene
3094 997 3402 1065 habebunt;
3431 1001 3554 1057 ideo
3577 1004 3824 1060 addidit:

2231 1079 2493 1147 Quoniam
2522 1094 2751 1155 superest
2775 1086 3030 1156 quosdam
3056 1087 3271 1144 introire
3296 1091 3353 1144 in
3379 1090 3550 1146 illam.
3588 1093 3651 1149 In
3681 1095 3827 1152 illam

2228 1175 2481 1231 videlicet
2507 1192 2627 1247 qua:
2654 1178 2708 1232 in
2733 1177 3019 1235 Palaestina
3046 1179 3146 1237 fuit
3173 1185 3329 1253 pauci
3370 1185 3738 1254 intraverunt,
3776 1190 3828 1244 id

2230 1275 2335 1333 est,
2359 1268 2466 1323 duo
2491 1277 2720 1335 tantum,
2744 1269 2908 1327 Caleb
2935 1281 2992 1328 et
3013 1271 3197 1340 Josue,
3223 1289 3290 1330 ex
3319 1279 3573 1334 omnibus
3602 1279 3711 1335 illis
3735 1281 3830 1351 qui

2231 1362 2297 1417 de
2337 1360 2572 1433 [Egypto
2613 1374 2985 1433 perrexerant.
3016 1363 3249 1423 Proinde
3275 1368 3353 1424 ait
3389 1388 3401 1423 :
3446 1371 3637 1442 (Vsus.
3672 1371 3726 1444 6)
3759 1371 3828 1426 Et

2231 1454 2285 1509 lti
2309 1455 2493 1526 quibus
2527 1456 2784 1532 prioribus
2820 1458 3191 1513 annuntiatum
3227 1469 3324 1526 est,
3366 1478 3469 1516 non
3503 1463 3822 1517 introierunt

2229 1558 2441 1618 propter
2475 1548 2926 1616 incredulitatem;
2962 1567 3056 1608 eos
3093 1553 3310 1624 signans
3347 1553 3439 1624 qui
3478 1539 3828 1625 de'Egypto

2231 1637 2459 1709 profecti
2506 1648 2652 1706 sunt,
2701 1656 2929 1711 quorum
2975 1642 3242 1699 cadavera
3285 1653 3561 1715 prostrata
3602 1655 3732 1700 sunt
3775 1646 3826 1700 in

2234 1730 2468 1786 deserto.
2507 1733 2710 1788 Deinde
2736 1733 2900 1788 intrat
2937 1734 3002 1790 de
3042 1735 3225 1800 tertia,
3261 1751 3382 1806 qua:
3414 1750 3515 1808 per
3548 1735 3826 1793 Christum

2163 1801 2209 1862 Β
2237 1826 2582 1882 credentibus
2622 1827 2888 1898 promissa
2919 1838 3024 1893 est,
3057 1801 3304 1899 quamvis
3344 1801 3596 1895 obscure,
3646 1831 3828 1902 dispu-

2237 1923 2396 1972 tare:
2435 1917 2620 1989 (Vsns.
2666 1917 2719 1989 7)
2760 1917 2917 1985 Item,
2961 1919 3158 1990 inquit,
3190 1919 3435 1974 terminat
3473 1921 3612 1975 diem
3649 1937 3830 1993 quem-

2235 2009 2377 2075 dam,
2415 2008 2568 2064 hodie
2595 2010 2649 2065 in
2683 2009 2854 2066 David
2881 2010 3124 2078 dicendo,
3160 2013 3293 2067 sicut
3329 2022 3444 2084 post
3469 2022 3673 2067 tantum
3698 2023 3828 2068 tem-

2234 2105 2376 2176 poris
2399 2121 2560 2175 supra
2587 2105 2786 2159 dictum
2814 2113 2925 2172 est;
2948 2105 3102 2161 hodie
3124 2106 3171 2161 si
3192 2123 3365 2162 uocem
3389 2107 3502 2178 ejus
3519 2107 3829 2173 audieritis,

2235 2196 2393 2251 nolite
2432 2197 2690 2252 obdurare
2717 2198 2878 2280 cord.a
2915 2208 3102 2254 vestra.
3145 2199 3335 2272 (Vens.
3373 2198 3444 2271 8.)
3479 2199 3615 2254 Nam
3651 2201 3703 2254 si
3741 2201 3824 2255 eis

2233 2287 2388 2343 Jesus
2419 2291 2644 2360 requiem
2672 2292 2995 2362 praestitisset
3013 2333 3029 2358 ,
3069 2309 3337 2365 nunquam
3366 2293 3429 2347 de
3456 2293 3559 2348 alia
3585 2292 3832 2364 loquere-

2234 2387 2339 2433 tur.
2373 2380 2472 2435 llic
2514 2383 2747 2436 ostendit
2777 2384 2992 2438 tertiam
3036 2385 3202 2456 676
3245 2384 3540 2456 quamdam
3575 2399 3700 2440 esse
3745 2398 3834 2439 re-

2233 2474 2436 2546 quiem,
2464 2476 2530 2531 de
2556 2491 2663 2547 qua
2700 2475 2872 2531 David
2901 2477 3035 2532 dixit
3061 2495 3073 2531 :
3106 2475 3304 2531 Hodie.
3336 2476 3454 2532 Non
3482 2477 3631 2532 illam
3661 2478 3835 2546 signi-

2232 2565 2400 2622 ﬁcans
2428 2567 2495 2634 ad
2521 2583 2682 2638 quam
2705 2566 2862 2624 Iesus
2885 2569 3139 2640 p0pulum
3165 2570 3484 2636 introduxit,
3526 2571 3625 2626 sed
3669 2570 3832 2626 aliam

2231 2659 2521 2728 quamdam
2558 2674 2680 2714 esse
2721 2659 2890 2714 multo
2930 2659 3366 2716 excellentiorem
3407 2659 3507 2725 illi,
3556 2660 3628 2714 ad
3670 2675 3834 2731 quam

2230 2759 2339 2806 non
2373 2751 2606 2821 typicus,
2635 2750 2728 2806 sed
2752 2765 2916 2807 verus
2942 2748 3099 2808 Jesus
3132 2752 3434 2808 introduxit
3459 2766 3558 2807 eos
3587 2768 3684 2822 qui
3712 2760 3832 2806 sunt

2229 2845 2365 2916 eius.
2403 2861 2422 2895 ‹
2459 2843 2755 2900 Audiamus
2771 2843 2840 2898 ob
2860 2843 2963 2898 hoc
2985 2853 3191 2900 certum
3211 2846 3285 2900 sit
3304 2843 3541 2916 [Chrys.,
3567 2844 3714 2899 unde
3733 2845 3832 2900 hoc

2228 2945 2440 2994 certum
2468 2936 2582 3010 sit].
2625 2938 2755 2994 Post
2792 2945 2971 2993 tantos
3004 2931 3435 3008 annos,‘inquit,
3477 2937 3678 2992 iterum
3705 2937 3831 2992 dicit

2228 3032 2399 3089 David
2423 3052 2434 3086 :
2460 3013 2633 3086 Hodie
2659 3033 2706 3086 si
2731 3049 2901 3087 vocem
2927 3033 3040 3103 ejus
3069 3031 3364 3099 audieritis,
3387 3030 3548 3086 nolite
3573 3031 3832 3086 obdurare

539 3146 685 3196 nem,
727 3139 781 3186 et
810 3131 1018 3202 iustum
1052 3131 1148 3187 Dei
1173 3129 1434 3200 judicium
1461 3138 1780 3187 metuamus.
1813 3129 1904 3201 qui
1941 3128 2129 3185 reddet
2155 3163 2206 3232 ο
2232 3128 2392 3183 corda
2437 3137 2628 3182 vestra.
2665 3125 2727 3182 Si
2771 3127 2908 3181 enim
2953 3141 3140 3181 veram
3179 3126 3333 3181 Iesus
3379 3126 3711 3195 prtzstitisset
3756 3140 3827 3178 re-

540 3223 832 3294 unicuique
869 3225 1165 3280 secundum
1191 3238 1355 3294 opera
1393 3237 1492 3279 sua
1524 3241 1536 3276 :
1570 3222 1811 3294 requiem
1847 3220 2130 3292 sempiter-

541 3331 666 3370 nam
694 3315 853 3371 ﬂdem
878 3317 1224 3384 habentibus,
1251 3334 1372 3374 eam
1401 3326 1586 3372 tamen
1621 3332 1740 3389 quae
1765 3330 1864 3387 per
1886 3314 2131 3370 dilectio-

541 3423 667 3463 nem
701 3418 986 3480 operatur;
1024 3426 1130 3467 non
1159 3411 1502 3467 credentibus
1527 3411 1726 3482 itaque,
1755 3425 1972 3481 poenam
2007 3419 2132 3480 per;

540 3507 780 3569 petuatu.
815 3500 900 3556 Ne
928 3501 1060 3572 forte
1094 3502 1272 3557 relicta
1298 3501 1672 3574 pollicitatione
1699 3517 1860 3571 quam
1887 3502 2130 3557 dedimus

543 3589 654 3646 Deo
692 3593 745 3647 in
783 3594 1074 3664 baptismo,
1114 3595 1310 3650 iterum
1356 3600 1689 3649 revertentes
1729 3593 1796 3648 ad
1837 3608 2002 3664 opera
2043 3594 2130 3648 in-

543 3680 818 3738 ﬁdelitatis
861 3699 980 3754 qua:
1025 3685 1390 3741 abdicavimus
1428 3699 1612 3740 coram
1652 3683 1838 3739 multis
1877 3684 2126 3739 testibus.

544 3772 926 3846 Unusquisque
972 3791 1070 3847 pro
1123 3777 1299 3846 seipso
1349 3775 1590 3841 laboret,
1642 3790 1709 3829 ne
1763 3774 1902 3830 forte
1951 3775 2131 3831 minus

543 3869 737 3938 dignus
773 3870 1079 3926 inveniatur
1109 3869 1406 3925 introeundi
1434 3871 1489 3924 in
1528 3868 1752 3941 requiem
1780 3867 1897 3922 Dei.
1943 3867 2126 3940 (Vens.

542 3960 622 4030 2.)
648 3957 858 4016 Etenim
885 3963 1028 4017 nobis
1060 3963 1354 4017 nuntiatum
1379 3970 1478 4028 est,
1505 3960 1772 4032 quomodo
1798 3961 2002 4015 intrare
2031 3960 2128 4014 de-

542 4050 766 4108 beamus
805 4053 859 4108 in
889 4054 1126 4124 requiem
1169 4053 1287 4119 Dei,
1331 4053 1464 4108 sicut
1491 4061 1540 4106 et
1580 4051 1721 4118 illis;
1751 4051 1906 4106 nobis
1949 4059 2129 4107 tamen

541 4159 642 4215 per
683 4143 874 4211 ﬁlium,
925 4144 1030 4200 illis
1070 4160 1199 4201 vero
1247 4159 1346 4217 per
1396 4143 1672 4199 famulum.
1727 4141 2129 4213 Confestimque

543 4237 710 4294 verba
749 4239 1140 4294 exhortationis
1190 4237 1464 4310 subiungit
1511 4236 1841 4308 Apostolus,
1887 4236 2072 4291 dicens
2109 4253 2123 4290 :

545 4331 744 4404 (Vsus.
793 4332 860 4404 5)
915 4332 1247 4404 Ingredimur
1297 4330 1473 4404 [Leg.,
1520 4329 1895 4403 ingrediemur]
1940 4331 1996 4385 in
2042 4346 2126 4384 re-

541 4425 736 4496 quiem,
775 4425 864 4496 qui
902 4424 1182 4489 credimus,
1219 4423 1657 4495 quemadmodum
1694 4423 1827 4477 dixit
1867 4437 1885 4476 :
1928 4421 2127 4488 Quibus

2235 3222 2406 3292 quiem
2443 3219 2662 3290 populo,
2703 3219 2856 3290 cujus
2893 3219 3085 3274 ductor
3127 3217 3246 3284 fuit,
3293 3234 3456 3289 neque
3488 3215 3672 3290 [[teg.,
3702 3233 3817 3271 nun

2237 3311 2420 3386 quam]
2459 3311 2523 3366 de
2565 3311 2674 3366 alia
2712 3311 2886 3384 requie
2918 3310 3086 3366 David
3131 3309 3429 3382 loqueretur
3456 3319 3663 3380 postea.
3707 3308 3829 3365 Cer-

2237 3413 2352 3461 tum
2410 3411 2492 3460 est
2539 3405 2665 3474 quia
2717 3402 2955 3459 futurum
3007 3410 3092 3459 est
3136 3402 3397 3472 quosdam
3445 3401 3701 3472 accipere
3751 3414 3830 3455 re-

2237 3498 2449 3569 quiem,
2489 3519 2508 3552 ›
2554 3513 2675 3569 quae
2712 3513 2810 3568 per
2842 3497 2986 3552 illam
3020 3495 3319 3568 signiﬁcata
3349 3501 3467 3562 est,
3505 3509 3628 3565 qua:
3668 3495 3830 3548 estin

2237 3592 2543 3660 Palaestina,
2560 3595 2628 3648 ad
2649 3607 2812 3663 quam
2834 3607 2994 3647 verus
3007 3589 3160 3647 Jesus
3182 3591 3442 3647 ducturus
3466 3597 3552 3646 est
3572 3587 3830 3660 populum

2237 3700 2414 3741 suum.

2306 3779 2472 3835 Vens.
2501 3779 2557 3845 9,
2586 3778 2674 3833 10.
2700 3808 2773 3819 -
2809 3778 2995 3850 Itaque
3020 3775 3332 3849 relinquitur
3357 3775 3718 3831 sabbatismus
3743 3793 3831 3847 po-

2234 3871 2358 3945 pulo
2398 3871 2516 3927 Dei.
2568 3869 2672 3937 Qui
2715 3871 2854 3925 enim
2896 3871 3156 3942 ingressus
3200 3879 3276 3924 est
3311 3871 3367 3924 in
3413 3870 3649 3940 requiem
3695 3869 3828 3938 ejus,

2235 3965 2392 4018 etiam
2438 3965 2547 4033 ipse
2593 3962 2839 4034 requievit
2884 3961 2948 4015 ab
2997 3961 3234 4033 operibus
3281 3961 3410 4026 suis,
3455 3961 3595 4014 sicut
3643 3978 3677 4013 α
3725 3962 3829 4014 suis

2233 4055 2395 4111 Deus.
2452 4053 2687 4125 Requies
2728 4068 2857 4108 vero
2908 4053 3004 4109 Dei
3047 4068 3271 4123 operum
3316 4051 3584 4124 perfectio
3635 4053 3831 4108 intelli-

2234 4146 2408 4218 genda
2447 4154 2548 4210 est,
2592 4146 2721 4202 dum
2763 4153 2918 4202 sexto
2951 4145 3038 4202 die
3076 4144 3238 4200 ﬁnita
3263 4145 3602 4215 primordiali
3647 4160 3830 4201 rerum

2235 4239 2528 4305 creatione,
2569 4245 2625 4292 et
2663 4238 2719 4292 in
2763 4238 2991 4307 septimo
3029 4236 3259 4292 cessavit
3297 4251 3329 4290 a
3366 4251 3633 4291 novarum
3679 4251 3831 4290 crea-

2235 4333 2382 4389 tione
2423 4339 2758 4386 naturarum.
2804 4329 2908 4385 Per
2944 4330 3088 4385 illam
3121 4345 3252 4385 vero
3273 4325 3532 4400 requiem
3567 4327 3671 4384 Dei
3709 4345 3830 4399 quze

2235 4431 2435 4479 aeterna
2465 4429 2566 4489 est,
2600 4437 2700 4476 nos
2744 4421 2811 4477 ad
2855 4429 3116 4478 aeternam
3155 4422 3391 4477 studiose
3431 4429 3697 4492 provocat
3746 4437 3831 4483 re-

540 4515 716 4585 juraui
763 4517 818 4569 in
860 4516 942 4568 ira
978 4530 1112 4578 mea,
1159 4514 1204 4568 si
1247 4514 1532 4568 introibant
1571 4515 1626 4568 in
1662 4514 1889 4585 requiem
1934 4530 2124 4568 meam.
2155 4531 2208 4594 ι)
2235 4515 2445 4587 quiem,
2492 4528 2654 4584 quam
2699 4513 3088 4569 sabbatismum
3135 4513 3463 4579 nominavit,
3511 4513 3642 4584 quia
3681 4513 3833 4566 vidc-

546 4605 656 4662 Nos
680 4620 810 4661 vero
838 4607 1088 4661 hortatur
1112 4605 1317 4662 intrare
1344 4605 1398 4659 in
1428 4605 1686 4675 requiem,
1715 4621 1785 4662 ne
1806 4603 1945 4661 forte
1973 4606 2130 4664 nobis

545 4698 758 4752 dicatur
793 4697 930 4753 sicut
965 4696 1070 4752 illis
1100 4715 1112 4751 :
1145 4695 1206 4753 Si
1238 4695 1554 4762 introibunt,
1595 4696 1650 4751 id
1680 4703 1763 4753 est
1782 4738 1798 4763 ,
1825 4711 1931 4752 non
1960 4698 2131 4754 intro-

547 4789 702 4844 ibunt
745 4789 800 4843 in
840 4788 1083 4859 requiem
1119 4803 1315 4844 meam.
1371 4786 1616 4844 Festinat
1654 4788 1799 4843 enim
1843 4791 2130 4847 ostendere

548 4879 708 4934 aliam
736 4895 856 4936 esse
896 4879 1160 4950 requiem,
1191 4880 1260 4935 ad
1285 4895 1448 4951 quam
1471 4880 1650 4936 vocati
1686 4895 1894 4946 sumus,
1932 4881 1987 4936 id
2021 4889 2128 4950 est,

547 4971 837 5036 caelorum;
880 4987 982 5028 nec
1006 4986 1106 5027 nos
1133 4971 1266 5027 dicit
1305 4972 1453 5028 illam
1490 4988 1610 5043 quae
1637 4972 1694 5028 in
1735 4971 2021 5027 Palestina
2046 4981 2131 5029 est

548 5065 876 5132 intraturos;
909 5065 1004 5122 sed
1028 5065 1148 5121 illos
1175 5081 1282 5122 non
1306 5066 1622 5131 intraturos,
1649 5073 1871 5136 propter
1895 5065 2131 5121 obdura-

549 5157 772 5222 tionem,
795 5173 896 5213 nec
919 5157 974 5212 in
999 5156 1339 5213 Palaestinam
1364 5172 1464 5213 nec
1490 5158 1545 5212 in
1562 5157 1804 5227 requiem
1829 5157 2125 5214 caelestem.

548 5246 768 5302 Addidit
816 5248 996 5318 itaque
1051 5249 1118 5302 de
1171 5249 1346 5319 prima
1401 5248 1586 5317 requie
1637 5246 1822 5316 loqui,
1875 5248 2059 5305 dicens
2110 5267 2126 5306 :

551 5339 737 5402 (Vsus.
768 5339 824 5410 4)
862 5339 932 5395 Et
979 5341 1186 5412 quidem
1216 5339 1453 5411 operibus
1491 5339 1556 5393 ab
1590 5340 1914 5396 institutione
1946 5343 2129 5397 mundi

552 5431 725 5501 factis.
755 5431 897 5486 Dixit
927 5432 1062 5486 enim
1087 5431 1314 5502 quodam
1338 5431 1450 5486 loco
1475 5430 1538 5484 de
1563 5430 1648 5485 die
1670 5433 1886 5502 septima
1909 5433 1984 5489 sic
2011 5447 2030 5486 :
2057 5433 2130 5488 Et

554 5523 798 5593 requievit
832 5521 972 5576 Deus
1007 5521 1091 5576 die
1121 5522 1340 5592 septima
1367 5521 1431 5574 ab
1466 5520 1704 5575 omnibus
1731 5521 1969 5592 operibus
1996 5523 2124 5578 suis.

553 5612 950 5682 Confestimque
976 5613 1042 5667 de
1067 5613 1300 5668 secunda
1325 5612 1596 5682 subiunxit
1619 5627 1738 5683 qua:
1761 5613 2024 5682 promissa
2046 5621 2130 5671 est

553 5707 747 5775 populo
776 5707 873 5760 Dei
914 5724 926 5760 :
969 5706 1155 5776 (Vens.
1185 5705 1240 5766 5)
1281 5705 1348 5758 Et
1384 5705 1440 5759 in
1477 5707 1598 5772 ista,
1638 5703 1835 5774 inquit,
1873 5720 2126 5760 rursum:

557 5794 618 5847 Si
655 5797 939 5852 introibant
974 5798 1031 5851 in
1068 5795 1293 5865 requiem
1336 5811 1523 5852 meam.
1571 5795 1632 5851 Si
1658 5810 1787 5853 vero
1821 5797 2128 5868 coniunctio

2230 4608 2359 4662 licet
2400 4605 2600 4662 Judazis
2641 4605 2854 4662 locutus
2895 4615 2999 4662 est.
3044 4624 3063 4658 (
3099 4605 3216 4662 Non
3255 4607 3390 4662 dixit
3436 4608 3539 4662 hoc
3580 4605 3703 4660 loco
3747 4622 3833 4658 re-

2230 4699 2434 4770 quiem,
2465 4696 2559 4752 sed
2587 4696 2996 4765 sabbatismum;
3020 4700 3297 4770 proprium
3322 4714 3544 4764 nomen,
3573 4699 3645 4753 ad
3681 4700 3830 4768 quod

2231 4792 2536 4861 gaudebant
2581 4799 2636 4846 et
2683 4794 3112 4858 concurrebant,
3157 4795 3544 4849 sabbatismum
3592 4809 3829 4864 regnum

2229 4881 2328 4937 Dei
2370 4895 2596 4946 vocans;
2641 4883 2783 4937 sicut
2823 4883 2964 4938 enim
3006 4883 3232 4941 sabbato
3272 4885 3337 4940 ab
3373 4886 3626 4940 omnibus
3668 4887 3833 4940 malis

2231 4969 2499 5025 abstineri.
2543 4973 2798 5041 praecepit
2846 4971 3030 5044 [Adde
3079 4991 3144 5028 ea:
3194 4973 3406 5046 Chrys.,
3454 4983 3508 5031 et
3558 4975 3651 5030 illa
3701 4986 3828 5031 tan-

2232 5070 2345 5116 tum
2390 5061 2552 5134 ﬁeri],
2595 5079 2714 5134 quin
2754 5065 2821 5118 ad
2865 5066 3182 5134 obsequium
3224 5066 3320 5122 Dei
3359 5068 3659 5137 pertinent,
3702 5085 3830 5138 qua!

2230 5154 2539 5210 sacerdotes
2575 5155 2898 5223 elﬁciebant,
2937 5165 2993 5212 et
3021 5173 3142 5228 quae
3181 5159 3414 5213 animam
3450 5160 3736 5230 iuvabant,
3772 5169 3826 5215 et

2230 5248 2367 5304 nihil
2415 5247 2560 5302 aliud
2606 5249 2776 5322 [Adde
2823 5267 2888 5304 ea:
2931 5251 3142 5318 eodem,
3199 5252 3278 5307 sic
3310 5260 3364 5306 et
3415 5252 3590 5326 tunc].
3638 5274 3658 5306 ι
3709 5253 3823 5308 Nec

2233 5341 2396 5397 talem
2441 5343 2722 5397 sabbatum
2763 5343 2876 5398 vult
2925 5344 2979 5398 in
3027 5361 3195 5417 regno
3221 5347 3338 5412 Dei,
3367 5355 3428 5402 ut
3455 5348 3653 5404 iterum
3697 5353 3827 5420 quis

2229 5435 2423 5489 exinde
2449 5443 2754 5490 revertatur
2781 5438 2848 5491 ad
2886 5452 3050 5507 opera
3095 5438 3383 5506 laboriosa,
3422 5440 3560 5496 sicut
3594 5441 3650 5496 in
3692 5444 3824 5498 sab-

2230 5523 2356 5578 bato
2381 5523 2586 5580 carnali
2617 5524 2891 5593 fecerunt;
2927 5527 3069 5582 istud
3096 5543 3226 5582 vero
3255 5529 3534 5584 sabbatum
3563 5532 3659 5586 Dei
3689 5535 3819 5603 qui-

2231 5629 2442 5684 cunque
2477 5614 2664 5681 intrat,
2705 5616 2968 5686 requievit
3000 5626 3265 5688 perpetuo
3290 5619 3358 5674 ab
3393 5621 3647 5690 operibus
3678 5625 3819 5690 suis,

2231 5709 2370 5763 sicut
2393 5724 2423 5762 a
2449 5709 2562 5763 suis
2586 5709 2747 5765 Deus.
2776 5710 2974 5766 Volens
3001 5711 3184 5783 itaque
3208 5728 3303 5768 eos
3325 5714 3391 5768 de
3416 5716 3824 5770 resurrectione

2231 5800 2496 5858 instruere
2537 5801 2685 5858 etde
2723 5804 2911 5874 requie
2948 5804 3297 5874 sempiterna,
3337 5805 3491 5862 hodie
3517 5806 3821 5878 saepissime
