  <div class='ocr_page' id='page_1' title='image "/cluster/home/n/w/nwhite01/storage/ocr_20150623/100/hvd.32044024239972/530.png"; bbox 0 0 4088 6330; ppageno 0'>
   <div class='ocr_carea' id='block_1_1' title="bbox 257 322 408 383">
    <p class='ocr_par' dir='ltr' id='par_1_1' title="bbox 257 322 408 383">
     <span class='ocr_line' id='line_1_1' title="bbox 257 322 408 383; baseline 0.013 -4"><span class='ocrx_word' id='word_1_1' title='bbox 257 322 408 383; x_wconf 68' lang='grc'><strong>,1049</strong></span> 
     </span>
    </p>
   </div>
   <div class='ocr_carea' id='block_1_2' title="bbox 972 316 2847 383">
    <p class='ocr_par' dir='ltr' id='par_1_2' title="bbox 972 316 2847 383">
     <span class='ocr_line' id='line_1_2' title="bbox 972 316 2847 383; baseline 0.003 -7"><span class='ocrx_word' id='word_1_2' title='bbox 972 318 1384 377; x_wconf 82' lang='lat' dir='ltr'><strong>EXEGETICA.</strong></span> <span class='ocrx_word' id='word_1_3' title='bbox 1414 349 1485 359; x_wconf 93' lang='lat'><strong>—-</strong></span> <span class='ocrx_word' id='word_1_4' title='bbox 1518 316 1766 374; x_wconf 77' lang='lat' dir='ltr'><strong>EXPOS.</strong></span> <span class='ocrx_word' id='word_1_5' title='bbox 1804 317 1874 373; x_wconf 86' lang='lat' dir='ltr'><strong>IN</strong></span> <span class='ocrx_word' id='word_1_6' title='bbox 1911 317 2128 376; x_wconf 86' lang='lat' dir='ltr'><strong>EPIST.</strong></span> <span class='ocrx_word' id='word_1_7' title='bbox 2173 321 2228 378; x_wconf 92' lang='lat' dir='ltr'><strong>S.</strong></span> <span class='ocrx_word' id='word_1_8' title='bbox 2271 323 2474 380; x_wconf 80' lang='lat' dir='ltr'><strong>PAULI</strong></span> <span class='ocrx_word' id='word_1_9' title='bbox 2510 325 2604 380; x_wconf 86' lang='lat' dir='ltr'><strong>AD</strong></span> <span class='ocrx_word' id='word_1_10' title='bbox 2642 324 2847 383; x_wconf 80' lang='lat' dir='ltr'><strong>HEBR.</strong></span> 
     </span>
    </p>
   </div>
   <div class='ocr_carea' id='block_1_3' title="bbox 3388 335 3527 395">
    <p class='ocr_par' dir='ltr' id='par_1_3' title="bbox 3388 335 3527 395">
     <span class='ocr_line' id='line_1_3' title="bbox 3388 335 3527 395; baseline 0.029 -4"><span class='ocrx_word' id='word_1_11' title='bbox 3388 335 3527 395; x_wconf 66' lang='lat'><strong>£050</strong></span> 
     </span>
    </p>
   </div>
   <div class='ocr_carea' id='block_1_4' title="bbox 265 432 3529 511">
    <p class='ocr_par' dir='ltr' id='par_1_4' title="bbox 265 432 3529 511">
     <span class='ocr_line' id='line_1_4' title="bbox 265 432 3529 511; baseline 0.002 -15"><span class='ocrx_word' id='word_1_12' title='bbox 265 434 603 509; x_wconf 70' lang='lat' dir='ltr'><strong>interposuit,</strong></span> <span class='ocrx_word' id='word_1_13' title='bbox 634 441 696 488; x_wconf 89' lang='lat' dir='ltr'><strong>ut</strong></span> <span class='ocrx_word' id='word_1_14' title='bbox 719 447 992 503; x_wconf 84' lang='lat' dir='ltr'><strong>nunquam</strong></span> <span class='ocrx_word' id='word_1_15' title='bbox 1038 433 1387 502; x_wconf 82' lang='lat' dir='ltr'><strong>desperarent</strong></span> <span class='ocrx_word' id='word_1_16' title='bbox 1424 447 1484 487; x_wconf 90' lang='lat' dir='ltr'><strong>se</strong></span> <span class='ocrx_word' id='word_1_17' title='bbox 1521 433 1838 497; x_wconf 73' lang='lat' dir='ltr'><strong>intraturos,</strong></span> <span class='ocrx_word' id='word_1_18' title='bbox 1867 435 1919 494; x_wconf 77' lang='grc' dir='ltr'><strong>Δ</strong></span> <span class='ocrx_word' id='word_1_19' title='bbox 1944 432 2096 501; x_wconf 89' lang='lat' dir='ltr'><strong>cujus</strong></span> <span class='ocrx_word' id='word_1_20' title='bbox 2116 437 2396 492; x_wconf 89' lang='lat' dir='ltr'><strong>scientiam</strong></span> <span class='ocrx_word' id='word_1_21' title='bbox 2434 437 2742 494; x_wconf 77' lang='lat' dir='ltr'><strong>nullatenus</strong></span> <span class='ocrx_word' id='word_1_22' title='bbox 2768 439 3002 511; x_wconf 81' lang='lat' dir='ltr'><strong>eﬁ&#39;ugere</strong></span> <span class='ocrx_word' id='word_1_23' title='bbox 3026 442 3340 504; x_wconf 83' lang='lat' dir='ltr'><strong>valebimus.</strong></span> <span class='ocrx_word' id='word_1_24' title='bbox 3381 449 3529 508; x_wconf 81' lang='lat' dir='ltr'><strong>Dixit</strong></span> 
     </span>
    </p>
   </div>
   <div class='ocr_carea' id='block_1_5' title="bbox 265 523 1845 602">
    <p class='ocr_par' dir='ltr' id='par_1_5' title="bbox 265 523 1845 602">
     <span class='ocr_line' id='line_1_5' title="bbox 265 523 1845 602; baseline -0.005 -18"><span class='ocrx_word' id='word_1_25' title='bbox 265 529 419 602; x_wconf 88' lang='lat' dir='ltr'><strong>quasi</strong></span> <span class='ocrx_word' id='word_1_26' title='bbox 453 527 653 582; x_wconf 80' lang='lat' dir='ltr'><strong>diceret</strong></span> <span class='ocrx_word' id='word_1_27' title='bbox 681 542 694 578; x_wconf 93' lang='lat'>:</span> <span class='ocrx_word' id='word_1_28' title='bbox 733 542 750 574; x_wconf 85' lang='grc'><strong>‹</strong></span> <span class='ocrx_word' id='word_1_29' title='bbox 789 523 847 578; x_wconf 89' lang='lat' dir='ltr'><strong>Si</strong></span> <span class='ocrx_word' id='word_1_30' title='bbox 879 523 1164 593; x_wconf 81' lang='lat' dir='ltr'><strong>quisquam</strong></span> <span class='ocrx_word' id='word_1_31' title='bbox 1198 523 1530 592; x_wconf 85' lang='lat' dir='ltr'><strong>peccaverit,</strong></span> <span class='ocrx_word' id='word_1_32' title='bbox 1565 536 1845 590; x_wconf 89' lang='lat' dir='ltr'><strong>usquequo</strong></span> 
     </span>
    </p>
   </div>
   <div class='ocr_carea' id='block_1_6' title="bbox 263 613 1847 685">
    <p class='ocr_par' dir='ltr' id='par_1_6' title="bbox 263 613 1847 685">
     <span class='ocr_line' id='line_1_6' title="bbox 263 613 1847 685; baseline -0.004 -9"><span class='ocrx_word' id='word_1_33' title='bbox 263 626 348 676; x_wconf 90' lang='lat' dir='ltr'><strong>est</strong></span> <span class='ocrx_word' id='word_1_34' title='bbox 391 616 576 682; x_wconf 88' lang='lat' dir='ltr'><strong>hodie,</strong></span> <span class='ocrx_word' id='word_1_35' title='bbox 628 630 777 685; x_wconf 86' lang='lat' dir='ltr'><strong>spem</strong></span> <span class='ocrx_word' id='word_1_36' title='bbox 821 615 1019 669; x_wconf 86' lang='lat' dir='ltr'><strong>habeat</strong></span> <span class='ocrx_word' id='word_1_37' title='bbox 1065 614 1391 670; x_wconf 81' lang='lat' dir='ltr'><strong>revertendi.</strong></span> <span class='ocrx_word' id='word_1_38' title='bbox 1446 613 1632 670; x_wconf 84' lang='lat' dir='ltr'><strong>Nullus</strong></span> <span class='ocrx_word' id='word_1_39' title='bbox 1679 614 1847 685; x_wconf 82' lang='lat' dir='ltr'><strong>igitur</strong></span> 
     </span>
    </p>
   </div>
   <div class='ocr_carea' id='block_1_7' title="bbox 263 706 1047 780">
    <p class='ocr_par' dir='ltr' id='par_1_7' title="bbox 263 706 1047 780">
     <span class='ocr_line' id='line_1_7' title="bbox 263 706 1047 780; baseline -0.011 -12"><span class='ocrx_word' id='word_1_40' title='bbox 263 712 512 780; x_wconf 82' lang='lat' dir='ltr'><strong>desperet</strong></span> <span class='ocrx_word' id='word_1_41' title='bbox 538 722 816 778; x_wconf 90' lang='lat' dir='ltr'><strong>usquequo</strong></span> <span class='ocrx_word' id='word_1_42' title='bbox 842 706 994 761; x_wconf 84' lang='lat' dir='ltr'><strong>vivit.</strong></span> <span class='ocrx_word' id='word_1_43' title='bbox 1028 725 1047 759; x_wconf 74' lang='grc' dir='ltr'><strong><em>ι</em></strong></span> 
     </span>
    </p>
   </div>
   <div class='ocr_carea' id='block_1_8' title="bbox 331 799 1843 873">
    <p class='ocr_par' dir='ltr' id='par_1_8' title="bbox 331 799 1843 873">
     <span class='ocr_line' id='line_1_8' title="bbox 331 799 1843 873; baseline -0.002 -14"><span class='ocrx_word' id='word_1_44' title='bbox 331 803 494 859; x_wconf 72' lang='lat' dir='ltr'><strong>Vens.</strong></span> <span class='ocrx_word' id='word_1_45' title='bbox 543 802 630 857; x_wconf 81' lang='grc'><strong>11.</strong></span> <span class='ocrx_word' id='word_1_46' title='bbox 679 831 749 843; x_wconf 84' lang='lat'><strong>———</strong></span> <span class='ocrx_word' id='word_1_47' title='bbox 796 799 1125 856; x_wconf 84' lang='lat' dir='ltr'><strong>Festinemus</strong></span> <span class='ocrx_word' id='word_1_48' title='bbox 1173 817 1294 873; x_wconf 90' lang='lat' dir='ltr'><strong>ergo</strong></span> <span class='ocrx_word' id='word_1_49' title='bbox 1336 800 1539 872; x_wconf 77' lang='lat' dir='ltr'><strong>ingredi</strong></span> <span class='ocrx_word' id='word_1_50' title='bbox 1588 801 1644 855; x_wconf 89' lang='lat' dir='ltr'><strong>in</strong></span> <span class='ocrx_word' id='word_1_51' title='bbox 1694 799 1843 856; x_wconf 81' lang='lat' dir='ltr'><strong>illam</strong></span> 
     </span>
    </p>
   </div>
   <div class='ocr_carea' id='block_1_9' title="bbox 261 891 1844 966">
    <p class='ocr_par' dir='ltr' id='par_1_9' title="bbox 261 891 1844 966">
     <span class='ocr_line' id='line_1_9' title="bbox 261 891 1844 966; baseline -0.001 -17"><span class='ocrx_word' id='word_1_52' title='bbox 261 895 523 966; x_wconf 79' lang='lat' dir='ltr'><strong>requiem,</strong></span> <span class='ocrx_word' id='word_1_53' title='bbox 579 901 639 947; x_wconf 90' lang='lat' dir='ltr'><strong>ut</strong></span> <span class='ocrx_word' id='word_1_54' title='bbox 698 909 762 947; x_wconf 87' lang='lat' dir='ltr'><strong>ne</strong></span> <span class='ocrx_word' id='word_1_55' title='bbox 819 893 876 947; x_wconf 92' lang='lat' dir='ltr'><strong>in</strong></span> <span class='ocrx_word' id='word_1_56' title='bbox 933 893 1161 964; x_wconf 85' lang='lat' dir='ltr'><strong>idipsum</strong></span> <span class='ocrx_word' id='word_1_57' title='bbox 1212 893 1412 947; x_wconf 76' lang='lat' dir='ltr'><strong>incidat</strong></span> <span class='ocrx_word' id='word_1_58' title='bbox 1462 891 1844 948; x_wconf 77' lang='lat' dir='ltr'><strong>incredulitatis</strong></span> 
     </span>
    </p>
   </div>
   <div class='ocr_carea' id='block_1_10' title="bbox 259 984 1840 1057">
    <p class='ocr_par' dir='ltr' id='par_1_10' title="bbox 259 984 1840 1057">
     <span class='ocr_line' id='line_1_10' title="bbox 259 984 1840 1057; baseline -0.003 -15"><span class='ocrx_word' id='word_1_59' title='bbox 259 986 568 1057; x_wconf 73' lang='lat' dir='ltr'><strong>exemplum.</strong></span> <span class='ocrx_word' id='word_1_60' title='bbox 606 1003 624 1037; x_wconf 87' lang='grc'><strong>‹</strong></span> <span class='ocrx_word' id='word_1_61' title='bbox 662 984 853 1056; x_wconf 83' lang='lat' dir='ltr'><strong>Magna</strong></span> <span class='ocrx_word' id='word_1_62' title='bbox 884 985 1101 1055; x_wconf 89' lang='lat' dir='ltr'><strong>quidem</strong></span> <span class='ocrx_word' id='word_1_63' title='bbox 1144 1002 1231 1041; x_wconf 90' lang='lat' dir='ltr'><strong>res</strong></span> <span class='ocrx_word' id='word_1_64' title='bbox 1260 995 1343 1041; x_wconf 91' lang='lat' dir='ltr'><strong>est</strong></span> <span class='ocrx_word' id='word_1_65' title='bbox 1373 986 1504 1041; x_wconf 92' lang='lat' dir='ltr'><strong>ﬁdes</strong></span> <span class='ocrx_word' id='word_1_66' title='bbox 1545 994 1601 1040; x_wconf 86' lang='lat' dir='ltr'><strong>et</strong></span> <span class='ocrx_word' id='word_1_67' title='bbox 1638 985 1840 1040; x_wconf 86' lang='lat' dir='ltr'><strong>saluta-</strong></span> 
     </span>
    </p>
   </div>
   <div class='ocr_carea' id='block_1_11' title="bbox 259 1074 1844 1146">
    <p class='ocr_par' dir='ltr' id='par_1_11' title="bbox 259 1074 1844 1146">
     <span class='ocr_line' id='line_1_11' title="bbox 259 1074 1844 1146; baseline -0.001 -15"><span class='ocrx_word' id='word_1_68' title='bbox 259 1076 362 1141; x_wconf 90' lang='lat' dir='ltr'><strong>ris;</strong></span> <span class='ocrx_word' id='word_1_69' title='bbox 395 1082 450 1131; x_wconf 90' lang='lat' dir='ltr'><strong>et</strong></span> <span class='ocrx_word' id='word_1_70' title='bbox 476 1075 593 1130; x_wconf 91' lang='lat' dir='ltr'><strong>sine</strong></span> <span class='ocrx_word' id='word_1_71' title='bbox 617 1075 718 1130; x_wconf 88' lang='lat' dir='ltr'><strong>hac</strong></span> <span class='ocrx_word' id='word_1_72' title='bbox 744 1090 849 1128; x_wconf 92' lang='lat' dir='ltr'><strong>non</strong></span> <span class='ocrx_word' id='word_1_73' title='bbox 876 1083 960 1130; x_wconf 92' lang='lat' dir='ltr'><strong>est</strong></span> <span class='ocrx_word' id='word_1_74' title='bbox 984 1076 1178 1130; x_wconf 89' lang='lat' dir='ltr'><strong>salvari</strong></span> <span class='ocrx_word' id='word_1_75' title='bbox 1201 1075 1457 1146; x_wconf 90' lang='lat' dir='ltr'><strong>possibile</strong></span> <span class='ocrx_word' id='word_1_76' title='bbox 1485 1074 1642 1130; x_wconf 89' lang='lat' dir='ltr'><strong>alicui</strong></span> <span class='ocrx_word' id='word_1_77' title='bbox 1661 1115 1676 1140; x_wconf 93' lang='lat'><strong>,</strong></span> <span class='ocrx_word' id='word_1_78' title='bbox 1704 1075 1844 1129; x_wconf 87' lang='lat' dir='ltr'><strong>sicut</strong></span> 
     </span>
    </p>
   </div>
   <div class='ocr_carea' id='block_1_12' title="bbox 257 1163 1842 1237">
    <p class='ocr_par' dir='ltr' id='par_1_12' title="bbox 257 1163 1842 1237">
     <span class='ocr_line' id='line_1_12' title="bbox 257 1163 1842 1237; baseline -0.003 -15"><span class='ocrx_word' id='word_1_79' title='bbox 257 1167 461 1222; x_wconf 91' lang='lat' dir='ltr'><strong>dictum</strong></span> <span class='ocrx_word' id='word_1_80' title='bbox 500 1173 625 1226; x_wconf 87' lang='lat' dir='ltr'><strong>est:</strong></span> <span class='ocrx_word' id='word_1_81' title='bbox 661 1163 790 1220; x_wconf 87' lang='lat' dir='ltr'><strong>Sine</strong></span> <span class='ocrx_word' id='word_1_82' title='bbox 829 1166 934 1236; x_wconf 87' lang='lat' dir='ltr'><strong>ﬁde</strong></span> <span class='ocrx_word' id='word_1_83' title='bbox 975 1165 1292 1237; x_wconf 82' lang='lat' dir='ltr'><strong>impossibile</strong></span> <span class='ocrx_word' id='word_1_84' title='bbox 1338 1175 1414 1220; x_wconf 93' lang='lat' dir='ltr'><strong>est</strong></span> <span class='ocrx_word' id='word_1_85' title='bbox 1458 1164 1662 1237; x_wconf 86' lang='lat' dir='ltr'><strong>placere</strong></span> <span class='ocrx_word' id='word_1_86' title='bbox 1701 1165 1842 1232; x_wconf 88' lang='lat' dir='ltr'><strong>Deo;</strong></span> 
     </span>
    </p>
   </div>
   <div class='ocr_carea' id='block_1_13' title="bbox 256 1257 1842 1329">
    <p class='ocr_par' dir='ltr' id='par_1_13' title="bbox 256 1257 1842 1329">
     <span class='ocr_line' id='line_1_13' title="bbox 256 1257 1842 1329; baseline -0.002 -14"><span class='ocrx_word' id='word_1_87' title='bbox 256 1259 348 1315; x_wconf 89' lang='lat' dir='ltr'><strong>sed</strong></span> <span class='ocrx_word' id='word_1_88' title='bbox 382 1275 489 1314; x_wconf 91' lang='lat' dir='ltr'><strong>non</strong></span> <span class='ocrx_word' id='word_1_89' title='bbox 529 1257 727 1312; x_wconf 77' lang='lat' dir='ltr'><strong>sufficit</strong></span> <span class='ocrx_word' id='word_1_90' title='bbox 764 1257 876 1313; x_wconf 87' lang='lat' dir='ltr'><strong>sola</strong></span> <span class='ocrx_word' id='word_1_91' title='bbox 919 1259 1034 1314; x_wconf 67' lang='lat' dir='ltr'><strong>haec</strong></span> <span class='ocrx_word' id='word_1_92' title='bbox 1071 1273 1085 1312; x_wconf 89' lang='lat'><strong>:</strong></span> <span class='ocrx_word' id='word_1_93' title='bbox 1125 1258 1338 1328; x_wconf 91' lang='lat' dir='ltr'><strong>operari</strong></span> <span class='ocrx_word' id='word_1_94' title='bbox 1371 1273 1468 1329; x_wconf 90' lang='lat' dir='ltr'><strong>per</strong></span> <span class='ocrx_word' id='word_1_95' title='bbox 1501 1258 1842 1314; x_wconf 88' lang='lat' dir='ltr'><strong>dilectionem</strong></span> 
     </span>
    </p>
   </div>
   <div class='ocr_carea' id='block_1_14' title="bbox 255 1349 1837 1420">
    <p class='ocr_par' dir='ltr' id='par_1_14' title="bbox 255 1349 1837 1420">
     <span class='ocr_line' id='line_1_14' title="bbox 255 1349 1837 1420; baseline 0.001 -16"><span class='ocrx_word' id='word_1_96' title='bbox 255 1349 415 1404; x_wconf 87' lang='lat' dir='ltr'><strong>ﬁdem</strong></span> <span class='ocrx_word' id='word_1_97' title='bbox 462 1349 826 1405; x_wconf 90' lang='lat' dir='ltr'><strong>necessarium</strong></span> <span class='ocrx_word' id='word_1_98' title='bbox 871 1357 987 1415; x_wconf 89' lang='lat' dir='ltr'><strong>est,</strong></span> <span class='ocrx_word' id='word_1_99' title='bbox 1045 1356 1100 1403; x_wconf 91' lang='lat' dir='ltr'><strong>et</strong></span> <span class='ocrx_word' id='word_1_100' title='bbox 1145 1350 1452 1404; x_wconf 88' lang='lat' dir='ltr'><strong>conversari</strong></span> <span class='ocrx_word' id='word_1_101' title='bbox 1504 1349 1662 1420; x_wconf 81' lang='lat' dir='ltr'><strong>digne</strong></span> <span class='ocrx_word' id='word_1_102' title='bbox 1707 1350 1837 1405; x_wconf 90' lang='lat' dir='ltr'><strong>Deo.</strong></span> 
     </span>
    </p>
   </div>
   <div class='ocr_carea' id='block_1_15' title="bbox 253 1442 1840 1514">
    <p class='ocr_par' dir='ltr' id='par_1_15' title="bbox 253 1442 1840 1514">
     <span class='ocr_line' id='line_1_15' title="bbox 253 1442 1840 1514; baseline 0.001 -16"><span class='ocrx_word' id='word_1_103' title='bbox 253 1442 484 1498; x_wconf 91' lang='lat' dir='ltr'><strong>Proinde</strong></span> <span class='ocrx_word' id='word_1_104' title='bbox 508 1442 671 1498; x_wconf 90' lang='lat' dir='ltr'><strong>etiam</strong></span> <span class='ocrx_word' id='word_1_105' title='bbox 703 1442 901 1499; x_wconf 91' lang='lat' dir='ltr'><strong>Paulus</strong></span> <span class='ocrx_word' id='word_1_106' title='bbox 930 1443 1184 1498; x_wconf 88' lang='lat' dir='ltr'><strong>admonet</strong></span> <span class='ocrx_word' id='word_1_107' title='bbox 1216 1458 1311 1499; x_wconf 92' lang='lat' dir='ltr'><strong>eos</strong></span> <span class='ocrx_word' id='word_1_108' title='bbox 1345 1443 1436 1514; x_wconf 93' lang='lat' dir='ltr'><strong>qui</strong></span> <span class='ocrx_word' id='word_1_109' title='bbox 1475 1444 1840 1514; x_wconf 75' lang='lat' dir='ltr'><strong>dignationem</strong></span> 
     </span>
    </p>
   </div>
   <div class='ocr_carea' id='block_1_16' title="bbox 253 1533 1838 1606">
    <p class='ocr_par' dir='ltr' id='par_1_16' title="bbox 253 1533 1838 1606">
     <span class='ocr_line' id='line_1_16' title="bbox 253 1533 1838 1606; baseline 0.001 -17"><span class='ocrx_word' id='word_1_110' title='bbox 253 1533 632 1605; x_wconf 85' lang='lat' dir='ltr'><strong>mysteriorum</strong></span> <span class='ocrx_word' id='word_1_111' title='bbox 662 1536 935 1606; x_wconf 89' lang='lat' dir='ltr'><strong>suscipere</strong></span> <span class='ocrx_word' id='word_1_112' title='bbox 960 1543 1297 1601; x_wconf 90' lang='lat' dir='ltr'><strong>meruerunt,</strong></span> <span class='ocrx_word' id='word_1_113' title='bbox 1331 1535 1516 1590; x_wconf 91' lang='lat' dir='ltr'><strong>dicens</strong></span> <span class='ocrx_word' id='word_1_114' title='bbox 1548 1553 1562 1590; x_wconf 90' lang='lat'><strong>:</strong></span> <span class='ocrx_word' id='word_1_115' title='bbox 1598 1535 1838 1591; x_wconf 83' lang='lat' dir='ltr'><strong>Festine-</strong></span> 
     </span>
    </p>
   </div>
   <div class='ocr_carea' id='block_1_17' title="bbox 252 1623 1837 1698">
    <p class='ocr_par' dir='ltr' id='par_1_17' title="bbox 252 1623 1837 1698">
     <span class='ocr_line' id='line_1_17' title="bbox 252 1623 1837 1698; baseline 0.003 -20"><span class='ocrx_word' id='word_1_116' title='bbox 252 1641 366 1679; x_wconf 88' lang='lat' dir='ltr'><strong>mus</strong></span> <span class='ocrx_word' id='word_1_117' title='bbox 407 1623 612 1694; x_wconf 84' lang='lat' dir='ltr'><strong>ingredi</strong></span> <span class='ocrx_word' id='word_1_118' title='bbox 657 1625 714 1679; x_wconf 92' lang='lat' dir='ltr'><strong>in</strong></span> <span class='ocrx_word' id='word_1_119' title='bbox 754 1624 903 1678; x_wconf 91' lang='lat' dir='ltr'><strong>illam</strong></span> <span class='ocrx_word' id='word_1_120' title='bbox 946 1626 1190 1698; x_wconf 87' lang='lat' dir='ltr'><strong>requiem.</strong></span> <span class='ocrx_word' id='word_1_121' title='bbox 1237 1625 1600 1693; x_wconf 86' lang='lat' dir='ltr'><strong>Festinemus,</strong></span> <span class='ocrx_word' id='word_1_122' title='bbox 1645 1627 1837 1698; x_wconf 89' lang='lat' dir='ltr'><strong>inquit,</strong></span> 
     </span>
    </p>
   </div>
   <div class='ocr_carea' id='block_1_18' title="bbox 250 1716 1840 1788">
    <p class='ocr_par' dir='ltr' id='par_1_18' title="bbox 250 1716 1840 1788">
     <span class='ocr_line' id='line_1_18' title="bbox 250 1716 1840 1788; baseline 0.003 -17"><span class='ocrx_word' id='word_1_123' title='bbox 250 1720 504 1788; x_wconf 90' lang='lat' dir='ltr'><strong>quoniam</strong></span> <span class='ocrx_word' id='word_1_124' title='bbox 543 1731 652 1772; x_wconf 91' lang='lat' dir='ltr'><strong>non</strong></span> <span class='ocrx_word' id='word_1_125' title='bbox 696 1716 896 1772; x_wconf 81' lang='lat' dir='ltr'><strong>sufﬁcit</strong></span> <span class='ocrx_word' id='word_1_126' title='bbox 938 1717 1091 1784; x_wconf 92' lang='lat' dir='ltr'><strong>ﬁdes,</strong></span> <span class='ocrx_word' id='word_1_127' title='bbox 1139 1718 1234 1773; x_wconf 91' lang='lat' dir='ltr'><strong>sed</strong></span> <span class='ocrx_word' id='word_1_128' title='bbox 1272 1719 1431 1774; x_wconf 91' lang='lat' dir='ltr'><strong>debet</strong></span> <span class='ocrx_word' id='word_1_129' title='bbox 1470 1720 1592 1776; x_wconf 91' lang='lat' dir='ltr'><strong>addi</strong></span> <span class='ocrx_word' id='word_1_130' title='bbox 1635 1728 1690 1775; x_wconf 92' lang='lat' dir='ltr'><strong>et</strong></span> <span class='ocrx_word' id='word_1_131' title='bbox 1729 1721 1840 1776; x_wconf 89' lang='lat' dir='ltr'><strong>vita</strong></span> 
     </span>
    </p>
   </div>
   <div class='ocr_carea' id='block_1_19' title="bbox 1946 527 3528 608">
    <p class='ocr_par' dir='ltr' id='par_1_19' title="bbox 1946 527 3528 608">
     <span class='ocr_line' id='line_1_19' title="bbox 1946 527 3528 608; baseline 0.014 -30"><span class='ocrx_word' id='word_1_132' title='bbox 1946 527 2112 592; x_wconf 90' lang='lat' dir='ltr'><strong>enim,</strong></span> <span class='ocrx_word' id='word_1_133' title='bbox 2139 536 2194 580; x_wconf 91' lang='lat' dir='ltr'><strong>ut</strong></span> <span class='ocrx_word' id='word_1_134' title='bbox 2219 527 2474 584; x_wconf 87' lang='lat' dir='ltr'><strong>discretor</strong></span> <span class='ocrx_word' id='word_1_135' title='bbox 2499 533 2567 585; x_wconf 87' lang='lat' dir='ltr'><strong>sit</strong></span> <span class='ocrx_word' id='word_1_136' title='bbox 2605 547 2783 587; x_wconf 84' lang='lat' dir='ltr'><strong>sermo</strong></span> <span class='ocrx_word' id='word_1_137' title='bbox 2808 534 2934 599; x_wconf 89' lang='lat' dir='ltr'><strong>Dei,</strong></span> <span class='ocrx_word' id='word_1_138' title='bbox 2964 535 3017 590; x_wconf 97' lang='lat' dir='ltr'><strong>id</strong></span> <span class='ocrx_word' id='word_1_139' title='bbox 3045 544 3151 600; x_wconf 89' lang='lat' dir='ltr'><strong>est,</strong></span> <span class='ocrx_word' id='word_1_140' title='bbox 3193 542 3528 608; x_wconf 77' lang='lat' dir='ltr'><strong>providentia</strong></span> 
     </span>
    </p>
   </div>
   <div class='ocr_carea' id='block_1_20' title="bbox 1943 618 3530 692">
    <p class='ocr_par' dir='ltr' id='par_1_20' title="bbox 1943 618 3530 692">
     <span class='ocr_line' id='line_1_20' title="bbox 1943 618 3530 692; baseline 0.012 -19"><span class='ocrx_word' id='word_1_141' title='bbox 1943 618 2073 685; x_wconf 90' lang='lat' dir='ltr'><strong>Dei,</strong></span> <span class='ocrx_word' id='word_1_142' title='bbox 2117 623 2488 690; x_wconf 85' lang='lat' dir='ltr'><strong>cogitationum</strong></span> <span class='ocrx_word' id='word_1_143' title='bbox 2526 633 2574 678; x_wconf 92' lang='lat' dir='ltr'><strong>et</strong></span> <span class='ocrx_word' id='word_1_144' title='bbox 2611 624 2956 680; x_wconf 86' lang='lat' dir='ltr'><strong>intention-um</strong></span> <span class='ocrx_word' id='word_1_145' title='bbox 2992 629 3209 686; x_wconf 89' lang='lat' dir='ltr'><strong>cordis:</strong></span> <span class='ocrx_word' id='word_1_146' title='bbox 3239 636 3530 692; x_wconf 88' lang='lat' dir='ltr'><strong>ostendens</strong></span> 
     </span>
    </p>
   </div>
   <div class='ocr_carea' id='block_1_21' title="bbox 1943 710 3526 796">
    <p class='ocr_par' dir='ltr' id='par_1_21' title="bbox 1943 710 3526 796">
     <span class='ocr_line' id='line_1_21' title="bbox 1943 710 3526 796; baseline 0.012 -33"><span class='ocrx_word' id='word_1_147' title='bbox 1943 710 2070 778; x_wconf 87' lang='lat' dir='ltr'><strong>quia</strong></span> <span class='ocrx_word' id='word_1_148' title='bbox 2104 713 2282 767; x_wconf 88' lang='lat' dir='ltr'><strong>omnia</strong></span> <span class='ocrx_word' id='word_1_149' title='bbox 2315 722 2499 769; x_wconf 86' lang='lat' dir='ltr'><strong>nostra</strong></span> <span class='ocrx_word' id='word_1_150' title='bbox 2537 715 2795 771; x_wconf 87' lang='lat' dir='ltr'><strong>interiora</strong></span> <span class='ocrx_word' id='word_1_151' title='bbox 2835 718 2920 773; x_wconf 89' lang='lat' dir='ltr'><strong>vel</strong></span> <span class='ocrx_word' id='word_1_152' title='bbox 2958 722 3227 778; x_wconf 81' lang='lat' dir='ltr'><strong>exteriora</strong></span> <span class='ocrx_word' id='word_1_153' title='bbox 3265 724 3526 796; x_wconf 82' lang='lat' dir='ltr'><strong>dijudica-</strong></span> 
     </span>
    </p>
   </div>
   <div class='ocr_carea' id='block_1_22' title="bbox 1943 799 3529 887">
    <p class='ocr_par' dir='ltr' id='par_1_22' title="bbox 1943 799 3529 887">
     <span class='ocr_line' id='line_1_22' title="bbox 1943 799 3529 887; baseline 0.012 -34"><span class='ocrx_word' id='word_1_154' title='bbox 1943 799 2146 856; x_wconf 91' lang='lat' dir='ltr'><strong>buntur</strong></span> <span class='ocrx_word' id='word_1_155' title='bbox 2167 803 2234 858; x_wconf 90' lang='lat' dir='ltr'><strong>ab</strong></span> <span class='ocrx_word' id='word_1_156' title='bbox 2261 819 2346 870; x_wconf 91' lang='lat' dir='ltr'><strong>eo,</strong></span> <span class='ocrx_word' id='word_1_157' title='bbox 2375 806 2503 876; x_wconf 88' lang='lat' dir='ltr'><strong>quia</strong></span> <span class='ocrx_word' id='word_1_158' title='bbox 2530 807 2711 862; x_wconf 87' lang='lat' dir='ltr'><strong>omnia</strong></span> <span class='ocrx_word' id='word_1_159' title='bbox 2738 818 2924 864; x_wconf 91' lang='lat' dir='ltr'><strong>nostra</strong></span> <span class='ocrx_word' id='word_1_160' title='bbox 2949 811 3120 878; x_wconf 90' lang='lat' dir='ltr'><strong>novit,</strong></span> <span class='ocrx_word' id='word_1_161' title='bbox 3147 821 3203 868; x_wconf 89' lang='lat' dir='ltr'><strong>et</strong></span> <span class='ocrx_word' id='word_1_162' title='bbox 3231 822 3403 871; x_wconf 88' lang='lat' dir='ltr'><strong>totum</strong></span> <span class='ocrx_word' id='word_1_163' title='bbox 3433 833 3529 887; x_wconf 88' lang='lat' dir='ltr'><strong>per</strong></span> 
     </span>
    </p>
   </div>
   <div class='ocr_carea' id='block_1_23' title="bbox 1943 898 3529 979">
    <p class='ocr_par' dir='ltr' id='par_1_23' title="bbox 1943 898 3529 979">
     <span class='ocr_line' id='line_1_23' title="bbox 1943 898 3529 979; baseline 0.013 -35"><span class='ocrx_word' id='word_1_164' title='bbox 1943 898 2116 947; x_wconf 89' lang='lat' dir='ltr'><strong>totum</strong></span> <span class='ocrx_word' id='word_1_165' title='bbox 2140 905 2387 964; x_wconf 86' lang='lat' dir='ltr'><strong>penetrat</strong></span> <span class='ocrx_word' id='word_1_166' title='bbox 2411 899 2704 956; x_wconf 91' lang='lat' dir='ltr'><strong>hominem.</strong></span> <span class='ocrx_word' id='word_1_167' title='bbox 2732 902 2842 957; x_wconf 84' lang='lat' dir='ltr'><strong>Nec</strong></span> <span class='ocrx_word' id='word_1_168' title='bbox 2867 903 3063 958; x_wconf 88' lang='lat' dir='ltr'><strong>mirum</strong></span> <span class='ocrx_word' id='word_1_169' title='bbox 3089 905 3134 960; x_wconf 89' lang='lat' dir='ltr'><strong>si</strong></span> <span class='ocrx_word' id='word_1_170' title='bbox 3159 913 3301 962; x_wconf 86' lang='lat' dir='ltr'><strong>totus</strong></span> <span class='ocrx_word' id='word_1_171' title='bbox 3328 909 3529 979; x_wconf 88' lang='lat' dir='ltr'><strong>ubique</strong></span> 
     </span>
    </p>
   </div>
   <div class='ocr_carea' id='block_1_24' title="bbox 1945 991 3530 1066">
    <p class='ocr_par' dir='ltr' id='par_1_24' title="bbox 1945 991 3530 1066">
     <span class='ocr_line' id='line_1_24' title="bbox 1945 991 3530 1066; baseline 0.013 -29"><span class='ocrx_word' id='word_1_172' title='bbox 1945 991 2112 1039; x_wconf 90' lang='lat' dir='ltr'><strong>totam</strong></span> <span class='ocrx_word' id='word_1_173' title='bbox 2143 1002 2293 1042; x_wconf 91' lang='lat' dir='ltr'><strong>suam</strong></span> <span class='ocrx_word' id='word_1_174' title='bbox 2321 993 2565 1060; x_wconf 81' lang='lat' dir='ltr'><strong>agnoscit</strong></span> <span class='ocrx_word' id='word_1_175' title='bbox 2585 1001 2910 1060; x_wconf 86' lang='lat' dir='ltr'><strong>creaturam,</strong></span> <span class='ocrx_word' id='word_1_176' title='bbox 2939 995 3052 1050; x_wconf 89' lang='lat' dir='ltr'><strong>sive</strong></span> <span class='ocrx_word' id='word_1_177' title='bbox 3075 997 3391 1066; x_wconf 90' lang='lat' dir='ltr'><strong>spiritalem,</strong></span> <span class='ocrx_word' id='word_1_178' title='bbox 3417 1001 3530 1057; x_wconf 82' lang='lat' dir='ltr'><strong>sive</strong></span> 
     </span>
    </p>
   </div>
   <div class='ocr_carea' id='block_1_25' title="bbox 1941 1079 3528 1158">
    <p class='ocr_par' dir='ltr' id='par_1_25' title="bbox 1941 1079 3528 1158">
     <span class='ocr_line' id='line_1_25' title="bbox 1941 1079 3528 1158; baseline 0.012 -28"><span class='ocrx_word' id='word_1_179' title='bbox 1941 1079 2298 1148; x_wconf 87' lang='lat' dir='ltr'><strong>corporalem,</strong></span> <span class='ocrx_word' id='word_1_180' title='bbox 2328 1085 2456 1153; x_wconf 90' lang='lat' dir='ltr'><strong>quia</strong></span> <span class='ocrx_word' id='word_1_181' title='bbox 2485 1086 2619 1140; x_wconf 89' lang='lat' dir='ltr'><strong>nihil</strong></span> <span class='ocrx_word' id='word_1_182' title='bbox 2647 1089 2789 1158; x_wconf 91' lang='lat' dir='ltr'><strong>quod</strong></span> <span class='ocrx_word' id='word_1_183' title='bbox 2819 1089 3019 1144; x_wconf 87' lang='lat' dir='ltr'><strong>factum</strong></span> <span class='ocrx_word' id='word_1_184' title='bbox 3045 1099 3162 1157; x_wconf 89' lang='lat' dir='ltr'><strong>est,</strong></span> <span class='ocrx_word' id='word_1_185' title='bbox 3200 1093 3317 1147; x_wconf 92' lang='lat' dir='ltr'><strong>sine</strong></span> <span class='ocrx_word' id='word_1_186' title='bbox 3354 1109 3418 1147; x_wconf 91' lang='lat' dir='ltr'><strong>eo</strong></span> <span class='ocrx_word' id='word_1_187' title='bbox 3445 1093 3528 1150; x_wconf 88' lang='lat' dir='ltr'><strong>fa-</strong></span> 
     </span>
    </p>
   </div>
   <div class='ocr_carea' id='block_1_26' title="bbox 1943 1172 3528 1250">
    <p class='ocr_par' dir='ltr' id='par_1_26' title="bbox 1943 1172 3528 1250">
     <span class='ocr_line' id='line_1_26' title="bbox 1943 1172 3528 1250; baseline 0.009 -26"><span class='ocrx_word' id='word_1_188' title='bbox 1943 1175 2089 1224; x_wconf 90' lang='lat' dir='ltr'><strong>ctum</strong></span> <span class='ocrx_word' id='word_1_189' title='bbox 2114 1178 2214 1226; x_wconf 92' lang='lat' dir='ltr'><strong>est.</strong></span> <span class='ocrx_word' id='word_1_190' title='bbox 2247 1172 2371 1228; x_wconf 88' lang='lat' dir='ltr'><strong>Ideo</strong></span> <span class='ocrx_word' id='word_1_191' title='bbox 2400 1175 2603 1231; x_wconf 88' lang='lat' dir='ltr'><strong>addidit</strong></span> <span class='ocrx_word' id='word_1_192' title='bbox 2645 1195 2657 1232; x_wconf 94' lang='lat'>:</span> <span class='ocrx_word' id='word_1_193' title='bbox 2699 1179 2884 1248; x_wconf 66' lang='lat' dir='ltr'><strong>(Vens.</strong></span> <span class='ocrx_word' id='word_1_194' title='bbox 2927 1179 3015 1250; x_wconf 82' lang='grc'><strong>15)</strong></span> <span class='ocrx_word' id='word_1_195' title='bbox 3056 1181 3126 1236; x_wconf 89' lang='lat' dir='ltr'><strong>Et</strong></span> <span class='ocrx_word' id='word_1_196' title='bbox 3168 1199 3272 1236; x_wconf 91' lang='lat' dir='ltr'><strong>non</strong></span> <span class='ocrx_word' id='word_1_197' title='bbox 3309 1194 3383 1238; x_wconf 87' lang='lat' dir='ltr'><strong>est</strong></span> <span class='ocrx_word' id='word_1_198' title='bbox 3419 1184 3528 1240; x_wconf 87' lang='lat' dir='ltr'><strong>ulla</strong></span> 
     </span>
    </p>
   </div>
   <div class='ocr_carea' id='block_1_27' title="bbox 1942 1265 3532 1342">
    <p class='ocr_par' dir='ltr' id='par_1_27' title="bbox 1942 1265 3532 1342">
     <span class='ocr_line' id='line_1_27' title="bbox 1942 1265 3532 1342; baseline 0.011 -30"><span class='ocrx_word' id='word_1_199' title='bbox 1942 1270 2184 1316; x_wconf 91' lang='lat' dir='ltr'><strong>creatura</strong></span> <span class='ocrx_word' id='word_1_200' title='bbox 2237 1265 2508 1320; x_wconf 81' lang='lat' dir='ltr'><strong>invisibilis</strong></span> <span class='ocrx_word' id='word_1_201' title='bbox 2562 1269 2618 1322; x_wconf 89' lang='lat' dir='ltr'><strong>in</strong></span> <span class='ocrx_word' id='word_1_202' title='bbox 2675 1281 2950 1340; x_wconf 88' lang='lat' dir='ltr'><strong>conspectu</strong></span> <span class='ocrx_word' id='word_1_203' title='bbox 3000 1273 3134 1342; x_wconf 84' lang='lat' dir='ltr'><strong>ejus.</strong></span> <span class='ocrx_word' id='word_1_204' title='bbox 3197 1273 3388 1328; x_wconf 85' lang='lat' dir='ltr'><strong>Omnia</strong></span> <span class='ocrx_word' id='word_1_205' title='bbox 3435 1293 3532 1330; x_wconf 85' lang='lat' dir='ltr'><strong>au-</strong></span> 
     </span>
    </p>
   </div>
   <div class='ocr_carea' id='block_1_28' title="bbox 1941 1357 3531 1436">
    <p class='ocr_par' dir='ltr' id='par_1_28' title="bbox 1941 1357 3531 1436">
     <span class='ocr_line' id='line_1_28' title="bbox 1941 1357 3531 1436; baseline 0.009 -28"><span class='ocrx_word' id='word_1_206' title='bbox 1941 1364 2044 1408; x_wconf 85' lang='lat' dir='ltr'><strong>tem</strong></span> <span class='ocrx_word' id='word_1_207' title='bbox 2074 1357 2216 1412; x_wconf 90' lang='lat' dir='ltr'><strong>nuda</strong></span> <span class='ocrx_word' id='word_1_208' title='bbox 2244 1369 2292 1412; x_wconf 89' lang='lat' dir='ltr'><strong>et</strong></span> <span class='ocrx_word' id='word_1_209' title='bbox 2331 1370 2510 1431; x_wconf 89' lang='lat' dir='ltr'><strong>aperta</strong></span> <span class='ocrx_word' id='word_1_210' title='bbox 2550 1373 2672 1417; x_wconf 88' lang='lat' dir='ltr'><strong>sunt</strong></span> <span class='ocrx_word' id='word_1_211' title='bbox 2716 1364 2880 1418; x_wconf 90' lang='lat' dir='ltr'><strong>oculis</strong></span> <span class='ocrx_word' id='word_1_212' title='bbox 2921 1366 3054 1436; x_wconf 83' lang='lat' dir='ltr'><strong>ejus.</strong></span> <span class='ocrx_word' id='word_1_213' title='bbox 3093 1385 3114 1418; x_wconf 71' lang='grc' dir='ltr'><strong><em>ι</em></strong></span> <span class='ocrx_word' id='word_1_214' title='bbox 3154 1367 3253 1422; x_wconf 87' lang='lat' dir='ltr'><strong>Hic</strong></span> <span class='ocrx_word' id='word_1_215' title='bbox 3297 1369 3531 1424; x_wconf 79' lang='lat' dir='ltr'><strong>maxime</strong></span> 
     </span>
    </p>
   </div>
   <div class='ocr_carea' id='block_1_29' title="bbox 1941 1450 3532 1527">
    <p class='ocr_par' dir='ltr' id='par_1_29' title="bbox 1941 1450 3532 1527">
     <span class='ocr_line' id='line_1_29' title="bbox 1941 1450 3532 1527; baseline 0.009 -26"><span class='ocrx_word' id='word_1_216' title='bbox 1941 1460 2036 1502; x_wconf 90' lang='lat' dir='ltr'><strong>eos</strong></span> <span class='ocrx_word' id='word_1_217' title='bbox 2076 1450 2287 1516; x_wconf 89' lang='lat' dir='ltr'><strong>terruit,</strong></span> <span class='ocrx_word' id='word_1_218' title='bbox 2331 1467 2398 1508; x_wconf 91' lang='lat' dir='ltr'><strong>ne</strong></span> <span class='ocrx_word' id='word_1_219' title='bbox 2441 1451 2582 1508; x_wconf 85' lang='lat' dir='ltr'><strong>forte</strong></span> <span class='ocrx_word' id='word_1_220' title='bbox 2622 1455 2819 1523; x_wconf 90' lang='lat' dir='ltr'><strong>adhuc,</strong></span> <span class='ocrx_word' id='word_1_221' title='bbox 2847 1456 3040 1527; x_wconf 80' lang='lat' dir='ltr'><strong>inquit,</strong></span> <span class='ocrx_word' id='word_1_222' title='bbox 3084 1459 3140 1513; x_wconf 90' lang='lat' dir='ltr'><strong>in</strong></span> <span class='ocrx_word' id='word_1_223' title='bbox 3181 1459 3285 1514; x_wconf 93' lang='lat' dir='ltr'><strong>ﬁde</strong></span> <span class='ocrx_word' id='word_1_224' title='bbox 3327 1468 3532 1516; x_wconf 86' lang='lat' dir='ltr'><strong>stantes</strong></span> 
     </span>
    </p>
   </div>
   <div class='ocr_carea' id='block_1_30' title="bbox 1940 1541 3528 1620">
    <p class='ocr_par' dir='ltr' id='par_1_30' title="bbox 1940 1541 3528 1620">
     <span class='ocr_line' id='line_1_30' title="bbox 1940 1541 3528 1620; baseline 0.009 -28"><span class='ocrx_word' id='word_1_225' title='bbox 1940 1553 2049 1592; x_wconf 89' lang='lat' dir='ltr'><strong>non</strong></span> <span class='ocrx_word' id='word_1_226' title='bbox 2073 1555 2196 1594; x_wconf 91' lang='lat' dir='ltr'><strong>cum</strong></span> <span class='ocrx_word' id='word_1_227' title='bbox 2222 1541 2432 1614; x_wconf 87' lang='lat' dir='ltr'><strong>integra</strong></span> <span class='ocrx_word' id='word_1_228' title='bbox 2472 1544 2841 1602; x_wconf 85' lang='lat' dir='ltr'><strong>satisfactione</strong></span> <span class='ocrx_word' id='word_1_229' title='bbox 2869 1547 3167 1617; x_wconf 87' lang='lat' dir='ltr'><strong>perﬁciatis</strong></span> <span class='ocrx_word' id='word_1_230' title='bbox 3191 1549 3312 1604; x_wconf 86' lang='lat' dir='ltr'><strong>ﬁdei</strong></span> <span class='ocrx_word' id='word_1_231' title='bbox 3342 1566 3528 1620; x_wconf 84' lang='lat' dir='ltr'><strong>opera,</strong></span> 
     </span>
    </p>
   </div>
   <div class='ocr_carea' id='block_1_31' title="bbox 1940 1632 3528 1710">
    <p class='ocr_par' dir='ltr' id='par_1_31' title="bbox 1940 1632 3528 1710">
     <span class='ocr_line' id='line_1_31' title="bbox 1940 1632 3528 1710; baseline 0.008 -26"><span class='ocrx_word' id='word_1_232' title='bbox 1940 1644 2063 1700; x_wconf 73' lang='lat' dir='ltr'><strong>quae</strong></span> <span class='ocrx_word' id='word_1_233' title='bbox 2083 1632 2197 1700; x_wconf 87' lang='lat' dir='ltr'><strong>ipse</strong></span> <span class='ocrx_word' id='word_1_234' title='bbox 2226 1649 2346 1704; x_wconf 76' lang='lat' dir='ltr'><strong>qua:</strong></span> <span class='ocrx_word' id='word_1_235' title='bbox 2373 1635 2428 1690; x_wconf 92' lang='lat' dir='ltr'><strong>in</strong></span> <span class='ocrx_word' id='word_1_236' title='bbox 2459 1637 2622 1693; x_wconf 90' lang='lat' dir='ltr'><strong>corde</strong></span> <span class='ocrx_word' id='word_1_237' title='bbox 2647 1646 2772 1693; x_wconf 92' lang='lat' dir='ltr'><strong>sunt</strong></span> <span class='ocrx_word' id='word_1_238' title='bbox 2796 1638 3078 1707; x_wconf 88' lang='lat' dir='ltr'><strong>discernit;</strong></span> <span class='ocrx_word' id='word_1_239' title='bbox 3120 1641 3194 1696; x_wconf 90' lang='lat' dir='ltr'><strong>ibi</strong></span> <span class='ocrx_word' id='word_1_240' title='bbox 3233 1643 3528 1710; x_wconf 82' lang='lat' dir='ltr'><strong>examinat,</strong></span> 
     </span>
    </p>
   </div>
   <div class='ocr_carea' id='block_1_32' title="bbox 1939 1718 3530 1802">
    <p class='ocr_par' dir='ltr' id='par_1_32' title="bbox 1939 1718 3530 1802">
     <span class='ocr_line' id='line_1_32' title="bbox 1939 1718 3530 1802; baseline 0.01 -31"><span class='ocrx_word' id='word_1_241' title='bbox 1939 1718 2033 1772; x_wconf 91' lang='lat' dir='ltr'><strong>ubi</strong></span> <span class='ocrx_word' id='word_1_242' title='bbox 2062 1722 2389 1789; x_wconf 89' lang='lat' dir='ltr'><strong>considerat,</strong></span> <span class='ocrx_word' id='word_1_243' title='bbox 2432 1725 2662 1781; x_wconf 89' lang='lat' dir='ltr'><strong>reddens</strong></span> <span class='ocrx_word' id='word_1_244' title='bbox 2699 1729 2990 1799; x_wconf 91' lang='lat' dir='ltr'><strong>unicuique</strong></span> <span class='ocrx_word' id='word_1_245' title='bbox 3031 1731 3325 1787; x_wconf 91' lang='lat' dir='ltr'><strong>secundum</strong></span> <span class='ocrx_word' id='word_1_246' title='bbox 3366 1749 3530 1802; x_wconf 90' lang='lat' dir='ltr'><strong>opera</strong></span> 
     </span>
    </p>
   </div>
   <div class='ocr_carea' id='block_1_33' title="bbox 249 1803 3531 1894">
    <p class='ocr_par' dir='ltr' id='par_1_33' title="bbox 249 1803 3531 1894">
     <span class='ocr_line' id='line_1_33' title="bbox 249 1803 3531 1894; baseline 0.005 -30"><span class='ocrx_word' id='word_1_247' title='bbox 249 1808 372 1864; x_wconf 88' lang='lat' dir='ltr'><strong>ﬁdei</strong></span> <span class='ocrx_word' id='word_1_248' title='bbox 410 1810 709 1881; x_wconf 78' lang='lat' dir='ltr'><strong>condigna;</strong></span> <span class='ocrx_word' id='word_1_249' title='bbox 747 1818 804 1866; x_wconf 91' lang='lat' dir='ltr'><strong>et</strong></span> <span class='ocrx_word' id='word_1_250' title='bbox 833 1810 1063 1866; x_wconf 91' lang='lat' dir='ltr'><strong>multum</strong></span> <span class='ocrx_word' id='word_1_251' title='bbox 1098 1811 1335 1866; x_wconf 90' lang='lat' dir='ltr'><strong>studium</strong></span> <span class='ocrx_word' id='word_1_252' title='bbox 1374 1811 1530 1868; x_wconf 89' lang='lat' dir='ltr'><strong>debet</strong></span> <span class='ocrx_word' id='word_1_253' title='bbox 1567 1811 1836 1879; x_wconf 80' lang='lat' dir='ltr'><strong>adhiberi,</strong></span> <span class='ocrx_word' id='word_1_254' title='bbox 1867 1803 1916 1864; x_wconf 84' lang='grc' dir='ltr'><strong>Β</strong></span> <span class='ocrx_word' id='word_1_255' title='bbox 1942 1824 2056 1866; x_wconf 89' lang='lat' dir='ltr'><strong>sua.</strong></span> <span class='ocrx_word' id='word_1_256' title='bbox 2101 1812 2168 1866; x_wconf 88' lang='lat' dir='ltr'><strong>Et</strong></span> <span class='ocrx_word' id='word_1_257' title='bbox 2192 1814 2321 1882; x_wconf 90' lang='lat' dir='ltr'><strong>quid</strong></span> <span class='ocrx_word' id='word_1_258' title='bbox 2345 1815 2586 1871; x_wconf 89' lang='lat' dir='ltr'><strong>dicemus</strong></span> <span class='ocrx_word' id='word_1_259' title='bbox 2621 1818 2695 1872; x_wconf 68' lang='lat' dir='ltr'><strong>&#39;de</strong></span> <span class='ocrx_word' id='word_1_260' title='bbox 2737 1819 3079 1876; x_wconf 87' lang='lat' dir='ltr'><strong>hominibus?</strong></span> <span class='ocrx_word' id='word_1_261' title='bbox 3117 1822 3196 1876; x_wconf 83' lang='lat' dir='ltr'><strong>Ac</strong></span> <span class='ocrx_word' id='word_1_262' title='bbox 3237 1824 3281 1878; x_wconf 92' lang='lat' dir='ltr'><strong>si</strong></span> <span class='ocrx_word' id='word_1_263' title='bbox 3313 1825 3531 1894; x_wconf 82' lang='lat' dir='ltr'><strong>angelos</strong></span> 
     </span>
    </p>
   </div>
   <div class='ocr_carea' id='block_1_34' title="bbox 248 1901 1838 1960">
    <p class='ocr_par' dir='ltr' id='par_1_34' title="bbox 248 1901 1838 1960">
     <span class='ocr_line' id='line_1_34' title="bbox 248 1901 1838 1960; baseline 0.001 -2"><span class='ocrx_word' id='word_1_264' title='bbox 248 1919 314 1959; x_wconf 90' lang='lat' dir='ltr'><strong>ne</strong></span> <span class='ocrx_word' id='word_1_265' title='bbox 345 1902 478 1958; x_wconf 89' lang='lat' dir='ltr'><strong>ﬁdes</strong></span> <span class='ocrx_word' id='word_1_266' title='bbox 515 1903 585 1958; x_wconf 92' lang='lat' dir='ltr'><strong>sit</strong></span> <span class='ocrx_word' id='word_1_267' title='bbox 613 1903 787 1959; x_wconf 91' lang='lat' dir='ltr'><strong>otiosa</strong></span> <span class='ocrx_word' id='word_1_268' title='bbox 819 1921 833 1957; x_wconf 90' lang='lat'><strong>:</strong></span> <span class='ocrx_word' id='word_1_269' title='bbox 872 1901 930 1958; x_wconf 90' lang='lat' dir='ltr'><strong>Si</strong></span> <span class='ocrx_word' id='word_1_270' title='bbox 962 1903 1108 1958; x_wconf 91' lang='lat' dir='ltr'><strong>enim</strong></span> <span class='ocrx_word' id='word_1_271' title='bbox 1139 1913 1342 1959; x_wconf 90' lang='lat' dir='ltr'><strong>terram</strong></span> <span class='ocrx_word' id='word_1_272' title='bbox 1381 1903 1586 1958; x_wconf 89' lang='lat' dir='ltr'><strong>intrare</strong></span> <span class='ocrx_word' id='word_1_273' title='bbox 1626 1904 1701 1958; x_wconf 90' lang='lat' dir='ltr'><strong>illi</strong></span> <span class='ocrx_word' id='word_1_274' title='bbox 1730 1920 1838 1960; x_wconf 90' lang='lat' dir='ltr'><strong>non</strong></span> 
     </span>
    </p>
   </div>
   <div class='ocr_carea' id='block_1_35' title="bbox 246 1994 1841 2066">
    <p class='ocr_par' dir='ltr' id='par_1_35' title="bbox 246 1994 1841 2066">
     <span class='ocr_line' id='line_1_35' title="bbox 246 1994 1841 2066; baseline 0.001 -17"><span class='ocrx_word' id='word_1_275' title='bbox 246 2002 558 2050; x_wconf 85' lang='lat' dir='ltr'><strong>meruerunt</strong></span> <span class='ocrx_word' id='word_1_276' title='bbox 600 1994 694 2065; x_wconf 89' lang='lat' dir='ltr'><strong>qui</strong></span> <span class='ocrx_word' id='word_1_277' title='bbox 736 1995 1061 2049; x_wconf 90' lang='lat' dir='ltr'><strong>murmurati</strong></span> <span class='ocrx_word' id='word_1_278' title='bbox 1101 2002 1229 2050; x_wconf 87' lang='lat' dir='ltr'><strong>sunt</strong></span> <span class='ocrx_word' id='word_1_279' title='bbox 1264 2001 1455 2050; x_wconf 86' lang='lat' dir='ltr'><strong>contra</strong></span> <span class='ocrx_word' id='word_1_280' title='bbox 1495 1994 1841 2066; x_wconf 83' lang='lat' dir='ltr'><strong>Deum,quo-</strong></span> 
     </span>
    </p>
   </div>
   <div class='ocr_carea' id='block_1_36' title="bbox 246 2086 1840 2144">
    <p class='ocr_par' dir='ltr' id='par_1_36' title="bbox 246 2086 1840 2144">
     <span class='ocr_line' id='line_1_36' title="bbox 246 2086 1840 2144; baseline 0 -2"><span class='ocrx_word' id='word_1_281' title='bbox 246 2087 404 2142; x_wconf 89' lang='lat' dir='ltr'><strong>modo</strong></span> <span class='ocrx_word' id='word_1_282' title='bbox 428 2102 527 2143; x_wconf 91' lang='lat' dir='ltr'><strong>nos</strong></span> <span class='ocrx_word' id='word_1_283' title='bbox 552 2086 748 2143; x_wconf 73' lang='lat' dir='ltr'><strong>coelum</strong></span> <span class='ocrx_word' id='word_1_284' title='bbox 778 2087 1107 2143; x_wconf 90' lang='lat' dir='ltr'><strong>merebimur</strong></span> <span class='ocrx_word' id='word_1_285' title='bbox 1130 2087 1338 2143; x_wconf 88' lang='lat' dir='ltr'><strong>intrare</strong></span> <span class='ocrx_word' id='word_1_286' title='bbox 1363 2087 1731 2144; x_wconf 69' lang='lat' dir='ltr'><strong>indifferenter</strong></span> <span class='ocrx_word' id='word_1_287' title='bbox 1759 2089 1840 2142; x_wconf 88' lang='lat' dir='ltr'><strong>vi-</strong></span> 
     </span>
    </p>
   </div>
   <div class='ocr_carea' id='block_1_37' title="bbox 245 2178 1837 2256">
    <p class='ocr_par' dir='ltr' id='par_1_37' title="bbox 245 2178 1837 2256">
     <span class='ocr_line' id='line_1_37' title="bbox 245 2178 1837 2256; baseline 0.002 -24"><span class='ocrx_word' id='word_1_288' title='bbox 245 2188 430 2236; x_wconf 90' lang='lat' dir='ltr'><strong>ventes</strong></span> <span class='ocrx_word' id='word_1_289' title='bbox 456 2180 598 2236; x_wconf 89' lang='lat' dir='ltr'><strong>sicut</strong></span> <span class='ocrx_word' id='word_1_290' title='bbox 626 2180 849 2250; x_wconf 88' lang='lat' dir='ltr'><strong>gentes?</strong></span> <span class='ocrx_word' id='word_1_291' title='bbox 881 2200 900 2232; x_wconf 72' lang='grc' dir='ltr'><strong><em>ι</em></strong></span> <span class='ocrx_word' id='word_1_292' title='bbox 947 2178 1096 2250; x_wconf 91' lang='lat' dir='ltr'><strong>Opus</strong></span> <span class='ocrx_word' id='word_1_293' title='bbox 1121 2186 1204 2234; x_wconf 90' lang='lat' dir='ltr'><strong>est</strong></span> <span class='ocrx_word' id='word_1_294' title='bbox 1222 2179 1440 2256; x_wconf 82' lang='lat' dir='ltr'><strong>_quippe</strong></span> <span class='ocrx_word' id='word_1_295' title='bbox 1463 2181 1611 2234; x_wconf 90' lang='lat' dir='ltr'><strong>omni</strong></span> <span class='ocrx_word' id='word_1_296' title='bbox 1635 2180 1837 2235; x_wconf 91' lang='lat' dir='ltr'><strong>volenti</strong></span> 
     </span>
    </p>
   </div>
   <div class='ocr_carea' id='block_1_38' title="bbox 243 2269 1837 2340">
    <p class='ocr_par' dir='ltr' id='par_1_38' title="bbox 243 2269 1837 2340">
     <span class='ocr_line' id='line_1_38' title="bbox 243 2269 1837 2340; baseline 0.001 -14"><span class='ocrx_word' id='word_1_297' title='bbox 243 2269 438 2326; x_wconf 75' lang='lat' dir='ltr'><strong>cmlum</strong></span> <span class='ocrx_word' id='word_1_298' title='bbox 473 2270 767 2339; x_wconf 90' lang='lat' dir='ltr'><strong>possidere,</strong></span> <span class='ocrx_word' id='word_1_299' title='bbox 807 2270 969 2325; x_wconf 89' lang='lat' dir='ltr'><strong>ﬁdem</strong></span> <span class='ocrx_word' id='word_1_300' title='bbox 1006 2271 1261 2340; x_wconf 86' lang='lat' dir='ltr'><strong>operibus</strong></span> <span class='ocrx_word' id='word_1_301' title='bbox 1293 2271 1450 2326; x_wconf 90' lang='lat' dir='ltr'><strong>bonis</strong></span> <span class='ocrx_word' id='word_1_302' title='bbox 1478 2285 1692 2327; x_wconf 88' lang='lat' dir='ltr'><strong>ornare.</strong></span> <span class='ocrx_word' id='word_1_303' title='bbox 1725 2270 1837 2328; x_wconf 86' lang='lat' dir='ltr'><strong>Nec</strong></span> 
     </span>
    </p>
   </div>
   <div class='ocr_carea' id='block_1_39' title="bbox 240 2361 1858 2444">
    <p class='ocr_par' dir='ltr' id='par_1_39' title="bbox 240 2361 1858 2444">
     <span class='ocr_line' id='line_1_39' title="bbox 240 2361 1858 2444; baseline 0.001 -27"><span class='ocrx_word' id='word_1_304' title='bbox 240 2363 344 2417; x_wconf 89' lang='lat' dir='ltr'><strong>hoc</strong></span> <span class='ocrx_word' id='word_1_305' title='bbox 381 2362 554 2417; x_wconf 90' lang='lat' dir='ltr'><strong>solum</strong></span> <span class='ocrx_word' id='word_1_306' title='bbox 585 2361 766 2416; x_wconf 89' lang='lat' dir='ltr'><strong>damni</strong></span> <span class='ocrx_word' id='word_1_307' title='bbox 808 2362 972 2417; x_wconf 89' lang='lat' dir='ltr'><strong>habet</strong></span> <span class='ocrx_word' id='word_1_308' title='bbox 1010 2362 1151 2417; x_wconf 88' lang='lat' dir='ltr'><strong>male</strong></span> <span class='ocrx_word' id='word_1_309' title='bbox 1177 2363 1383 2426; x_wconf 90' lang='lat' dir='ltr'><strong>vivens,</strong></span> <span class='ocrx_word' id='word_1_310' title='bbox 1417 2364 1559 2433; x_wconf 90' lang='lat' dir='ltr'><strong>quod</strong></span> <span class='ocrx_word' id='word_1_311' title='bbox 1600 2361 1858 2444; x_wconf 33' lang='lat' dir='ltr'><strong>[Suppl.,.</strong></span> 
     </span>
    </p>
   </div>
   <div class='ocr_carea' id='block_1_40' title="bbox 241 2451 1833 2526">
    <p class='ocr_par' dir='ltr' id='par_1_40' title="bbox 241 2451 1833 2526">
     <span class='ocr_line' id='line_1_40' title="bbox 241 2451 1833 2526; baseline 0.003 -20"><span class='ocrx_word' id='word_1_312' title='bbox 241 2452 370 2524; x_wconf 89' lang='lat' dir='ltr'><strong>non]</strong></span> <span class='ocrx_word' id='word_1_313' title='bbox 404 2453 571 2506; x_wconf 89' lang='lat' dir='ltr'><strong>intrat</strong></span> <span class='ocrx_word' id='word_1_314' title='bbox 607 2451 663 2507; x_wconf 90' lang='lat' dir='ltr'><strong>in</strong></span> <span class='ocrx_word' id='word_1_315' title='bbox 698 2468 921 2524; x_wconf 84' lang='lat' dir='ltr'><strong>regnum</strong></span> <span class='ocrx_word' id='word_1_316' title='bbox 956 2453 1084 2520; x_wconf 90' lang='lat' dir='ltr'><strong>Dei;</strong></span> <span class='ocrx_word' id='word_1_317' title='bbox 1113 2470 1300 2510; x_wconf 91' lang='lat' dir='ltr'><strong>verum</strong></span> <span class='ocrx_word' id='word_1_318' title='bbox 1329 2454 1512 2518; x_wconf 88' lang='lat' dir='ltr'><strong>etiam,</strong></span> <span class='ocrx_word' id='word_1_319' title='bbox 1546 2457 1690 2526; x_wconf 92' lang='lat' dir='ltr'><strong>quod</strong></span> <span class='ocrx_word' id='word_1_320' title='bbox 1717 2472 1833 2511; x_wconf 90' lang='lat' dir='ltr'><strong>ma-</strong></span> 
     </span>
    </p>
   </div>
   <div class='ocr_carea' id='block_1_41' title="bbox 235 2543 1834 2617">
    <p class='ocr_par' dir='ltr' id='par_1_41' title="bbox 235 2543 1834 2617">
     <span class='ocr_line' id='line_1_41' title="bbox 235 2543 1834 2617; baseline 0.004 -19"><span class='ocrx_word' id='word_1_321' title='bbox 235 2543 371 2614; x_wconf 86' lang='lat' dir='ltr'><strong>joris</strong></span> <span class='ocrx_word' id='word_1_322' title='bbox 399 2552 483 2598; x_wconf 92' lang='lat' dir='ltr'><strong>est</strong></span> <span class='ocrx_word' id='word_1_323' title='bbox 521 2544 770 2611; x_wconf 88' lang='lat' dir='ltr'><strong>terroris,</strong></span> <span class='ocrx_word' id='word_1_324' title='bbox 809 2560 982 2614; x_wconf 71' lang='lat' dir='ltr'><strong>poena:</strong></span> <span class='ocrx_word' id='word_1_325' title='bbox 1022 2554 1295 2615; x_wconf 68' lang='lat' dir='ltr'><strong>perpetuae</strong></span> <span class='ocrx_word' id='word_1_326' title='bbox 1334 2547 1632 2617; x_wconf 90' lang='lat' dir='ltr'><strong>mancipari</strong></span> <span class='ocrx_word' id='word_1_327' title='bbox 1663 2565 1676 2601; x_wconf 92' lang='lat'>:</span> <span class='ocrx_word' id='word_1_328' title='bbox 1713 2548 1834 2605; x_wconf 86' lang='lat' dir='ltr'><strong>ideo</strong></span> 
     </span>
    </p>
   </div>
   <div class='ocr_carea' id='block_1_42' title="bbox 240 2635 1835 2709">
    <p class='ocr_par' dir='ltr' id='par_1_42' title="bbox 240 2635 1835 2709">
     <span class='ocr_line' id='line_1_42' title="bbox 240 2635 1835 2709; baseline 0.003 -19"><span class='ocrx_word' id='word_1_329' title='bbox 240 2635 443 2691; x_wconf 89' lang='lat' dir='ltr'><strong>addidit</strong></span> <span class='ocrx_word' id='word_1_330' title='bbox 467 2655 479 2690; x_wconf 90' lang='lat'><strong>:</strong></span> <span class='ocrx_word' id='word_1_331' title='bbox 510 2635 580 2691; x_wconf 88' lang='lat' dir='ltr'><strong>Ut</strong></span> <span class='ocrx_word' id='word_1_332' title='bbox 607 2653 670 2692; x_wconf 90' lang='lat' dir='ltr'><strong>ne</strong></span> <span class='ocrx_word' id='word_1_333' title='bbox 690 2638 746 2692; x_wconf 88' lang='lat' dir='ltr'><strong>in</strong></span> <span class='ocrx_word' id='word_1_334' title='bbox 769 2637 997 2709; x_wconf 90' lang='lat' dir='ltr'><strong>idipsum</strong></span> <span class='ocrx_word' id='word_1_335' title='bbox 1024 2638 1223 2693; x_wconf 85' lang='lat' dir='ltr'><strong>incidat</strong></span> <span class='ocrx_word' id='word_1_336' title='bbox 1249 2638 1632 2693; x_wconf 82' lang='lat' dir='ltr'><strong>incredulitatis</strong></span> <span class='ocrx_word' id='word_1_337' title='bbox 1661 2657 1835 2694; x_wconf 78' lang='lat' dir='ltr'><strong>exem-</strong></span> 
     </span>
    </p>
   </div>
   <div class='ocr_carea' id='block_1_43' title="bbox 239 2731 1834 2804">
    <p class='ocr_par' dir='ltr' id='par_1_43' title="bbox 239 2731 1834 2804">
     <span class='ocr_line' id='line_1_43' title="bbox 239 2731 1834 2804; baseline 0.003 -18"><span class='ocrx_word' id='word_1_338' title='bbox 239 2731 401 2804; x_wconf 87' lang='lat' dir='ltr'><strong>plum.</strong></span> <span class='ocrx_word' id='word_1_339' title='bbox 441 2732 641 2788; x_wconf 88' lang='lat' dir='ltr'><strong>Eorum</strong></span> <span class='ocrx_word' id='word_1_340' title='bbox 673 2734 894 2789; x_wconf 90' lang='lat' dir='ltr'><strong>interitu</strong></span> <span class='ocrx_word' id='word_1_341' title='bbox 933 2735 1024 2804; x_wconf 90' lang='lat' dir='ltr'><strong>qui</strong></span> <span class='ocrx_word' id='word_1_342' title='bbox 1060 2735 1341 2804; x_wconf 89' lang='lat' dir='ltr'><strong>perierunt</strong></span> <span class='ocrx_word' id='word_1_343' title='bbox 1377 2735 1431 2789; x_wconf 92' lang='lat' dir='ltr'><strong>in</strong></span> <span class='ocrx_word' id='word_1_344' title='bbox 1473 2736 1688 2791; x_wconf 90' lang='lat' dir='ltr'><strong>deserto</strong></span> <span class='ocrx_word' id='word_1_345' title='bbox 1724 2743 1834 2791; x_wconf 87' lang='lat' dir='ltr'><strong>ter-</strong></span> 
     </span>
    </p>
   </div>
   <div class='ocr_carea' id='block_1_44' title="bbox 236 2826 1830 2896">
    <p class='ocr_par' dir='ltr' id='par_1_44' title="bbox 236 2826 1830 2896">
     <span class='ocr_line' id='line_1_44' title="bbox 236 2826 1830 2896; baseline 0.001 -15"><span class='ocrx_word' id='word_1_346' title='bbox 236 2827 346 2881; x_wconf 84' lang='lat' dir='ltr'><strong>ruit</strong></span> <span class='ocrx_word' id='word_1_347' title='bbox 385 2827 693 2894; x_wconf 90' lang='lat' dir='ltr'><strong>audientes,</strong></span> <span class='ocrx_word' id='word_1_348' title='bbox 737 2841 806 2882; x_wconf 89' lang='lat' dir='ltr'><strong>ne</strong></span> <span class='ocrx_word' id='word_1_349' title='bbox 847 2827 901 2882; x_wconf 90' lang='lat' dir='ltr'><strong>in</strong></span> <span class='ocrx_word' id='word_1_350' title='bbox 951 2827 1164 2882; x_wconf 88' lang='lat' dir='ltr'><strong>illorum</strong></span> <span class='ocrx_word' id='word_1_351' title='bbox 1207 2826 1510 2883; x_wconf 89' lang='lat' dir='ltr'><strong>inciderent</strong></span> <span class='ocrx_word' id='word_1_352' title='bbox 1543 2827 1830 2896; x_wconf 90' lang='lat' dir='ltr'><strong>judicium,</strong></span> 
     </span>
    </p>
   </div>
   <div class='ocr_carea' id='block_1_45' title="bbox 236 2919 1833 2991">
    <p class='ocr_par' dir='ltr' id='par_1_45' title="bbox 236 2919 1833 2991">
     <span class='ocr_line' id='line_1_45' title="bbox 236 2919 1833 2991; baseline 0.003 -17"><span class='ocrx_word' id='word_1_353' title='bbox 236 2921 388 2990; x_wconf 91' lang='lat' dir='ltr'><strong>quasi</strong></span> <span class='ocrx_word' id='word_1_354' title='bbox 438 2920 663 2976; x_wconf 85' lang='lat' dir='ltr'><strong>dixisset</strong></span> <span class='ocrx_word' id='word_1_355' title='bbox 712 2937 728 2975; x_wconf 92' lang='lat'><strong>:</strong></span> <span class='ocrx_word' id='word_1_356' title='bbox 782 2919 1126 2976; x_wconf 89' lang='lat' dir='ltr'><strong>Sufﬁcienter</strong></span> <span class='ocrx_word' id='word_1_357' title='bbox 1166 2936 1233 2976; x_wconf 91' lang='lat' dir='ltr'><strong>ex</strong></span> <span class='ocrx_word' id='word_1_358' title='bbox 1272 2922 1588 2991; x_wconf 88' lang='lat' dir='ltr'><strong>parentibus</strong></span> <span class='ocrx_word' id='word_1_359' title='bbox 1633 2923 1833 2979; x_wconf 85' lang='lat' dir='ltr'><strong>nostris</strong></span> 
     </span>
    </p>
   </div>
   <div class='ocr_carea' id='block_1_46' title="bbox 236 3012 1832 3085">
    <p class='ocr_par' dir='ltr' id='par_1_46' title="bbox 236 3012 1832 3085">
     <span class='ocr_line' id='line_1_46' title="bbox 236 3012 1832 3085; baseline 0.001 -17"><span class='ocrx_word' id='word_1_360' title='bbox 236 3014 493 3070; x_wconf 89' lang='lat' dir='ltr'><strong>docemur</strong></span> <span class='ocrx_word' id='word_1_361' title='bbox 522 3029 592 3069; x_wconf 89' lang='lat' dir='ltr'><strong>ne</strong></span> <span class='ocrx_word' id='word_1_362' title='bbox 632 3015 688 3070; x_wconf 90' lang='lat' dir='ltr'><strong>in</strong></span> <span class='ocrx_word' id='word_1_363' title='bbox 730 3014 926 3070; x_wconf 89' lang='lat' dir='ltr'><strong>similia</strong></span> <span class='ocrx_word' id='word_1_364' title='bbox 969 3012 1300 3080; x_wconf 89' lang='lat' dir='ltr'><strong>incidamus;</strong></span> <span class='ocrx_word' id='word_1_365' title='bbox 1343 3029 1410 3070; x_wconf 91' lang='lat' dir='ltr'><strong>ne</strong></span> <span class='ocrx_word' id='word_1_366' title='bbox 1441 3015 1629 3070; x_wconf 87' lang='lat' dir='ltr'><strong>eadem</strong></span> <span class='ocrx_word' id='word_1_367' title='bbox 1657 3015 1832 3085; x_wconf 87' lang='lat' dir='ltr'><strong>patia-</strong></span> 
     </span>
    </p>
   </div>
   <div class='ocr_carea' id='block_1_47' title="bbox 234 3107 1832 3179">
    <p class='ocr_par' dir='ltr' id='par_1_47' title="bbox 234 3107 1832 3179">
     <span class='ocr_line' id='line_1_47' title="bbox 234 3107 1832 3179; baseline -0.001 -16"><span class='ocrx_word' id='word_1_368' title='bbox 234 3125 357 3163; x_wconf 87' lang='lat' dir='ltr'><strong>mur</strong></span> <span class='ocrx_word' id='word_1_369' title='bbox 382 3123 502 3179; x_wconf 68' lang='lat' dir='ltr'><strong>qua:</strong></span> <span class='ocrx_word' id='word_1_370' title='bbox 528 3107 602 3162; x_wconf 87' lang='lat' dir='ltr'><strong>illi</strong></span> <span class='ocrx_word' id='word_1_371' title='bbox 632 3108 779 3179; x_wconf 89' lang='lat' dir='ltr'><strong>passi</strong></span> <span class='ocrx_word' id='word_1_372' title='bbox 812 3116 971 3173; x_wconf 89' lang='lat' dir='ltr'><strong>sunt;</strong></span> <span class='ocrx_word' id='word_1_373' title='bbox 1011 3108 1115 3162; x_wconf 89' lang='lat' dir='ltr'><strong>hoc</strong></span> <span class='ocrx_word' id='word_1_374' title='bbox 1148 3115 1253 3172; x_wconf 90' lang='lat' dir='ltr'><strong>est,</strong></span> <span class='ocrx_word' id='word_1_375' title='bbox 1293 3107 1348 3162; x_wconf 92' lang='lat' dir='ltr'><strong>in</strong></span> <span class='ocrx_word' id='word_1_376' title='bbox 1384 3107 1618 3177; x_wconf 89' lang='lat' dir='ltr'><strong>idipsum</strong></span> <span class='ocrx_word' id='word_1_377' title='bbox 1647 3123 1832 3163; x_wconf 77' lang='lat' dir='ltr'><strong>exem-</strong></span> 
     </span>
    </p>
   </div>
   <div class='ocr_carea' id='block_1_48' title="bbox 234 3197 1828 3271">
    <p class='ocr_par' dir='ltr' id='par_1_48' title="bbox 234 3197 1828 3271">
     <span class='ocr_line' id='line_1_48' title="bbox 234 3197 1828 3271; baseline 0.002 -18"><span class='ocrx_word' id='word_1_378' title='bbox 234 3199 380 3271; x_wconf 84' lang='lat' dir='ltr'><strong>plum</strong></span> <span class='ocrx_word' id='word_1_379' title='bbox 427 3199 779 3255; x_wconf 88' lang='lat' dir='ltr'><strong>inﬁdelitatis.</strong></span> <span class='ocrx_word' id='word_1_380' title='bbox 825 3198 1028 3254; x_wconf 89' lang='lat' dir='ltr'><strong>Deinde</strong></span> <span class='ocrx_word' id='word_1_381' title='bbox 1069 3207 1129 3253; x_wconf 89' lang='lat' dir='ltr'><strong>ut</strong></span> <span class='ocrx_word' id='word_1_382' title='bbox 1174 3197 1431 3268; x_wconf 89' lang='lat' dir='ltr'><strong>majorem</strong></span> <span class='ocrx_word' id='word_1_383' title='bbox 1477 3202 1828 3270; x_wconf 89' lang='lat' dir='ltr'><strong>peccantibus</strong></span> 
     </span>
    </p>
   </div>
   <div class='ocr_carea' id='block_1_49' title="bbox 231 3289 1826 3363">
    <p class='ocr_par' dir='ltr' id='par_1_49' title="bbox 231 3289 1826 3363">
     <span class='ocr_line' id='line_1_49' title="bbox 231 3289 1826 3363; baseline 0.001 -18"><span class='ocrx_word' id='word_1_384' title='bbox 231 3292 500 3347; x_wconf 86' lang='lat' dir='ltr'><strong>incuteret</strong></span> <span class='ocrx_word' id='word_1_385' title='bbox 537 3289 900 3355; x_wconf 81' lang='lat' dir='ltr'><strong>formidinem,</strong></span> <span class='ocrx_word' id='word_1_386' title='bbox 941 3289 1216 3362; x_wconf 84' lang='lat' dir='ltr'><strong>subjungit</strong></span> <span class='ocrx_word' id='word_1_387' title='bbox 1247 3309 1259 3344; x_wconf 91' lang='lat'>:</span> <span class='ocrx_word' id='word_1_388' title='bbox 1296 3289 1483 3363; x_wconf 72' lang='lat' dir='ltr'><strong>(Vens.</strong></span> <span class='ocrx_word' id='word_1_389' title='bbox 1539 3292 1626 3363; x_wconf 69' lang='lat'><strong>12)</strong></span> <span class='ocrx_word' id='word_1_390' title='bbox 1668 3290 1826 3348; x_wconf 83' lang='lat' dir='ltr'><strong>Vivus</strong></span> 
     </span>
    </p>
   </div>
   <div class='ocr_carea' id='block_1_50' title="bbox 229 3382 1829 3454">
    <p class='ocr_par' dir='ltr' id='par_1_50' title="bbox 229 3382 1829 3454">
     <span class='ocr_line' id='line_1_50' title="bbox 229 3382 1829 3454; baseline -0.001 -15"><span class='ocrx_word' id='word_1_391' title='bbox 229 3393 306 3439; x_wconf 89' lang='lat' dir='ltr'><strong>est</strong></span> <span class='ocrx_word' id='word_1_392' title='bbox 330 3385 490 3450; x_wconf 87' lang='lat' dir='ltr'><strong>enim,</strong></span> <span class='ocrx_word' id='word_1_393' title='bbox 520 3383 720 3454; x_wconf 87' lang='lat' dir='ltr'><strong>inquit,</strong></span> <span class='ocrx_word' id='word_1_394' title='bbox 743 3382 840 3437; x_wconf 90' lang='lat' dir='ltr'><strong>Dei</strong></span> <span class='ocrx_word' id='word_1_395' title='bbox 866 3399 1054 3449; x_wconf 83' lang='lat' dir='ltr'><strong>sermo,</strong></span> <span class='ocrx_word' id='word_1_396' title='bbox 1078 3391 1128 3436; x_wconf 91' lang='lat' dir='ltr'><strong>et</strong></span> <span class='ocrx_word' id='word_1_397' title='bbox 1154 3383 1354 3454; x_wconf 76' lang='lat' dir='ltr'><strong>efﬁcax,</strong></span> <span class='ocrx_word' id='word_1_398' title='bbox 1383 3392 1432 3436; x_wconf 90' lang='lat' dir='ltr'><strong>et</strong></span> <span class='ocrx_word' id='word_1_399' title='bbox 1458 3383 1829 3454; x_wconf 87' lang='lat' dir='ltr'><strong>penetrabilior</strong></span> 
     </span>
    </p>
   </div>
   <div class='ocr_carea' id='block_1_51' title="bbox 229 3475 1827 3549">
    <p class='ocr_par' dir='ltr' id='par_1_51' title="bbox 229 3475 1827 3549">
     <span class='ocr_line' id='line_1_51' title="bbox 229 3475 1827 3549; baseline -0.002 -16"><span class='ocrx_word' id='word_1_400' title='bbox 229 3479 372 3534; x_wconf 90' lang='lat' dir='ltr'><strong>omni</strong></span> <span class='ocrx_word' id='word_1_401' title='bbox 404 3477 580 3549; x_wconf 90' lang='lat' dir='ltr'><strong>gladio</strong></span> <span class='ocrx_word' id='word_1_402' title='bbox 624 3477 859 3547; x_wconf 85' lang='lat' dir='ltr'><strong>ancipiti.</strong></span> <span class='ocrx_word' id='word_1_403' title='bbox 892 3475 993 3531; x_wconf 86' lang='lat' dir='ltr'><strong>Hic</strong></span> <span class='ocrx_word' id='word_1_404' title='bbox 1028 3476 1266 3531; x_wconf 87' lang='lat' dir='ltr'><strong>ostendit</strong></span> <span class='ocrx_word' id='word_1_405' title='bbox 1301 3475 1551 3531; x_wconf 91' lang='lat' dir='ltr'><strong>eumdem</strong></span> <span class='ocrx_word' id='word_1_406' title='bbox 1593 3491 1692 3530; x_wconf 90' lang='lat' dir='ltr'><strong>nos</strong></span> <span class='ocrx_word' id='word_1_407' title='bbox 1730 3476 1827 3530; x_wconf 89' lang='lat' dir='ltr'><strong>ha-</strong></span> 
     </span>
    </p>
   </div>
   <div class='ocr_carea' id='block_1_52' title="bbox 227 3567 1829 3644">
    <p class='ocr_par' dir='ltr' id='par_1_52' title="bbox 227 3567 1829 3644">
     <span class='ocr_line' id='line_1_52' title="bbox 227 3567 1829 3644; baseline -0.001 -18"><span class='ocrx_word' id='word_1_408' title='bbox 227 3573 359 3628; x_wconf 90' lang='lat' dir='ltr'><strong>bere</strong></span> <span class='ocrx_word' id='word_1_409' title='bbox 393 3571 651 3644; x_wconf 77' lang='lat' dir='ltr'><strong>iudicem,</strong></span> <span class='ocrx_word' id='word_1_410' title='bbox 701 3570 794 3640; x_wconf 90' lang='lat' dir='ltr'><strong>qui</strong></span> <span class='ocrx_word' id='word_1_411' title='bbox 842 3568 959 3624; x_wconf 90' lang='lat' dir='ltr'><strong>illos</strong></span> <span class='ocrx_word' id='word_1_412' title='bbox 1002 3577 1224 3639; x_wconf 88' lang='lat' dir='ltr'><strong>propter</strong></span> <span class='ocrx_word' id='word_1_413' title='bbox 1263 3567 1696 3624; x_wconf 87' lang='lat' dir='ltr'><strong>incredulitatem</strong></span> <span class='ocrx_word' id='word_1_414' title='bbox 1735 3583 1829 3625; x_wconf 87' lang='lat' dir='ltr'><strong>eo-</strong></span> 
     </span>
    </p>
   </div>
   <div class='ocr_carea' id='block_1_53' title="bbox 231 3657 1821 3727">
    <p class='ocr_par' dir='ltr' id='par_1_53' title="bbox 231 3657 1821 3727">
     <span class='ocr_line' id='line_1_53' title="bbox 231 3657 1821 3727; baseline -0.001 -11"><span class='ocrx_word' id='word_1_415' title='bbox 231 3678 353 3718; x_wconf 87' lang='lat' dir='ltr'><strong>rum</strong></span> <span class='ocrx_word' id='word_1_416' title='bbox 399 3661 702 3727; x_wconf 87' lang='lat' dir='ltr'><strong>damnavit;</strong></span> <span class='ocrx_word' id='word_1_417' title='bbox 750 3661 887 3715; x_wconf 86' lang='lat' dir='ltr'><strong>dixit</strong></span> <span class='ocrx_word' id='word_1_418' title='bbox 932 3660 1122 3715; x_wconf 90' lang='lat' dir='ltr'><strong>enim:</strong></span> <span class='ocrx_word' id='word_1_419' title='bbox 1166 3657 1322 3714; x_wconf 83' lang='lat' dir='ltr'><strong>Vivus</strong></span> <span class='ocrx_word' id='word_1_420' title='bbox 1366 3669 1441 3714; x_wconf 84' lang='lat' dir='ltr'><strong>est</strong></span> <span class='ocrx_word' id='word_1_421' title='bbox 1489 3677 1656 3715; x_wconf 87' lang='lat' dir='ltr'><strong>sermo</strong></span> <span class='ocrx_word' id='word_1_422' title='bbox 1701 3659 1821 3715; x_wconf 87' lang='lat' dir='ltr'><strong>Dei.</strong></span> 
     </span>
    </p>
   </div>
   <div class='ocr_carea' id='block_1_54' title="bbox 230 3752 1828 3823">
    <p class='ocr_par' dir='ltr' id='par_1_54' title="bbox 230 3752 1828 3823">
     <span class='ocr_line' id='line_1_54' title="bbox 230 3752 1828 3823; baseline 0.001 -14"><span class='ocrx_word' id='word_1_423' title='bbox 230 3754 427 3810; x_wconf 88' lang='lat' dir='ltr'><strong>Sermo</strong></span> <span class='ocrx_word' id='word_1_424' title='bbox 468 3753 602 3820; x_wconf 89' lang='lat' dir='ltr'><strong>Dei,</strong></span> <span class='ocrx_word' id='word_1_425' title='bbox 642 3752 812 3810; x_wconf 87' lang='lat' dir='ltr'><strong>Filius</strong></span> <span class='ocrx_word' id='word_1_426' title='bbox 850 3761 936 3809; x_wconf 86' lang='lat' dir='ltr'><strong>est</strong></span> <span class='ocrx_word' id='word_1_427' title='bbox 975 3753 1106 3818; x_wconf 87' lang='lat' dir='ltr'><strong>Dei,</strong></span> <span class='ocrx_word' id='word_1_428' title='bbox 1147 3753 1241 3823; x_wconf 91' lang='lat' dir='ltr'><strong>qui</strong></span> <span class='ocrx_word' id='word_1_429' title='bbox 1279 3753 1345 3809; x_wconf 90' lang='lat' dir='ltr'><strong>de</strong></span> <span class='ocrx_word' id='word_1_430' title='bbox 1386 3753 1563 3823; x_wconf 90' lang='lat' dir='ltr'><strong>seipso</strong></span> <span class='ocrx_word' id='word_1_431' title='bbox 1592 3754 1669 3808; x_wconf 91' lang='lat' dir='ltr'><strong>ait</strong></span> <span class='ocrx_word' id='word_1_432' title='bbox 1706 3772 1719 3807; x_wconf 92' lang='lat'><strong>:</strong></span> <span class='ocrx_word' id='word_1_433' title='bbox 1762 3753 1828 3810; x_wconf 88' lang='lat' dir='ltr'><strong>Si</strong></span> 
     </span>
    </p>
   </div>
   <div class='ocr_carea' id='block_1_55' title="bbox 227 3847 1824 3920">
    <p class='ocr_par' dir='ltr' id='par_1_55' title="bbox 227 3847 1824 3920">
     <span class='ocr_line' id='line_1_55' title="bbox 227 3847 1824 3920; baseline 0 -19"><span class='ocrx_word' id='word_1_434' title='bbox 227 3847 346 3920; x_wconf 86' lang='lat' dir='ltr'><strong>quis</strong></span> <span class='ocrx_word' id='word_1_435' title='bbox 375 3863 664 3902; x_wconf 89' lang='lat' dir='ltr'><strong>sermonem</strong></span> <span class='ocrx_word' id='word_1_436' title='bbox 700 3863 872 3902; x_wconf 87' lang='lat' dir='ltr'><strong>meum</strong></span> <span class='ocrx_word' id='word_1_437' title='bbox 899 3847 1198 3910; x_wconf 89' lang='lat' dir='ltr'><strong>servaverit,</strong></span> <span class='ocrx_word' id='word_1_438' title='bbox 1238 3856 1457 3901; x_wconf 90' lang='lat' dir='ltr'><strong>mortem</strong></span> <span class='ocrx_word' id='word_1_439' title='bbox 1493 3864 1594 3901; x_wconf 90' lang='lat' dir='ltr'><strong>non</strong></span> <span class='ocrx_word' id='word_1_440' title='bbox 1635 3847 1824 3902; x_wconf 86' lang='lat' dir='ltr'><strong>videbit</strong></span> 
     </span>
    </p>
   </div>
   <div class='ocr_carea' id='block_1_56' title="bbox 224 3936 1827 4009">
    <p class='ocr_par' dir='ltr' id='par_1_56' title="bbox 224 3936 1827 4009">
     <span class='ocr_line' id='line_1_56' title="bbox 224 3936 1827 4009; baseline 0.001 -17"><span class='ocrx_word' id='word_1_441' title='bbox 224 3939 285 3992; x_wconf 89' lang='lat' dir='ltr'><strong>in</strong></span> <span class='ocrx_word' id='word_1_442' title='bbox 313 3947 566 3993; x_wconf 69' lang='lat' dir='ltr'><strong>veternum</strong></span> <span class='ocrx_word' id='word_1_443' title='bbox 594 3936 777 4009; x_wconf 79' lang='lat' dir='ltr'><strong>(Joan.</strong></span> <span class='ocrx_word' id='word_1_444' title='bbox 807 3954 925 4002; x_wconf 82' lang='lat' dir='ltr'><strong>vni,</strong></span> <span class='ocrx_word' id='word_1_445' title='bbox 965 3937 1076 4008; x_wconf 81' lang='lat'><strong>5|).</strong></span> <span class='ocrx_word' id='word_1_446' title='bbox 1121 3937 1275 3992; x_wconf 87' lang='lat' dir='ltr'><strong>Sicut</strong></span> <span class='ocrx_word' id='word_1_447' title='bbox 1317 3938 1414 4003; x_wconf 86' lang='lat' dir='ltr'><strong>illi,</strong></span> <span class='ocrx_word' id='word_1_448' title='bbox 1459 3940 1503 3992; x_wconf 88' lang='lat' dir='ltr'><strong>si</strong></span> <span class='ocrx_word' id='word_1_449' title='bbox 1543 3948 1827 3994; x_wconf 88' lang='lat' dir='ltr'><strong>servarent</strong></span> 
     </span>
    </p>
   </div>
   <div class='ocr_carea' id='block_1_57' title="bbox 225 4028 1823 4100">
    <p class='ocr_par' dir='ltr' id='par_1_57' title="bbox 225 4028 1823 4100">
     <span class='ocr_line' id='line_1_57' title="bbox 225 4028 1823 4100; baseline 0.001 -15"><span class='ocrx_word' id='word_1_450' title='bbox 225 4035 537 4086; x_wconf 73' lang='lat' dir='ltr'><strong>sermonem</strong></span> <span class='ocrx_word' id='word_1_451' title='bbox 568 4028 686 4094; x_wconf 91' lang='lat' dir='ltr'><strong>Dei,</strong></span> <span class='ocrx_word' id='word_1_452' title='bbox 711 4029 954 4084; x_wconf 82' lang='lat' dir='ltr'><strong>viverent</strong></span> <span class='ocrx_word' id='word_1_453' title='bbox 987 4039 1295 4099; x_wconf 84' lang='lat' dir='ltr'><strong>terramque</strong></span> <span class='ocrx_word' id='word_1_454' title='bbox 1334 4033 1710 4100; x_wconf 91' lang='lat' dir='ltr'><strong>promissionis</strong></span> <span class='ocrx_word' id='word_1_455' title='bbox 1737 4033 1823 4086; x_wconf 92' lang='lat' dir='ltr'><strong>in-</strong></span> 
     </span>
    </p>
   </div>
   <div class='ocr_carea' id='block_1_58' title="bbox 230 4121 1824 4195">
    <p class='ocr_par' dir='ltr' id='par_1_58' title="bbox 230 4121 1824 4195">
     <span class='ocr_line' id='line_1_58' title="bbox 230 4121 1824 4195; baseline 0.003 -19"><span class='ocrx_word' id='word_1_456' title='bbox 230 4130 458 4188; x_wconf 90' lang='lat' dir='ltr'><strong>trarent,</strong></span> <span class='ocrx_word' id='word_1_457' title='bbox 487 4121 566 4176; x_wconf 91' lang='lat' dir='ltr'><strong>sic</strong></span> <span class='ocrx_word' id='word_1_458' title='bbox 592 4127 648 4176; x_wconf 92' lang='lat' dir='ltr'><strong>et</strong></span> <span class='ocrx_word' id='word_1_459' title='bbox 681 4135 802 4186; x_wconf 92' lang='lat' dir='ltr'><strong>nos,</strong></span> <span class='ocrx_word' id='word_1_460' title='bbox 833 4121 878 4174; x_wconf 91' lang='lat' dir='ltr'><strong>si</strong></span> <span class='ocrx_word' id='word_1_461' title='bbox 913 4122 1308 4177; x_wconf 87' lang='lat' dir='ltr'><strong>servaverimus</strong></span> <span class='ocrx_word' id='word_1_462' title='bbox 1345 4137 1647 4178; x_wconf 87' lang='lat' dir='ltr'><strong>sermonem</strong></span> <span class='ocrx_word' id='word_1_463' title='bbox 1683 4125 1824 4195; x_wconf 92' lang='lat' dir='ltr'><strong>ejus,</strong></span> 
     </span>
    </p>
   </div>
   <div class='ocr_carea' id='block_1_59' title="bbox 225 4215 1824 4286">
    <p class='ocr_par' dir='ltr' id='par_1_59' title="bbox 225 4215 1824 4286">
     <span class='ocr_line' id='line_1_59' title="bbox 225 4215 1824 4286; baseline 0.001 -14"><span class='ocrx_word' id='word_1_464' title='bbox 225 4218 506 4284; x_wconf 83' lang='lat' dir='ltr'><strong>vivemus,</strong></span> <span class='ocrx_word' id='word_1_465' title='bbox 547 4215 896 4286; x_wconf 90' lang='lat' dir='ltr'><strong>requiemque</strong></span> <span class='ocrx_word' id='word_1_466' title='bbox 945 4215 1218 4271; x_wconf 80' lang='lat' dir='ltr'><strong>caelestem</strong></span> <span class='ocrx_word' id='word_1_467' title='bbox 1266 4216 1607 4272; x_wconf 89' lang='lat' dir='ltr'><strong>intrabimus.</strong></span> <span class='ocrx_word' id='word_1_468' title='bbox 1664 4217 1824 4274; x_wconf 85' lang='lat' dir='ltr'><strong>Vivus</strong></span> 
     </span>
    </p>
   </div>
   <div class='ocr_carea' id='block_1_60' title="bbox 227 4306 1825 4379">
    <p class='ocr_par' dir='ltr' id='par_1_60' title="bbox 227 4306 1825 4379">
     <span class='ocr_line' id='line_1_60' title="bbox 227 4306 1825 4379; baseline 0.001 -15"><span class='ocrx_word' id='word_1_469' title='bbox 227 4317 307 4364; x_wconf 86' lang='lat' dir='ltr'><strong>est</strong></span> <span class='ocrx_word' id='word_1_470' title='bbox 343 4310 480 4363; x_wconf 89' lang='lat' dir='ltr'><strong>enim</strong></span> <span class='ocrx_word' id='word_1_471' title='bbox 516 4306 614 4362; x_wconf 88' lang='lat' dir='ltr'><strong>Dei</strong></span> <span class='ocrx_word' id='word_1_472' title='bbox 650 4323 842 4373; x_wconf 89' lang='lat' dir='ltr'><strong>sermo,</strong></span> <span class='ocrx_word' id='word_1_473' title='bbox 877 4316 924 4361; x_wconf 90' lang='lat' dir='ltr'><strong>et</strong></span> <span class='ocrx_word' id='word_1_474' title='bbox 961 4309 1161 4378; x_wconf 74' lang='lat' dir='ltr'><strong>e/ﬁcax,</strong></span> <span class='ocrx_word' id='word_1_475' title='bbox 1202 4317 1252 4362; x_wconf 87' lang='lat' dir='ltr'><strong>et</strong></span> <span class='ocrx_word' id='word_1_476' title='bbox 1287 4309 1657 4379; x_wconf 89' lang='lat' dir='ltr'><strong>penetrabilior</strong></span> <span class='ocrx_word' id='word_1_477' title='bbox 1682 4312 1825 4366; x_wconf 89' lang='lat' dir='ltr'><strong>omni</strong></span> 
     </span>
    </p>
   </div>
   <div class='ocr_carea' id='block_1_61' title="bbox 227 4398 1823 4475">
    <p class='ocr_par' dir='ltr' id='par_1_61' title="bbox 227 4398 1823 4475">
     <span class='ocr_line' id='line_1_61' title="bbox 227 4398 1823 4475; baseline 0.004 -21"><span class='ocrx_word' id='word_1_478' title='bbox 227 4400 408 4472; x_wconf 87' lang='lat' dir='ltr'><strong>gladio</strong></span> <span class='ocrx_word' id='word_1_479' title='bbox 438 4399 675 4470; x_wconf 86' lang='lat' dir='ltr'><strong>ancipiti.</strong></span> <span class='ocrx_word' id='word_1_480' title='bbox 704 4398 924 4455; x_wconf 89' lang='lat' dir='ltr'><strong>Gladius</strong></span> <span class='ocrx_word' id='word_1_481' title='bbox 948 4399 1094 4454; x_wconf 90' lang='lat' dir='ltr'><strong>enim</strong></span> <span class='ocrx_word' id='word_1_482' title='bbox 1131 4415 1330 4472; x_wconf 89' lang='lat' dir='ltr'><strong>anceps</strong></span> <span class='ocrx_word' id='word_1_483' title='bbox 1363 4410 1542 4475; x_wconf 88' lang='lat' dir='ltr'><strong>potest</strong></span> <span class='ocrx_word' id='word_1_484' title='bbox 1579 4404 1823 4460; x_wconf 87' lang='lat' dir='ltr'><strong>membra</strong></span> 
     </span>
    </p>
   </div>
   <div class='ocr_carea' id='block_1_62' title="bbox 228 4495 1821 4565">
    <p class='ocr_par' dir='ltr' id='par_1_62' title="bbox 228 4495 1821 4565">
     <span class='ocr_line' id='line_1_62' title="bbox 228 4495 1821 4565; baseline 0.003 -15"><span class='ocrx_word' id='word_1_485' title='bbox 228 4495 474 4550; x_wconf 87' lang='lat' dir='ltr'><strong>dividere</strong></span> <span class='ocrx_word' id='word_1_486' title='bbox 501 4509 532 4548; x_wconf 89' lang='lat' dir='ltr'><strong>a</strong></span> <span class='ocrx_word' id='word_1_487' title='bbox 557 4508 805 4565; x_wconf 88' lang='lat' dir='ltr'><strong>corpore,</strong></span> <span class='ocrx_word' id='word_1_488' title='bbox 834 4501 892 4550; x_wconf 88' lang='lat' dir='ltr'><strong>et</strong></span> <span class='ocrx_word' id='word_1_489' title='bbox 914 4501 1199 4564; x_wconf 88' lang='lat' dir='ltr'><strong>penetrare</strong></span> <span class='ocrx_word' id='word_1_490' title='bbox 1235 4504 1442 4552; x_wconf 88' lang='lat' dir='ltr'><strong>secreta</strong></span> <span class='ocrx_word' id='word_1_491' title='bbox 1481 4505 1536 4553; x_wconf 91' lang='lat' dir='ltr'><strong>et</strong></span> <span class='ocrx_word' id='word_1_492' title='bbox 1571 4505 1821 4555; x_wconf 87' lang='lat' dir='ltr'><strong>naturam</strong></span> 
     </span>
    </p>
   </div>
   <div class='ocr_carea' id='block_1_63' title="bbox 227 4590 1820 4662">
    <p class='ocr_par' dir='ltr' id='par_1_63' title="bbox 227 4590 1820 4662">
     <span class='ocr_line' id='line_1_63' title="bbox 227 4590 1820 4662; baseline -0.003 -14"><span class='ocrx_word' id='word_1_493' title='bbox 227 4591 434 4648; x_wconf 90' lang='lat' dir='ltr'><strong>carnis.</strong></span> <span class='ocrx_word' id='word_1_494' title='bbox 482 4590 589 4646; x_wconf 92' lang='lat' dir='ltr'><strong>Sed</strong></span> <span class='ocrx_word' id='word_1_495' title='bbox 629 4606 694 4647; x_wconf 92' lang='lat' dir='ltr'><strong>eo</strong></span> <span class='ocrx_word' id='word_1_496' title='bbox 733 4591 904 4647; x_wconf 90' lang='lat' dir='ltr'><strong>multo</strong></span> <span class='ocrx_word' id='word_1_497' title='bbox 943 4590 1331 4662; x_wconf 88' lang='lat' dir='ltr'><strong>penetrabilior</strong></span> <span class='ocrx_word' id='word_1_498' title='bbox 1367 4599 1450 4645; x_wconf 90' lang='lat' dir='ltr'><strong>est</strong></span> <span class='ocrx_word' id='word_1_499' title='bbox 1494 4605 1673 4645; x_wconf 91' lang='lat' dir='ltr'><strong>sermo</strong></span> <span class='ocrx_word' id='word_1_500' title='bbox 1701 4590 1820 4656; x_wconf 89' lang='lat' dir='ltr'><strong>Dei,</strong></span> 
     </span>
    </p>
   </div>
   <div class='ocr_carea' id='block_1_64' title="bbox 226 4684 1823 4757">
    <p class='ocr_par' dir='ltr' id='par_1_64' title="bbox 226 4684 1823 4757">
     <span class='ocr_line' id='line_1_64' title="bbox 226 4684 1823 4757; baseline -0.001 -18"><span class='ocrx_word' id='word_1_501' title='bbox 226 4684 548 4757; x_wconf 83' lang='lat' dir='ltr'><strong>pertingens,</strong></span> <span class='ocrx_word' id='word_1_502' title='bbox 577 4692 638 4740; x_wconf 86' lang='lat' dir='ltr'><strong>ut</strong></span> <span class='ocrx_word' id='word_1_503' title='bbox 667 4684 742 4739; x_wconf 85' lang='lat' dir='ltr'><strong>ait</strong></span> <span class='ocrx_word' id='word_1_504' title='bbox 775 4685 992 4751; x_wconf 88' lang='lat' dir='ltr'><strong>Paulus,</strong></span> <span class='ocrx_word' id='word_1_505' title='bbox 1019 4701 1182 4756; x_wconf 87' lang='lat' dir='ltr'><strong>usque</strong></span> <span class='ocrx_word' id='word_1_506' title='bbox 1210 4684 1279 4739; x_wconf 88' lang='lat' dir='ltr'><strong>ad</strong></span> <span class='ocrx_word' id='word_1_507' title='bbox 1300 4684 1605 4738; x_wconf 88' lang='lat' dir='ltr'><strong>divisionem</strong></span> <span class='ocrx_word' id='word_1_508' title='bbox 1631 4684 1823 4738; x_wconf 68' lang='lat' dir='ltr'><strong>animm</strong></span> 
     </span>
    </p>
   </div>
   <div class='ocr_carea' id='block_1_65' title="bbox 228 4773 1823 4847">
    <p class='ocr_par' dir='ltr' id='par_1_65' title="bbox 228 4773 1823 4847">
     <span class='ocr_line' id='line_1_65' title="bbox 228 4773 1823 4847; baseline -0.001 -18"><span class='ocrx_word' id='word_1_509' title='bbox 228 4792 294 4829; x_wconf 90' lang='lat' dir='ltr'><strong>ac</strong></span> <span class='ocrx_word' id='word_1_510' title='bbox 350 4775 596 4845; x_wconf 84' lang='lat' dir='ltr'><strong>spiritus,</strong></span> <span class='ocrx_word' id='word_1_511' title='bbox 645 4791 950 4846; x_wconf 90' lang='lat' dir='ltr'><strong>compagum</strong></span> <span class='ocrx_word' id='word_1_512' title='bbox 999 4775 1184 4847; x_wconf 84' lang='lat' dir='ltr'><strong>quippe</strong></span> <span class='ocrx_word' id='word_1_513' title='bbox 1233 4783 1282 4830; x_wconf 90' lang='lat' dir='ltr'><strong>et</strong></span> <span class='ocrx_word' id='word_1_514' title='bbox 1333 4773 1718 4838; x_wconf 84' lang='lat' dir='ltr'><strong>medullarum;</strong></span> <span class='ocrx_word' id='word_1_515' title='bbox 1773 4782 1823 4828; x_wconf 89' lang='lat' dir='ltr'><strong>et</strong></span> 
     </span>
    </p>
   </div>
   <div class='ocr_carea' id='block_1_66' title="bbox 227 4867 1818 4938">
    <p class='ocr_par' dir='ltr' id='par_1_66' title="bbox 227 4867 1818 4938">
     <span class='ocr_line' id='line_1_66' title="bbox 227 4867 1818 4938; baseline 0.001 -17"><span class='ocrx_word' id='word_1_516' title='bbox 227 4867 487 4921; x_wconf 89' lang='lat' dir='ltr'><strong>discretor</strong></span> <span class='ocrx_word' id='word_1_517' title='bbox 513 4875 585 4921; x_wconf 85' lang='lat' dir='ltr'><strong>est</strong></span> <span class='ocrx_word' id='word_1_518' title='bbox 610 4868 984 4938; x_wconf 82' lang='lat' dir='ltr'><strong>cogitationum</strong></span> <span class='ocrx_word' id='word_1_519' title='bbox 1006 4867 1164 4922; x_wconf 90' lang='lat' dir='ltr'><strong>etiam</strong></span> <span class='ocrx_word' id='word_1_520' title='bbox 1187 4875 1234 4922; x_wconf 89' lang='lat' dir='ltr'><strong>et</strong></span> <span class='ocrx_word' id='word_1_521' title='bbox 1260 4868 1603 4921; x_wconf 88' lang='lat' dir='ltr'><strong>intentionum</strong></span> <span class='ocrx_word' id='word_1_522' title='bbox 1625 4867 1818 4922; x_wconf 88' lang='lat' dir='ltr'><strong>cordis.</strong></span> 
     </span>
    </p>
   </div>
   <div class='ocr_carea' id='block_1_67' title="bbox 225 4958 1822 5030">
    <p class='ocr_par' dir='ltr' id='par_1_67' title="bbox 225 4958 1822 5030">
     <span class='ocr_line' id='line_1_67' title="bbox 225 4958 1822 5030; baseline -0.001 -15"><span class='ocrx_word' id='word_1_523' title='bbox 225 4959 426 5015; x_wconf 87' lang='lat' dir='ltr'><strong>Anima</strong></span> <span class='ocrx_word' id='word_1_524' title='bbox 453 4959 705 5024; x_wconf 89' lang='lat' dir='ltr'><strong>vivimus,</strong></span> <span class='ocrx_word' id='word_1_525' title='bbox 737 4959 925 5029; x_wconf 88' lang='lat' dir='ltr'><strong>spiritu</strong></span> <span class='ocrx_word' id='word_1_526' title='bbox 962 4958 1342 5030; x_wconf 90' lang='lat' dir='ltr'><strong>intelligimus;</strong></span> <span class='ocrx_word' id='word_1_527' title='bbox 1373 4960 1480 5014; x_wconf 91' lang='lat' dir='ltr'><strong>vita</strong></span> <span class='ocrx_word' id='word_1_528' title='bbox 1517 4959 1673 5014; x_wconf 90' lang='lat' dir='ltr'><strong>nobis</strong></span> <span class='ocrx_word' id='word_1_529' title='bbox 1701 4975 1822 5014; x_wconf 90' lang='lat' dir='ltr'><strong>car-</strong></span> 
     </span>
    </p>
   </div>
   <div class='ocr_carea' id='block_1_68' title="bbox 226 5048 1823 5120">
    <p class='ocr_par' dir='ltr' id='par_1_68' title="bbox 226 5048 1823 5120">
     <span class='ocr_line' id='line_1_68' title="bbox 226 5048 1823 5120; baseline 0 -15"><span class='ocrx_word' id='word_1_530' title='bbox 226 5049 373 5106; x_wconf 88' lang='lat' dir='ltr'><strong>nalis</strong></span> <span class='ocrx_word' id='word_1_531' title='bbox 398 5064 522 5104; x_wconf 88' lang='lat' dir='ltr'><strong>cum</strong></span> <span class='ocrx_word' id='word_1_532' title='bbox 545 5048 734 5104; x_wconf 90' lang='lat' dir='ltr'><strong>bestiis</strong></span> <span class='ocrx_word' id='word_1_533' title='bbox 760 5049 1060 5104; x_wconf 91' lang='lat' dir='ltr'><strong>communis</strong></span> <span class='ocrx_word' id='word_1_534' title='bbox 1083 5061 1194 5116; x_wconf 87' lang='lat' dir='ltr'><strong>est;</strong></span> <span class='ocrx_word' id='word_1_535' title='bbox 1238 5050 1400 5120; x_wconf 76' lang='grc'><strong>677</strong></span> <span class='ocrx_word' id='word_1_536' title='bbox 1442 5050 1579 5104; x_wconf 89' lang='lat' dir='ltr'><strong>ratio</strong></span> <span class='ocrx_word' id='word_1_537' title='bbox 1605 5051 1823 5119; x_wconf 89' lang='lat' dir='ltr'><strong>spirita-</strong></span> 
     </span>
    </p>
   </div>
   <div class='ocr_carea' id='block_1_69' title="bbox 227 5138 1822 5210">
    <p class='ocr_par' dir='ltr' id='par_1_69' title="bbox 227 5138 1822 5210">
     <span class='ocr_line' id='line_1_69' title="bbox 227 5138 1822 5210; baseline 0.004 -18"><span class='ocrx_word' id='word_1_538' title='bbox 227 5139 298 5194; x_wconf 91' lang='lat' dir='ltr'><strong>lis</strong></span> <span class='ocrx_word' id='word_1_539' title='bbox 342 5154 468 5194; x_wconf 92' lang='lat' dir='ltr'><strong>cum</strong></span> <span class='ocrx_word' id='word_1_540' title='bbox 509 5139 733 5210; x_wconf 89' lang='lat' dir='ltr'><strong>angelis.</strong></span> <span class='ocrx_word' id='word_1_541' title='bbox 779 5139 912 5193; x_wconf 91' lang='lat' dir='ltr'><strong>Tam</strong></span> <span class='ocrx_word' id='word_1_542' title='bbox 958 5138 1150 5194; x_wconf 89' lang='lat' dir='ltr'><strong>efﬁcax</strong></span> <span class='ocrx_word' id='word_1_543' title='bbox 1192 5147 1274 5194; x_wconf 92' lang='lat' dir='ltr'><strong>est</strong></span> <span class='ocrx_word' id='word_1_544' title='bbox 1309 5139 1572 5208; x_wconf 89' lang='lat' dir='ltr'><strong>judicium</strong></span> <span class='ocrx_word' id='word_1_545' title='bbox 1604 5142 1717 5207; x_wconf 88' lang='lat' dir='ltr'><strong>Dei,</strong></span> <span class='ocrx_word' id='word_1_546' title='bbox 1761 5151 1822 5198; x_wconf 92' lang='lat' dir='ltr'><strong>ut</strong></span> 
     </span>
    </p>
   </div>
   <div class='ocr_carea' id='block_1_70' title="bbox 225 5231 1822 5303">
    <p class='ocr_par' dir='ltr' id='par_1_70' title="bbox 225 5231 1822 5303">
     <span class='ocr_line' id='line_1_70' title="bbox 225 5231 1822 5303; baseline 0.003 -17"><span class='ocrx_word' id='word_1_547' title='bbox 225 5231 507 5298; x_wconf 86' lang='lat' dir='ltr'><strong>discernat</strong></span> <span class='ocrx_word' id='word_1_548' title='bbox 550 5231 692 5286; x_wconf 87' lang='lat' dir='ltr'><strong>inter</strong></span> <span class='ocrx_word' id='word_1_549' title='bbox 730 5231 970 5286; x_wconf 88' lang='lat' dir='ltr'><strong>carnalia</strong></span> <span class='ocrx_word' id='word_1_550' title='bbox 1013 5238 1234 5300; x_wconf 89' lang='lat' dir='ltr'><strong>peccata</strong></span> <span class='ocrx_word' id='word_1_551' title='bbox 1273 5238 1329 5284; x_wconf 92' lang='lat' dir='ltr'><strong>et</strong></span> <span class='ocrx_word' id='word_1_552' title='bbox 1372 5231 1655 5302; x_wconf 87' lang='lat' dir='ltr'><strong>spiritalia,</strong></span> <span class='ocrx_word' id='word_1_553' title='bbox 1698 5234 1822 5303; x_wconf 91' lang='lat' dir='ltr'><strong>quis</strong></span> 
     </span>
    </p>
   </div>
   <div class='ocr_carea' id='block_1_71' title="bbox 224 5322 1819 5396">
    <p class='ocr_par' dir='ltr' id='par_1_71' title="bbox 224 5322 1819 5396">
     <span class='ocr_line' id='line_1_71' title="bbox 224 5322 1819 5396; baseline 0.002 -18"><span class='ocrx_word' id='word_1_554' title='bbox 224 5323 366 5396; x_wconf 81' lang='lat' dir='ltr'><strong>quid</strong></span> <span class='ocrx_word' id='word_1_555' title='bbox 393 5324 593 5395; x_wconf 90' lang='lat' dir='ltr'><strong>cogitat</strong></span> <span class='ocrx_word' id='word_1_556' title='bbox 618 5323 815 5387; x_wconf 90' lang='lat' dir='ltr'><strong>animo,</strong></span> <span class='ocrx_word' id='word_1_557' title='bbox 845 5323 932 5378; x_wconf 88' lang='lat' dir='ltr'><strong>vel</strong></span> <span class='ocrx_word' id='word_1_558' title='bbox 957 5337 1064 5393; x_wconf 87' lang='lat' dir='ltr'><strong>quo</strong></span> <span class='ocrx_word' id='word_1_559' title='bbox 1099 5322 1365 5378; x_wconf 90' lang='lat' dir='ltr'><strong>desiderio</strong></span> <span class='ocrx_word' id='word_1_560' title='bbox 1400 5322 1510 5378; x_wconf 90' lang='lat' dir='ltr'><strong>Deo</strong></span> <span class='ocrx_word' id='word_1_561' title='bbox 1539 5325 1739 5378; x_wconf 90' lang='lat' dir='ltr'><strong>serviat</strong></span> <span class='ocrx_word' id='word_1_562' title='bbox 1764 5326 1819 5382; x_wconf 90' lang='lat' dir='ltr'><strong>in</strong></span> 
     </span>
    </p>
   </div>
   <div class='ocr_carea' id='block_1_72' title="bbox 222 5415 1818 5489">
    <p class='ocr_par' dir='ltr' id='par_1_72' title="bbox 222 5415 1818 5489">
     <span class='ocr_line' id='line_1_72' title="bbox 222 5415 1818 5489; baseline 0.001 -15"><span class='ocrx_word' id='word_1_563' title='bbox 222 5417 417 5474; x_wconf 88' lang='lat' dir='ltr'><strong>corde.</strong></span> <span class='ocrx_word' id='word_1_564' title='bbox 447 5417 581 5473; x_wconf 91' lang='lat' dir='ltr'><strong>Tam</strong></span> <span class='ocrx_word' id='word_1_565' title='bbox 621 5417 970 5489; x_wconf 90' lang='lat' dir='ltr'><strong>penetrabilis</strong></span> <span class='ocrx_word' id='word_1_566' title='bbox 998 5424 1080 5472; x_wconf 92' lang='lat' dir='ltr'><strong>est</strong></span> <span class='ocrx_word' id='word_1_567' title='bbox 1103 5415 1219 5486; x_wconf 90' lang='lat' dir='ltr'><strong>ejus</strong></span> <span class='ocrx_word' id='word_1_568' title='bbox 1245 5417 1489 5484; x_wconf 89' lang='lat' dir='ltr'><strong>intuitus,</strong></span> <span class='ocrx_word' id='word_1_569' title='bbox 1534 5425 1595 5472; x_wconf 91' lang='lat' dir='ltr'><strong>ut</strong></span> <span class='ocrx_word' id='word_1_570' title='bbox 1637 5420 1818 5475; x_wconf 92' lang='lat' dir='ltr'><strong>omnia</strong></span> 
     </span>
    </p>
   </div>
   <div class='ocr_carea' id='block_1_73' title="bbox 225 5508 1824 5583">
    <p class='ocr_par' dir='ltr' id='par_1_73' title="bbox 225 5508 1824 5583">
     <span class='ocr_line' id='line_1_73' title="bbox 225 5508 1824 5583; baseline 0 -15"><span class='ocrx_word' id='word_1_571' title='bbox 225 5519 422 5568; x_wconf 87' lang='lat' dir='ltr'><strong>nostra</strong></span> <span class='ocrx_word' id='word_1_572' title='bbox 451 5525 570 5580; x_wconf 69' lang='lat' dir='ltr'><strong>qua:</strong></span> <span class='ocrx_word' id='word_1_573' title='bbox 609 5511 820 5583; x_wconf 89' lang='lat' dir='ltr'><strong>agimus</strong></span> <span class='ocrx_word' id='word_1_574' title='bbox 847 5508 933 5564; x_wconf 89' lang='lat' dir='ltr'><strong>vel</strong></span> <span class='ocrx_word' id='word_1_575' title='bbox 961 5509 1283 5581; x_wconf 90' lang='lat' dir='ltr'><strong>cogitamus,</strong></span> <span class='ocrx_word' id='word_1_576' title='bbox 1324 5510 1526 5565; x_wconf 84' lang='lat' dir='ltr'><strong>certius</strong></span> <span class='ocrx_word' id='word_1_577' title='bbox 1565 5519 1824 5581; x_wconf 90' lang='lat' dir='ltr'><strong>agnoscat</strong></span> 
     </span>
    </p>
   </div>
   <div class='ocr_carea' id='block_1_74' title="bbox 223 5601 1822 5674">
    <p class='ocr_par' dir='ltr' id='par_1_74' title="bbox 223 5601 1822 5674">
     <span class='ocr_line' id='line_1_74' title="bbox 223 5601 1822 5674; baseline 0.003 -18"><span class='ocrx_word' id='word_1_578' title='bbox 223 5617 401 5674; x_wconf 88' lang='lat' dir='ltr'><strong>quam</strong></span> <span class='ocrx_word' id='word_1_579' title='bbox 439 5601 775 5674; x_wconf 88' lang='lat' dir='ltr'><strong>nosmetipsi.</strong></span> <span class='ocrx_word' id='word_1_580' title='bbox 822 5601 974 5657; x_wconf 90' lang='lat' dir='ltr'><strong>Illum</strong></span> <span class='ocrx_word' id='word_1_581' title='bbox 1021 5615 1236 5672; x_wconf 89' lang='lat' dir='ltr'><strong>semper</strong></span> <span class='ocrx_word' id='word_1_582' title='bbox 1279 5603 1540 5660; x_wconf 87' lang='lat' dir='ltr'><strong>habemus</strong></span> <span class='ocrx_word' id='word_1_583' title='bbox 1582 5605 1822 5661; x_wconf 89' lang='lat' dir='ltr'><strong>testimo-</strong></span> 
     </span>
    </p>
   </div>
   <div class='ocr_carea' id='block_1_75' title="bbox 226 5696 1818 5772">
    <p class='ocr_par' dir='ltr' id='par_1_75' title="bbox 226 5696 1818 5772">
     <span class='ocr_line' id='line_1_75' title="bbox 226 5696 1818 5772; baseline 0.001 -19"><span class='ocrx_word' id='word_1_584' title='bbox 226 5698 389 5754; x_wconf 87' lang='lat' dir='ltr'><strong>nium</strong></span> <span class='ocrx_word' id='word_1_585' title='bbox 415 5703 635 5752; x_wconf 84' lang='lat' dir='ltr'><strong>actuum</strong></span> <span class='ocrx_word' id='word_1_586' title='bbox 663 5704 971 5752; x_wconf 88' lang='lat' dir='ltr'><strong>nostrorum</strong></span> <span class='ocrx_word' id='word_1_587' title='bbox 998 5696 1085 5753; x_wconf 92' lang='lat' dir='ltr'><strong>vel</strong></span> <span class='ocrx_word' id='word_1_588' title='bbox 1111 5697 1516 5769; x_wconf 87' lang='lat' dir='ltr'><strong>cogitationum,</strong></span> <span class='ocrx_word' id='word_1_589' title='bbox 1545 5712 1703 5770; x_wconf 92' lang='lat' dir='ltr'><strong>quem</strong></span> <span class='ocrx_word' id='word_1_590' title='bbox 1725 5700 1818 5772; x_wconf 86' lang='lat' dir='ltr'><strong>ju-</strong></span> 
     </span>
    </p>
   </div>
   <div class='ocr_carea' id='block_1_76' title="bbox 227 5789 1816 5865">
    <p class='ocr_par' dir='ltr' id='par_1_76' title="bbox 227 5789 1816 5865">
     <span class='ocr_line' id='line_1_76' title="bbox 227 5789 1816 5865; baseline 0.003 -17"><span class='ocrx_word' id='word_1_591' title='bbox 227 5791 416 5850; x_wconf 84' lang='lat' dir='ltr'><strong>diccm</strong></span> <span class='ocrx_word' id='word_1_592' title='bbox 446 5791 685 5851; x_wconf 74' lang='lat' dir='ltr'><strong>habituri</strong></span> <span class='ocrx_word' id='word_1_593' title='bbox 717 5806 922 5852; x_wconf 80' lang='lat' dir='ltr'><strong>sumus.</strong></span> <span class='ocrx_word' id='word_1_594' title='bbox 959 5791 1270 5851; x_wconf 84' lang='lat' dir='ltr'><strong>Timeamus</strong></span> <span class='ocrx_word' id='word_1_595' title='bbox 1300 5789 1418 5862; x_wconf 76' lang='lat' dir='ltr'><strong>eius</strong></span> <span class='ocrx_word' id='word_1_596' title='bbox 1450 5794 1816 5865; x_wconf 79' lang='lat' dir='ltr'><strong>praesentiam,</strong></span> 
     </span>
    </p>
   </div>
   <div class='ocr_carea' id='block_1_77' title="bbox 1941 1904 3528 1983">
    <p class='ocr_par' dir='ltr' id='par_1_77' title="bbox 1941 1904 3528 1983">
     <span class='ocr_line' id='line_1_77' title="bbox 1941 1904 3528 1983; baseline 0.008 -25"><span class='ocrx_word' id='word_1_597' title='bbox 1941 1904 2110 1970; x_wconf 89' lang='lat' dir='ltr'><strong>dicas,</strong></span> <span class='ocrx_word' id='word_1_598' title='bbox 2140 1921 2204 1961; x_wconf 90' lang='lat' dir='ltr'><strong>ac</strong></span> <span class='ocrx_word' id='word_1_599' title='bbox 2229 1906 2276 1961; x_wconf 91' lang='lat' dir='ltr'><strong>si</strong></span> <span class='ocrx_word' id='word_1_600' title='bbox 2302 1909 2675 1979; x_wconf 87' lang='lat' dir='ltr'><strong>archangelos,</strong></span> <span class='ocrx_word' id='word_1_601' title='bbox 2713 1925 2778 1965; x_wconf 90' lang='lat' dir='ltr'><strong>ac</strong></span> <span class='ocrx_word' id='word_1_602' title='bbox 2807 1913 2850 1966; x_wconf 92' lang='lat' dir='ltr'><strong>si</strong></span> <span class='ocrx_word' id='word_1_603' title='bbox 2879 1912 3158 1968; x_wconf 88' lang='lat' dir='ltr'><strong>cherubim</strong></span> <span class='ocrx_word' id='word_1_604' title='bbox 3187 1922 3349 1983; x_wconf 88' lang='lat' dir='ltr'><strong>atque</strong></span> <span class='ocrx_word' id='word_1_605' title='bbox 3379 1931 3528 1970; x_wconf 86' lang='lat' dir='ltr'><strong>sera-</strong></span> 
     </span>
    </p>
   </div>
   <div class='ocr_carea' id='block_1_78' title="bbox 1937 1997 3530 2069">
    <p class='ocr_par' dir='ltr' id='par_1_78' title="bbox 1937 1997 3530 2069">
     <span class='ocr_line' id='line_1_78' title="bbox 1937 1997 3530 2069; baseline 0.006 -19"><span class='ocrx_word' id='word_1_606' title='bbox 1937 1997 2112 2068; x_wconf 89' lang='lat' dir='ltr'><strong>phim,</strong></span> <span class='ocrx_word' id='word_1_607' title='bbox 2141 2013 2205 2052; x_wconf 91' lang='lat' dir='ltr'><strong>ac</strong></span> <span class='ocrx_word' id='word_1_608' title='bbox 2228 1999 2274 2053; x_wconf 92' lang='lat' dir='ltr'><strong>si</strong></span> <span class='ocrx_word' id='word_1_609' title='bbox 2299 1999 2460 2054; x_wconf 89' lang='lat' dir='ltr'><strong>aliam</strong></span> <span class='ocrx_word' id='word_1_610' title='bbox 2487 1999 2784 2069; x_wconf 88' lang='lat' dir='ltr'><strong>quamlibet</strong></span> <span class='ocrx_word' id='word_1_611' title='bbox 2809 2009 3136 2069; x_wconf 84' lang='lat' dir='ltr'><strong>creaturam,</strong></span> <span class='ocrx_word' id='word_1_612' title='bbox 3166 2005 3347 2058; x_wconf 89' lang='lat' dir='ltr'><strong>omnia</strong></span> <span class='ocrx_word' id='word_1_613' title='bbox 3375 2020 3530 2060; x_wconf 59' lang='lat' dir='ltr'><strong>revew</strong></span> 
     </span>
    </p>
   </div>
   <div class='ocr_carea' id='block_1_79' title="bbox 1938 2089 3532 2164">
    <p class='ocr_par' dir='ltr' id='par_1_79' title="bbox 1938 2089 3532 2164">
     <span class='ocr_line' id='line_1_79' title="bbox 1938 2089 3532 2164; baseline 0.006 -21"><span class='ocrx_word' id='word_1_614' title='bbox 1938 2089 2045 2143; x_wconf 89' lang='lat' dir='ltr'><strong>lata</strong></span> <span class='ocrx_word' id='word_1_615' title='bbox 2069 2097 2196 2144; x_wconf 86' lang='lat' dir='ltr'><strong>sunt</strong></span> <span class='ocrx_word' id='word_1_616' title='bbox 2221 2090 2376 2144; x_wconf 90' lang='lat' dir='ltr'><strong>oculo</strong></span> <span class='ocrx_word' id='word_1_617' title='bbox 2401 2091 2538 2160; x_wconf 89' lang='lat' dir='ltr'><strong>ejus,</strong></span> <span class='ocrx_word' id='word_1_618' title='bbox 2563 2092 2744 2146; x_wconf 90' lang='lat' dir='ltr'><strong>omnia</strong></span> <span class='ocrx_word' id='word_1_619' title='bbox 2768 2102 2954 2163; x_wconf 89' lang='lat' dir='ltr'><strong>aperta</strong></span> <span class='ocrx_word' id='word_1_620' title='bbox 2978 2103 3033 2148; x_wconf 90' lang='lat' dir='ltr'><strong>et</strong></span> <span class='ocrx_word' id='word_1_621' title='bbox 3057 2095 3365 2150; x_wconf 88' lang='lat' dir='ltr'><strong>manifesta.</strong></span> <span class='ocrx_word' id='word_1_622' title='bbox 3393 2097 3532 2164; x_wconf 90' lang='lat' dir='ltr'><strong>Quid</strong></span> 
     </span>
    </p>
   </div>
   <div class='ocr_carea' id='block_1_80' title="bbox 1937 2182 3531 2258">
    <p class='ocr_par' dir='ltr' id='par_1_80' title="bbox 1937 2182 3531 2258">
     <span class='ocr_line' id='line_1_80' title="bbox 1937 2182 3531 2258; baseline 0.004 -23"><span class='ocrx_word' id='word_1_623' title='bbox 1937 2183 2187 2251; x_wconf 90' lang='lat' dir='ltr'><strong>estquod</strong></span> <span class='ocrx_word' id='word_1_624' title='bbox 2229 2197 2352 2236; x_wconf 92' lang='lat' dir='ltr'><strong>eum</strong></span> <span class='ocrx_word' id='word_1_625' title='bbox 2389 2183 2560 2251; x_wconf 88' lang='lat' dir='ltr'><strong>possit</strong></span> <span class='ocrx_word' id='word_1_626' title='bbox 2603 2183 2804 2238; x_wconf 87' lang='lat' dir='ltr'><strong>latere?</strong></span> <span class='ocrx_word' id='word_1_627' title='bbox 2846 2182 3037 2238; x_wconf 89' lang='lat' dir='ltr'><strong>Omnia</strong></span> <span class='ocrx_word' id='word_1_628' title='bbox 3081 2187 3225 2240; x_wconf 91' lang='lat' dir='ltr'><strong>nuda</strong></span> <span class='ocrx_word' id='word_1_629' title='bbox 3269 2197 3316 2240; x_wconf 90' lang='lat' dir='ltr'><strong>et</strong></span> <span class='ocrx_word' id='word_1_630' title='bbox 3349 2197 3531 2258; x_wconf 85' lang='lat' dir='ltr'><strong>aperta</strong></span> 
     </span>
    </p>
   </div>
   <div class='ocr_carea' id='block_1_81' title="bbox 1935 2274 3530 2346">
    <p class='ocr_par' dir='ltr' id='par_1_81' title="bbox 1935 2274 3530 2346">
     <span class='ocr_line' id='line_1_81' title="bbox 1935 2274 3530 2346; baseline 0.003 -17"><span class='ocrx_word' id='word_1_631' title='bbox 1935 2284 2057 2329; x_wconf 89' lang='lat' dir='ltr'><strong>sunt</strong></span> <span class='ocrx_word' id='word_1_632' title='bbox 2080 2274 2243 2328; x_wconf 86' lang='lat' dir='ltr'><strong>oculis</strong></span> <span class='ocrx_word' id='word_1_633' title='bbox 2269 2275 2417 2344; x_wconf 86' lang='lat' dir='ltr'><strong>ejus;</strong></span> <span class='ocrx_word' id='word_1_634' title='bbox 2445 2274 2514 2328; x_wconf 89' lang='lat' dir='ltr'><strong>ad</strong></span> <span class='ocrx_word' id='word_1_635' title='bbox 2539 2292 2688 2344; x_wconf 85' lang='lat' dir='ltr'><strong>quem</strong></span> <span class='ocrx_word' id='word_1_636' title='bbox 2719 2276 2865 2330; x_wconf 89' lang='lat' dir='ltr'><strong>nobis</strong></span> <span class='ocrx_word' id='word_1_637' title='bbox 2890 2293 3078 2332; x_wconf 89' lang='lat' dir='ltr'><strong>sermo.</strong></span> <span class='ocrx_word' id='word_1_638' title='bbox 3115 2298 3134 2332; x_wconf 72' lang='grc' dir='ltr'><strong>ι</strong></span> <span class='ocrx_word' id='word_1_639' title='bbox 3164 2278 3301 2346; x_wconf 86' lang='lat' dir='ltr'><strong>Quid</strong></span> <span class='ocrx_word' id='word_1_640' title='bbox 3327 2287 3432 2346; x_wconf 89' lang='lat' dir='ltr'><strong>est,</strong></span> <span class='ocrx_word' id='word_1_641' title='bbox 3459 2280 3530 2334; x_wconf 84' lang='lat' dir='ltr'><strong>ad</strong></span> 
     </span>
    </p>
   </div>
   <div class='ocr_carea' id='block_1_82' title="bbox 1935 2364 3529 2438">
    <p class='ocr_par' dir='ltr' id='par_1_82' title="bbox 1935 2364 3529 2438">
     <span class='ocr_line' id='line_1_82' title="bbox 1935 2364 3529 2438; baseline 0.005 -20"><span class='ocrx_word' id='word_1_642' title='bbox 1935 2381 2086 2438; x_wconf 86' lang='lat' dir='ltr'><strong>quem</strong></span> <span class='ocrx_word' id='word_1_643' title='bbox 2113 2364 2260 2419; x_wconf 87' lang='lat' dir='ltr'><strong>nobis</strong></span> <span class='ocrx_word' id='word_1_644' title='bbox 2294 2381 2464 2420; x_wconf 88' lang='lat' dir='ltr'><strong>sermo</strong></span> <span class='ocrx_word' id='word_1_645' title='bbox 2494 2366 2607 2419; x_wconf 87' lang='lat' dir='ltr'><strong>est?</strong></span> <span class='ocrx_word' id='word_1_646' title='bbox 2637 2365 2749 2421; x_wconf 84' lang='lat' dir='ltr'><strong>Hoc</strong></span> <span class='ocrx_word' id='word_1_647' title='bbox 2776 2373 2888 2434; x_wconf 88' lang='lat' dir='ltr'><strong>est,</strong></span> <span class='ocrx_word' id='word_1_648' title='bbox 2919 2366 3020 2438; x_wconf 91' lang='lat' dir='ltr'><strong>ipsi</strong></span> <span class='ocrx_word' id='word_1_649' title='bbox 3051 2367 3313 2424; x_wconf 87' lang='lat' dir='ltr'><strong>reddituri</strong></span> <span class='ocrx_word' id='word_1_650' title='bbox 3340 2383 3529 2426; x_wconf 90' lang='lat' dir='ltr'><strong>sumus</strong></span> 
     </span>
    </p>
   </div>
   <div class='ocr_carea' id='block_1_83' title="bbox 1935 2457 2810 2512">
    <p class='ocr_par' dir='ltr' id='par_1_83' title="bbox 1935 2457 2810 2512">
     <span class='ocr_line' id='line_1_83' title="bbox 1935 2457 2810 2512; baseline 0.001 -1"><span class='ocrx_word' id='word_1_651' title='bbox 1935 2457 2201 2511; x_wconf 90' lang='lat' dir='ltr'><strong>rationem</strong></span> <span class='ocrx_word' id='word_1_652' title='bbox 2231 2466 2451 2512; x_wconf 89' lang='lat' dir='ltr'><strong>actuum</strong></span> <span class='ocrx_word' id='word_1_653' title='bbox 2478 2465 2810 2512; x_wconf 89' lang='lat' dir='ltr'><strong>nostrorum.</strong></span> 
     </span>
    </p>
   </div>
   <div class='ocr_carea' id='block_1_84' title="bbox 2006 2544 3521 2630">
    <p class='ocr_par' dir='ltr' id='par_1_84' title="bbox 2006 2544 3521 2630">
     <span class='ocr_line' id='line_1_84' title="bbox 2006 2544 3521 2630; baseline 0.007 -26"><span class='ocrx_word' id='word_1_654' title='bbox 2006 2549 2170 2604; x_wconf 73' lang='lat' dir='ltr'><strong>Vens.</strong></span> <span class='ocrx_word' id='word_1_655' title='bbox 2203 2550 2291 2604; x_wconf 77' lang='lat' dir='ltr'><strong>M.</strong></span> <span class='ocrx_word' id='word_1_656' title='bbox 2305 2581 2376 2590; x_wconf 97' lang='lat'><strong>—</strong></span> <span class='ocrx_word' id='word_1_657' title='bbox 2395 2544 2658 2606; x_wconf 79' lang='lat' dir='ltr'><strong>Habentes</strong></span> <span class='ocrx_word' id='word_1_658' title='bbox 2677 2568 2800 2623; x_wconf 90' lang='lat' dir='ltr'><strong>ergo</strong></span> <span class='ocrx_word' id='word_1_659' title='bbox 2821 2553 3118 2623; x_wconf 89' lang='lat' dir='ltr'><strong>pontiﬁcem</strong></span> <span class='ocrx_word' id='word_1_660' title='bbox 3137 2571 3406 2627; x_wconf 89' lang='lat' dir='ltr'><strong>magnum,</strong></span> <span class='ocrx_word' id='word_1_661' title='bbox 3428 2560 3521 2630; x_wconf 89' lang='lat' dir='ltr'><strong>qui</strong></span> 
     </span>
    </p>
   </div>
   <div class='ocr_carea' id='block_1_85' title="bbox 1933 2641 3527 2712">
    <p class='ocr_par' dir='ltr' id='par_1_85' title="bbox 1933 2641 3527 2712">
     <span class='ocr_line' id='line_1_85' title="bbox 1933 2641 3527 2712; baseline 0.005 -15"><span class='ocrx_word' id='word_1_662' title='bbox 1933 2643 2216 2712; x_wconf 86' lang='lat' dir='ltr'><strong>penetravit</strong></span> <span class='ocrx_word' id='word_1_663' title='bbox 2246 2641 2419 2708; x_wconf 73' lang='lat' dir='ltr'><strong>caelos,</strong></span> <span class='ocrx_word' id='word_1_664' title='bbox 2452 2643 2636 2697; x_wconf 78' lang='lat' dir='ltr'><strong>Iesum</strong></span> <span class='ocrx_word' id='word_1_665' title='bbox 2669 2641 2871 2697; x_wconf 89' lang='lat' dir='ltr'><strong>Filium</strong></span> <span class='ocrx_word' id='word_1_666' title='bbox 2911 2644 3030 2700; x_wconf 88' lang='lat' dir='ltr'><strong>Dei.</strong></span> <span class='ocrx_word' id='word_1_667' title='bbox 3063 2645 3345 2703; x_wconf 87' lang='lat' dir='ltr'><strong>Paululum</strong></span> <span class='ocrx_word' id='word_1_668' title='bbox 3381 2651 3527 2706; x_wconf 90' lang='lat' dir='ltr'><strong>enim</strong></span> 
     </span>
    </p>
   </div>
   <div class='ocr_carea' id='block_1_86' title="bbox 1936 2732 3528 2813">
    <p class='ocr_par' dir='ltr' id='par_1_86' title="bbox 1936 2732 3528 2813">
     <span class='ocr_line' id='line_1_86' title="bbox 1936 2732 3528 2813; baseline 0.005 -25"><span class='ocrx_word' id='word_1_669' title='bbox 1936 2743 2062 2790; x_wconf 90' lang='lat' dir='ltr'><strong>ante</strong></span> <span class='ocrx_word' id='word_1_670' title='bbox 2088 2735 2154 2790; x_wconf 91' lang='lat' dir='ltr'><strong>de</strong></span> <span class='ocrx_word' id='word_1_671' title='bbox 2177 2733 2462 2790; x_wconf 88' lang='lat' dir='ltr'><strong>divinitate</strong></span> <span class='ocrx_word' id='word_1_672' title='bbox 2489 2732 2607 2802; x_wconf 91' lang='lat' dir='ltr'><strong>ejus</strong></span> <span class='ocrx_word' id='word_1_673' title='bbox 2649 2735 2920 2792; x_wconf 90' lang='lat' dir='ltr'><strong>disserens</strong></span> <span class='ocrx_word' id='word_1_674' title='bbox 2946 2737 3022 2792; x_wconf 88' lang='lat' dir='ltr'><strong>ait</strong></span> <span class='ocrx_word' id='word_1_675' title='bbox 3047 2757 3060 2792; x_wconf 89' lang='lat'><strong>:</strong></span> <span class='ocrx_word' id='word_1_676' title='bbox 3087 2736 3280 2813; x_wconf 78' lang='lat' dir='ltr'><strong>omnia</strong></span> <span class='ocrx_word' id='word_1_677' title='bbox 3306 2741 3448 2795; x_wconf 89' lang='lat' dir='ltr'><strong>nuda</strong></span> <span class='ocrx_word' id='word_1_678' title='bbox 3477 2752 3528 2798; x_wconf 90' lang='lat' dir='ltr'><strong>et</strong></span> 
     </span>
    </p>
   </div>
   <div class='ocr_carea' id='block_1_87' title="bbox 1933 2823 3527 2899">
    <p class='ocr_par' dir='ltr' id='par_1_87' title="bbox 1933 2823 3527 2899">
     <span class='ocr_line' id='line_1_87' title="bbox 1933 2823 3527 2899; baseline 0.006 -21"><span class='ocrx_word' id='word_1_679' title='bbox 1933 2833 2118 2894; x_wconf 87' lang='lat' dir='ltr'><strong>aperta</strong></span> <span class='ocrx_word' id='word_1_680' title='bbox 2161 2833 2280 2878; x_wconf 88' lang='lat' dir='ltr'><strong>sunt</strong></span> <span class='ocrx_word' id='word_1_681' title='bbox 2326 2823 2490 2878; x_wconf 89' lang='lat' dir='ltr'><strong>oculis</strong></span> <span class='ocrx_word' id='word_1_682' title='bbox 2533 2824 2682 2894; x_wconf 88' lang='lat' dir='ltr'><strong>ejus;</strong></span> <span class='ocrx_word' id='word_1_683' title='bbox 2713 2842 2856 2882; x_wconf 91' lang='lat' dir='ltr'><strong>nunc</strong></span> <span class='ocrx_word' id='word_1_684' title='bbox 2889 2835 3089 2896; x_wconf 80' lang='lat' dir='ltr'><strong>autem,</strong></span> <span class='ocrx_word' id='word_1_685' title='bbox 3114 2829 3238 2899; x_wconf 90' lang='lat' dir='ltr'><strong>quia</strong></span> <span class='ocrx_word' id='word_1_686' title='bbox 3270 2830 3337 2885; x_wconf 90' lang='lat' dir='ltr'><strong>de</strong></span> <span class='ocrx_word' id='word_1_687' title='bbox 3363 2847 3527 2888; x_wconf 89' lang='lat' dir='ltr'><strong>carne</strong></span> 
     </span>
    </p>
   </div>
   <div class='ocr_carea' id='block_1_88' title="bbox 1933 2916 3524 2994">
    <p class='ocr_par' dir='ltr' id='par_1_88' title="bbox 1933 2916 3524 2994">
     <span class='ocr_line' id='line_1_88' title="bbox 1933 2916 3524 2994; baseline 0.006 -24"><span class='ocrx_word' id='word_1_688' title='bbox 1933 2916 2275 2986; x_wconf 79' lang='lat' dir='ltr'><strong>loquitur,.de</strong></span> <span class='ocrx_word' id='word_1_689' title='bbox 2293 2917 2608 2986; x_wconf 89' lang='lat' dir='ltr'><strong>pontiﬁcatu</strong></span> <span class='ocrx_word' id='word_1_690' title='bbox 2627 2917 2864 2990; x_wconf 89' lang='lat' dir='ltr'><strong>disputat</strong></span> <span class='ocrx_word' id='word_1_691' title='bbox 2887 2919 3048 2986; x_wconf 91' lang='lat' dir='ltr'><strong>illius,</strong></span> <span class='ocrx_word' id='word_1_692' title='bbox 3063 2922 3157 2991; x_wconf 92' lang='lat' dir='ltr'><strong>qui</strong></span> <span class='ocrx_word' id='word_1_693' title='bbox 3178 2924 3524 2994; x_wconf 85' lang='lat' dir='ltr'><strong>semetipsum</strong></span> 
     </span>
    </p>
   </div>
   <div class='ocr_carea' id='block_1_89' title="bbox 1933 3013 3527 3087">
    <p class='ocr_par' dir='ltr' id='par_1_89' title="bbox 1933 3013 3527 3087">
     <span class='ocr_line' id='line_1_89' title="bbox 1933 3013 3527 3087; baseline 0.003 -18"><span class='ocrx_word' id='word_1_694' title='bbox 1933 3013 2193 3069; x_wconf 80' lang='lat' dir='ltr'><strong>offerebat</strong></span> <span class='ocrx_word' id='word_1_695' title='bbox 2240 3023 2441 3070; x_wconf 79' lang='lat' dir='ltr'><strong>nostrae</strong></span> <span class='ocrx_word' id='word_1_696' title='bbox 2485 3030 2651 3080; x_wconf 88' lang='lat' dir='ltr'><strong>causa</strong></span> <span class='ocrx_word' id='word_1_697' title='bbox 2705 3015 2926 3081; x_wconf 86' lang='lat' dir='ltr'><strong>salutis;</strong></span> <span class='ocrx_word' id='word_1_698' title='bbox 2960 3023 3015 3070; x_wconf 89' lang='lat' dir='ltr'><strong>et</strong></span> <span class='ocrx_word' id='word_1_699' title='bbox 3053 3017 3326 3085; x_wconf 90' lang='lat' dir='ltr'><strong>quomodo</strong></span> <span class='ocrx_word' id='word_1_700' title='bbox 3377 3019 3527 3087; x_wconf 87' lang='lat' dir='ltr'><strong>prior</strong></span> 
     </span>
    </p>
   </div>
   <div class='ocr_carea' id='block_1_90' title="bbox 1933 3109 3522 3181">
    <p class='ocr_par' dir='ltr' id='par_1_90' title="bbox 1933 3109 3522 3181">
     <span class='ocr_line' id='line_1_90' title="bbox 1933 3109 3522 3181; baseline 0.001 -16"><span class='ocrx_word' id='word_1_701' title='bbox 1933 3109 2176 3165; x_wconf 89' lang='lat' dir='ltr'><strong>omnium</strong></span> <span class='ocrx_word' id='word_1_702' title='bbox 2205 3109 2463 3166; x_wconf 88' lang='lat' dir='ltr'><strong>intrasset</strong></span> <span class='ocrx_word' id='word_1_703' title='bbox 2490 3109 2546 3164; x_wconf 92' lang='lat' dir='ltr'><strong>in</strong></span> <span class='ocrx_word' id='word_1_704' title='bbox 2577 3111 2840 3180; x_wconf 90' lang='lat' dir='ltr'><strong>requiem.</strong></span> <span class='ocrx_word' id='word_1_705' title='bbox 2869 3109 3143 3165; x_wconf 85' lang='lat' dir='ltr'><strong>Habemus</strong></span> <span class='ocrx_word' id='word_1_706' title='bbox 3167 3112 3313 3166; x_wconf 91' lang='lat' dir='ltr'><strong>enim</strong></span> <span class='ocrx_word' id='word_1_707' title='bbox 3342 3113 3522 3181; x_wconf 88' lang='lat' dir='ltr'><strong>ponti-</strong></span> 
     </span>
    </p>
   </div>
   <div class='ocr_carea' id='block_1_91' title="bbox 1852 3180 3524 3275">
    <p class='ocr_par' dir='ltr' id='par_1_91' title="bbox 1852 3180 3524 3275">
     <span class='ocr_line' id='line_1_91' title="bbox 1852 3180 3524 3275; baseline 0.002 -18"><span class='ocrx_word' id='word_1_708' title='bbox 1852 3180 1899 3244; x_wconf 74' lang='lat' dir='ltr'>c</span> <span class='ocrx_word' id='word_1_709' title='bbox 1931 3202 2088 3258; x_wconf 90' lang='lat' dir='ltr'><strong>ﬁcem</strong></span> <span class='ocrx_word' id='word_1_710' title='bbox 2133 3218 2384 3274; x_wconf 87' lang='lat' dir='ltr'><strong>magnum</strong></span> <span class='ocrx_word' id='word_1_711' title='bbox 2405 3244 2418 3269; x_wconf 97' lang='lat'><strong>,</strong></span> <span class='ocrx_word' id='word_1_712' title='bbox 2448 3203 2538 3274; x_wconf 91' lang='lat' dir='ltr'><strong>qui</strong></span> <span class='ocrx_word' id='word_1_713' title='bbox 2570 3204 2872 3274; x_wconf 87' lang='lat' dir='ltr'><strong>penetravit</strong></span> <span class='ocrx_word' id='word_1_714' title='bbox 2898 3203 3085 3258; x_wconf 65' lang='lat' dir='ltr'><strong>caelos.</strong></span> <span class='ocrx_word' id='word_1_715' title='bbox 3127 3203 3270 3274; x_wconf 86' lang='lat' dir='ltr'><strong>Ergo</strong></span> <span class='ocrx_word' id='word_1_716' title='bbox 3313 3180 3524 3275; x_wconf 69' lang='lat' dir='ltr'><strong>Moyses</strong></span> 
     </span>
    </p>
   </div>
   <div class='ocr_carea' id='block_1_92' title="bbox 1929 3295 3520 3366">
    <p class='ocr_par' dir='ltr' id='par_1_92' title="bbox 1929 3295 3520 3366">
     <span class='ocr_line' id='line_1_92' title="bbox 1929 3295 3520 3366; baseline -0.001 -15"><span class='ocrx_word' id='word_1_717' title='bbox 1929 3296 2124 3351; x_wconf 91' lang='lat' dir='ltr'><strong>ductor</strong></span> <span class='ocrx_word' id='word_1_718' title='bbox 2151 3296 2354 3366; x_wconf 81' lang='lat' dir='ltr'><strong>populi,</strong></span> <span class='ocrx_word' id='word_1_719' title='bbox 2379 3296 2467 3350; x_wconf 91' lang='lat' dir='ltr'><strong>cui</strong></span> <span class='ocrx_word' id='word_1_720' title='bbox 2508 3297 2776 3366; x_wconf 86' lang='lat' dir='ltr'><strong>promissa</strong></span> <span class='ocrx_word' id='word_1_721' title='bbox 2805 3304 2892 3351; x_wconf 87' lang='lat' dir='ltr'><strong>est</strong></span> <span class='ocrx_word' id='word_1_722' title='bbox 2927 3295 3142 3364; x_wconf 89' lang='lat' dir='ltr'><strong>requies</strong></span> <span class='ocrx_word' id='word_1_723' title='bbox 3184 3296 3520 3360; x_wconf 87' lang='lat' dir='ltr'><strong>transitoria,</strong></span> 
     </span>
    </p>
   </div>
   <div class='ocr_carea' id='block_1_93' title="bbox 1929 3387 3526 3458">
    <p class='ocr_par' dir='ltr' id='par_1_93' title="bbox 1929 3387 3526 3458">
     <span class='ocr_line' id='line_1_93' title="bbox 1929 3387 3526 3458; baseline 0.001 -17"><span class='ocrx_word' id='word_1_724' title='bbox 1929 3403 2036 3442; x_wconf 91' lang='lat' dir='ltr'><strong>non</strong></span> <span class='ocrx_word' id='word_1_725' title='bbox 2063 3387 2285 3442; x_wconf 89' lang='lat' dir='ltr'><strong>intravit</strong></span> <span class='ocrx_word' id='word_1_726' title='bbox 2309 3388 2364 3442; x_wconf 92' lang='lat' dir='ltr'><strong>in</strong></span> <span class='ocrx_word' id='word_1_727' title='bbox 2393 3388 2638 3458; x_wconf 88' lang='lat' dir='ltr'><strong>requiem</strong></span> <span class='ocrx_word' id='word_1_728' title='bbox 2669 3403 2834 3458; x_wconf 90' lang='lat' dir='ltr'><strong>quam</strong></span> <span class='ocrx_word' id='word_1_729' title='bbox 2863 3387 3060 3457; x_wconf 58' lang='lat' dir='ltr'><strong>saepius</strong></span> <span class='ocrx_word' id='word_1_730' title='bbox 3083 3387 3280 3458; x_wconf 89' lang='lat' dir='ltr'><strong>populo</strong></span> <span class='ocrx_word' id='word_1_731' title='bbox 3322 3387 3526 3456; x_wconf 90' lang='lat' dir='ltr'><strong>promi-</strong></span> 
     </span>
    </p>
   </div>
   <div class='ocr_carea' id='block_1_94' title="bbox 1927 3477 3522 3548">
    <p class='ocr_par' dir='ltr' id='par_1_94' title="bbox 1927 3477 3522 3548">
     <span class='ocr_line' id='line_1_94' title="bbox 1927 3477 3522 3548; baseline -0.001 -15"><span class='ocrx_word' id='word_1_732' title='bbox 1927 3478 2028 3542; x_wconf 89' lang='lat' dir='ltr'><strong>sit;</strong></span> <span class='ocrx_word' id='word_1_733' title='bbox 2057 3478 2159 3533; x_wconf 91' lang='lat' dir='ltr'><strong>iste</strong></span> <span class='ocrx_word' id='word_1_734' title='bbox 2180 3493 2312 3534; x_wconf 90' lang='lat' dir='ltr'><strong>vero</strong></span> <span class='ocrx_word' id='word_1_735' title='bbox 2334 3479 2607 3543; x_wconf 90' lang='lat' dir='ltr'><strong>sacerdos,</strong></span> <span class='ocrx_word' id='word_1_736' title='bbox 2623 3477 2861 3534; x_wconf 90' lang='lat' dir='ltr'><strong>melioris</strong></span> <span class='ocrx_word' id='word_1_737' title='bbox 2881 3478 3256 3548; x_wconf 88' lang='lat' dir='ltr'><strong>promissionis</strong></span> <span class='ocrx_word' id='word_1_738' title='bbox 3273 3493 3522 3548; x_wconf 88' lang='lat' dir='ltr'><strong>sponsor,</strong></span> 
     </span>
    </p>
   </div>
   <div class='ocr_carea' id='block_1_95' title="bbox 1926 3567 3525 3639">
    <p class='ocr_par' dir='ltr' id='par_1_95' title="bbox 1926 3567 3525 3639">
     <span class='ocr_line' id='line_1_95' title="bbox 1926 3567 3525 3639; baseline -0.001 -14"><span class='ocrx_word' id='word_1_739' title='bbox 1926 3570 2071 3625; x_wconf 87' lang='lat' dir='ltr'><strong>viam</strong></span> <span class='ocrx_word' id='word_1_740' title='bbox 2118 3567 2324 3624; x_wconf 89' lang='lat' dir='ltr'><strong>faciens</strong></span> <span class='ocrx_word' id='word_1_741' title='bbox 2361 3568 2708 3624; x_wconf 87' lang='lat' dir='ltr'><strong>credentibus</strong></span> <span class='ocrx_word' id='word_1_742' title='bbox 2747 3569 2802 3624; x_wconf 92' lang='lat' dir='ltr'><strong>in</strong></span> <span class='ocrx_word' id='word_1_743' title='bbox 2841 3583 2918 3635; x_wconf 91' lang='lat' dir='ltr'><strong>se,</strong></span> <span class='ocrx_word' id='word_1_744' title='bbox 2947 3569 3156 3639; x_wconf 91' lang='lat' dir='ltr'><strong>primus</strong></span> <span class='ocrx_word' id='word_1_745' title='bbox 3205 3570 3428 3625; x_wconf 73' lang='lat' dir='ltr'><strong>intravit</strong></span> <span class='ocrx_word' id='word_1_746' title='bbox 3467 3569 3525 3624; x_wconf 89' lang='lat' dir='ltr'><strong>in</strong></span> 
     </span>
    </p>
   </div>
   <div class='ocr_carea' id='block_1_96' title="bbox 1927 3659 3525 3732">
    <p class='ocr_par' dir='ltr' id='par_1_96' title="bbox 1927 3659 3525 3732">
     <span class='ocr_line' id='line_1_96' title="bbox 1927 3659 3525 3732; baseline 0.001 -16"><span class='ocrx_word' id='word_1_747' title='bbox 1927 3661 2170 3731; x_wconf 89' lang='lat' dir='ltr'><strong>requiem</strong></span> <span class='ocrx_word' id='word_1_748' title='bbox 2211 3659 2407 3732; x_wconf 91' lang='lat' dir='ltr'><strong>populo</strong></span> <span class='ocrx_word' id='word_1_749' title='bbox 2455 3661 2557 3716; x_wconf 91' lang='lat' dir='ltr'><strong>sibi</strong></span> <span class='ocrx_word' id='word_1_750' title='bbox 2598 3661 2803 3716; x_wconf 89' lang='lat' dir='ltr'><strong>credito</strong></span> <span class='ocrx_word' id='word_1_751' title='bbox 2835 3661 3192 3731; x_wconf 85' lang='lat' dir='ltr'><strong>promissam;</strong></span> <span class='ocrx_word' id='word_1_752' title='bbox 3233 3662 3525 3718; x_wconf 87' lang='lat' dir='ltr'><strong>ostendens</strong></span> 
     </span>
    </p>
   </div>
   <div class='ocr_carea' id='block_1_97' title="bbox 1925 3753 3522 3825">
    <p class='ocr_par' dir='ltr' id='par_1_97' title="bbox 1925 3753 3522 3825">
     <span class='ocr_line' id='line_1_97' title="bbox 1925 3753 3522 3825; baseline -0.001 -16"><span class='ocrx_word' id='word_1_753' title='bbox 1925 3768 2051 3810; x_wconf 91' lang='lat' dir='ltr'><strong>eum</strong></span> <span class='ocrx_word' id='word_1_754' title='bbox 2096 3769 2350 3825; x_wconf 90' lang='lat' dir='ltr'><strong>magnum</strong></span> <span class='ocrx_word' id='word_1_755' title='bbox 2399 3753 2757 3819; x_wconf 88' lang='lat' dir='ltr'><strong>sacerdotem,</strong></span> <span class='ocrx_word' id='word_1_756' title='bbox 2783 3754 2908 3825; x_wconf 84' lang='lat' dir='ltr'><strong>quia</strong></span> <span class='ocrx_word' id='word_1_757' title='bbox 2955 3755 3324 3824; x_wconf 88' lang='lat' dir='ltr'><strong>sempiternum</strong></span> <span class='ocrx_word' id='word_1_758' title='bbox 3368 3753 3522 3808; x_wconf 80' lang='lat' dir='ltr'><strong>habet</strong></span> 
     </span>
    </p>
   </div>
   <div class='ocr_carea' id='block_1_98' title="bbox 1925 3843 3523 3915">
    <p class='ocr_par' dir='ltr' id='par_1_98' title="bbox 1925 3843 3523 3915">
     <span class='ocr_line' id='line_1_98' title="bbox 1925 3843 3523 3915; baseline -0.001 -14"><span class='ocrx_word' id='word_1_759' title='bbox 1925 3845 2275 3902; x_wconf 88' lang='lat' dir='ltr'><strong>sacerdotium</strong></span> <span class='ocrx_word' id='word_1_760' title='bbox 2297 3885 2312 3909; x_wconf 94' lang='lat'><strong>,</strong></span> <span class='ocrx_word' id='word_1_761' title='bbox 2344 3861 2545 3914; x_wconf 87' lang='lat' dir='ltr'><strong>semper</strong></span> <span class='ocrx_word' id='word_1_762' title='bbox 2573 3845 2718 3898; x_wconf 92' lang='lat' dir='ltr'><strong>vivus</strong></span> <span class='ocrx_word' id='word_1_763' title='bbox 2745 3845 2814 3898; x_wconf 90' lang='lat' dir='ltr'><strong>ad</strong></span> <span class='ocrx_word' id='word_1_764' title='bbox 2843 3843 3284 3914; x_wconf 86' lang='lat' dir='ltr'><strong>interpellandum</strong></span> <span class='ocrx_word' id='word_1_765' title='bbox 3307 3861 3402 3915; x_wconf 91' lang='lat' dir='ltr'><strong>pro</strong></span> <span class='ocrx_word' id='word_1_766' title='bbox 3430 3862 3523 3900; x_wconf 90' lang='lat' dir='ltr'><strong>no-</strong></span> 
     </span>
    </p>
   </div>
   <div class='ocr_carea' id='block_1_99' title="bbox 1927 3933 3518 4003">
    <p class='ocr_par' dir='ltr' id='par_1_99' title="bbox 1927 3933 3518 4003">
     <span class='ocr_line' id='line_1_99' title="bbox 1927 3933 3518 4003; baseline 0.003 -14"><span class='ocrx_word' id='word_1_767' title='bbox 1927 3938 2004 3990; x_wconf 89' lang='lat' dir='ltr'><strong>bis</strong></span> <span class='ocrx_word' id='word_1_768' title='bbox 2026 3953 2045 3990; x_wconf 89' lang='lat'><strong><em>:</em></strong></span> <span class='ocrx_word' id='word_1_769' title='bbox 2067 3935 2284 3990; x_wconf 89' lang='lat' dir='ltr'><strong>ethunc</strong></span> <span class='ocrx_word' id='word_1_770' title='bbox 2305 3934 2482 4003; x_wconf 91' lang='lat' dir='ltr'><strong>ipsum</strong></span> <span class='ocrx_word' id='word_1_771' title='bbox 2505 3933 2700 3988; x_wconf 89' lang='lat' dir='ltr'><strong>Filium</strong></span> <span class='ocrx_word' id='word_1_772' title='bbox 2728 3935 2823 3989; x_wconf 89' lang='lat' dir='ltr'><strong>Dei</strong></span> <span class='ocrx_word' id='word_1_773' title='bbox 2845 3937 3157 4001; x_wconf 87' lang='lat' dir='ltr'><strong>ostendens,</strong></span> <span class='ocrx_word' id='word_1_774' title='bbox 3182 3937 3311 3991; x_wconf 91' lang='lat' dir='ltr'><strong>dum</strong></span> <span class='ocrx_word' id='word_1_775' title='bbox 3342 3938 3518 3994; x_wconf 80' lang='lat' dir='ltr'><strong>dixit:</strong></span> 
     </span>
    </p>
   </div>
   <div class='ocr_carea' id='block_1_100' title="bbox 1923 4025 3520 4102">
    <p class='ocr_par' dir='ltr' id='par_1_100' title="bbox 1923 4025 3520 4102">
     <span class='ocr_line' id='line_1_100' title="bbox 1923 4025 3520 4102; baseline 0.004 -20"><span class='ocrx_word' id='word_1_776' title='bbox 1923 4027 2108 4082; x_wconf 75' lang='lat' dir='ltr'><strong>Iesum</strong></span> <span class='ocrx_word' id='word_1_777' title='bbox 2153 4025 2354 4080; x_wconf 87' lang='lat' dir='ltr'><strong>Filium</strong></span> <span class='ocrx_word' id='word_1_778' title='bbox 2379 4027 2495 4091; x_wconf 90' lang='lat' dir='ltr'><strong>Dei,</strong></span> <span class='ocrx_word' id='word_1_779' title='bbox 2523 4028 2668 4097; x_wconf 90' lang='lat' dir='ltr'><strong>quod</strong></span> <span class='ocrx_word' id='word_1_780' title='bbox 2707 4043 2977 4098; x_wconf 88' lang='lat' dir='ltr'><strong>nusquam</strong></span> <span class='ocrx_word' id='word_1_781' title='bbox 3017 4029 3083 4084; x_wconf 91' lang='lat' dir='ltr'><strong>de</strong></span> <span class='ocrx_word' id='word_1_782' title='bbox 3112 4029 3294 4102; x_wconf 81' lang='lat' dir='ltr'><strong>Moyse</strong></span> <span class='ocrx_word' id='word_1_783' title='bbox 3337 4032 3520 4088; x_wconf 90' lang='lat' dir='ltr'><strong>dicere</strong></span> 
     </span>
    </p>
   </div>
   <div class='ocr_carea' id='block_1_101' title="bbox 1924 4120 3515 4196">
    <p class='ocr_par' dir='ltr' id='par_1_101' title="bbox 1924 4120 3515 4196">
     <span class='ocr_line' id='line_1_101' title="bbox 1924 4120 3515 4196; baseline 0.006 -22"><span class='ocrx_word' id='word_1_784' title='bbox 1924 4120 2126 4186; x_wconf 88' lang='lat' dir='ltr'><strong>voluit;</strong></span> <span class='ocrx_word' id='word_1_785' title='bbox 2153 4121 2248 4176; x_wconf 90' lang='lat' dir='ltr'><strong>sed</strong></span> <span class='ocrx_word' id='word_1_786' title='bbox 2271 4136 2395 4176; x_wconf 90' lang='lat' dir='ltr'><strong>eum</strong></span> <span class='ocrx_word' id='word_1_787' title='bbox 2421 4120 2680 4176; x_wconf 87' lang='lat' dir='ltr'><strong>famulum</strong></span> <span class='ocrx_word' id='word_1_788' title='bbox 2706 4122 3015 4192; x_wconf 88' lang='lat' dir='ltr'><strong>proferebat</strong></span> <span class='ocrx_word' id='word_1_789' title='bbox 3045 4125 3098 4178; x_wconf 91' lang='lat' dir='ltr'><strong>in</strong></span> <span class='ocrx_word' id='word_1_790' title='bbox 3123 4127 3515 4196; x_wconf 87' lang='lat' dir='ltr'><strong>superioribus,</strong></span> 
     </span>
    </p>
   </div>
   <div class='ocr_carea' id='block_1_102' title="bbox 1924 4211 3515 4291">
    <p class='ocr_par' dir='ltr' id='par_1_102' title="bbox 1924 4211 3515 4291">
     <span class='ocr_line' id='line_1_102' title="bbox 1924 4211 3515 4291; baseline 0.006 -24"><span class='ocrx_word' id='word_1_791' title='bbox 1924 4211 2220 4267; x_wconf 79' lang='lat' dir='ltr'><strong>testificaris</strong></span> <span class='ocrx_word' id='word_1_792' title='bbox 2252 4226 2376 4266; x_wconf 91' lang='lat' dir='ltr'><strong>eum</strong></span> <span class='ocrx_word' id='word_1_793' title='bbox 2407 4213 2507 4268; x_wconf 92' lang='lat' dir='ltr'><strong>sub</strong></span> <span class='ocrx_word' id='word_1_794' title='bbox 2537 4213 2754 4268; x_wconf 90' lang='lat' dir='ltr'><strong>nomine</strong></span> <span class='ocrx_word' id='word_1_795' title='bbox 2778 4211 2928 4280; x_wconf 73' lang='lat' dir='ltr'><strong>Iesu,</strong></span> <span class='ocrx_word' id='word_1_796' title='bbox 2951 4215 3096 4286; x_wconf 90' lang='lat' dir='ltr'><strong>quod</strong></span> <span class='ocrx_word' id='word_1_797' title='bbox 3120 4232 3318 4272; x_wconf 90' lang='lat' dir='ltr'><strong>nomen</strong></span> <span class='ocrx_word' id='word_1_798' title='bbox 3351 4233 3515 4291; x_wconf 88' lang='lat' dir='ltr'><strong>ange-</strong></span> 
     </span>
    </p>
   </div>
   <div class='ocr_carea' id='block_1_103' title="bbox 1924 4303 3516 4377">
    <p class='ocr_par' dir='ltr' id='par_1_103' title="bbox 1924 4303 3516 4377">
     <span class='ocr_line' id='line_1_103' title="bbox 1924 4303 3516 4377; baseline 0.006 -19"><span class='ocrx_word' id='word_1_799' title='bbox 1924 4305 2038 4372; x_wconf 92' lang='lat' dir='ltr'><strong>lus,</strong></span> <span class='ocrx_word' id='word_1_800' title='bbox 2064 4319 2094 4360; x_wconf 89' lang='lat' dir='ltr'><strong>a</strong></span> <span class='ocrx_word' id='word_1_801' title='bbox 2122 4305 2234 4360; x_wconf 92' lang='lat' dir='ltr'><strong>Deo</strong></span> <span class='ocrx_word' id='word_1_802' title='bbox 2273 4303 2513 4360; x_wconf 88' lang='lat' dir='ltr'><strong>directus</strong></span> <span class='ocrx_word' id='word_1_803' title='bbox 2556 4305 2752 4377; x_wconf 89' lang='lat' dir='ltr'><strong>virgini</strong></span> <span class='ocrx_word' id='word_1_804' title='bbox 2795 4308 3137 4363; x_wconf 87' lang='lat' dir='ltr'><strong>annuutiavit</strong></span> <span class='ocrx_word' id='word_1_805' title='bbox 3177 4309 3375 4366; x_wconf 87' lang='lat' dir='ltr'><strong>Filium</strong></span> <span class='ocrx_word' id='word_1_806' title='bbox 3419 4311 3516 4368; x_wconf 90' lang='lat' dir='ltr'><strong>Dei</strong></span> 
     </span>
    </p>
   </div>
   <div class='ocr_carea' id='block_1_104' title="bbox 1922 4398 3514 4478">
    <p class='ocr_par' dir='ltr' id='par_1_104' title="bbox 1922 4398 3514 4478">
     <span class='ocr_line' id='line_1_104' title="bbox 1922 4398 3514 4478; baseline 0.004 -24"><span class='ocrx_word' id='word_1_807' title='bbox 1922 4413 2043 4454; x_wconf 89' lang='lat' dir='ltr'><strong>esse</strong></span> <span class='ocrx_word' id='word_1_808' title='bbox 2066 4413 2274 4465; x_wconf 88' lang='lat' dir='ltr'><strong>verum,</strong></span> <span class='ocrx_word' id='word_1_809' title='bbox 2293 4405 2348 4452; x_wconf 91' lang='lat' dir='ltr'><strong>et</strong></span> <span class='ocrx_word' id='word_1_810' title='bbox 2369 4398 2490 4454; x_wconf 88' lang='lat' dir='ltr'><strong>ideo</strong></span> <span class='ocrx_word' id='word_1_811' title='bbox 2518 4413 2772 4469; x_wconf 85' lang='lat' dir='ltr'><strong>magnum</strong></span> <span class='ocrx_word' id='word_1_812' title='bbox 2791 4399 3152 4457; x_wconf 90' lang='lat' dir='ltr'><strong>sacerdotem.</strong></span> <span class='ocrx_word' id='word_1_813' title='bbox 3185 4402 3374 4474; x_wconf 75' lang='lat' dir='ltr'><strong>(Vrsas.</strong></span> <span class='ocrx_word' id='word_1_814' title='bbox 3402 4404 3514 4478; x_wconf 80' lang='grc'><strong>15.)</strong></span> 
     </span>
    </p>
   </div>
   <div class='ocr_carea' id='block_1_105' title="bbox 1926 4491 3511 4567">
    <p class='ocr_par' dir='ltr' id='par_1_105' title="bbox 1926 4491 3511 4567">
     <span class='ocr_line' id='line_1_105' title="bbox 1926 4491 3511 4567; baseline 0.002 -21"><span class='ocrx_word' id='word_1_815' title='bbox 1926 4491 2216 4546; x_wconf 88' lang='lat' dir='ltr'><strong>Teneamus</strong></span> <span class='ocrx_word' id='word_1_816' title='bbox 2249 4491 2647 4562; x_wconf 83' lang='lat' dir='ltr'><strong>confessionem.</strong></span> <span class='ocrx_word' id='word_1_817' title='bbox 2698 4492 2821 4548; x_wconf 87' lang='lat' dir='ltr'><strong>Non</strong></span> <span class='ocrx_word' id='word_1_818' title='bbox 2858 4494 2995 4548; x_wconf 90' lang='lat' dir='ltr'><strong>enim</strong></span> <span class='ocrx_word' id='word_1_819' title='bbox 3020 4494 3271 4550; x_wconf 85' lang='lat' dir='ltr'><strong>habemus</strong></span> <span class='ocrx_word' id='word_1_820' title='bbox 3297 4497 3511 4567; x_wconf 86' lang='lat' dir='ltr'><strong>pontiﬁ-</strong></span> 
     </span>
    </p>
   </div>
   <div class='ocr_carea' id='block_1_106' title="bbox 1925 4584 3509 4656">
    <p class='ocr_par' dir='ltr' id='par_1_106' title="bbox 1925 4584 3509 4656">
     <span class='ocr_line' id='line_1_106' title="bbox 1925 4584 3509 4656; baseline 0.004 -19"><span class='ocrx_word' id='word_1_821' title='bbox 1925 4601 2066 4649; x_wconf 88' lang='lat' dir='ltr'><strong>cem,</strong></span> <span class='ocrx_word' id='word_1_822' title='bbox 2095 4585 2186 4654; x_wconf 88' lang='lat' dir='ltr'><strong>qui</strong></span> <span class='ocrx_word' id='word_1_823' title='bbox 2235 4600 2337 4638; x_wconf 88' lang='lat' dir='ltr'><strong>non</strong></span> <span class='ocrx_word' id='word_1_824' title='bbox 2379 4584 2542 4654; x_wconf 88' lang='lat' dir='ltr'><strong>possit</strong></span> <span class='ocrx_word' id='word_1_825' title='bbox 2585 4586 2813 4656; x_wconf 87' lang='lat' dir='ltr'><strong>compati</strong></span> <span class='ocrx_word' id='word_1_826' title='bbox 2856 4584 3252 4654; x_wconf 86' lang='lat' dir='ltr'><strong>inﬁrmitatibus</strong></span> <span class='ocrx_word' id='word_1_827' title='bbox 3298 4590 3509 4646; x_wconf 89' lang='lat' dir='ltr'><strong>nostris.</strong></span> 
     </span>
    </p>
   </div>
   <div class='ocr_carea' id='block_1_107' title="bbox 1925 4677 3509 4751">
    <p class='ocr_par' dir='ltr' id='par_1_107' title="bbox 1925 4677 3509 4751">
     <span class='ocr_line' id='line_1_107' title="bbox 1925 4677 3509 4751; baseline 0.006 -21"><span class='ocrx_word' id='word_1_828' title='bbox 1925 4678 2151 4746; x_wconf 86' lang='lat' dir='ltr'><strong>Qualem</strong></span> <span class='ocrx_word' id='word_1_829' title='bbox 2177 4678 2571 4733; x_wconf 87' lang='lat' dir='ltr'><strong>confessionem</strong></span> <span class='ocrx_word' id='word_1_830' title='bbox 2600 4679 2765 4733; x_wconf 87' lang='lat' dir='ltr'><strong>dicit?</strong></span> <span class='ocrx_word' id='word_1_831' title='bbox 2789 4677 3052 4746; x_wconf 84' lang='lat' dir='ltr'><strong>Quoniam</strong></span> <span class='ocrx_word' id='word_1_832' title='bbox 3079 4679 3249 4737; x_wconf 90' lang='lat' dir='ltr'><strong>Filius</strong></span> <span class='ocrx_word' id='word_1_833' title='bbox 3271 4681 3366 4738; x_wconf 88' lang='lat' dir='ltr'><strong>Dei</strong></span> <span class='ocrx_word' id='word_1_834' title='bbox 3392 4692 3509 4751; x_wconf 92' lang='lat' dir='ltr'><strong>est;</strong></span> 
     </span>
    </p>
   </div>
   <div class='ocr_carea' id='block_1_108' title="bbox 1924 4767 3513 4841">
    <p class='ocr_par' dir='ltr' id='par_1_108' title="bbox 1924 4767 3513 4841">
     <span class='ocr_line' id='line_1_108' title="bbox 1924 4767 3513 4841; baseline 0.005 -21"><span class='ocrx_word' id='word_1_835' title='bbox 1924 4769 2181 4838; x_wconf 89' lang='lat' dir='ltr'><strong>quoniam</strong></span> <span class='ocrx_word' id='word_1_836' title='bbox 2214 4767 2462 4823; x_wconf 86' lang='lat' dir='ltr'><strong>Christus</strong></span> <span class='ocrx_word' id='word_1_837' title='bbox 2484 4768 2626 4823; x_wconf 92' lang='lat' dir='ltr'><strong>Deus</strong></span> <span class='ocrx_word' id='word_1_838' title='bbox 2659 4776 2770 4834; x_wconf 89' lang='lat' dir='ltr'><strong>est;</strong></span> <span class='ocrx_word' id='word_1_839' title='bbox 2796 4769 3050 4838; x_wconf 90' lang='lat' dir='ltr'><strong>quoniam</strong></span> <span class='ocrx_word' id='word_1_840' title='bbox 3075 4786 3266 4841; x_wconf 90' lang='lat' dir='ltr'><strong>passus</strong></span> <span class='ocrx_word' id='word_1_841' title='bbox 3297 4782 3402 4838; x_wconf 91' lang='lat' dir='ltr'><strong>est,</strong></span> <span class='ocrx_word' id='word_1_842' title='bbox 3428 4787 3513 4828; x_wconf 86' lang='lat' dir='ltr'><strong>se-</strong></span> 
     </span>
    </p>
   </div>
   <div class='ocr_carea' id='block_1_109' title="bbox 1922 4859 3505 4931">
    <p class='ocr_par' dir='ltr' id='par_1_109' title="bbox 1922 4859 3505 4931">
     <span class='ocr_line' id='line_1_109' title="bbox 1922 4859 3505 4931; baseline 0.004 -18"><span class='ocrx_word' id='word_1_843' title='bbox 1922 4861 2102 4931; x_wconf 91' lang='lat' dir='ltr'><strong>pultus</strong></span> <span class='ocrx_word' id='word_1_844' title='bbox 2126 4865 2231 4925; x_wconf 90' lang='lat' dir='ltr'><strong>est,</strong></span> <span class='ocrx_word' id='word_1_845' title='bbox 2259 4859 2557 4914; x_wconf 83' lang='lat' dir='ltr'><strong>resurrexit</strong></span> <span class='ocrx_word' id='word_1_846' title='bbox 2585 4859 2743 4914; x_wconf 84' lang='lat' dir='ltr'><strong>tertia</strong></span> <span class='ocrx_word' id='word_1_847' title='bbox 2774 4860 2888 4925; x_wconf 93' lang='lat' dir='ltr'><strong>die,</strong></span> <span class='ocrx_word' id='word_1_848' title='bbox 2917 4862 3161 4918; x_wconf 90' lang='lat' dir='ltr'><strong>ascendit</strong></span> <span class='ocrx_word' id='word_1_849' title='bbox 3195 4864 3251 4917; x_wconf 91' lang='lat' dir='ltr'><strong>in</strong></span> <span class='ocrx_word' id='word_1_850' title='bbox 3289 4863 3505 4930; x_wconf 78' lang='lat' dir='ltr'><strong>cmlum,</strong></span> 
     </span>
    </p>
   </div>
   <div class='ocr_carea' id='block_1_110' title="bbox 1922 4951 3510 5026">
    <p class='ocr_par' dir='ltr' id='par_1_110' title="bbox 1922 4951 3510 5026">
     <span class='ocr_line' id='line_1_110' title="bbox 1922 4951 3510 5026; baseline 0.003 -18"><span class='ocrx_word' id='word_1_851' title='bbox 1922 4953 2073 5008; x_wconf 88' lang='lat' dir='ltr'><strong>sedet</strong></span> <span class='ocrx_word' id='word_1_852' title='bbox 2095 4952 2160 5007; x_wconf 91' lang='lat' dir='ltr'><strong>ad</strong></span> <span class='ocrx_word' id='word_1_853' title='bbox 2186 4952 2465 5006; x_wconf 80' lang='lat' dir='ltr'><strong>dexteram</strong></span> <span class='ocrx_word' id='word_1_854' title='bbox 2485 4951 2582 5006; x_wconf 89' lang='lat' dir='ltr'><strong>Dei</strong></span> <span class='ocrx_word' id='word_1_855' title='bbox 2605 4951 2802 5019; x_wconf 87' lang='lat' dir='ltr'><strong>Patris,</strong></span> <span class='ocrx_word' id='word_1_856' title='bbox 2837 4952 2960 5010; x_wconf 92' lang='lat' dir='ltr'><strong>inde</strong></span> <span class='ocrx_word' id='word_1_857' title='bbox 2989 4963 3249 5010; x_wconf 89' lang='lat' dir='ltr'><strong>venturus</strong></span> <span class='ocrx_word' id='word_1_858' title='bbox 3264 4954 3510 5026; x_wconf 77' lang='lat' dir='ltr'><strong>judicare</strong></span> 
     </span>
    </p>
   </div>
   <div class='ocr_carea' id='block_1_111' title="bbox 1926 5045 3504 5116">
    <p class='ocr_par' dir='ltr' id='par_1_111' title="bbox 1926 5045 3504 5116">
     <span class='ocr_line' id='line_1_111' title="bbox 1926 5045 3504 5116; baseline 0.003 -17"><span class='ocrx_word' id='word_1_859' title='bbox 1926 5045 2080 5100; x_wconf 86' lang='lat' dir='ltr'><strong>vivos</strong></span> <span class='ocrx_word' id='word_1_860' title='bbox 2119 5051 2175 5100; x_wconf 87' lang='lat' dir='ltr'><strong>et</strong></span> <span class='ocrx_word' id='word_1_861' title='bbox 2202 5052 2474 5110; x_wconf 87' lang='lat' dir='ltr'><strong>mortuos;</strong></span> <span class='ocrx_word' id='word_1_862' title='bbox 2518 5059 2616 5114; x_wconf 92' lang='lat' dir='ltr'><strong>per</strong></span> <span class='ocrx_word' id='word_1_863' title='bbox 2643 5060 2803 5116; x_wconf 89' lang='lat' dir='ltr'><strong>quem</strong></span> <span class='ocrx_word' id='word_1_864' title='bbox 2829 5047 3010 5102; x_wconf 92' lang='lat' dir='ltr'><strong>omnia</strong></span> <span class='ocrx_word' id='word_1_865' title='bbox 3050 5046 3191 5102; x_wconf 88' lang='lat' dir='ltr'><strong>bona</strong></span> <span class='ocrx_word' id='word_1_866' title='bbox 3226 5047 3504 5114; x_wconf 89' lang='lat' dir='ltr'><strong>habemus,</strong></span> 
     </span>
    </p>
   </div>
   <div class='ocr_carea' id='block_1_112' title="bbox 1925 5138 3508 5210">
    <p class='ocr_par' dir='ltr' id='par_1_112' title="bbox 1925 5138 3508 5210">
     <span class='ocr_line' id='line_1_112' title="bbox 1925 5138 3508 5210; baseline 0.004 -16"><span class='ocrx_word' id='word_1_867' title='bbox 1925 5138 2368 5210; x_wconf 88' lang='lat' dir='ltr'><strong>redemptionem,</strong></span> <span class='ocrx_word' id='word_1_868' title='bbox 2400 5140 2870 5207; x_wconf 77' lang='lat' dir='ltr'><strong>resurrectionem,</strong></span> <span class='ocrx_word' id='word_1_869' title='bbox 2898 5140 3264 5198; x_wconf 64' lang='lat' dir='ltr'><strong>haereditatem</strong></span> <span class='ocrx_word' id='word_1_870' title='bbox 3291 5158 3412 5198; x_wconf 92' lang='lat' dir='ltr'><strong>cum</strong></span> <span class='ocrx_word' id='word_1_871' title='bbox 3442 5158 3508 5201; x_wconf 87' lang='lat' dir='ltr'><strong>eo</strong></span> 
     </span>
    </p>
   </div>
   <div class='ocr_carea' id='block_1_113' title="bbox 1926 5226 3504 5298">
    <p class='ocr_par' dir='ltr' id='par_1_113' title="bbox 1926 5226 3504 5298">
     <span class='ocr_line' id='line_1_113' title="bbox 1926 5226 3504 5298; baseline 0.005 -16"><span class='ocrx_word' id='word_1_872' title='bbox 1926 5227 2331 5298; x_wconf 88' lang='lat' dir='ltr'><strong>sempiternam.</strong></span> <span class='ocrx_word' id='word_1_873' title='bbox 2363 5226 2489 5283; x_wconf 79' lang='lat' dir='ltr'><strong>Haec</strong></span> <span class='ocrx_word' id='word_1_874' title='bbox 2513 5230 2886 5286; x_wconf 86' lang='lat' dir='ltr'><strong>conliteamur.</strong></span> <span class='ocrx_word' id='word_1_875' title='bbox 2919 5230 3055 5298; x_wconf 85' lang='lat' dir='ltr'><strong>Quia</strong></span> <span class='ocrx_word' id='word_1_876' title='bbox 3078 5247 3208 5288; x_wconf 91' lang='lat' dir='ltr'><strong>vero</strong></span> <span class='ocrx_word' id='word_1_877' title='bbox 3231 5233 3348 5289; x_wconf 66' lang='lat' dir='ltr'><strong>haec</strong></span> <span class='ocrx_word' id='word_1_878' title='bbox 3377 5250 3504 5292; x_wconf 87' lang='lat' dir='ltr'><strong>vera</strong></span> 
     </span>
    </p>
   </div>
   <div class='ocr_carea' id='block_1_114' title="bbox 1925 5320 3507 5399">
    <p class='ocr_par' dir='ltr' id='par_1_114' title="bbox 1925 5320 3507 5399">
     <span class='ocr_line' id='line_1_114' title="bbox 1925 5320 3507 5399; baseline 0.006 -23"><span class='ocrx_word' id='word_1_879' title='bbox 1925 5328 2052 5376; x_wconf 89' lang='lat' dir='ltr'><strong>sunt</strong></span> <span class='ocrx_word' id='word_1_880' title='bbox 2092 5320 2534 5377; x_wconf 89' lang='lat' dir='ltr'><strong>manifestissime</strong></span> <span class='ocrx_word' id='word_1_881' title='bbox 2579 5321 2752 5395; x_wconf 90' lang='lat' dir='ltr'><strong>[Leg.,</strong></span> <span class='ocrx_word' id='word_1_882' title='bbox 2788 5323 3130 5380; x_wconf 88' lang='lat' dir='ltr'><strong>manifestum</strong></span> <span class='ocrx_word' id='word_1_883' title='bbox 3173 5326 3277 5399; x_wconf 81' lang='lat' dir='ltr'><strong>est]</strong></span> <span class='ocrx_word' id='word_1_884' title='bbox 3327 5342 3395 5383; x_wconf 79' lang='lat' dir='ltr'><strong>ex</strong></span> <span class='ocrx_word' id='word_1_885' title='bbox 3440 5343 3507 5385; x_wconf 92' lang='lat' dir='ltr'><strong>eo</strong></span> 
     </span>
    </p>
   </div>
   <div class='ocr_carea' id='block_1_115' title="bbox 1924 5409 3506 5480">
    <p class='ocr_par' dir='ltr' id='par_1_115' title="bbox 1924 5409 3506 5480">
     <span class='ocr_line' id='line_1_115' title="bbox 1924 5409 3506 5480; baseline 0.006 -16"><span class='ocrx_word' id='word_1_886' title='bbox 1924 5410 2067 5480; x_wconf 89' lang='lat' dir='ltr'><strong>quod</strong></span> <span class='ocrx_word' id='word_1_887' title='bbox 2090 5409 2333 5480; x_wconf 82' lang='lat' dir='ltr'><strong>pontifex</strong></span> <span class='ocrx_word' id='word_1_888' title='bbox 2359 5420 2459 5476; x_wconf 91' lang='lat' dir='ltr'><strong>est,</strong></span> <span class='ocrx_word' id='word_1_889' title='bbox 2492 5413 2546 5466; x_wconf 92' lang='lat' dir='ltr'><strong>in</strong></span> <span class='ocrx_word' id='word_1_890' title='bbox 2575 5412 2832 5468; x_wconf 89' lang='lat' dir='ltr'><strong>interiora</strong></span> <span class='ocrx_word' id='word_1_891' title='bbox 2856 5412 3140 5472; x_wconf 88' lang='lat' dir='ltr'><strong>velaminis</strong></span> <span class='ocrx_word' id='word_1_892' title='bbox 3179 5417 3506 5476; x_wconf 88' lang='lat' dir='ltr'><strong>constitutus</strong></span> 
     </span>
    </p>
   </div>
   <div class='ocr_carea' id='block_1_116' title="bbox 1923 5503 3507 5577">
    <p class='ocr_par' dir='ltr' id='par_1_116' title="bbox 1923 5503 3507 5577">
     <span class='ocr_line' id='line_1_116' title="bbox 1923 5503 3507 5577; baseline 0.008 -20"><span class='ocrx_word' id='word_1_893' title='bbox 1923 5503 2090 5558; x_wconf 89' lang='lat' dir='ltr'><strong>intrat</strong></span> <span class='ocrx_word' id='word_1_894' title='bbox 2109 5504 2164 5558; x_wconf 92' lang='lat' dir='ltr'><strong>in</strong></span> <span class='ocrx_word' id='word_1_895' title='bbox 2189 5504 2451 5574; x_wconf 89' lang='lat' dir='ltr'><strong>sanguine</strong></span> <span class='ocrx_word' id='word_1_896' title='bbox 2475 5520 2728 5577; x_wconf 89' lang='lat' dir='ltr'><strong>aspersus</strong></span> <span class='ocrx_word' id='word_1_897' title='bbox 2749 5506 2989 5576; x_wconf 90' lang='lat' dir='ltr'><strong>proprio,</strong></span> <span class='ocrx_word' id='word_1_898' title='bbox 3017 5522 3124 5564; x_wconf 91' lang='lat' dir='ltr'><strong>non</strong></span> <span class='ocrx_word' id='word_1_899' title='bbox 3145 5508 3342 5575; x_wconf 90' lang='lat' dir='ltr'><strong>alieno,</strong></span> <span class='ocrx_word' id='word_1_900' title='bbox 3367 5510 3507 5570; x_wconf 85' lang='lat' dir='ltr'><strong>sicut</strong></span> 
     </span>
    </p>
   </div>
   <div class='ocr_carea' id='block_1_117' title="bbox 1921 5600 3504 5680">
    <p class='ocr_par' dir='ltr' id='par_1_117' title="bbox 1921 5600 3504 5680">
     <span class='ocr_line' id='line_1_117' title="bbox 1921 5600 3504 5680; baseline 0.004 -27"><span class='ocrx_word' id='word_1_901' title='bbox 1921 5600 2205 5680; x_wconf 80' lang='lat' dir='ltr'><strong>pontiﬁces</strong></span> <span class='ocrx_word' id='word_1_902' title='bbox 2224 5601 2454 5671; x_wconf 90' lang='lat' dir='ltr'><strong>priores,</strong></span> <span class='ocrx_word' id='word_1_903' title='bbox 2479 5601 2570 5671; x_wconf 88' lang='lat' dir='ltr'><strong>qui</strong></span> <span class='ocrx_word' id='word_1_904' title='bbox 2598 5600 2858 5671; x_wconf 84' lang='lat' dir='ltr'><strong>sanguine</strong></span> <span class='ocrx_word' id='word_1_905' title='bbox 2896 5618 3073 5659; x_wconf 74' lang='lat' dir='ltr'><strong>vacca-</strong></span> <span class='ocrx_word' id='word_1_906' title='bbox 3098 5601 3232 5660; x_wconf 73' lang='lat' dir='ltr'><strong>rufae</strong></span> <span class='ocrx_word' id='word_1_907' title='bbox 3258 5618 3504 5677; x_wconf 87' lang='lat' dir='ltr'><strong>asperge-</strong></span> 
     </span>
    </p>
   </div>
   <div class='ocr_carea' id='block_1_118' title="bbox 1919 5694 3504 5768">
    <p class='ocr_par' dir='ltr' id='par_1_118' title="bbox 1919 5694 3504 5768">
     <span class='ocr_line' id='line_1_118' title="bbox 1919 5694 3504 5768; baseline 0.001 -16"><span class='ocrx_word' id='word_1_908' title='bbox 1919 5697 2134 5752; x_wconf 87' lang='lat' dir='ltr'><strong>bantur.</strong></span> <span class='ocrx_word' id='word_1_909' title='bbox 2172 5695 2297 5751; x_wconf 90' lang='lat' dir='ltr'><strong>Non</strong></span> <span class='ocrx_word' id='word_1_910' title='bbox 2321 5697 2458 5750; x_wconf 89' lang='lat' dir='ltr'><strong>enim</strong></span> <span class='ocrx_word' id='word_1_911' title='bbox 2480 5694 2728 5749; x_wconf 85' lang='lat' dir='ltr'><strong>habemus</strong></span> <span class='ocrx_word' id='word_1_912' title='bbox 2755 5696 3070 5766; x_wconf 87' lang='lat' dir='ltr'><strong>pontiﬁcem,</strong></span> <span class='ocrx_word' id='word_1_913' title='bbox 3100 5699 3191 5768; x_wconf 92' lang='lat' dir='ltr'><strong>qui</strong></span> <span class='ocrx_word' id='word_1_914' title='bbox 3220 5714 3322 5752; x_wconf 92' lang='lat' dir='ltr'><strong>non</strong></span> <span class='ocrx_word' id='word_1_915' title='bbox 3341 5698 3504 5768; x_wconf 87' lang='lat' dir='ltr'><strong>possit</strong></span> 
     </span>
    </p>
   </div>
   <div class='ocr_carea' id='block_1_119' title="bbox 1919 5787 3504 5862">
    <p class='ocr_par' dir='ltr' id='par_1_119' title="bbox 1919 5787 3504 5862">
     <span class='ocr_line' id='line_1_119' title="bbox 1919 5787 3504 5862; baseline -0.002 -13"><span class='ocrx_word' id='word_1_916' title='bbox 1919 5793 2143 5862; x_wconf 86' lang='lat' dir='ltr'><strong>compati</strong></span> <span class='ocrx_word' id='word_1_917' title='bbox 2173 5788 2563 5860; x_wconf 86' lang='lat' dir='ltr'><strong>inﬁrmitatibus</strong></span> <span class='ocrx_word' id='word_1_918' title='bbox 2609 5789 2818 5846; x_wconf 81' lang='lat' dir='ltr'><strong>nostris.</strong></span> <span class='ocrx_word' id='word_1_919' title='bbox 2866 5787 3006 5856; x_wconf 81' lang='lat' dir='ltr'><strong>Non.</strong></span> <span class='ocrx_word' id='word_1_920' title='bbox 3053 5789 3247 5860; x_wconf 90' lang='lat' dir='ltr'><strong>inquit,</strong></span> <span class='ocrx_word' id='word_1_921' title='bbox 3292 5789 3504 5862; x_wconf 84' lang='lat' dir='ltr'><strong>ignorat</strong></span> 
     </span>
    </p>
   </div>
  </div>
