4088 6330
594 354 726 420 tota

1400 361 1459 415 Β.
1534 358 1597 417 F.
1636 357 1862 416 ALBINI
1892 357 2027 415 SEU
2064 354 2341 414 ALCUINI
2380 351 2664 414 OPERUM
2698 350 2879 408 PARS
2912 355 2974 412 ll.

3706 338 3859 410 Μ

588 494 708 552 quae
727 484 912 533 nostra
943 484 1099 545 sunt;
1136 474 1281 532 venit
1301 475 1444 530 enim
1466 489 1564 545 per
1588 474 1732 528 viam
1757 472 2008 526 humana:
2032 484 2161 525 con-
2186 473 2238 533 Α
2262 470 2353 540 qui
2380 469 2530 526 sedet
2557 466 2639 527 ini
2660 468 2861 525 throno
2896 468 3104 543 gratim.
3146 467 3305 538 Quod
3337 485 3469 529 vero
3500 476 3860 544 opportunis:

587 570 835 636 ditionis;
868 585 959 642 per
996 569 1169 624 omnia
1216 569 1326 622 sine
1365 578 1594 639 peccato,
1624 564 1759 621 nihil
1802 578 1986 620 secum
2029 560 2156 618 aﬂ‘e-

587 678 734 729 rens,
757 662 899 717 unde
929 662 1087 717 morti
1107 660 1317 717 debitor
1339 669 1503 727 esset,
1529 660 1669 716 sicut
1695 658 1810 730 ipse
1840 658 1894 712 in
1914 655 2156 727 Evange-

572 753 660 808 1io
678 761 908 809 testatur
935 753 1119 809 dicens
1142 770 1155 807 :
1180 749 1331 808 Venit
1352 753 1488 807 enim
1504 754 1741 825 princeps
1766 750 1924 821 hujus
1948 748 2153 815 mundi,

585 855 632 898 et
656 845 714 899 in
747 860 827 898 me
852 858 957 899 non
978 844 1131 899 habet
1158 843 1441 918 quidquam
1466 843 1645 917 (Joan.
1676 859 1788 910 11v,
1817 841 1931 914 50).
1958 860 1979 893 ι
2006 841 2156 898 Multi

582 934 863 1005 pontiﬁces
886 936 1138 1009 ignorant
1175 951 1268 992 eos
1296 938 1387 1006 qui
1418 937 1472 991 in
1500 934 1935 991 tribulationibus
1961 934 2158 990 consti-

580 1027 683 1081 tuti
709 1035 850 1088 sunt,
874 1040 1051 1098 neque
1075 1043 1194 1099 quae
1213 1028 1282 1083 sit
1303 1028 1575 1083 tribulatio
1600 1027 1651 1081 in
1672 1027 1929 1097 quolibet,
1957 1026 2151 1080 sciunt.

572 1118 913 1189 impossibile
950 1120 1146 1191 quippe
1173 1125 1255 1174 est
1294 1118 1435 1174 scire
1480 1117 1796 1173 aﬂlictiones
1840 1116 2155 1172 delictorum

582 1205 815 1280 [Chrys.,
846 1204 1185 1283 afﬂictorum]
1210 1210 1258 1266 ei
1284 1209 1375 1281 qui
1398 1210 1822 1280 experimentum
1855 1206 2155 1263 aﬂlictionis

579 1314 687 1355 non
729 1299 943 1360 habuit.
976 1308 1032 1356 et
1066 1300 1394 1358 sensibiliter
1422 1301 1600 1356 omnia
1639 1300 1893 1355 sustinuit
1917 1295 2151 1372 [Chrgs.,

579 1402 689 1445 non
730 1388 1030 1463 sustinuit].
1078 1389 1326 1445 Pontifex
1371 1389 1517 1444 enim
1562 1396 1749 1444 uoster
1784 1394 2155 1459 competenter

578 1482 758 1536 omnia
781 1482 1054 1547 sustinuit,
1077 1467 1229 1552 »ήκω
1249 1481 1468 1536 fuerunt
1486 1481 1733 1535 humana:
1754 1480 1985 1534 miseria:
2002 1478 2152 1534 illata

568 1580 698 1641 «post
736 1580 1017 1641 peccatum
1049 1572 1208 1644 primi
1254 1570 1516 1638 hominis;
1544 1578 1601 1626 et
1638 1578 1767 1627 tunc
1802 1572 1863 1626 in
1895 1570 2152 1626 interiora

570 1661 875 1726 velaminis,
905 1662 974 1717 ad
1000 1662 1252 1718 thronum
1279 1671 1519 1733 paternae
1544 1662 1845 1734 maiestatis
1884 1662 2148 1718 ascendit.

579 1749 852 1807 Tentatum
887 1761 1059 1808 autem
1103 1768 1197 1825 per
1225 1755 1399 1809 omnia
1434 1771 1544 1826 pro
1588 1752 1934 1809 simiiitudine
1975 1755 2151 1808 carnis

577 1842 769 1921 absque
806 1850 1034 1914 peccato.
1087 1822 1348 1899 Teutalus
1390 1822 1657 1913 siquidem
1690 1843 1916 1899 diversis
1952 1844 2149 1907 modis,
2167 1822 2231 1921 ΑΒ

577 1933 670 1987 sed
696 1917 801 1988 non
830 1944 1143 2005 superatus;
1172 1936 1228 1990 in
1252 1935 1690 1992 tribulationibus
1727 1936 2006 2008 probatus,
2033 1917 2180 1994 ubi:

578 2040 683 2095 que
716 2026 889 2083 victor
915 2029 1196 2099 gloriosus.
1225 2030 1472 2087 Tentatus
1494 2040 1579 2088 est
1597 2032 1862 2103 siquidem
1888 2049 1982 2104 pro
2006 2034 2154 2090 simi-

568 2115 796 2173 iitudine
833 2122 1007 2176 carnis
1032 2122 1223 2194 absque
1249 2121 1416 2194 678
1456 2134 1685 2194 peccato.
1734 2125 2151 2182 Similitudiuem

564 2208 757 2280 itaque
780 2211 962 2269 carnis
992 2214 1196 2284 peccati
1228 2214 1445 2279 habuit;
1476 2232 1597 2287 quae
1635 2223 1814 2273 tamen
1854 2233 1983 2274 caro
2010 2217 2153 2276 illius

576 2303 781 2373 absque
820 2306 966 2360 omni
993 2315 1214 2376 peccato
1238 2303 1359 2363 fuit.
1388 2306 1515 2364 Haec
1536 2315 1622 2364 est
1646 2311 1873 2365 teutatio
1896 2326 2001 2381 qua
2028 2319 2150 2367 ten-

576 2400 719 2448 tatus
744 2401 823 2449 est
849 2412 863 2449 :
890 2412 910 2445 ‹
933 2397 1365 2467 persecutionem
1400 2396 1765 2468 plurimorum
1806 2414 2000 2470 passus
2043 2410 2147 2468 est,

576 2494 730 2555 Sputa
758 2486 1012 2557 suscepit,
1030 2495 1314 2544 accusatus
1332 2494 1439 2555 est,
1464 2488 1851 2545 detractionem
1874 2490 2148 2558 sustinuit,

502 2558 509 2573 ’
574 2576 869 2633 calumnias
904 2590 1095 2649 passus
1128 2587 1241 2647 est,
1270 2578 1515 2651 repulsus
1554 2588 1641 2637 est
1664 2596 1693 2636 a
1718 2584 1937 2653 propria
1968 2592 2147 2654 gente,

565 2668 631 2722 in
654 2668 816 2724 finem
845 2669 1133 2727 crucifixus
1157 2678 1259 2728 est.
1296 2669 1465 2727 Juxta
1506 2674 1922 2741 similitudinem,
1951 2676 2147 2746 inquit,

566 2760 686 2813 sine
720 2770 956 2830 peccato.
998 2762 1137 2818 Dum
1175 2762 1325 2829 dicit,
1350 2765 1408 2818 in
1445 2764 1788 2821 simititudine
1822 2769 2017 2835 carnis,
2046 2768 2149 2823 hoc

578 2866 683 2904 non
709 2852 878 2920 dicit,
904 2855 1033 2924 quia
1059 2854 1353 2912 similitudo
1378 2855 1559 2913 carnis
1583 2840 1763 2913 fuitin
1788 2872 1869 2924 eo,
1902 2860 1995 2915 sed
2023 2861 2149 2931 quia

572 2959 790 3002 carnem
820 2949 1056 3020 suscepit
1081 2964 1284 3006 veram.
1324 2950 1506 3019 Quare
1542 2966 1671 3024 ergo
1694 2951 1845 3018 dixit,
1868 2952 1930 3007 in
1958 2952 2148 3007 simili—

572 3036 753 3091 tudine
776 3038 952 3093 carnis
962 3038 996 3094 γ
1008 3037 1215 3096 Natura
1239 3056 1368 3097 vera
1390 3057 1551 3112 quam
1574 3041 1829 3113 suscepit,
1851 3040 2043 3098 similis
2062 3050 2150 3099 est

571 3129 968 3196 camilnostraa;
990 3140 1213 3202 peccata
1237 3147 1367 3190 vero
1384 3147 1728 3205 nequaquam
1744 3132 2001 3200 habuit,
2028 3148 2149 3204 qua!

568 3227 757 3275 nostra
799 3235 928 3277 caro
950 3223 1022 3279 de
1056 3223 1380 3294 parentibus
1420 3225 1719 3292 contraxit;
1761 3225 1887 3295 quia
1908 3225 2022 3280 tale
2040 3224 2148 3281 fuit
2169 3205 2224 3277 Β

568 3310 830 3382 originale
868 3320 1146 3382 peceatum
1174 3314 1228 3368 in
1268 3315 1615 3386 earneprimi
1658 3315 1913 3381 hominis,
1938 3323 1998 3370 ut
2020 3315 2150 3372 inde

570 3410 625 3457 et
646 3410 807 3474 pinna
842 3405 1218 3461 etremedium
1243 3404 1360 3462 fieri
1383 3407 1669 3478 potuisset.
1693 3405 1860 3463 Paene
1881 3415 1936 3462 et
1954 3416 2151 3478 recen-

564 3501 687 3548 tum
720 3493 784 3549 'iu
806 3494 959 3549 muni
976 3495 1221 3552 humano
1240 3508 1444 3568 genere
1461 3537 1476 3563 ,
1504 3504 1706 3568 praeter
1734 3498 1795 3552 iu
1818 3497 2060 3566 Christo,
2091 3500 2148 3556 in

564 3596 679 3655 quo
704 3586 819 3642 solo
844 3587 1065 3643 salus'et
1099 3590 1395 3645 remedium
1418 3588 1538 3645 fuit.
1571 3589 1688 3645 Non
1714 3590 1860 3646 enim
1891 3593 2146 3664 praeiudi-

568 3686 691 3734 cata
722 3689 807 3736 est
826 3684 1253 3753 curepeccatrix
1279 3725 1295 3751 ,
1320 3692 1381 3739 ut
1406 3684 1529 3740 inde
1554 3685 1851 3740 remedium
1882 3686 1999 3741 fieri
2038 3698 2148 3743 non

570 3773 853 3844 potuisset.
876 3774 1206 3833 Priesciebat
1222 3777 1465 3848 potentia
1484 3776 1606 3845 Dei,
1623 3777 1854 3847 qualiter
1866 3792 1937 3834 ex
1958 3779 2148 3835 eadem

568 3878 746 3920 massa
770 3865 1013 3935 iustitiae,
1041 3866 1310 3938 aequitatis
1335 3875 1391 3924 et
1413 3868 1798 3925 misericordiae
1818 3869 1995 3941 pietas
2017 3883 2146 3940 pro-

568 3962 753 4018 venire
776 3964 1044 4034 potuisset

649 4072 803 4129 iens.
834 4073 1274 4137 iii—Adeamus
1295 4094 1418 4151 ergo
1443 4095 1560 4134 cum
1576 4077 1786 4157 ﬁducia
1809 4080 1878 4136 ad
1902 4081 2144 4136 thronum

568 4168 772 4238 gratim,
810 4177 864 4222 ut
884 4170 1301 4231 misericordiam
1328 4187 1722 4245 consequamur,
1749 4184 1796 4229 et
1822 4177 2046 4245 gratiam
2067 4176 2148 4231 in-

569 4261 835 4316 veniamus
878 4261 935 4323 in
975 4261 1175 4318 auxilio
1208 4274 1518 4336 opportuno.
1565 4266 1827 4322 Adeamus
1859 4285 1979 4341 ergo
2028 4285 2146 4323 cum

568 4357 782 4429 ﬁducia,
809 4360 914 4417 hoc
937 4367 1044 4428 est,
1073 4362 1330 4417 adeamus
1346 4374 1446 4437 per
1472 4361 1632 4417 fidem
1651 4363 1717 4421 ad
1743 4362 1998 4417 thronum
2024 4379 2149 4436 gra-

568 4452 658 4507 tiae
700 4453 838 4523 ejus,
868 4454 1182 4521 habeamus,
1211 4455 1456 4523 quamvis
1480 4463 1798 4527 peccatores
1830 4456 2023 4521 simus,
2048 4468 2142 4511 ι...

569 4557 668 4612 per
692 4540 806 4609 ejus
835 4544 1065 4613 gratiam
1093 4557 1414 4614 recuperare
1438 4559 1620 4619 posse,
1650 4545 1694 4599 Si
1722 4552 1903 4600 tamen
1941 4544 2147 4602 fructus
2172 4571 2227 4633 Β
2247 4572 2347 4629 pro
2364 4557 2674 4614 hominibus
2722 4557 2971 4630 interpell

2255 561 2430 618 factus
2453 569 2538 639 est
2562 576 2664 634 pro
2691 561 2880 631 nobis,
2923 576 3176 637 magnum
3229 571 3313 622 est
3338 564 3661 623 humilitatis
3700 567 3849 624 indi-

2255 653 2424 721 cium,
2455 669 2618 725 quam
2643 669 2710 710 ex
2726 661 2911 710 nostra
2938 655 3175 726 suscepit
3190 663 3420 724 natura;
3450 673 3558 713 non
3582 673 3699 713 sua:
3720 660 3850 715 sub-

2255 745 2493 812 stantias,
2515 761 2678 817 quam
2704 746 2869 801 habet
2917 746 3316 816 triumphaliter
3339 762 3465 804 cum
3499 747 3711 818 Patre,
3760 752 3848 809 cui

2254 850 2357 891 nos
2372 830 2537 893 ﬁdem
2566 852 2691 894 cum
2711 836 2908 894 fiducia
2934 838 3194 895 bonitatis
3230 854 3341 896 suae
3366 839 3694 911 aderamus,
3745 844 3849 903 hoc

2254 936 2556 999 opportuno
2573 936 2837 1001 tempore,
2859 942 2982 985 cum
3019 929 3170 986 sedet
3195 931 3249 987 in
3287 933 3475 1004 gratiae
3494 935 3699 992 throno
3727 976 3745 1002 ,
3797 944 3849 992 et

2253 1021 2435 1076 omnia
2459 1022 2648 1077 tribuit
2675 1036 2795 1093 quae
2832 1021 2987 1077 nobis
3022 1022 3091 1078 ad
3138 1021 3366 1080 salutem
3395 1028 3689 1096 provenire
3731 1042 3847 1084 cerL

2254 1113 2522 1169 tissimum
2545 1121 2645 1170 est.
2674 1133 2693 1167 ι
2722 1113 2879 1171 Modo
2900 1123 3110 1186 tempus
3130 1124 3213 1171 est
3246 1118 3539 1185 donorum;
3573 1132 3743 1175 nemo
3772 1122 3838 1177 de

2254 1202 2432 1272 seipso
2454 1204 2723 1274 desperet.
2753 1224 2773 1258 δ
2802 1204 3109 1261 Timeamus
3130 1207 3381 1262 thronum
3404 1209 3683 1280 aequitatis
3708 1210 3843 1281 ejus,

2253 1310 2376 1351 cum
2414 1297 2627 1354 venerit
2652 1295 2947 1367 diiudicare
2970 1300 3151 1356 omnia
3187 1301 3479 1356 secundum
3525 1303 3840 1373 justitiam:

2251 1395 2308 1443 et
2330 1394 2463 1443 tunc
2505 1389 2611 1444 erit
2656 1388 3048 1460 desperationis
3090 1400 3301 1462 tempus
3348 1407 3497 1448 nunc
3534 1394 3845 1451 nolentibus

2214 1544 2221 1549 η
2250 1478 2494 1533 converti
2530 1479 2598 1533 ad
2623 1480 2804 1535 sedem
2835 1481 3043 1553 gratiae,
3072 1496 3196 1537 cum
3248 1482 3517 1539 thalamus
3539 1485 3651 1539 erit
3697 1485 3841 1539 clau-

2251 1583 2365 1635 sus,
2390 1577 2706 1642 tantumque
2744 1586 2868 1628 cum
2918 1588 3116 1643 sponso
3143 1584 3445 1643 remanent,
3468 1576 3562 1647 qui
3600 1576 3842 1634 lucentes

2248 1661 2407 1718 bonis
2431 1664 2686 1734 operibus
2722 1663 3210 1737 ferent'lampades.

2325 1894 2488 1952 Vsus.
2516 1895 2574 1949 t.
2598 1923 2671 1941 η-
2692 1893 2877 1957 om
2904 1911 3136 1968 eam
3166 1894 3410 1966 ροηιῦίιε
3430 1911 3502 1955 σε
3540 1895 3841 1951 unum

2252 1997 2577 2060 assuntpm,
2595 2004 2691 2059 pre
2702 1987 3003 2047 hominum
3390 1988 3546 2044 illis
3564 2006 3687 2061 quc
3705 1998 3841 2047 sunt

2251 2078 2325 2134 ad
2349 2078 2538 2135 Deum.
2564 2097 2588 2132 ι
2624 2077 3053 2157 γυιωειοηύθιζθ
3083 2079 3197 2150 jam
3240 2080 3439 2139 beatus
3470 2078 3840 2151 Padusque-

2253 2171 2833 2231 medomultometius
2874 2179 2960 2232 est
2992 2174 3492 2235 Mentiar-hoc
3522 2188 3689 2244 eam
3714 2189 3827 2237 ive-

2254 2272 2367 2331 tus,
2396 2264 2521 2335 quia
2549 2263 2685 2323 nihil
2732 2263 2895 2325 estin
2930 2264 3036 2321 hoc
3076 2263 3481 2336 imaginarium,
3508 2282 3530 2316 ι
3554 2272 3617 2326 ut
3652 2271 3831 2334 puta,

2255 2369 2366 2411 non
2396 2354 2655 2425 templum
2682 2344 2983 2425 corporale,
3000 2369 3113 2415 mn
3130 2355 3372 2413 victima
3392 2355 3679 2423 carnales.
3727 2371 3839 2415 nan

2232 2444 2657 2504 'observationes
2690 2446 2913 2516 legales,
2938 2447 3032 2502 sed
3069 2447 3263 2505 altiora
3284 2455 3343 2503 et
3368 2445 3697 2517 perfection
3725 2462 3839 2502 oin-

2254 2536 2369 2604 uia,
2398 2537 2524 2608 quia
2562 2544 2734 2594 totum
2768 2537 3031 2609 quidquid
3077 2545 3161 2594 est
3194 2539 3254 2594 in
3291 2538 3623 2610 spiritalibus
3671 2537 3840 2609 huius

2257 2629 2561 2685 testamenti
2588 2629 2730 2689 ratio
2752 2637 2855 2693 est.
2889 2628 2997 2686 Sed
3023 2631 3153 2700 quia
3190 2630 3469 2701 spiritalia
3513 2645 3622 2687 non
3649 2631 3734 2686 sic
3758 2631 3833 2686 il-

2254 2720 2546 2779 troduouut
2566 2721 2832 2790 inﬁrmos,
2856 2722 2999 2781 sicut
3032 2721 3844 2797 corporaﬁa,ade.moralihus

2253 2813 2400 2869 enim
2431 2813 2727 2884 incipiebat
2775 2815 3050 2886 disputare
3099 2816 3283 2875 dicens
3321 2834 3337 2870 :
3394 2814 3581 2873 Gnatis
3612 2832 3844 2891 namque

2250 2904 2486 2974 pontifex
2514 2920 2583 2963 ex
2602 2904 2896 2967 horninibus
2925 2914 3245 2977 assumptus,
3266 2922 3364 2977 pro
3389 2905 3692 2963 hominibus
3714 2922 3840 2969 cen-

2251 2995 2505 3051 stituitur.
2530 2995 2729 3055 Debuit
2744 2997 2888 3052 enim
2912 3005 3148 3068 tempus,
3168 2999 3407 3069 primum
3428 3000 3570 3077 quid
3596 3000 3674 3057 sit
3700 3015 3844 3071 pon-

2252 3085 2409 3154 tifex,
2431 3094 2487 3142 et
2506 3087 2838 3145 demonstrat
2857 3103 2977 3159 quae
2996 3089 3307 3161 pertineant
3332 3090 3399 3146 ad
3420 3089 3769 3163 pontiﬁcem.
3781 3101 3836 3147 et

2251 3177 2383 3249 quid
2405 3178 2478 3241 sit
2500 3176 2619 3251 eius
2645 3178 3029 3245 ministerium,
3048 3186 3104 3234 et
3151 3194 3274 3253 qua
3296 3179 3406 3235 sint
3438 3180 3597 3250 signa
3616 3181 3840 3259 pontiﬁ-

2249 3277 2434 3334 catus;
2464 3267 2520 3324 id
2530 3275 2646 3336 .est,
2672 3277 2729 3324 ut
2748 3268 2942 3340 oﬁ‘eret
2991 3269 3130 3329 dona
3156 3279 3207 3324 et
3234 3268 3498 3339 sacriﬁcia
3517 3286 3624 3343 pro
3653 3287 3835 3341 pecca-

2248 3362 2338 3430 tis,
2364 3370 2417 3423 et
2436 3370 2493 3419 tu
2527 3360 2802 3418 condolere
2842 3362 3010 3433 possit
3043 3362 3123 3423 [iis
3143 3363 3234 3432 qui
3266 3364 3518 3439 ignorant
3544 3373 3602 3421 et
3626 3372 3842 3423 erraui

2247 3453 2496 3528 quoniam
2522 3463 2572 3509 et
2596 3455 2707 3525 ipse
2749 3454 3103 3513 circumdatus
3131 3463 3207 3510 est
3248 3454 3576 3524 inﬁrmitate.
3612 3472 3634 3506 ι
3675 3454 3845 3525 Opor-

2248 3545 2397 3615 iebat
2417 3547 2559 3602 enim
2575 3546 2643 3603 de
2658 3545 3045 3605 excellentibus
3063 3544 3292 3603 terrenis
3310 3543 3473 3603 fidem
3494 3546 3705 3612 facem,
3736 3565 3755 3598 ι
3781 3555 3840 3599 ut

2249 3633 2316 3691 ad
2333 3634 2723 3691 excellentiora
2770 3634 3033 3705 spiritalia
3076 3634 3362 3706 pervenire
3410 3636 3649 3705 possint,
3672 3643 3729 3689 es
3777 3642 3835 3689 ut

2248 3727 2577 3789 consuetudo
2601 3724 2774 3801 μεθ..
2796 3741 2830 3780 a
2852 3722 3142 3796 consueto]
3181 3726 3545 3783 sacerdotium
3567 3742 3726 3785 more
3749 3723 3844 3796 qui

2248 3815 2304 3873 in
2331 3816 2450 3895 lege
2473 3816 2594 3884 fuit,
2624 3817 2691 3874 ad
2711 3817 2892 3882 altius,
2907 3818 2959 3874 id
2987 3826 3071 3872 est
3097 3816 3315 3883 Christi,
3353 3814 3726 3874 sacerdotium
3748 3832 3840 3873 eos

2247 3912 2609 3983 perduceret,
2657 3912 2750 3983 qui
2795 3909 2972 3969 adhuc
3000 3909 3255 3971 inﬁrmati
3294 3909 3531 3971 fuerunt.
3594 3910 3671 3965 Et
3712 3926 3841 3982 pro-

2246 4011 2369 4074 pter
2408 4003 2631 4060 modum
2677 4002 2910 4060 carnalis
2958 4003 3231 4079 pontiﬁcis
3267 4004 3581 4060 introducit.
3612 4002 3841 4059 Pontiﬁ-

2248 4098 2329 4153 eis
2381 4096 2563 4167 itaque
2609 4095 2849 4153 ofﬁcium
2891 4105 2998 4163 est,
3051 4095 3194 4151 inter
3244 4095 3413 4152 Deum
3446 4106 3606 4157 ,stare
3664 4105 3840 4171 etpo-

2246 4189 2466 4259 pulum;
2519 4189 2687 4247 Deum
2742 4190 3019 4261 deprecari
3068 4203 3169 4261 pro
3210 4190 3396 4265 populi
3445 4190 3687 4248 delictis.
3723 4188 3837 4250 Hoc

2248 4283 2447 4339 etenim
2476 4282 2722 4339 Christus
2743 4281 2892 4350 fecit,
2922 4284 3159 4355 seipsum
3201 4281 3432 4340 offerens
3467 4300 3571 4356 pro
3594 4288 3843 4356 peccatis

2248 4375 2470 4443 nostris,
2498 4389 2712 4445 semper
2748 4375 2903 4431 vivus
2953 4375 3019 4432 ad
3052 4375 3503 4453 interpellandum
3540 4394 3651 4449 pro
3677 4381 3843 4463 579

2247 4465 2434 4532 nobis;
2465 4465 2631 4528 semel
2657 4465 2724 4520 ab
2759 4465 3075 4543 hominibﬂ
3115 4476 3445 4539 assumptus,
3476 4470 3576 4526 sed
3618 4487 3840 4543 semper

3172 4556 3357 4633 [Forte
3372 4601 3388 4627 ,
3432 4561 3834 4637 interpellans].

570 4632 760 4702 dignos
783 4630 1073 4693 fecerimus
1096 4633 1450 4704 pmnitentiae,
1478 4643 1531 4690 et
1552 4634 1709 4690 fidem
1739 4634 1948 4692 firmam
1978 4653 2147 4711 usque

2249 4648 2408 4706 Ponit
2425 4650 2518 4706 hic
2537 4648 2827 4720 Apostolus
2845 4651 3088 4719 quaedam
3113 4630 3420 4707 communia
3443 4630 3837 4721 cumﬁChn‘sto,

568 4725 625 4780 in
658 4723 819 4780 tinem
858 4727 1205 4782 retineamus.
1232 4726 1386 4783 Nunc
1423 4742 1584 4783 verus
1603 4727 1752 4784 sedet
1776 4729 2015 4801 pontifex
2045 4748 2147 4787 uo-

570 4823 683 4872 ster
704 4815 862 4875 Iesus
884 4814 1057 4875 Filius
1084 4820 1178 4875 Dei
1210 4820 1262 4875 in
1284 4821 1480 4876 throno
1500 4820 1706 4893 gratiae,
1732 4830 1952 4892 paratus
1974 4822 2148 4879 indul-

568 4918 696 4985 gere
713 4908 957 4979 peccatis
986 4909 1186 4964 nostris
1214 4910 1269 4967 in
1295 4909 1399 4966 hoc
1424 4920 1725 4980 opportuno
1753 4911 1969 4967 auxilio.
1994 4911 2147 4969 Nunc

568 5010 698 5053 vero
723 5007 1084 5073 opportunum
1114 5007 1322 5071 tempus
1357 5009 1439 5055 est
1459 5001 1644 5055 auxilii
1669 5010 1723 5056 et
1761 5002 2144 5060 misericordia:

570 5088 734 5155 illius,
764 5091 905 5146 sicut
924 5092 1026 5153 iste
1050 5090 1249 5146 Doctor
1269 5090 1514 5163 egregius
1537 5092 1642 5147 alio
1662 5091 1780 5148 loco
1809 5093 1944 5149 dixit
1973 5113 1984 5147 :
2010 5093 2145 5150 Ecce

570 5198 706 5238 nunc
730 5192 929 5258 tempus
947 5186 1281 5257 acceptabile,
1298 5202 1411 5240 ecce
1432 5202 1566 5240 nunc
1587 5186 1898 5242 dieasalutis
1917 5188 2003 5259 (II
2021 5186 2143 5245 Cor.

568 5292 645 5343 νι,
669 5276 747 5349 2).
776 5276 843 5334 Et
866 5280 1131 5350 propheta
1152 5280 1329 5339 multo
1360 5286 1484 5335 ante
1521 5279 1624 5335 hoc
1648 5281 1833 5337 auxilii
1861 5283 2148 5353 opportuni

572 5376 782 5438 tempus
804 5370 1136 5443 significans,
1161 5368 1431 5443 Tempore,
1448 5371 1639 5443 inquit,
1660 5382 1949 5444 opportuno
1972 5373 2151 5427 audiri

570 5464 649 5523 te,
669 5468 715 5511 et
744 5459 799 5513 in
824 5459 908 5514 die
934 5459 1119 5515 salutis
1142 5461 1321 5539 adjuvi
1350 5470 1397 5515 te
1421 5458 1602 5534 (Isaia:
1620 5478 1769 5527 xux,
1801 5461 1877 5535 8).
1907 5460 2151 5532 Namque

570 5558 623 5605 et
655 5565 798 5606 nunc
836 5560 958 5621 post
994 5553 1315 5623 baptismum
1362 5561 1647 5624 peccantes
1676 5552 1917 5607 invenire
1941 5552 2153 5608 miseri-

572 5644 833 5709 cordiam,
860 5644 903 5701 si
953 5648 1325 5717 paenitentiam
1370 5646 1601 5719 egerint,
1647 5644 1822 5715 gratia
1872 5655 1954 5701 est
1980 5647 2146 5713 illius,

640 5809 673 5847 ι
710 5798 973 5859 {inficiunt
988 5802 1177 5872 aliqua
1186 5804 1255 5859 :in
1276 5802 1681 5877 morbo.

2249 4754 2371 4796 cum
2394 4740 2793 4805 sacerdotibus;
2821 4740 3066 4810 quaedam
3089 4754 3218 4795 vero
3245 4740 3459 4806 altiora,
3476 4742 3627 4811 quod
3654 4744 3839 4813 itaque

2247 4832 2364 4887 ait:
2407 4850 2425 4883 ι
2449 4829 2630 4887 Omnis
2658 4848 2880 4904 namque
2906 4830 3142 4903 pontifex
3188 4847 3253 4886 ex
3285 4832 3583 4888 hominibus
3633 4851 3839 4890 esset»

2244 4932 2401 4994 ptus;
2430 4924 2535 4979 hoc
2559 4938 2842 4979 commune
2867 4931 2967 4978 est.
2994 4919 3106 4978 Pro
3125 4923 3420 4978 hominibus
3455 4927 3804 4981 constituitur
3819 4948 3838 4994 ;

2245 5022 2300 5070 et
2329 5015 2432 5069 hoc
2459 5032 2471 5068 :
2501 5023 2558 5069 ut
2584 5014 2768 5085 oﬂ'erat
2816 5014 2954 5068 dona
2994 5023 3043 5068 et
3106 5014 3367 5084 sacriﬁcia
3412 5032 3506 5085 pro
3565 5020 3838 5088 peccatis;

2247 5113 2302 5161 et
2352 5106 2479 5173 hoc,
2531 5108 2622 5162 sed
2672 5122 2779 5161 non
2845 5113 3037 5160 totum.
3080 5103 3308 5174 Reliqua
3366 5121 3497 5161 vero
3548 5123 3663 5163 nou
3718 5118 3841 5165 sunt

2248 5197 2554 5254 communia
2585 5216 2596 5251 :
2631 5196 2815 5270 (Vens.
2851 5197 2907 5265 Ξ)
2956 5196 3061 5262 Qui
3096 5206 3261 5267 potest
3291 5197 3572 5254 condolere
3614 5201 3701 5255 liis

2248 5288 2547 5359 ignoranter
2561 5298 2772 5358 peccant
2789 5289 2909 5354 ;hic
2923 5287 3038 5359 jam
3056 5288 3373 5344 excellentia
3387 5297 3492 5357 est,
3506 5312 3524 5344 ι
3546 5293 3615 5350 de
3631 5309 3741 5365 qua
3759 5312 3839 5351 su-

2252 5381 2434 5450 perius
2459 5381 2510 5435 in
2526 5381 2690 5451 priori
2720 5381 2982 5435 sententia
3004 5380 3165 5437 latius
3187 5382 3498 5453 disputavit.
3520 5385 3688 5461 Quod
3712 5405 3839 5445 vero

2253 5472 2496 5544 a'ljunxit
2515 5493 2526 5527 :
2546 5474 2731 5547 (Vsus.
2752 5472 2806 5546 5)
2822 5471 2891 5527 Ει
2908 5483 3181 5545 propterea
3205 5474 3377 5542 debet,
3391 5479 3837 5550 quemadmodum

2249 5576 2299 5620 et
2323 5583 2415 5637 pro
2431 5565 2646 5638 populo,
2675 5566 2749 5620 ita
2775 5567 2932 5622 etiam
2953 5583 3047 5632 pro
3073 5568 3344 5641 semetipso
3376 5568 3566 5647 afer-re
3584 5590 3697 5646 pro
3716 5592 3827 5647 pec

2248 5659 2401 5726 catis,
2425 5658 2527 5713 hoc
2551 5672 2681 5716 vero
2711 5658 2778 5717 ad
2805 5658 3112 5716 sacerdotes
3137 5657 3339 5739 legales
3365 5644 3539 5743 magis
3552 5644 3799 5745 pertinet
3820 5706 3836 5729 ,
