  <div class='ocr_page' id='page_1' title='image "/cluster/home/n/w/nwhite01/storage/ocr_20150623/100/hvd.32044024239972/533.png"; bbox 0 0 4090 6462; ppageno 0'>
   <div class='ocr_carea' id='block_1_1' title="bbox 660 531 2174 621">
    <p class='ocr_par' dir='ltr' id='par_1_1' title="bbox 660 531 2174 621">
     <span class='ocr_line' id='line_1_1' title="bbox 660 531 2174 621; baseline -0.024 -2"><span class='ocrx_word' id='word_1_1' title='bbox 660 563 826 618; x_wconf 73' lang='lat' dir='ltr'><strong><em>Vens.</em></strong></span> <span class='ocrx_word' id='word_1_2' title='bbox 865 556 1016 616; x_wconf 85' lang='grc'><strong>8-10.</strong></span> <span class='ocrx_word' id='word_1_3' title='bbox 1044 551 1208 608; x_wconf 77' lang='grc' dir='ltr'><strong><em>-Ει</em></strong></span> <span class='ocrx_word' id='word_1_4' title='bbox 1231 547 1464 621; x_wconf 82' lang='lat' dir='ltr'><strong><em>quidem,</em></strong></span> <span class='ocrx_word' id='word_1_5' title='bbox 1508 559 1627 598; x_wconf 87' lang='lat' dir='ltr'><strong><em>cum</em></strong></span> <span class='ocrx_word' id='word_1_6' title='bbox 1669 549 1798 596; x_wconf 89' lang='lat' dir='ltr'><strong><em>esset</em></strong></span> <span class='ocrx_word' id='word_1_7' title='bbox 1843 534 2015 589; x_wconf 88' lang='lat' dir='ltr'><strong><em>Filius</em></strong></span> <span class='ocrx_word' id='word_1_8' title='bbox 2054 531 2174 593; x_wconf 88' lang='lat' dir='ltr'><strong><em>Dei,</em></strong></span> 
     </span>
    </p>
   </div>
   <div class='ocr_carea' id='block_1_2' title="bbox 591 632 2174 720">
    <p class='ocr_par' dir='ltr' id='par_1_2' title="bbox 591 632 2174 720">
     <span class='ocr_line' id='line_1_2' title="bbox 591 632 2174 720; baseline -0.023 -8"><span class='ocrx_word' id='word_1_9' title='bbox 591 656 775 711; x_wconf 77' lang='lat' dir='ltr'><strong><em>didicit</em></strong></span> <span class='ocrx_word' id='word_1_10' title='bbox 805 667 870 708; x_wconf 87' lang='lat' dir='ltr'><strong><em>ex</em></strong></span> <span class='ocrx_word' id='word_1_11' title='bbox 895 650 978 706; x_wconf 85' lang='lat' dir='ltr'><strong><em>his</em></strong></span> <span class='ocrx_word' id='word_1_12' title='bbox 1010 663 1127 720; x_wconf 76' lang='lat' dir='ltr'><strong><em>qum</em></strong></span> <span class='ocrx_word' id='word_1_13' title='bbox 1167 659 1354 715; x_wconf 86' lang='lat' dir='ltr'><strong><em>passus</em></strong></span> <span class='ocrx_word' id='word_1_14' title='bbox 1388 647 1484 705; x_wconf 86' lang='lat' dir='ltr'><strong><em>est,</em></strong></span> <span class='ocrx_word' id='word_1_15' title='bbox 1530 632 1876 692; x_wconf 88' lang='lat' dir='ltr'><strong><em>obedientiam</em></strong></span> <span class='ocrx_word' id='word_1_16' title='bbox 1903 642 1921 680; x_wconf 91' lang='lat'><strong><em>:</em></strong></span> <span class='ocrx_word' id='word_1_17' title='bbox 1959 636 2007 682; x_wconf 91' lang='lat' dir='ltr'><strong><em>et</em></strong></span> <span class='ocrx_word' id='word_1_18' title='bbox 2052 642 2174 720; x_wconf 34' lang='lat' dir='ltr'><strong><em>con-</em></strong></span> 
     </span>
    </p>
   </div>
   <div class='ocr_carea' id='block_1_3' title="bbox 594 717 2176 814">
    <p class='ocr_par' dir='ltr' id='par_1_3' title="bbox 594 717 2176 814">
     <span class='ocr_line' id='line_1_3' title="bbox 594 717 2176 814; baseline -0.021 -10"><span class='ocrx_word' id='word_1_19' title='bbox 594 755 885 804; x_wconf 86' lang='lat' dir='ltr'><strong><em>summatus</em></strong></span> <span class='ocrx_word' id='word_1_20' title='bbox 937 717 1108 814; x_wconf 81' lang='lat' dir='ltr'><strong><em>factus</em></strong></span> <span class='ocrx_word' id='word_1_21' title='bbox 1158 746 1232 793; x_wconf 87' lang='lat' dir='ltr'><strong><em>est</em></strong></span> <span class='ocrx_word' id='word_1_22' title='bbox 1280 735 1516 792; x_wconf 86' lang='lat' dir='ltr'><strong><em>omnibus</em></strong></span> <span class='ocrx_word' id='word_1_23' title='bbox 1571 721 2036 797; x_wconf 74' lang='lat' dir='ltr'><strong><em>obtemperantibus</em></strong></span> <span class='ocrx_word' id='word_1_24' title='bbox 2078 717 2176 773; x_wconf 89' lang='lat' dir='ltr'><strong><em>sibi</em></strong></span> 
     </span>
    </p>
   </div>
   <div class='ocr_carea' id='block_1_4' title="bbox 597 815 2178 903">
    <p class='ocr_par' dir='ltr' id='par_1_4' title="bbox 597 815 2178 903">
     <span class='ocr_line' id='line_1_4' title="bbox 597 815 2178 903; baseline -0.016 -9"><span class='ocrx_word' id='word_1_25' title='bbox 597 857 760 895; x_wconf 86' lang='lat' dir='ltr'><strong><em>causa</em></strong></span> <span class='ocrx_word' id='word_1_26' title='bbox 788 835 971 892; x_wconf 85' lang='lat' dir='ltr'><strong><em>salutis</em></strong></span> <span class='ocrx_word' id='word_1_27' title='bbox 996 842 1236 897; x_wconf 64' lang='lat' dir='ltr'><strong><em>aeternae;</em></strong></span> <span class='ocrx_word' id='word_1_28' title='bbox 1261 828 1552 903; x_wconf 86' lang='lat' dir='ltr'><strong><em>appellatus</em></strong></span> <span class='ocrx_word' id='word_1_29' title='bbox 1572 843 1605 880; x_wconf 91' lang='lat' dir='ltr'><strong><em>a</em></strong></span> <span class='ocrx_word' id='word_1_30' title='bbox 1632 823 1740 878; x_wconf 89' lang='lat' dir='ltr'><strong><em>Deo</em></strong></span> <span class='ocrx_word' id='word_1_31' title='bbox 1765 819 2001 892; x_wconf 76' lang='lat' dir='ltr'><strong><em>pontifex</em></strong></span> <span class='ocrx_word' id='word_1_32' title='bbox 2015 815 2178 886; x_wconf 85' lang='lat' dir='ltr'><strong><em>juxta</em></strong></span> 
     </span>
    </p>
   </div>
   <div class='ocr_carea' id='block_1_5' title="bbox 600 909 2180 987">
    <p class='ocr_par' dir='ltr' id='par_1_5' title="bbox 600 909 2180 987">
     <span class='ocr_line' id='line_1_5' title="bbox 600 909 2180 987; baseline -0.016 0"><span class='ocrx_word' id='word_1_33' title='bbox 600 931 833 987; x_wconf 88' lang='lat' dir='ltr'><strong><em>ordinem</em></strong></span> <span class='ocrx_word' id='word_1_34' title='bbox 877 923 1273 982; x_wconf 73' lang='lat' dir='ltr'><strong><em>Melchisedech.</em></strong></span> <span class='ocrx_word' id='word_1_35' title='bbox 1316 923 1394 977; x_wconf 89' lang='lat' dir='ltr'><strong><em>De</em></strong></span> <span class='ocrx_word' id='word_1_36' title='bbox 1443 916 1792 977; x_wconf 76' lang='lat' dir='ltr'><strong><em>similitudine</em></strong></span> <span class='ocrx_word' id='word_1_37' title='bbox 1836 909 2180 984; x_wconf 82' lang='lat' dir='ltr'><strong><em>pontiﬁcatus</em></strong></span> 
     </span>
    </p>
   </div>
   <div class='ocr_carea' id='block_1_6' title="bbox 601 1006 2183 1092">
    <p class='ocr_par' dir='ltr' id='par_1_6' title="bbox 601 1006 2183 1092">
     <span class='ocr_line' id='line_1_6' title="bbox 601 1006 2183 1092; baseline -0.015 -9"><span class='ocrx_word' id='word_1_38' title='bbox 601 1021 1282 1092; x_wconf 81' lang='lat' dir='ltr'><strong><em>Melchisedech&#39;superius</em></strong></span> <span class='ocrx_word' id='word_1_39' title='bbox 1329 1019 1533 1073; x_wconf 89' lang='lat' dir='ltr'><strong><em>dictum</em></strong></span> <span class='ocrx_word' id='word_1_40' title='bbox 1578 1013 1710 1070; x_wconf 82' lang='lat' dir='ltr'><strong><em>satis</em></strong></span> <span class='ocrx_word' id='word_1_41' title='bbox 1743 1010 1993 1065; x_wconf 82' lang='lat' dir='ltr'><strong><em>arbitror.</em></strong></span> <span class='ocrx_word' id='word_1_42' title='bbox 2028 1006 2183 1061; x_wconf 80' lang='lat' dir='ltr'><strong><em>Nunc</em></strong></span> 
     </span>
    </p>
   </div>
   <div class='ocr_carea' id='block_1_7' title="bbox 599 1101 2178 1186">
    <p class='ocr_par' dir='ltr' id='par_1_7' title="bbox 599 1101 2178 1186">
     <span class='ocr_line' id='line_1_7' title="bbox 599 1101 2178 1186; baseline -0.012 -11"><span class='ocrx_word' id='word_1_43' title='bbox 599 1120 880 1176; x_wconf 78' lang='lat' dir='ltr'><strong><em>videamus</em></strong></span> <span class='ocrx_word' id='word_1_44' title='bbox 899 1115 1029 1186; x_wconf 90' lang='lat' dir='ltr'><strong><em>quid</em></strong></span> <span class='ocrx_word' id='word_1_45' title='bbox 1051 1115 1166 1169; x_wconf 92' lang='lat' dir='ltr'><strong><em>vult</em></strong></span> <span class='ocrx_word' id='word_1_46' title='bbox 1185 1111 1413 1179; x_wconf 79' lang='lat' dir='ltr'><strong><em>intelligi</em></strong></span> <span class='ocrx_word' id='word_1_47' title='bbox 1435 1107 1721 1180; x_wconf 81' lang='lat' dir='ltr'><strong><em>Apostolus</em></strong></span> <span class='ocrx_word' id='word_1_48' title='bbox 1742 1107 1796 1161; x_wconf 91' lang='lat' dir='ltr'><strong><em>in</em></strong></span> <span class='ocrx_word' id='word_1_49' title='bbox 1822 1120 1887 1159; x_wconf 92' lang='lat' dir='ltr'><strong><em>eo</em></strong></span> <span class='ocrx_word' id='word_1_50' title='bbox 1913 1101 2054 1174; x_wconf 88' lang='lat' dir='ltr'><strong><em>quod</em></strong></span> <span class='ocrx_word' id='word_1_51' title='bbox 2073 1101 2178 1156; x_wconf 86' lang='lat' dir='ltr'><strong><em>ait:</em></strong></span> 
     </span>
    </p>
   </div>
   <div class='ocr_carea' id='block_1_8' title="bbox 604 1200 2184 1280">
    <p class='ocr_par' dir='ltr' id='par_1_8' title="bbox 604 1200 2184 1280">
     <span class='ocr_line' id='line_1_8' title="bbox 604 1200 2184 1280; baseline -0.014 -11"><span class='ocrx_word' id='word_1_52' title='bbox 604 1213 708 1280; x_wconf 82' lang='lat' dir='ltr'><strong><em>Qui</em></strong></span> <span class='ocrx_word' id='word_1_53' title='bbox 737 1228 855 1267; x_wconf 85' lang='lat' dir='ltr'><strong><em>cum</em></strong></span> <span class='ocrx_word' id='word_1_54' title='bbox 887 1217 1016 1265; x_wconf 88' lang='lat' dir='ltr'><strong><em>esset</em></strong></span> <span class='ocrx_word' id='word_1_55' title='bbox 1047 1207 1218 1262; x_wconf 84' lang='lat' dir='ltr'><strong><em>Filius</em></strong></span> <span class='ocrx_word' id='word_1_56' title='bbox 1247 1206 1364 1270; x_wconf 89' lang='lat' dir='ltr'><strong><em>Dei,</em></strong></span> <span class='ocrx_word' id='word_1_57' title='bbox 1392 1203 1574 1257; x_wconf 83' lang='lat' dir='ltr'><strong><em>didicit</em></strong></span> <span class='ocrx_word' id='word_1_58' title='bbox 1601 1217 1665 1256; x_wconf 89' lang='lat' dir='ltr'><strong><em>ex</em></strong></span> <span class='ocrx_word' id='word_1_59' title='bbox 1709 1200 1790 1254; x_wconf 89' lang='lat' dir='ltr'><strong><em>his</em></strong></span> <span class='ocrx_word' id='word_1_60' title='bbox 1836 1213 1954 1268; x_wconf 72' lang='lat' dir='ltr'><strong><em>qua:</em></strong></span> <span class='ocrx_word' id='word_1_61' title='bbox 1999 1210 2184 1265; x_wconf 85' lang='lat' dir='ltr'><strong><em>passus</em></strong></span> 
     </span>
    </p>
   </div>
   <div class='ocr_carea' id='block_1_9' title="bbox 551 1288 2188 1371">
    <p class='ocr_par' dir='ltr' id='par_1_9' title="bbox 551 1288 2188 1371">
     <span class='ocr_line' id='line_1_9' title="bbox 551 1288 2188 1371; baseline -0.012 -9"><span class='ocrx_word' id='word_1_62' title='bbox 551 1340 553 1342; x_wconf 96' lang='lat'><strong><em>-</em></strong></span> <span class='ocrx_word' id='word_1_63' title='bbox 602 1314 700 1371; x_wconf 85' lang='lat' dir='ltr'><strong><em>est,</em></strong></span> <span class='ocrx_word' id='word_1_64' title='bbox 728 1303 1090 1360; x_wconf 87' lang='lat' dir='ltr'><strong><em>obedientiam.</em></strong></span> <span class='ocrx_word' id='word_1_65' title='bbox 1119 1300 1272 1355; x_wconf 85' lang='lat' dir='ltr'><strong><em>Hanc</em></strong></span> <span class='ocrx_word' id='word_1_66' title='bbox 1314 1295 1674 1352; x_wconf 85' lang='lat' dir='ltr'><strong><em>obedientiam</em></strong></span> <span class='ocrx_word' id='word_1_67' title='bbox 1723 1307 1884 1362; x_wconf 88' lang='lat' dir='ltr'><strong><em>quam</em></strong></span> <span class='ocrx_word' id='word_1_68' title='bbox 1930 1291 2020 1345; x_wconf 91' lang='lat' dir='ltr'><strong><em>hic</em></strong></span> <span class='ocrx_word' id='word_1_69' title='bbox 2051 1288 2188 1344; x_wconf 90' lang='lat' dir='ltr'><strong><em>didi-</em></strong></span> 
     </span>
    </p>
   </div>
   <div class='ocr_carea' id='block_1_10' title="bbox 605 1383 2186 1455">
    <p class='ocr_par' dir='ltr' id='par_1_10' title="bbox 605 1383 2186 1455">
     <span class='ocr_line' id='line_1_10' title="bbox 605 1383 2186 1455; baseline -0.01 -2"><span class='ocrx_word' id='word_1_70' title='bbox 605 1397 746 1454; x_wconf 85' lang='lat' dir='ltr'><strong><em>cisse</em></strong></span> <span class='ocrx_word' id='word_1_71' title='bbox 765 1394 959 1448; x_wconf 83' lang='lat' dir='ltr'><strong><em>Filium</em></strong></span> <span class='ocrx_word' id='word_1_72' title='bbox 988 1392 1083 1447; x_wconf 91' lang='lat' dir='ltr'><strong><em>Dei</em></strong></span> <span class='ocrx_word' id='word_1_73' title='bbox 1110 1390 1264 1455; x_wconf 80' lang='lat' dir='ltr'><strong><em>dicit,</em></strong></span> <span class='ocrx_word' id='word_1_74' title='bbox 1289 1390 1394 1445; x_wconf 90' lang='lat' dir='ltr'><strong><em>hoc</em></strong></span> <span class='ocrx_word' id='word_1_75' title='bbox 1413 1395 1516 1453; x_wconf 90' lang='lat' dir='ltr'><strong><em>est,</em></strong></span> <span class='ocrx_word' id='word_1_76' title='bbox 1542 1386 1845 1442; x_wconf 79' lang='lat' dir='ltr'><strong><em>voluntarie</em></strong></span> <span class='ocrx_word' id='word_1_77' title='bbox 1865 1383 2186 1454; x_wconf 87' lang='lat' dir='ltr'><strong><em>suscepisse,</em></strong></span> 
     </span>
    </p>
   </div>
   <div class='ocr_carea' id='block_1_11' title="bbox 607 1474 2193 1555">
    <p class='ocr_par' dir='ltr' id='par_1_11' title="bbox 607 1474 2193 1555">
     <span class='ocr_line' id='line_1_11' title="bbox 607 1474 2193 1555; baseline -0.009 -13"><span class='ocrx_word' id='word_1_78' title='bbox 607 1487 714 1542; x_wconf 89' lang='lat' dir='ltr'><strong><em>alio</em></strong></span> <span class='ocrx_word' id='word_1_79' title='bbox 745 1499 959 1555; x_wconf 88' lang='lat' dir='ltr'><strong><em>quoque</em></strong></span> <span class='ocrx_word' id='word_1_80' title='bbox 986 1483 1106 1538; x_wconf 88' lang='lat' dir='ltr'><strong><em>loco</em></strong></span> <span class='ocrx_word' id='word_1_81' title='bbox 1133 1481 1389 1545; x_wconf 85' lang='lat' dir='ltr'><strong><em>ostendit,</em></strong></span> <span class='ocrx_word' id='word_1_82' title='bbox 1422 1480 1514 1535; x_wconf 91' lang='lat' dir='ltr'><strong><em>ubi</em></strong></span> <span class='ocrx_word' id='word_1_83' title='bbox 1558 1480 1672 1533; x_wconf 85' lang='lat' dir='ltr'><strong><em>ait:</em></strong></span> <span class='ocrx_word' id='word_1_84' title='bbox 1704 1476 1903 1531; x_wconf 83' lang='lat' dir='ltr'><strong><em>Factus</em></strong></span> <span class='ocrx_word' id='word_1_85' title='bbox 1948 1485 2024 1530; x_wconf 86' lang='lat' dir='ltr'><strong><em>est</em></strong></span> <span class='ocrx_word' id='word_1_86' title='bbox 2072 1474 2193 1529; x_wconf 91' lang='lat' dir='ltr'><strong><em>obe-</em></strong></span> 
     </span>
    </p>
   </div>
   <div class='ocr_carea' id='block_1_12' title="bbox 607 1569 2187 1647">
    <p class='ocr_par' dir='ltr' id='par_1_12' title="bbox 607 1569 2187 1647">
     <span class='ocr_line' id='line_1_12' title="bbox 607 1569 2187 1647; baseline -0.007 -14"><span class='ocrx_word' id='word_1_87' title='bbox 607 1581 755 1633; x_wconf 88' lang='lat' dir='ltr'><strong><em>diens</em></strong></span> <span class='ocrx_word' id='word_1_88' title='bbox 786 1577 937 1632; x_wconf 90' lang='lat' dir='ltr'><strong><em>Patri</em></strong></span> <span class='ocrx_word' id='word_1_89' title='bbox 964 1592 1127 1647; x_wconf 85' lang='lat' dir='ltr'><strong><em>usque</em></strong></span> <span class='ocrx_word' id='word_1_90' title='bbox 1175 1574 1244 1628; x_wconf 89' lang='lat' dir='ltr'><strong><em>ad</em></strong></span> <span class='ocrx_word' id='word_1_91' title='bbox 1280 1583 1516 1638; x_wconf 88' lang='lat' dir='ltr'><strong><em>mortem,</em></strong></span> <span class='ocrx_word' id='word_1_92' title='bbox 1553 1579 1771 1626; x_wconf 89' lang='lat' dir='ltr'><strong><em>mortem</em></strong></span> <span class='ocrx_word' id='word_1_93' title='bbox 1797 1579 1971 1623; x_wconf 85' lang='lat' dir='ltr'><strong><em>autem</em></strong></span> <span class='ocrx_word' id='word_1_94' title='bbox 1996 1569 2187 1632; x_wconf 88' lang='lat' dir='ltr'><strong><em>crucis,</em></strong></span> 
     </span>
    </p>
   </div>
   <div class='ocr_carea' id='block_1_13' title="bbox 608 1660 2188 1741">
    <p class='ocr_par' dir='ltr' id='par_1_13' title="bbox 608 1660 2188 1741">
     <span class='ocr_line' id='line_1_13' title="bbox 608 1660 2188 1741; baseline -0.006 -17"><span class='ocrx_word' id='word_1_95' title='bbox 608 1678 818 1741; x_wconf 82' lang='lat' dir='ltr'><strong><em>propter</em></strong></span> <span class='ocrx_word' id='word_1_96' title='bbox 839 1668 979 1739; x_wconf 88' lang='lat' dir='ltr'><strong><em>quod</em></strong></span> <span class='ocrx_word' id='word_1_97' title='bbox 1007 1675 1055 1721; x_wconf 89' lang='lat' dir='ltr'><strong><em>et</em></strong></span> <span class='ocrx_word' id='word_1_98' title='bbox 1088 1667 1230 1722; x_wconf 85' lang='lat' dir='ltr'><strong><em>Deus</em></strong></span> <span class='ocrx_word' id='word_1_99' title='bbox 1260 1665 1507 1720; x_wconf 80' lang='lat' dir='ltr'><strong><em>exultavit</em></strong></span> <span class='ocrx_word' id='word_1_100' title='bbox 1527 1663 1677 1718; x_wconf 87' lang='lat' dir='ltr'><strong><em>illum</em></strong></span> <span class='ocrx_word' id='word_1_101' title='bbox 1700 1662 1920 1734; x_wconf 85' lang='lat' dir='ltr'><strong><em>(Philip.</em></strong></span> <span class='ocrx_word' id='word_1_102' title='bbox 1945 1678 2007 1728; x_wconf 86' lang='lat' dir='ltr'><strong><em>tt,</em></strong></span> <span class='ocrx_word' id='word_1_103' title='bbox 2032 1661 2088 1727; x_wconf 88' lang='lat'><strong><em>8,</em></strong></span> <span class='ocrx_word' id='word_1_104' title='bbox 2111 1660 2188 1733; x_wconf 88' lang='lat'><strong><em>9).</em></strong></span> 
     </span>
    </p>
   </div>
   <div class='ocr_carea' id='block_1_14' title="bbox 609 1752 2195 1828">
    <p class='ocr_par' dir='ltr' id='par_1_14' title="bbox 609 1752 2195 1828">
     <span class='ocr_line' id='line_1_14' title="bbox 609 1752 2195 1828; baseline -0.006 -13"><span class='ocrx_word' id='word_1_105' title='bbox 609 1760 668 1815; x_wconf 84' lang='lat' dir='ltr'><strong><em>In</em></strong></span> <span class='ocrx_word' id='word_1_106' title='bbox 697 1775 761 1814; x_wconf 90' lang='lat' dir='ltr'><strong><em>eo</em></strong></span> <span class='ocrx_word' id='word_1_107' title='bbox 785 1774 934 1825; x_wconf 91' lang='lat' dir='ltr'><strong><em>vero,</em></strong></span> <span class='ocrx_word' id='word_1_108' title='bbox 964 1757 1108 1828; x_wconf 89' lang='lat' dir='ltr'><strong><em>quod</em></strong></span> <span class='ocrx_word' id='word_1_109' title='bbox 1147 1758 1221 1812; x_wconf 86' lang='lat' dir='ltr'><strong><em>ait</em></strong></span> <span class='ocrx_word' id='word_1_110' title='bbox 1250 1771 1265 1810; x_wconf 87' lang='lat'><strong>:</strong></span> <span class='ocrx_word' id='word_1_111' title='bbox 1303 1754 1704 1810; x_wconf 85' lang='lat' dir='ltr'><strong><em>Consummatus</em></strong></span> <span class='ocrx_word' id='word_1_112' title='bbox 1730 1754 1901 1823; x_wconf 89' lang='lat' dir='ltr'><strong><em>factus</em></strong></span> <span class='ocrx_word' id='word_1_113' title='bbox 1926 1762 2001 1806; x_wconf 87' lang='lat' dir='ltr'><strong><em>est</em></strong></span> <span class='ocrx_word' id='word_1_114' title='bbox 2026 1752 2195 1806; x_wconf 88' lang='lat' dir='ltr'><strong><em>omni-</em></strong></span> 
     </span>
    </p>
   </div>
   <div class='ocr_carea' id='block_1_15' title="bbox 612 1843 2197 1924">
    <p class='ocr_par' dir='ltr' id='par_1_15' title="bbox 612 1843 2197 1924">
     <span class='ocr_line' id='line_1_15' title="bbox 612 1843 2197 1924; baseline -0.008 -15"><span class='ocrx_word' id='word_1_115' title='bbox 612 1857 707 1910; x_wconf 80' lang='lat' dir='ltr'><strong><em>bus</em></strong></span> <span class='ocrx_word' id='word_1_116' title='bbox 737 1851 1202 1924; x_wconf 84' lang='lat' dir='ltr'><strong><em>obtemperantibus</em></strong></span> <span class='ocrx_word' id='word_1_117' title='bbox 1232 1851 1330 1905; x_wconf 89' lang='lat' dir='ltr'><strong><em>sibi</em></strong></span> <span class='ocrx_word' id='word_1_118' title='bbox 1367 1866 1528 1904; x_wconf 87' lang='lat' dir='ltr'><strong><em>causa</em></strong></span> <span class='ocrx_word' id='word_1_119' title='bbox 1570 1847 1758 1902; x_wconf 88' lang='lat' dir='ltr'><strong><em>salutis</em></strong></span> <span class='ocrx_word' id='word_1_120' title='bbox 1797 1855 2024 1900; x_wconf 74' lang='lat' dir='ltr'><strong><em>mternte.</em></strong></span> <span class='ocrx_word' id='word_1_121' title='bbox 2057 1843 2197 1898; x_wconf 86' lang='lat' dir='ltr'><strong><em>Con-</em></strong></span> 
     </span>
    </p>
   </div>
   <div class='ocr_carea' id='block_1_16' title="bbox 613 1937 2196 2014">
    <p class='ocr_par' dir='ltr' id='par_1_16' title="bbox 613 1937 2196 2014">
     <span class='ocr_line' id='line_1_16' title="bbox 613 1937 2196 2014; baseline -0.008 -12"><span class='ocrx_word' id='word_1_122' title='bbox 613 1957 927 2011; x_wconf 85' lang='lat' dir='ltr'><strong><em>summatus,</em></strong></span> <span class='ocrx_word' id='word_1_123' title='bbox 961 1946 1017 2000; x_wconf 90' lang='lat' dir='ltr'><strong><em>id</em></strong></span> <span class='ocrx_word' id='word_1_124' title='bbox 1043 1953 1147 2009; x_wconf 91' lang='lat' dir='ltr'><strong><em>est,</em></strong></span> <span class='ocrx_word' id='word_1_125' title='bbox 1185 1944 1488 2014; x_wconf 86' lang='lat' dir='ltr'><strong><em>perfectus;</em></strong></span> <span class='ocrx_word' id='word_1_126' title='bbox 1528 1941 1762 1997; x_wconf 86' lang='lat' dir='ltr'><strong><em>ostendit</em></strong></span> <span class='ocrx_word' id='word_1_127' title='bbox 1813 1947 2074 2008; x_wconf 89' lang='lat' dir='ltr'><strong><em>quantum</em></strong></span> <span class='ocrx_word' id='word_1_128' title='bbox 2115 1937 2196 1991; x_wconf 90' lang='lat' dir='ltr'><strong><em>lu-</em></strong></span> 
     </span>
    </p>
   </div>
   <div class='ocr_carea' id='block_1_17' title="bbox 615 2028 2200 2104">
    <p class='ocr_par' dir='ltr' id='par_1_17' title="bbox 615 2028 2200 2104">
     <span class='ocr_line' id='line_1_17' title="bbox 615 2028 2200 2104; baseline -0.006 -13"><span class='ocrx_word' id='word_1_129' title='bbox 615 2052 767 2092; x_wconf 90' lang='lat' dir='ltr'><strong><em>crum</em></strong></span> <span class='ocrx_word' id='word_1_130' title='bbox 800 2036 871 2090; x_wconf 90' lang='lat' dir='ltr'><strong><em>sit</em></strong></span> <span class='ocrx_word' id='word_1_131' title='bbox 898 2033 1013 2104; x_wconf 87' lang='lat' dir='ltr'><strong><em>ejus</em></strong></span> <span class='ocrx_word' id='word_1_132' title='bbox 1035 2034 1234 2104; x_wconf 87' lang='lat' dir='ltr'><strong><em>passio,</em></strong></span> <span class='ocrx_word' id='word_1_133' title='bbox 1264 2049 1384 2103; x_wconf 71' lang='lat' dir='ltr'><strong><em>quae</em></strong></span> <span class='ocrx_word' id='word_1_134' title='bbox 1403 2033 1652 2088; x_wconf 90' lang='lat' dir='ltr'><strong><em>omnibus</em></strong></span> <span class='ocrx_word' id='word_1_135' title='bbox 1678 2030 2022 2086; x_wconf 87' lang='lat' dir='ltr'><strong><em>credentibus</em></strong></span> <span class='ocrx_word' id='word_1_136' title='bbox 2049 2028 2200 2083; x_wconf 83' lang='lat' dir='ltr'><strong><em>suffl-</em></strong></span> 
     </span>
    </p>
   </div>
   <div class='ocr_carea' id='block_1_18' title="bbox 617 2119 2200 2195">
    <p class='ocr_par' dir='ltr' id='par_1_18' title="bbox 617 2119 2200 2195">
     <span class='ocr_line' id='line_1_18' title="bbox 617 2119 2200 2195; baseline -0.006 -11"><span class='ocrx_word' id='word_1_137' title='bbox 617 2129 693 2185; x_wconf 91' lang='lat' dir='ltr'><strong><em>cit</em></strong></span> <span class='ocrx_word' id='word_1_138' title='bbox 723 2129 790 2183; x_wconf 93' lang='lat' dir='ltr'><strong><em>ad</em></strong></span> <span class='ocrx_word' id='word_1_139' title='bbox 817 2127 1044 2183; x_wconf 88' lang='lat' dir='ltr'><strong><em>salutem</em></strong></span> <span class='ocrx_word' id='word_1_140' title='bbox 1069 2125 1468 2195; x_wconf 84' lang='lat' dir='ltr'><strong><em>sempiternam.</em></strong></span> <span class='ocrx_word' id='word_1_141' title='bbox 1493 2124 1662 2194; x_wconf 80' lang='lat' dir='ltr'><strong><em>Igitur</em></strong></span> <span class='ocrx_word' id='word_1_142' title='bbox 1682 2122 1729 2177; x_wconf 92' lang='lat' dir='ltr'><strong><em>si</em></strong></span> <span class='ocrx_word' id='word_1_143' title='bbox 1749 2121 2056 2176; x_wconf 89' lang='lat' dir='ltr'><strong><em>obedientia</em></strong></span> <span class='ocrx_word' id='word_1_144' title='bbox 2077 2119 2200 2174; x_wconf 86' lang='lat' dir='ltr'><strong><em>Filii</em></strong></span> 
     </span>
    </p>
   </div>
   <div class='ocr_carea' id='block_1_19' title="bbox 616 2213 2201 2286">
    <p class='ocr_par' dir='ltr' id='par_1_19' title="bbox 616 2213 2201 2286">
     <span class='ocr_line' id='line_1_19' title="bbox 616 2213 2201 2286; baseline -0.006 -7"><span class='ocrx_word' id='word_1_145' title='bbox 616 2238 779 2280; x_wconf 87' lang='lat' dir='ltr'><strong><em>causa</em></strong></span> <span class='ocrx_word' id='word_1_146' title='bbox 828 2229 912 2277; x_wconf 88' lang='lat' dir='ltr'><strong><em>est</em></strong></span> <span class='ocrx_word' id='word_1_147' title='bbox 951 2220 1139 2276; x_wconf 88' lang='lat' dir='ltr'><strong><em>salutis</em></strong></span> <span class='ocrx_word' id='word_1_148' title='bbox 1175 2221 1444 2284; x_wconf 71' lang='lat' dir='ltr'><strong><em>humanae,</em></strong></span> <span class='ocrx_word' id='word_1_149' title='bbox 1480 2224 1678 2286; x_wconf 89' lang='lat' dir='ltr'><strong><em>quanta</em></strong></span> <span class='ocrx_word' id='word_1_150' title='bbox 1711 2215 1866 2270; x_wconf 87' lang='lat' dir='ltr'><strong><em>nobis</em></strong></span> <span class='ocrx_word' id='word_1_151' title='bbox 1906 2213 2201 2270; x_wconf 88' lang='lat' dir='ltr'><strong><em>necessitas</em></strong></span> 
     </span>
    </p>
   </div>
   <div class='ocr_carea' id='block_1_20' title="bbox 616 2308 2202 2385">
    <p class='ocr_par' dir='ltr' id='par_1_20' title="bbox 616 2308 2202 2385">
     <span class='ocr_line' id='line_1_20' title="bbox 616 2308 2202 2385; baseline -0.008 -8"><span class='ocrx_word' id='word_1_152' title='bbox 616 2327 702 2377; x_wconf 87' lang='lat' dir='ltr'><strong><em>est</em></strong></span> <span class='ocrx_word' id='word_1_153' title='bbox 750 2317 967 2374; x_wconf 87' lang='lat' dir='ltr'><strong><em>obedire</em></strong></span> <span class='ocrx_word' id='word_1_154' title='bbox 1012 2317 1148 2380; x_wconf 89' lang='lat' dir='ltr'><strong><em>Deo,</em></strong></span> <span class='ocrx_word' id='word_1_155' title='bbox 1176 2323 1236 2369; x_wconf 86' lang='lat' dir='ltr'><strong><em>ut</em></strong></span> <span class='ocrx_word' id='word_1_156' title='bbox 1279 2314 1424 2385; x_wconf 83' lang='lat' dir='ltr'><strong><em>digni</em></strong></span> <span class='ocrx_word' id='word_1_157' title='bbox 1473 2312 1809 2368; x_wconf 89' lang='lat' dir='ltr'><strong><em>inveniamur</em></strong></span> <span class='ocrx_word' id='word_1_158' title='bbox 1858 2311 1974 2380; x_wconf 85' lang='lat' dir='ltr'><strong><em>ejus</em></strong></span> <span class='ocrx_word' id='word_1_159' title='bbox 2013 2308 2202 2365; x_wconf 89' lang='lat' dir='ltr'><strong><em>salutis</em></strong></span> 
     </span>
    </p>
   </div>
   <div class='ocr_carea' id='block_1_21' title="bbox 617 2402 2004 2485">
    <p class='ocr_par' dir='ltr' id='par_1_21' title="bbox 617 2402 2004 2485">
     <span class='ocr_line' id='line_1_21' title="bbox 617 2402 2004 2485; baseline -0.01 -17"><span class='ocrx_word' id='word_1_160' title='bbox 617 2428 783 2485; x_wconf 91' lang='lat' dir='ltr'><strong><em>quam</em></strong></span> <span class='ocrx_word' id='word_1_161' title='bbox 812 2410 968 2466; x_wconf 89' lang='lat' dir='ltr'><strong><em>nobis</em></strong></span> <span class='ocrx_word' id='word_1_162' title='bbox 990 2423 1088 2479; x_wconf 89' lang='lat' dir='ltr'><strong><em>per</em></strong></span> <span class='ocrx_word' id='word_1_163' title='bbox 1118 2408 1313 2463; x_wconf 89' lang='lat' dir='ltr'><strong><em>Filium</em></strong></span> <span class='ocrx_word' id='word_1_164' title='bbox 1338 2407 1618 2476; x_wconf 90' lang='lat' dir='ltr'><strong><em>proprium</em></strong></span> <span class='ocrx_word' id='word_1_165' title='bbox 1651 2402 2004 2474; x_wconf 88' lang='lat' dir='ltr'><strong><em>perdonavit?</em></strong></span> 
     </span>
    </p>
   </div>
   <div class='ocr_carea' id='block_1_22' title="bbox 690 2495 2204 2573">
    <p class='ocr_par' dir='ltr' id='par_1_22' title="bbox 690 2495 2204 2573">
     <span class='ocr_line' id='line_1_22' title="bbox 690 2495 2204 2573; baseline -0.009 -11"><span class='ocrx_word' id='word_1_166' title='bbox 690 2507 855 2562; x_wconf 74' lang='lat' dir='ltr'><strong><em>Vnus.</em></strong></span> <span class='ocrx_word' id='word_1_167' title='bbox 889 2506 975 2560; x_wconf 92' lang='grc'><strong><em>11.</em></strong></span> <span class='ocrx_word' id='word_1_168' title='bbox 1004 2534 1076 2544; x_wconf 90' lang='grc'><strong>-</strong></span> <span class='ocrx_word' id='word_1_169' title='bbox 1103 2503 1179 2557; x_wconf 88' lang='lat' dir='ltr'><strong><em>De</em></strong></span> <span class='ocrx_word' id='word_1_170' title='bbox 1229 2517 1329 2573; x_wconf 88' lang='lat' dir='ltr'><strong><em>quo</em></strong></span> <span class='ocrx_word' id='word_1_171' title='bbox 1377 2499 1590 2571; x_wconf 85' lang='lat' dir='ltr'><strong><em>grandis</em></strong></span> <span class='ocrx_word' id='word_1_172' title='bbox 1641 2513 1808 2552; x_wconf 89' lang='lat' dir='ltr'><strong><em>sermo</em></strong></span> <span class='ocrx_word' id='word_1_173' title='bbox 1849 2495 1994 2549; x_wconf 87' lang='lat' dir='ltr'><strong><em>nobis</em></strong></span> <span class='ocrx_word' id='word_1_174' title='bbox 2029 2501 2127 2558; x_wconf 87' lang='lat' dir='ltr'><strong><em>est,</em></strong></span> <span class='ocrx_word' id='word_1_175' title='bbox 2155 2501 2204 2548; x_wconf 89' lang='lat' dir='ltr'><strong><em>et</em></strong></span> 
     </span>
    </p>
   </div>
   <div class='ocr_carea' id='block_1_23' title="bbox 620 2587 2205 2669">
    <p class='ocr_par' dir='ltr' id='par_1_23' title="bbox 620 2587 2205 2669">
     <span class='ocr_line' id='line_1_23' title="bbox 620 2587 2205 2669; baseline -0.007 -15"><span class='ocrx_word' id='word_1_176' title='bbox 620 2597 1080 2669; x_wconf 84' lang='lat' dir='ltr'><strong><em>ininterpretabilis</em></strong></span> <span class='ocrx_word' id='word_1_177' title='bbox 1127 2598 1196 2651; x_wconf 87' lang='lat' dir='ltr'><strong><em>ad</em></strong></span> <span class='ocrx_word' id='word_1_178' title='bbox 1244 2595 1564 2658; x_wconf 87' lang='lat' dir='ltr'><strong><em>dicendum;</em></strong></span> <span class='ocrx_word' id='word_1_179' title='bbox 1615 2592 1860 2664; x_wconf 88' lang='lat' dir='ltr'><strong><em>quoniam</em></strong></span> <span class='ocrx_word' id='word_1_180' title='bbox 1925 2587 2205 2643; x_wconf 85' lang='lat' dir='ltr'><strong><em>imbecilles</em></strong></span> 
     </span>
    </p>
   </div>
   <div class='ocr_carea' id='block_1_24' title="bbox 623 2681 2207 2761">
    <p class='ocr_par' dir='ltr' id='par_1_24' title="bbox 623 2681 2207 2761">
     <span class='ocr_line' id='line_1_24' title="bbox 623 2681 2207 2761; baseline -0.006 -17"><span class='ocrx_word' id='word_1_181' title='bbox 623 2691 753 2761; x_wconf 85' lang='lat' dir='ltr'><strong><em>facti</em></strong></span> <span class='ocrx_word' id='word_1_182' title='bbox 801 2689 922 2744; x_wconf 88' lang='lat' dir='ltr'><strong><em>estis</em></strong></span> <span class='ocrx_word' id='word_1_183' title='bbox 965 2687 1034 2744; x_wconf 91' lang='lat' dir='ltr'><strong><em>ad</em></strong></span> <span class='ocrx_word' id='word_1_184' title='bbox 1071 2686 1409 2742; x_wconf 86' lang='lat' dir='ltr'><strong><em>audiendum.</em></strong></span> <span class='ocrx_word' id='word_1_185' title='bbox 1459 2683 1688 2740; x_wconf 85' lang='lat' dir='ltr'><strong><em>Causam</em></strong></span> <span class='ocrx_word' id='word_1_186' title='bbox 1724 2683 1867 2738; x_wconf 89' lang='lat' dir='ltr'><strong><em>enim</em></strong></span> <span class='ocrx_word' id='word_1_187' title='bbox 1894 2681 2072 2736; x_wconf 86' lang='lat' dir='ltr'><strong><em>reddit</em></strong></span> <span class='ocrx_word' id='word_1_188' title='bbox 2109 2695 2207 2735; x_wconf 91' lang='lat' dir='ltr'><strong><em>cur</em></strong></span> 
     </span>
    </p>
   </div>
   <div class='ocr_carea' id='block_1_25' title="bbox 622 2772 2210 2850">
    <p class='ocr_par' dir='ltr' id='par_1_25' title="bbox 622 2772 2210 2850">
     <span class='ocr_line' id='line_1_25' title="bbox 622 2772 2210 2850; baseline -0.006 -13"><span class='ocrx_word' id='word_1_189' title='bbox 622 2789 768 2837; x_wconf 87' lang='lat' dir='ltr'><strong><em>esset</em></strong></span> <span class='ocrx_word' id='word_1_190' title='bbox 793 2795 972 2836; x_wconf 88' lang='lat' dir='ltr'><strong><em>sermo</em></strong></span> <span class='ocrx_word' id='word_1_191' title='bbox 993 2795 1151 2850; x_wconf 86' lang='lat' dir='ltr'><strong><em>quem</em></strong></span> <span class='ocrx_word' id='word_1_192' title='bbox 1177 2780 1242 2834; x_wconf 89' lang='lat' dir='ltr'><strong><em>de</em></strong></span> <span class='ocrx_word' id='word_1_193' title='bbox 1262 2779 1402 2834; x_wconf 90' lang='lat' dir='ltr'><strong><em>Filio</em></strong></span> <span class='ocrx_word' id='word_1_194' title='bbox 1425 2778 1703 2832; x_wconf 88' lang='lat' dir='ltr'><strong><em>inearnato</em></strong></span> <span class='ocrx_word' id='word_1_195' title='bbox 1725 2774 1980 2838; x_wconf 89' lang='lat' dir='ltr'><strong><em>instituit,</em></strong></span> <span class='ocrx_word' id='word_1_196' title='bbox 2017 2772 2210 2829; x_wconf 84' lang='lat' dir='ltr'><strong><em>diffici-</em></strong></span> 
     </span>
    </p>
   </div>
   <div class='ocr_carea' id='block_1_26' title="bbox 623 2867 2210 2942">
    <p class='ocr_par' dir='ltr' id='par_1_26' title="bbox 623 2867 2210 2942">
     <span class='ocr_line' id='line_1_26' title="bbox 623 2867 2210 2942; baseline -0.003 -14"><span class='ocrx_word' id='word_1_197' title='bbox 623 2873 692 2930; x_wconf 90' lang='lat' dir='ltr'><strong><em>lis</em></strong></span> <span class='ocrx_word' id='word_1_198' title='bbox 720 2874 789 2927; x_wconf 91' lang='lat' dir='ltr'><strong><em>ad</em></strong></span> <span class='ocrx_word' id='word_1_199' title='bbox 833 2872 1293 2942; x_wconf 89' lang='lat' dir='ltr'><strong><em>interpretandum</em></strong></span> <span class='ocrx_word' id='word_1_200' title='bbox 1329 2871 1426 2925; x_wconf 90' lang='lat' dir='ltr'><strong><em>:id</em></strong></span> <span class='ocrx_word' id='word_1_201' title='bbox 1467 2878 1569 2935; x_wconf 90' lang='lat' dir='ltr'><strong><em>est,</em></strong></span> <span class='ocrx_word' id='word_1_202' title='bbox 1608 2868 1734 2938; x_wconf 83' lang='lat' dir='ltr'><strong><em>quia</em></strong></span> <span class='ocrx_word' id='word_1_203' title='bbox 1786 2867 1863 2924; x_wconf 89' lang='lat' dir='ltr'><strong><em>illi</em></strong></span> <span class='ocrx_word' id='word_1_204' title='bbox 1916 2868 2210 2923; x_wconf 87' lang='lat' dir='ltr'><strong><em>imbecilles</em></strong></span> 
     </span>
    </p>
   </div>
   <div class='ocr_carea' id='block_1_27' title="bbox 626 2958 2210 3035">
    <p class='ocr_par' dir='ltr' id='par_1_27' title="bbox 626 2958 2210 3035">
     <span class='ocr_line' id='line_1_27' title="bbox 626 2958 2210 3035; baseline -0.004 -14"><span class='ocrx_word' id='word_1_205' title='bbox 626 2972 784 3021; x_wconf 87' lang='lat' dir='ltr'><strong><em>erant</em></strong></span> <span class='ocrx_word' id='word_1_206' title='bbox 811 2973 866 3021; x_wconf 89' lang='lat' dir='ltr'><strong><em>et</em></strong></span> <span class='ocrx_word' id='word_1_207' title='bbox 888 2965 1064 3035; x_wconf 80' lang='lat' dir='ltr'><strong><em>fragili</em></strong></span> <span class='ocrx_word' id='word_1_208' title='bbox 1099 2980 1259 3020; x_wconf 90' lang='lat' dir='ltr'><strong><em>sensu</em></strong></span> <span class='ocrx_word' id='word_1_209' title='bbox 1294 2963 1361 3017; x_wconf 88' lang='lat' dir='ltr'><strong><em>ad</em></strong></span> <span class='ocrx_word' id='word_1_210' title='bbox 1396 2961 1798 3032; x_wconf 87' lang='lat' dir='ltr'><strong><em>intelligendum</em></strong></span> <span class='ocrx_word' id='word_1_211' title='bbox 1825 2958 2089 3029; x_wconf 84' lang='lat' dir='ltr'><strong><em>profunda</em></strong></span> <span class='ocrx_word' id='word_1_212' title='bbox 2114 2959 2210 3014; x_wconf 88' lang='lat' dir='ltr'><strong><em>Dei</em></strong></span> 
     </span>
    </p>
   </div>
   <div class='ocr_carea' id='block_1_28' title="bbox 628 3051 2214 3129">
    <p class='ocr_par' dir='ltr' id='par_1_28' title="bbox 628 3051 2214 3129">
     <span class='ocr_line' id='line_1_28' title="bbox 628 3051 2214 3129; baseline -0.004 -16"><span class='ocrx_word' id='word_1_213' title='bbox 628 3057 908 3129; x_wconf 84' lang='lat' dir='ltr'><strong><em>mysteria.</em></strong></span> <span class='ocrx_word' id='word_1_214' title='bbox 943 3055 1043 3123; x_wconf 85' lang='lat' dir='ltr'><strong><em>Qui</em></strong></span> <span class='ocrx_word' id='word_1_215' title='bbox 1071 3056 1236 3111; x_wconf 89' lang='lat' dir='ltr'><strong><em>etiam</em></strong></span> <span class='ocrx_word' id='word_1_216' title='bbox 1264 3071 1361 3126; x_wconf 92' lang='lat' dir='ltr'><strong><em>pro</em></strong></span> <span class='ocrx_word' id='word_1_217' title='bbox 1387 3063 1630 3122; x_wconf 87' lang='lat' dir='ltr'><strong><em>tempore</em></strong></span> <span class='ocrx_word' id='word_1_218' title='bbox 1651 3051 1896 3122; x_wconf 79' lang='lat' dir='ltr'><strong><em>magistri</em></strong></span> <span class='ocrx_word' id='word_1_219' title='bbox 1917 3052 2214 3107; x_wconf 88' lang='lat' dir='ltr'><strong><em>debuerant</em></strong></span> 
     </span>
    </p>
   </div>
   <div class='ocr_carea' id='block_1_29' title="bbox 627 3140 2214 3217">
    <p class='ocr_par' dir='ltr' id='par_1_29' title="bbox 627 3140 2214 3217">
     <span class='ocr_line' id='line_1_29' title="bbox 627 3140 2214 3217; baseline -0.003 -15"><span class='ocrx_word' id='word_1_220' title='bbox 627 3161 764 3210; x_wconf 88' lang='lat' dir='ltr'><strong><em>esse,</em></strong></span> <span class='ocrx_word' id='word_1_221' title='bbox 791 3143 921 3201; x_wconf 86' lang='lat' dir='ltr'><strong><em>facti</em></strong></span> <span class='ocrx_word' id='word_1_222' title='bbox 967 3153 1094 3201; x_wconf 88' lang='lat' dir='ltr'><strong><em>sunt</em></strong></span> <span class='ocrx_word' id='word_1_223' title='bbox 1125 3143 1332 3217; x_wconf 79' lang='lat' dir='ltr'><strong><em>[SuppL</em></strong></span> <span class='ocrx_word' id='word_1_224' title='bbox 1365 3141 1707 3214; x_wconf 80' lang='lat' dir='ltr'><strong><em>imbecilles],</em></strong></span> <span class='ocrx_word' id='word_1_225' title='bbox 1750 3143 1944 3212; x_wconf 87' lang='lat' dir='ltr'><strong><em>quibus</em></strong></span> <span class='ocrx_word' id='word_1_226' title='bbox 1969 3140 2052 3196; x_wconf 90' lang='lat' dir='ltr'><strong><em>lac</em></strong></span> <span class='ocrx_word' id='word_1_227' title='bbox 2079 3157 2214 3212; x_wconf 91' lang='lat' dir='ltr'><strong><em>opus</em></strong></span> 
     </span>
    </p>
   </div>
   <div class='ocr_carea' id='block_1_30' title="bbox 627 3234 2286 3318">
    <p class='ocr_par' dir='ltr' id='par_1_30' title="bbox 627 3234 2286 3318">
     <span class='ocr_line' id='line_1_30' title="bbox 627 3234 2286 3318; baseline -0.002 -25"><span class='ocrx_word' id='word_1_228' title='bbox 627 3246 727 3302; x_wconf 79' lang='lat' dir='ltr'><strong><em>est.</em></strong></span> <span class='ocrx_word' id='word_1_229' title='bbox 753 3254 862 3294; x_wconf 91' lang='lat' dir='ltr'><strong><em>non</em></strong></span> <span class='ocrx_word' id='word_1_230' title='bbox 889 3237 1092 3294; x_wconf 92' lang='lat' dir='ltr'><strong><em>solidus</em></strong></span> <span class='ocrx_word' id='word_1_231' title='bbox 1118 3237 1290 3292; x_wconf 91' lang='lat' dir='ltr'><strong><em>cibus.</em></strong></span> <span class='ocrx_word' id='word_1_232' title='bbox 1314 3235 1407 3290; x_wconf 89' lang='lat' dir='ltr'><strong><em>Illa</em></strong></span> <span class='ocrx_word' id='word_1_233' title='bbox 1435 3234 1724 3290; x_wconf 82' lang='lat' dir='ltr'><strong><em>difficultas</em></strong></span> <span class='ocrx_word' id='word_1_234' title='bbox 1748 3235 2134 3303; x_wconf 85' lang='lat' dir='ltr'><strong><em>interpretandi</em></strong></span> <span class='ocrx_word' id='word_1_235' title='bbox 2157 3235 2213 3289; x_wconf 90' lang='lat' dir='ltr'><strong><em>in</em></strong></span> <span class='ocrx_word' id='word_1_236' title='bbox 2237 3253 2286 3318; x_wconf 69' lang='grc' dir='ltr'>ο</span> 
     </span>
    </p>
   </div>
   <div class='ocr_carea' id='block_1_31' title="bbox 629 3319 2210 3398">
    <p class='ocr_par' dir='ltr' id='par_1_31' title="bbox 629 3319 2210 3398">
     <span class='ocr_line' id='line_1_31' title="bbox 629 3319 2210 3398; baseline -0.004 -12"><span class='ocrx_word' id='word_1_237' title='bbox 629 3319 842 3386; x_wconf 87' lang='lat' dir='ltr'><strong><em>illorum</em></strong></span> <span class='ocrx_word' id='word_1_238' title='bbox 872 3330 974 3384; x_wconf 87' lang='lat' dir='ltr'><strong><em>fuit</em></strong></span> <span class='ocrx_word' id='word_1_239' title='bbox 1005 3329 1282 3394; x_wconf 86' lang='lat' dir='ltr'><strong><em>tarditate,</em></strong></span> <span class='ocrx_word' id='word_1_240' title='bbox 1331 3344 1444 3384; x_wconf 90' lang='lat' dir='ltr'><strong><em>non</em></strong></span> <span class='ocrx_word' id='word_1_241' title='bbox 1488 3329 1543 3383; x_wconf 93' lang='lat' dir='ltr'><strong><em>in</em></strong></span> <span class='ocrx_word' id='word_1_242' title='bbox 1593 3327 1885 3398; x_wconf 87' lang='lat' dir='ltr'><strong><em>apostolica</em></strong></span> <span class='ocrx_word' id='word_1_243' title='bbox 1925 3327 2210 3396; x_wconf 87' lang='lat' dir='ltr'><strong><em>sapientia,</em></strong></span> 
     </span>
    </p>
   </div>
   <div class='ocr_carea' id='block_1_32' title="bbox 632 3418 2216 3492">
    <p class='ocr_par' dir='ltr' id='par_1_32' title="bbox 632 3418 2216 3492">
     <span class='ocr_line' id='line_1_32' title="bbox 632 3418 2216 3492; baseline -0.004 -13"><span class='ocrx_word' id='word_1_244' title='bbox 632 3424 718 3479; x_wconf 90' lang='lat' dir='ltr'><strong><em>cui</em></strong></span> <span class='ocrx_word' id='word_1_245' title='bbox 738 3422 974 3478; x_wconf 87' lang='lat' dir='ltr'><strong><em>revelata</em></strong></span> <span class='ocrx_word' id='word_1_246' title='bbox 992 3428 1119 3477; x_wconf 89' lang='lat' dir='ltr'><strong><em>sunt</em></strong></span> <span class='ocrx_word' id='word_1_247' title='bbox 1141 3422 1397 3492; x_wconf 87' lang='lat' dir='ltr'><strong><em>mysteria</em></strong></span> <span class='ocrx_word' id='word_1_248' title='bbox 1423 3437 1454 3476; x_wconf 89' lang='lat' dir='ltr'><strong><em>a</em></strong></span> <span class='ocrx_word' id='word_1_249' title='bbox 1480 3419 1692 3476; x_wconf 76' lang='lat' dir='ltr'><strong><em>saeculis</em></strong></span> <span class='ocrx_word' id='word_1_250' title='bbox 1717 3418 2050 3483; x_wconf 86' lang='lat' dir='ltr'><strong><em>abscondita,</em></strong></span> <span class='ocrx_word' id='word_1_251' title='bbox 2077 3418 2216 3474; x_wconf 82' lang='lat' dir='ltr'><strong><em>sicut</em></strong></span> 
     </span>
    </p>
   </div>
   <div class='ocr_carea' id='block_1_33' title="bbox 630 3509 2212 3582">
    <p class='ocr_par' dir='ltr' id='par_1_33' title="bbox 630 3509 2212 3582">
     <span class='ocr_line' id='line_1_33' title="bbox 630 3509 2212 3582; baseline -0.003 -13"><span class='ocrx_word' id='word_1_252' title='bbox 630 3515 688 3570; x_wconf 91' lang='lat' dir='ltr'><strong><em>in</em></strong></span> <span class='ocrx_word' id='word_1_253' title='bbox 711 3512 950 3582; x_wconf 77' lang='lat' dir='ltr'><strong><em>Epistula</em></strong></span> <span class='ocrx_word' id='word_1_254' title='bbox 965 3512 1033 3566; x_wconf 89' lang='lat' dir='ltr'><strong><em>ad</em></strong></span> <span class='ocrx_word' id='word_1_255' title='bbox 1053 3511 1312 3581; x_wconf 84' lang='lat' dir='ltr'><strong><em>Ephesios</em></strong></span> <span class='ocrx_word' id='word_1_256' title='bbox 1326 3512 1634 3581; x_wconf 87' lang='lat' dir='ltr'><strong><em>plenissime</em></strong></span> <span class='ocrx_word' id='word_1_257' title='bbox 1648 3510 1982 3564; x_wconf 88' lang='lat' dir='ltr'><strong><em>demonstrat</em></strong></span> <span class='ocrx_word' id='word_1_258' title='bbox 1997 3509 2212 3580; x_wconf 77' lang='lat' dir='ltr'><strong><em>(Ep/ws.</em></strong></span> 
     </span>
    </p>
   </div>
   <div class='ocr_carea' id='block_1_34' title="bbox 633 3601 2215 3675">
    <p class='ocr_par' dir='ltr' id='par_1_34' title="bbox 633 3601 2215 3675">
     <span class='ocr_line' id='line_1_34' title="bbox 633 3601 2215 3675; baseline -0.002 -16"><span class='ocrx_word' id='word_1_259' title='bbox 633 3621 718 3670; x_wconf 85' lang='lat' dir='ltr'><strong><em>tu,</em></strong></span> <span class='ocrx_word' id='word_1_260' title='bbox 747 3602 822 3675; x_wconf 89' lang='lat'><strong><em>8).</em></strong></span> <span class='ocrx_word' id='word_1_261' title='bbox 855 3603 1059 3658; x_wconf 88' lang='lat' dir='ltr'><strong><em>Deinde</em></strong></span> <span class='ocrx_word' id='word_1_262' title='bbox 1109 3603 1386 3673; x_wconf 71' lang='lat' dir='ltr'><strong><em>subiunxit</em></strong></span> <span class='ocrx_word' id='word_1_263' title='bbox 1419 3619 1431 3656; x_wconf 89' lang='lat'>:</span> <span class='ocrx_word' id='word_1_264' title='bbox 1467 3602 1649 3674; x_wconf 76' lang='lat' dir='ltr'><strong><em>(Vens.</em></strong></span> <span class='ocrx_word' id='word_1_265' title='bbox 1700 3601 1787 3673; x_wconf 72' lang='grc'><strong><em>12)</em></strong></span> <span class='ocrx_word' id='word_1_266' title='bbox 1849 3601 2060 3655; x_wconf 81' lang='lat' dir='ltr'><strong><em>Etenim</em></strong></span> <span class='ocrx_word' id='word_1_267' title='bbox 2097 3619 2215 3656; x_wconf 90' lang='lat' dir='ltr'><strong><em>cum</em></strong></span> 
     </span>
    </p>
   </div>
   <div class='ocr_carea' id='block_1_35' title="bbox 633 3693 2219 3766">
    <p class='ocr_par' dir='ltr' id='par_1_35' title="bbox 633 3693 2219 3766">
     <span class='ocr_line' id='line_1_35' title="bbox 633 3693 2219 3766; baseline -0.001 -17"><span class='ocrx_word' id='word_1_268' title='bbox 633 3695 883 3749; x_wconf 83' lang='lat' dir='ltr'><strong><em>deberetis</em></strong></span> <span class='ocrx_word' id='word_1_269' title='bbox 909 3695 1147 3764; x_wconf 87' lang='lat' dir='ltr'><strong><em>magistri</em></strong></span> <span class='ocrx_word' id='word_1_270' title='bbox 1171 3712 1281 3748; x_wconf 87' lang='lat' dir='ltr'><strong><em>esse</em></strong></span> <span class='ocrx_word' id='word_1_271' title='bbox 1301 3705 1508 3766; x_wconf 89' lang='lat' dir='ltr'><strong><em>propter</em></strong></span> <span class='ocrx_word' id='word_1_272' title='bbox 1538 3703 1758 3765; x_wconf 88' lang='lat' dir='ltr'><strong><em>tempus,</em></strong></span> <span class='ocrx_word' id='word_1_273' title='bbox 1791 3709 1999 3746; x_wconf 87' lang='lat' dir='ltr'><strong><em>rursum</em></strong></span> <span class='ocrx_word' id='word_1_274' title='bbox 2021 3693 2219 3764; x_wconf 86' lang='lat' dir='ltr'><strong><em>indige-</em></strong></span> 
     </span>
    </p>
   </div>
   <div class='ocr_carea' id='block_1_36' title="bbox 635 3780 2220 3856">
    <p class='ocr_par' dir='ltr' id='par_1_36' title="bbox 635 3780 2220 3856">
     <span class='ocr_line' id='line_1_36' title="bbox 635 3780 2220 3856; baseline 0 -17"><span class='ocrx_word' id='word_1_275' title='bbox 635 3787 721 3852; x_wconf 88' lang='lat' dir='ltr'><strong><em>tis,</em></strong></span> <span class='ocrx_word' id='word_1_276' title='bbox 748 3793 805 3838; x_wconf 89' lang='lat' dir='ltr'><strong><em>ut</em></strong></span> <span class='ocrx_word' id='word_1_277' title='bbox 833 3780 918 3840; x_wconf 75' lang='lat' dir='ltr'><strong><em>vos</em></strong></span> <span class='ocrx_word' id='word_1_278' title='bbox 939 3784 1231 3839; x_wconf 83' lang='lat' dir='ltr'><strong><em>doceamini</em></strong></span> <span class='ocrx_word' id='word_1_279' title='bbox 1250 3801 1367 3856; x_wconf 68' lang='lat' dir='ltr'><strong><em>qua:</em></strong></span> <span class='ocrx_word' id='word_1_280' title='bbox 1386 3794 1507 3839; x_wconf 87' lang='lat' dir='ltr'><strong><em>sunt</em></strong></span> <span class='ocrx_word' id='word_1_281' title='bbox 1528 3784 1779 3840; x_wconf 76' lang='lat' dir='ltr'><strong><em>elementa</em></strong></span> <span class='ocrx_word' id='word_1_282' title='bbox 1805 3784 2004 3839; x_wconf 83' lang='lat' dir='ltr'><strong><em>exordii</em></strong></span> <span class='ocrx_word' id='word_1_283' title='bbox 2023 3801 2220 3839; x_wconf 82' lang='lat' dir='ltr'><strong><em>sermo-</em></strong></span> 
     </span>
    </p>
   </div>
   <div class='ocr_carea' id='block_1_37' title="bbox 635 3874 2220 3947">
    <p class='ocr_par' dir='ltr' id='par_1_37' title="bbox 635 3874 2220 3947">
     <span class='ocr_line' id='line_1_37' title="bbox 635 3874 2220 3947; baseline 0 -16"><span class='ocrx_word' id='word_1_284' title='bbox 635 3893 761 3932; x_wconf 86' lang='lat' dir='ltr'><strong><em>num</em></strong></span> <span class='ocrx_word' id='word_1_285' title='bbox 793 3875 940 3930; x_wconf 89' lang='lat' dir='ltr'><strong><em>Dei:</em></strong></span> <span class='ocrx_word' id='word_1_286' title='bbox 967 3884 1015 3930; x_wconf 90' lang='lat' dir='ltr'><strong><em>et</em></strong></span> <span class='ocrx_word' id='word_1_287' title='bbox 1056 3874 1185 3945; x_wconf 90' lang='lat' dir='ltr'><strong><em>facti</em></strong></span> <span class='ocrx_word' id='word_1_288' title='bbox 1219 3876 1358 3942; x_wconf 83' lang='lat' dir='ltr'><strong><em>estis,</em></strong></span> <span class='ocrx_word' id='word_1_289' title='bbox 1391 3877 1577 3947; x_wconf 84' lang='lat' dir='ltr'><strong><em>quibus</em></strong></span> <span class='ocrx_word' id='word_1_290' title='bbox 1620 3875 1754 3930; x_wconf 85' lang='lat' dir='ltr'><strong><em>lacte</em></strong></span> <span class='ocrx_word' id='word_1_291' title='bbox 1808 3893 1934 3946; x_wconf 87' lang='lat' dir='ltr'><strong><em>opus</em></strong></span> <span class='ocrx_word' id='word_1_292' title='bbox 1980 3876 2068 3941; x_wconf 86' lang='lat' dir='ltr'><strong><em>sit,</em></strong></span> <span class='ocrx_word' id='word_1_293' title='bbox 2116 3892 2220 3931; x_wconf 88' lang='lat' dir='ltr'><strong><em>non</em></strong></span> 
     </span>
    </p>
   </div>
   <div class='ocr_carea' id='block_1_38' title="bbox 633 3966 2220 4039">
    <p class='ocr_par' dir='ltr' id='par_1_38' title="bbox 633 3966 2220 4039">
     <span class='ocr_line' id='line_1_38' title="bbox 633 3966 2220 4039; baseline -0.001 -15"><span class='ocrx_word' id='word_1_294' title='bbox 633 3968 801 4024; x_wconf 92' lang='lat' dir='ltr'><strong><em>solido</em></strong></span> <span class='ocrx_word' id='word_1_295' title='bbox 829 3968 960 4023; x_wconf 90' lang='lat' dir='ltr'><strong><em>cibo.</em></strong></span> <span class='ocrx_word' id='word_1_296' title='bbox 990 3966 1072 4023; x_wconf 83' lang='lat' dir='ltr'><strong><em>Ad</em></strong></span> <span class='ocrx_word' id='word_1_297' title='bbox 1101 3983 1195 4022; x_wconf 90' lang='lat' dir='ltr'><strong><em>eos</em></strong></span> <span class='ocrx_word' id='word_1_298' title='bbox 1233 3967 1397 4039; x_wconf 77' lang='lat' dir='ltr'><strong><em>igitur</em></strong></span> <span class='ocrx_word' id='word_1_299' title='bbox 1444 3967 1684 4038; x_wconf 88' lang='lat' dir='ltr'><strong><em>loquitur</em></strong></span> <span class='ocrx_word' id='word_1_300' title='bbox 1731 3968 1822 4036; x_wconf 89' lang='lat' dir='ltr'><strong><em>qui</em></strong></span> <span class='ocrx_word' id='word_1_301' title='bbox 1865 3967 2220 4023; x_wconf 86' lang='lat' dir='ltr'><strong><em>exercitatum</em></strong></span> 
     </span>
    </p>
   </div>
   <div class='ocr_carea' id='block_1_39' title="bbox 636 4061 2222 4134">
    <p class='ocr_par' dir='ltr' id='par_1_39' title="bbox 636 4061 2222 4134">
     <span class='ocr_line' id='line_1_39' title="bbox 636 4061 2222 4134; baseline -0.001 -16"><span class='ocrx_word' id='word_1_302' title='bbox 636 4077 854 4118; x_wconf 87' lang='lat' dir='ltr'><strong><em>sensum</em></strong></span> <span class='ocrx_word' id='word_1_303' title='bbox 889 4077 986 4132; x_wconf 89' lang='lat' dir='ltr'><strong><em>per</em></strong></span> <span class='ocrx_word' id='word_1_304' title='bbox 1011 4062 1186 4132; x_wconf 81' lang='lat' dir='ltr'><strong><em>legem</em></strong></span> <span class='ocrx_word' id='word_1_305' title='bbox 1227 4070 1282 4116; x_wconf 89' lang='lat' dir='ltr'><strong><em>et</em></strong></span> <span class='ocrx_word' id='word_1_306' title='bbox 1319 4062 1614 4134; x_wconf 85' lang='lat' dir='ltr'><strong><em>prophetas</em></strong></span> <span class='ocrx_word' id='word_1_307' title='bbox 1652 4062 1718 4116; x_wconf 89' lang='lat' dir='ltr'><strong><em>de</em></strong></span> <span class='ocrx_word' id='word_1_308' title='bbox 1751 4061 1986 4116; x_wconf 89' lang='lat' dir='ltr'><strong><em>adventu</em></strong></span> <span class='ocrx_word' id='word_1_309' title='bbox 2017 4061 2222 4117; x_wconf 89' lang='lat' dir='ltr'><strong><em>Christi</em></strong></span> 
     </span>
    </p>
   </div>
   <div class='ocr_carea' id='block_1_40' title="bbox 591 4153 2222 4228">
    <p class='ocr_par' dir='ltr' id='par_1_40' title="bbox 591 4153 2222 4228">
     <span class='ocr_line' id='line_1_40' title="bbox 591 4153 2222 4228; baseline -0.001 -16"><span class='ocrx_word' id='word_1_310' title='bbox 591 4161 594 4164; x_wconf 79' lang='grc'><em>’</em></span> <span class='ocrx_word' id='word_1_311' title='bbox 635 4167 691 4212; x_wconf 92' lang='lat' dir='ltr'><strong><em>et</em></strong></span> <span class='ocrx_word' id='word_1_312' title='bbox 713 4157 888 4228; x_wconf 88' lang='lat' dir='ltr'><strong><em>gratia</em></strong></span> <span class='ocrx_word' id='word_1_313' title='bbox 918 4172 1038 4226; x_wconf 75' lang='lat' dir='ltr'><strong><em>quae</em></strong></span> <span class='ocrx_word' id='word_1_314' title='bbox 1065 4171 1164 4225; x_wconf 88' lang='lat' dir='ltr'><strong><em>per</em></strong></span> <span class='ocrx_word' id='word_1_315' title='bbox 1185 4170 1308 4211; x_wconf 91' lang='lat' dir='ltr'><strong><em>eum</em></strong></span> <span class='ocrx_word' id='word_1_316' title='bbox 1329 4155 1674 4211; x_wconf 90' lang='lat' dir='ltr'><strong><em>credentibus</em></strong></span> <span class='ocrx_word' id='word_1_317' title='bbox 1699 4153 1859 4209; x_wconf 89' lang='lat' dir='ltr'><strong><em>allata</em></strong></span> <span class='ocrx_word' id='word_1_318' title='bbox 1887 4162 1990 4221; x_wconf 90' lang='lat' dir='ltr'><strong><em>est,</em></strong></span> <span class='ocrx_word' id='word_1_319' title='bbox 2021 4154 2222 4211; x_wconf 86' lang='lat' dir='ltr'><strong><em>habere</em></strong></span> 
     </span>
    </p>
   </div>
   <div class='ocr_carea' id='block_1_41' title="bbox 639 4247 2223 4320">
    <p class='ocr_par' dir='ltr' id='par_1_41' title="bbox 639 4247 2223 4320">
     <span class='ocr_line' id='line_1_41' title="bbox 639 4247 2223 4320; baseline -0.003 -14"><span class='ocrx_word' id='word_1_320' title='bbox 639 4252 967 4317; x_wconf 89' lang='lat' dir='ltr'><strong><em>debuerunt;</em></strong></span> <span class='ocrx_word' id='word_1_321' title='bbox 999 4250 1092 4320; x_wconf 90' lang='lat' dir='ltr'><strong><em>qui</em></strong></span> <span class='ocrx_word' id='word_1_322' title='bbox 1132 4249 1295 4304; x_wconf 90' lang='lat' dir='ltr'><strong><em>etiam</em></strong></span> <span class='ocrx_word' id='word_1_323' title='bbox 1337 4248 1651 4320; x_wconf 90' lang='lat' dir='ltr'><strong><em>magisterio</em></strong></span> <span class='ocrx_word' id='word_1_324' title='bbox 1682 4247 1803 4303; x_wconf 88' lang='lat' dir='ltr'><strong><em>aliis</em></strong></span> <span class='ocrx_word' id='word_1_325' title='bbox 1825 4261 1922 4317; x_wconf 89' lang='lat' dir='ltr'><strong><em>per</em></strong></span> <span class='ocrx_word' id='word_1_326' title='bbox 1962 4247 2223 4318; x_wconf 88' lang='lat' dir='ltr'><strong><em>mysteria</em></strong></span> 
     </span>
    </p>
   </div>
   <div class='ocr_carea' id='block_1_42' title="bbox 639 4336 2219 4411">
    <p class='ocr_par' dir='ltr' id='par_1_42' title="bbox 639 4336 2219 4411">
     <span class='ocr_line' id='line_1_42' title="bbox 639 4336 2219 4411; baseline -0.002 -15"><span class='ocrx_word' id='word_1_327' title='bbox 639 4341 733 4396; x_wconf 90' lang='lat' dir='ltr'><strong><em>Dei</em></strong></span> <span class='ocrx_word' id='word_1_328' title='bbox 755 4357 876 4411; x_wconf 79' lang='lat' dir='ltr'><strong><em>quae</em></strong></span> <span class='ocrx_word' id='word_1_329' title='bbox 898 4341 1023 4396; x_wconf 90' lang='lat' dir='ltr'><strong><em>data</em></strong></span> <span class='ocrx_word' id='word_1_330' title='bbox 1052 4348 1178 4395; x_wconf 91' lang='lat' dir='ltr'><strong><em>sunt</em></strong></span> <span class='ocrx_word' id='word_1_331' title='bbox 1203 4340 1332 4405; x_wconf 86' lang='lat' dir='ltr'><strong><em>illis,</em></strong></span> <span class='ocrx_word' id='word_1_332' title='bbox 1359 4346 1606 4410; x_wconf 87' lang='lat' dir='ltr'><strong><em>poterant</em></strong></span> <span class='ocrx_word' id='word_1_333' title='bbox 1628 4353 1747 4394; x_wconf 90' lang='lat' dir='ltr'><strong><em>esse</em></strong></span> <span class='ocrx_word' id='word_1_334' title='bbox 1774 4338 1818 4393; x_wconf 89' lang='lat' dir='ltr'><strong><em>si</em></strong></span> <span class='ocrx_word' id='word_1_335' title='bbox 1848 4336 2219 4395; x_wconf 84' lang='lat' dir='ltr'><strong><em>credidissent.</em></strong></span> 
     </span>
    </p>
   </div>
   <div class='ocr_carea' id='block_1_43' title="bbox 639 4431 2224 4503">
    <p class='ocr_par' dir='ltr' id='par_1_43' title="bbox 639 4431 2224 4503">
     <span class='ocr_line' id='line_1_43' title="bbox 639 4431 2224 4503; baseline -0.001 -16"><span class='ocrx_word' id='word_1_336' title='bbox 639 4432 792 4489; x_wconf 81' lang='lat' dir='ltr'><strong><em>Nunc</em></strong></span> <span class='ocrx_word' id='word_1_337' title='bbox 811 4441 990 4489; x_wconf 89' lang='lat' dir='ltr'><strong><em>autem</em></strong></span> <span class='ocrx_word' id='word_1_338' title='bbox 1013 4433 1151 4488; x_wconf 84' lang='lat' dir='ltr'><strong><em>tales</em></strong></span> <span class='ocrx_word' id='word_1_339' title='bbox 1182 4431 1310 4488; x_wconf 86' lang='lat' dir='ltr'><strong><em>facti</em></strong></span> <span class='ocrx_word' id='word_1_340' title='bbox 1351 4438 1478 4487; x_wconf 91' lang='lat' dir='ltr'><strong><em>sunt</em></strong></span> <span class='ocrx_word' id='word_1_341' title='bbox 1507 4439 1569 4486; x_wconf 91' lang='lat' dir='ltr'><strong><em>ut</em></strong></span> <span class='ocrx_word' id='word_1_342' title='bbox 1597 4431 1850 4496; x_wconf 87' lang='lat' dir='ltr'><strong><em>infantes,</em></strong></span> <span class='ocrx_word' id='word_1_343' title='bbox 1878 4432 2073 4503; x_wconf 86' lang='lat' dir='ltr'><strong><em>quibus</em></strong></span> <span class='ocrx_word' id='word_1_344' title='bbox 2107 4431 2224 4501; x_wconf 89' lang='lat' dir='ltr'><strong><em>pri-</em></strong></span> 
     </span>
    </p>
   </div>
   <div class='ocr_carea' id='block_1_44' title="bbox 641 4523 2219 4594">
    <p class='ocr_par' dir='ltr' id='par_1_44' title="bbox 641 4523 2219 4594">
     <span class='ocr_line' id='line_1_44' title="bbox 641 4523 2219 4594; baseline 0 -15"><span class='ocrx_word' id='word_1_345' title='bbox 641 4540 728 4580; x_wconf 90' lang='lat' dir='ltr'><strong><em>ma</em></strong></span> <span class='ocrx_word' id='word_1_346' title='bbox 749 4524 1011 4577; x_wconf 88' lang='lat' dir='ltr'><strong><em>elementa</em></strong></span> <span class='ocrx_word' id='word_1_347' title='bbox 1027 4523 1328 4578; x_wconf 88' lang='lat' dir='ltr'><strong><em>litterarum</em></strong></span> <span class='ocrx_word' id='word_1_348' title='bbox 1347 4523 1632 4578; x_wconf 84' lang='lat' dir='ltr'><strong><em>traduntur</em></strong></span> <span class='ocrx_word' id='word_1_349' title='bbox 1649 4523 1808 4594; x_wconf 75' lang='lat'><strong><em>681</em></strong></span> <span class='ocrx_word' id='word_1_350' title='bbox 1827 4523 1894 4578; x_wconf 91' lang='lat' dir='ltr'><strong><em>ad</em></strong></span> <span class='ocrx_word' id='word_1_351' title='bbox 1914 4523 2219 4594; x_wconf 86' lang='lat' dir='ltr'><strong><em>legendum.</em></strong></span> 
     </span>
    </p>
   </div>
   <div class='ocr_carea' id='block_1_45' title="bbox 1438 398 3000 481">
    <p class='ocr_par' dir='ltr' id='par_1_45' title="bbox 1438 398 3000 481">
     <span class='ocr_line' id='line_1_45' title="bbox 1438 398 3000 481; baseline -0.019 0"><span class='ocrx_word' id='word_1_352' title='bbox 1438 426 1498 481; x_wconf 89' lang='lat' dir='ltr'><strong><em>B.</em></strong></span> <span class='ocrx_word' id='word_1_353' title='bbox 1538 422 1601 478; x_wconf 88' lang='lat' dir='ltr'><strong><em>F.</em></strong></span> <span class='ocrx_word' id='word_1_354' title='bbox 1641 416 1868 476; x_wconf 83' lang='lat' dir='ltr'><strong>ALBINI</strong></span> <span class='ocrx_word' id='word_1_355' title='bbox 1906 411 2041 470; x_wconf 87' lang='lat' dir='ltr'><strong><em>SEU</em></strong></span> <span class='ocrx_word' id='word_1_356' title='bbox 2079 406 2356 466; x_wconf 78' lang='lat' dir='ltr'><strong><em>ALCUINI</em></strong></span> <span class='ocrx_word' id='word_1_357' title='bbox 2392 400 2680 462; x_wconf 78' lang='lat' dir='ltr'><strong><em>OPERUM</em></strong></span> <span class='ocrx_word' id='word_1_358' title='bbox 2714 399 2896 458; x_wconf 81' lang='lat' dir='ltr'><strong><em>PARS</em></strong></span> <span class='ocrx_word' id='word_1_359' title='bbox 2937 398 3000 453; x_wconf 88' lang='lat' dir='ltr'><strong><em>ll.</em></strong></span> 
     </span>
    </p>
   </div>
   <div class='ocr_carea' id='block_1_46' title="bbox 2199 504 3871 590">
    <p class='ocr_par' dir='ltr' id='par_1_46' title="bbox 2199 504 3871 590">
     <span class='ocr_line' id='line_1_46' title="bbox 2199 504 3871 590; baseline -0.013 -13"><span class='ocrx_word' id='word_1_360' title='bbox 2199 530 2254 588; x_wconf 72' lang='grc' dir='ltr'>Α</span> <span class='ocrx_word' id='word_1_361' title='bbox 2276 538 2394 576; x_wconf 91' lang='lat' dir='ltr'><strong><em>rum</em></strong></span> <span class='ocrx_word' id='word_1_362' title='bbox 2418 528 2594 575; x_wconf 90' lang='lat' dir='ltr'><strong><em>autem</em></strong></span> <span class='ocrx_word' id='word_1_363' title='bbox 2619 519 2709 590; x_wconf 88' lang='lat' dir='ltr'><strong><em>qui</em></strong></span> <span class='ocrx_word' id='word_1_364' title='bbox 2734 517 3038 572; x_wconf 87' lang='lat' dir='ltr'><strong><em>exercitatos</em></strong></span> <span class='ocrx_word' id='word_1_365' title='bbox 3064 511 3251 566; x_wconf 88' lang='lat' dir='ltr'><strong><em>habent</em></strong></span> <span class='ocrx_word' id='word_1_366' title='bbox 3280 524 3461 566; x_wconf 82' lang='lat' dir='ltr'><strong><em>sensus</em></strong></span> <span class='ocrx_word' id='word_1_367' title='bbox 3490 505 3561 560; x_wconf 85' lang='lat' dir='ltr'><strong><em>ad</em></strong></span> <span class='ocrx_word' id='word_1_368' title='bbox 3588 504 3871 559; x_wconf 83' lang='lat' dir='ltr'><strong><em>discretio-</em></strong></span> 
     </span>
    </p>
   </div>
   <div class='ocr_carea' id='block_1_47' title="bbox 3720 386 3868 445">
    <p class='ocr_par' dir='ltr' id='par_1_47' title="bbox 3720 386 3868 445">
     <span class='ocr_line' id='line_1_47' title="bbox 3720 386 3868 445; baseline 0.014 -2"><span class='ocrx_word' id='word_1_369' title='bbox 3720 386 3868 445; x_wconf 74' lang='lat' dir='ltr'><strong><em>i056</em></strong></span> 
     </span>
    </p>
   </div>
   <div class='ocr_carea' id='block_1_48' title="bbox 2275 598 3873 673">
    <p class='ocr_par' dir='ltr' id='par_1_48' title="bbox 2275 598 3873 673">
     <span class='ocr_line' id='line_1_48' title="bbox 2275 598 3873 673; baseline -0.011 -4"><span class='ocrx_word' id='word_1_370' title='bbox 2275 631 2392 668; x_wconf 87' lang='lat' dir='ltr'><strong><em>nem</em></strong></span> <span class='ocrx_word' id='word_1_371' title='bbox 2433 610 2554 666; x_wconf 89' lang='lat' dir='ltr'><strong><em>boni</em></strong></span> <span class='ocrx_word' id='word_1_372' title='bbox 2591 626 2652 665; x_wconf 89' lang='lat' dir='ltr'><strong><em>ac</em></strong></span> <span class='ocrx_word' id='word_1_373' title='bbox 2693 608 2842 665; x_wconf 88' lang='lat' dir='ltr'><strong><em>mali.</em></strong></span> <span class='ocrx_word' id='word_1_374' title='bbox 2883 606 3103 662; x_wconf 87' lang='lat' dir='ltr'><strong><em>Palatus</em></strong></span> <span class='ocrx_word' id='word_1_375' title='bbox 3145 605 3290 658; x_wconf 90' lang='lat' dir='ltr'><strong><em>enim</em></strong></span> <span class='ocrx_word' id='word_1_376' title='bbox 3337 614 3558 673; x_wconf 86' lang='lat' dir='ltr'><strong><em>sapores</em></strong></span> <span class='ocrx_word' id='word_1_377' title='bbox 3605 598 3873 653; x_wconf 81' lang='lat' dir='ltr'><strong><em>discernit</em></strong></span> 
     </span>
    </p>
   </div>
   <div class='ocr_carea' id='block_1_49' title="bbox 2274 695 3872 767">
    <p class='ocr_par' dir='ltr' id='par_1_49' title="bbox 2274 695 3872 767">
     <span class='ocr_line' id='line_1_49' title="bbox 2274 695 3872 767; baseline -0.009 -7"><span class='ocrx_word' id='word_1_378' title='bbox 2274 706 2521 761; x_wconf 89' lang='lat' dir='ltr'><strong><em>ciborum</em></strong></span> <span class='ocrx_word' id='word_1_379' title='bbox 2565 722 2578 758; x_wconf 91' lang='lat'><strong>:</strong></span> <span class='ocrx_word' id='word_1_380' title='bbox 2625 702 2808 758; x_wconf 85' lang='lat' dir='ltr'><strong><em>anima</em></strong></span> <span class='ocrx_word' id='word_1_381' title='bbox 2851 716 2980 755; x_wconf 87' lang='lat' dir='ltr'><strong><em>vero</em></strong></span> <span class='ocrx_word' id='word_1_382' title='bbox 3025 698 3300 753; x_wconf 90' lang='lat' dir='ltr'><strong><em>variarum</em></strong></span> <span class='ocrx_word' id='word_1_383' title='bbox 3342 695 3538 767; x_wconf 82' lang='lat' dir='ltr'><strong><em>probat</em></strong></span> <span class='ocrx_word' id='word_1_384' title='bbox 3585 706 3872 748; x_wconf 84' lang='lat' dir='ltr'><strong><em>sermones</em></strong></span> 
     </span>
    </p>
   </div>
   <div class='ocr_carea' id='block_1_50' title="bbox 2277 787 3871 866">
    <p class='ocr_par' dir='ltr' id='par_1_50' title="bbox 2277 787 3871 866">
     <span class='ocr_line' id='line_1_50' title="bbox 2277 787 3871 866; baseline -0.006 -14"><span class='ocrx_word' id='word_1_385' title='bbox 2277 795 2666 860; x_wconf 86' lang='lat' dir='ltr'><strong><em>doctrinarum,</em></strong></span> <span class='ocrx_word' id='word_1_386' title='bbox 2690 795 2757 850; x_wconf 89' lang='lat' dir='ltr'><strong><em>de</em></strong></span> <span class='ocrx_word' id='word_1_387' title='bbox 2777 795 2973 866; x_wconf 90' lang='lat' dir='ltr'><strong><em>quibus</em></strong></span> <span class='ocrx_word' id='word_1_388' title='bbox 2992 793 3049 846; x_wconf 91' lang='lat' dir='ltr'><strong><em>in</em></strong></span> <span class='ocrx_word' id='word_1_389' title='bbox 3070 790 3420 862; x_wconf 88' lang='lat' dir='ltr'><strong><em>sequentibus</em></strong></span> <span class='ocrx_word' id='word_1_390' title='bbox 3442 787 3607 857; x_wconf 87' lang='lat' dir='ltr'><strong><em>hujus</em></strong></span> <span class='ocrx_word' id='word_1_391' title='bbox 3626 788 3871 857; x_wconf 73' lang='lat' dir='ltr'><strong><em>epistolae</em></strong></span> 
     </span>
    </p>
   </div>
   <div class='ocr_carea' id='block_1_51' title="bbox 2279 879 3871 966">
    <p class='ocr_par' dir='ltr' id='par_1_51' title="bbox 2279 879 3871 966">
     <span class='ocr_line' id='line_1_51' title="bbox 2279 879 3871 966; baseline -0.006 -23"><span class='ocrx_word' id='word_1_392' title='bbox 2279 887 2410 942; x_wconf 89' lang='lat' dir='ltr'><strong><em>dicit</em></strong></span> <span class='ocrx_word' id='word_1_393' title='bbox 2433 903 2446 940; x_wconf 92' lang='lat'><strong>:</strong></span> <span class='ocrx_word' id='word_1_394' title='bbox 2472 886 2734 966; x_wconf 72' lang='lat' dir='ltr'><strong><em>Doctrinis</em></strong></span> <span class='ocrx_word' id='word_1_395' title='bbox 2774 887 2931 940; x_wconf 81' lang='lat' dir='ltr'><strong><em>variis</em></strong></span> <span class='ocrx_word' id='word_1_396' title='bbox 2961 884 3119 938; x_wconf 89' lang='lat' dir='ltr'><strong><em>nolite</em></strong></span> <span class='ocrx_word' id='word_1_397' title='bbox 3142 882 3351 936; x_wconf 88' lang='lat' dir='ltr'><strong><em>abduci.</em></strong></span> <span class='ocrx_word' id='word_1_398' title='bbox 3384 879 3538 936; x_wconf 90' lang='lat' dir='ltr'><strong><em>Sicut</em></strong></span> <span class='ocrx_word' id='word_1_399' title='bbox 3565 881 3715 936; x_wconf 90' lang='lat' dir='ltr'><strong><em>enim</em></strong></span> <span class='ocrx_word' id='word_1_400' title='bbox 3742 895 3871 950; x_wconf 82' lang='lat' dir='ltr'><strong><em>par-</em></strong></span> 
     </span>
    </p>
   </div>
   <div class='ocr_carea' id='block_1_52' title="bbox 2280 976 3874 1044">
    <p class='ocr_par' dir='ltr' id='par_1_52' title="bbox 2280 976 3874 1044">
     <span class='ocr_line' id='line_1_52' title="bbox 2280 976 3874 1044; baseline -0.004 -10"><span class='ocrx_word' id='word_1_401' title='bbox 2280 981 2438 1036; x_wconf 89' lang='lat' dir='ltr'><strong><em>vulus</em></strong></span> <span class='ocrx_word' id='word_1_402' title='bbox 2457 981 2596 1035; x_wconf 89' lang='lat' dir='ltr'><strong><em>inter</em></strong></span> <span class='ocrx_word' id='word_1_403' title='bbox 2625 981 2802 1035; x_wconf 91' lang='lat' dir='ltr'><strong><em>cibum</em></strong></span> <span class='ocrx_word' id='word_1_404' title='bbox 2824 988 2874 1034; x_wconf 87' lang='lat' dir='ltr'><strong><em>et</em></strong></span> <span class='ocrx_word' id='word_1_405' title='bbox 2898 979 3077 1033; x_wconf 88' lang='lat' dir='ltr'><strong><em>cibum</em></strong></span> <span class='ocrx_word' id='word_1_406' title='bbox 3101 978 3406 1032; x_wconf 87' lang='lat' dir='ltr'><strong><em>discernere</em></strong></span> <span class='ocrx_word' id='word_1_407' title='bbox 3423 976 3620 1036; x_wconf 88' lang='lat' dir='ltr'><strong><em>nescit,</em></strong></span> <span class='ocrx_word' id='word_1_408' title='bbox 3645 982 3701 1028; x_wconf 90' lang='lat' dir='ltr'><strong><em>et</em></strong></span> <span class='ocrx_word' id='word_1_409' title='bbox 3732 990 3874 1044; x_wconf 65' lang='lat' dir='ltr'><strong><em>saepe</em></strong></span> 
     </span>
    </p>
   </div>
   <div class='ocr_carea' id='block_1_53' title="bbox 2283 1067 3873 1140">
    <p class='ocr_par' dir='ltr' id='par_1_53' title="bbox 2283 1067 3873 1140">
     <span class='ocr_line' id='line_1_53' title="bbox 2283 1067 3873 1140; baseline -0.004 -12"><span class='ocrx_word' id='word_1_410' title='bbox 2283 1073 2340 1129; x_wconf 91' lang='lat' dir='ltr'><strong><em>in</em></strong></span> <span class='ocrx_word' id='word_1_411' title='bbox 2370 1073 2547 1128; x_wconf 79' lang='lat' dir='ltr'><strong><em>noxiis</em></strong></span> <span class='ocrx_word' id='word_1_412' title='bbox 2575 1071 2852 1127; x_wconf 91' lang='lat' dir='ltr'><strong><em>sumendis</em></strong></span> <span class='ocrx_word' id='word_1_413' title='bbox 2871 1071 3227 1140; x_wconf 83' lang='lat' dir='ltr'><strong><em>periclitatur,</em></strong></span> <span class='ocrx_word' id='word_1_414' title='bbox 3254 1069 3300 1124; x_wconf 91' lang='lat' dir='ltr'><strong><em>si</em></strong></span> <span class='ocrx_word' id='word_1_415' title='bbox 3328 1084 3435 1123; x_wconf 92' lang='lat' dir='ltr'><strong><em>non</em></strong></span> <span class='ocrx_word' id='word_1_416' title='bbox 3459 1067 3818 1138; x_wconf 85' lang='lat' dir='ltr'><strong><em>prohibeatur</em></strong></span> <span class='ocrx_word' id='word_1_417' title='bbox 3841 1083 3873 1122; x_wconf 88' lang='lat' dir='ltr'><strong><em>a</em></strong></span> 
     </span>
    </p>
   </div>
   <div class='ocr_carea' id='block_1_54' title="bbox 2285 1160 3872 1232">
    <p class='ocr_par' dir='ltr' id='par_1_54' title="bbox 2285 1160 3872 1232">
     <span class='ocr_line' id='line_1_54' title="bbox 2285 1160 3872 1232; baseline -0.004 -13"><span class='ocrx_word' id='word_1_418' title='bbox 2285 1163 2517 1228; x_wconf 89' lang='lat' dir='ltr'><strong><em>seniore,</em></strong></span> <span class='ocrx_word' id='word_1_419' title='bbox 2550 1165 2627 1218; x_wconf 91' lang='lat' dir='ltr'><strong><em>ita</em></strong></span> <span class='ocrx_word' id='word_1_420' title='bbox 2663 1163 2911 1218; x_wconf 91' lang='lat' dir='ltr'><strong><em>indoctus</em></strong></span> <span class='ocrx_word' id='word_1_421' title='bbox 2937 1163 3163 1232; x_wconf 90' lang='lat' dir='ltr'><strong><em>quisque</em></strong></span> <span class='ocrx_word' id='word_1_422' title='bbox 3192 1161 3574 1217; x_wconf 88' lang='lat' dir='ltr'><strong><em>discretionem</em></strong></span> <span class='ocrx_word' id='word_1_423' title='bbox 3599 1160 3872 1214; x_wconf 86' lang='lat' dir='ltr'><strong><em>doctrina-</em></strong></span> 
     </span>
    </p>
   </div>
   <div class='ocr_carea' id='block_1_55' title="bbox 2287 1250 3877 1326">
    <p class='ocr_par' dir='ltr' id='par_1_55' title="bbox 2287 1250 3877 1326">
     <span class='ocr_line' id='line_1_55' title="bbox 2287 1250 3877 1326; baseline -0.006 -14"><span class='ocrx_word' id='word_1_424' title='bbox 2287 1273 2408 1312; x_wconf 90' lang='lat' dir='ltr'><strong><em>rum</em></strong></span> <span class='ocrx_word' id='word_1_425' title='bbox 2437 1257 2627 1320; x_wconf 88' lang='lat' dir='ltr'><strong><em>nescit,</em></strong></span> <span class='ocrx_word' id='word_1_426' title='bbox 2656 1254 2814 1311; x_wconf 86' lang='lat' dir='ltr'><strong><em>facile</em></strong></span> <span class='ocrx_word' id='word_1_427' title='bbox 2842 1256 3126 1326; x_wconf 89' lang='lat' dir='ltr'><strong><em>decipitur,</em></strong></span> <span class='ocrx_word' id='word_1_428' title='bbox 3154 1262 3210 1309; x_wconf 89' lang='lat' dir='ltr'><strong><em>et</em></strong></span> <span class='ocrx_word' id='word_1_429' title='bbox 3235 1254 3290 1307; x_wconf 90' lang='lat' dir='ltr'><strong><em>in</em></strong></span> <span class='ocrx_word' id='word_1_430' title='bbox 3317 1253 3403 1306; x_wconf 85' lang='lat' dir='ltr'><strong><em>via</em></strong></span> <span class='ocrx_word' id='word_1_431' title='bbox 3427 1253 3637 1306; x_wconf 89' lang='lat' dir='ltr'><strong><em>erroris</em></strong></span> <span class='ocrx_word' id='word_1_432' title='bbox 3663 1250 3877 1320; x_wconf 83' lang='lat' dir='ltr'><strong><em>pericli-</em></strong></span> 
     </span>
    </p>
   </div>
   <div class='ocr_carea' id='block_1_56' title="bbox 2290 1342 3877 1416">
    <p class='ocr_par' dir='ltr' id='par_1_56' title="bbox 2290 1342 3877 1416">
     <span class='ocr_line' id='line_1_56' title="bbox 2290 1342 3877 1416; baseline -0.006 -13"><span class='ocrx_word' id='word_1_433' title='bbox 2290 1357 2456 1404; x_wconf 88' lang='lat' dir='ltr'><strong><em>tatur.</em></strong></span> <span class='ocrx_word' id='word_1_434' title='bbox 2489 1349 2644 1416; x_wconf 87' lang='lat' dir='ltr'><strong><em>Quod</em></strong></span> <span class='ocrx_word' id='word_1_435' title='bbox 2685 1349 2740 1403; x_wconf 91' lang='lat' dir='ltr'><strong><em>in</em></strong></span> <span class='ocrx_word' id='word_1_436' title='bbox 2773 1348 2914 1402; x_wconf 89' lang='lat' dir='ltr'><strong><em>lacte</em></strong></span> <span class='ocrx_word' id='word_1_437' title='bbox 2941 1354 2995 1401; x_wconf 89' lang='lat' dir='ltr'><strong><em>et</em></strong></span> <span class='ocrx_word' id='word_1_438' title='bbox 3023 1346 3196 1401; x_wconf 88' lang='lat' dir='ltr'><strong><em>solido</em></strong></span> <span class='ocrx_word' id='word_1_439' title='bbox 3231 1346 3382 1409; x_wconf 89' lang='lat' dir='ltr'><strong><em>cibo,</em></strong></span> <span class='ocrx_word' id='word_1_440' title='bbox 3414 1345 3520 1399; x_wconf 88' lang='lat' dir='ltr'><strong><em>hoc</em></strong></span> <span class='ocrx_word' id='word_1_441' title='bbox 3555 1343 3614 1396; x_wconf 90' lang='lat' dir='ltr'><strong><em>in</em></strong></span> <span class='ocrx_word' id='word_1_442' title='bbox 3662 1342 3877 1395; x_wconf 86' lang='lat' dir='ltr'><strong><em>indocto</em></strong></span> 
     </span>
    </p>
   </div>
   <div class='ocr_carea' id='block_1_57' title="bbox 2291 1438 3881 1514">
    <p class='ocr_par' dir='ltr' id='par_1_57' title="bbox 2291 1438 3881 1514">
     <span class='ocr_line' id='line_1_57' title="bbox 2291 1438 3881 1514; baseline -0.007 -14"><span class='ocrx_word' id='word_1_443' title='bbox 2291 1453 2345 1500; x_wconf 91' lang='lat' dir='ltr'><strong><em>et</em></strong></span> <span class='ocrx_word' id='word_1_444' title='bbox 2388 1444 2632 1514; x_wconf 87' lang='lat' dir='ltr'><strong><em>sapiente</em></strong></span> <span class='ocrx_word' id='word_1_445' title='bbox 2678 1441 2888 1510; x_wconf 80' lang='lat' dir='ltr'><strong><em>differt;</em></strong></span> <span class='ocrx_word' id='word_1_446' title='bbox 2935 1443 3076 1497; x_wconf 89' lang='lat' dir='ltr'><strong><em>sicut</em></strong></span> <span class='ocrx_word' id='word_1_447' title='bbox 3115 1441 3198 1496; x_wconf 91' lang='lat' dir='ltr'><strong><em>lac</em></strong></span> <span class='ocrx_word' id='word_1_448' title='bbox 3233 1438 3473 1511; x_wconf 81' lang='lat' dir='ltr'><strong><em>parvulis</em></strong></span> <span class='ocrx_word' id='word_1_449' title='bbox 3513 1439 3800 1508; x_wconf 82' lang='lat' dir='ltr'><strong><em>congruit,</em></strong></span> <span class='ocrx_word' id='word_1_450' title='bbox 3830 1445 3881 1490; x_wconf 84' lang='lat' dir='ltr'><strong><em>et</em></strong></span> 
     </span>
    </p>
   </div>
   <div class='ocr_carea' id='block_1_58' title="bbox 2291 1531 3879 1605">
    <p class='ocr_par' dir='ltr' id='par_1_58' title="bbox 2291 1531 3879 1605">
     <span class='ocr_line' id='line_1_58' title="bbox 2291 1531 3879 1605; baseline -0.004 -13"><span class='ocrx_word' id='word_1_451' title='bbox 2291 1535 2494 1592; x_wconf 88' lang='lat' dir='ltr'><strong><em>solidus</em></strong></span> <span class='ocrx_word' id='word_1_452' title='bbox 2539 1536 2691 1591; x_wconf 91' lang='lat' dir='ltr'><strong><em>cibus</em></strong></span> <span class='ocrx_word' id='word_1_453' title='bbox 2734 1542 2894 1591; x_wconf 65' lang='lat' dir='ltr'><strong><em>aetate</em></strong></span> <span class='ocrx_word' id='word_1_454' title='bbox 2936 1533 3220 1605; x_wconf 85' lang='lat' dir='ltr'><strong><em>perfectis,</em></strong></span> <span class='ocrx_word' id='word_1_455' title='bbox 3265 1534 3343 1588; x_wconf 90' lang='lat' dir='ltr'><strong><em>ita</em></strong></span> <span class='ocrx_word' id='word_1_456' title='bbox 3385 1533 3626 1587; x_wconf 89' lang='lat' dir='ltr'><strong><em>indoctis</em></strong></span> <span class='ocrx_word' id='word_1_457' title='bbox 3666 1531 3879 1586; x_wconf 87' lang='lat' dir='ltr'><strong><em>humilis</em></strong></span> 
     </span>
    </p>
   </div>
   <div class='ocr_carea' id='block_1_59' title="bbox 2293 1626 3881 1698">
    <p class='ocr_par' dir='ltr' id='par_1_59' title="bbox 2293 1626 3881 1698">
     <span class='ocr_line' id='line_1_59' title="bbox 2293 1626 3881 1698; baseline -0.001 -15"><span class='ocrx_word' id='word_1_458' title='bbox 2293 1644 2492 1694; x_wconf 89' lang='lat' dir='ltr'><strong><em>sermo,</em></strong></span> <span class='ocrx_word' id='word_1_459' title='bbox 2518 1636 2573 1684; x_wconf 90' lang='lat' dir='ltr'><strong><em>et</em></strong></span> <span class='ocrx_word' id='word_1_460' title='bbox 2597 1628 2928 1698; x_wconf 88' lang='lat' dir='ltr'><strong><em>sapientibus</em></strong></span> <span class='ocrx_word' id='word_1_461' title='bbox 2957 1643 3214 1682; x_wconf 88' lang='lat' dir='ltr'><strong><em>arcanum</em></strong></span> <span class='ocrx_word' id='word_1_462' title='bbox 3243 1626 3338 1680; x_wconf 88' lang='lat' dir='ltr'><strong><em>Dei</em></strong></span> <span class='ocrx_word' id='word_1_463' title='bbox 3368 1626 3694 1696; x_wconf 82' lang='lat' dir='ltr'><strong><em>mysterium</em></strong></span> <span class='ocrx_word' id='word_1_464' title='bbox 3729 1642 3881 1681; x_wconf 86' lang='lat' dir='ltr'><strong><em>nosse</em></strong></span> 
     </span>
    </p>
   </div>
   <div class='ocr_carea' id='block_1_60' title="bbox 2295 1719 3878 1791">
    <p class='ocr_par' dir='ltr' id='par_1_60' title="bbox 2295 1719 3878 1791">
     <span class='ocr_line' id='line_1_60' title="bbox 2295 1719 3878 1791; baseline -0.003 -14"><span class='ocrx_word' id='word_1_465' title='bbox 2295 1721 2564 1787; x_wconf 84' lang='lat' dir='ltr'><strong><em>convenit,</em></strong></span> <span class='ocrx_word' id='word_1_466' title='bbox 2613 1721 2704 1791; x_wconf 89' lang='lat' dir='ltr'><strong><em>qui</em></strong></span> <span class='ocrx_word' id='word_1_467' title='bbox 2750 1721 3076 1776; x_wconf 75' lang='lat' dir='ltr'><strong><em>exercitatos</em></strong></span> <span class='ocrx_word' id='word_1_468' title='bbox 3125 1719 3375 1774; x_wconf 90' lang='lat' dir='ltr'><strong><em>videntur</em></strong></span> <span class='ocrx_word' id='word_1_469' title='bbox 3414 1719 3627 1775; x_wconf 88' lang='lat' dir='ltr'><strong><em>habere</em></strong></span> <span class='ocrx_word' id='word_1_470' title='bbox 3671 1735 3878 1774; x_wconf 87' lang='lat' dir='ltr'><strong><em>sensus.</em></strong></span> 
     </span>
    </p>
   </div>
   <div class='ocr_carea' id='block_1_61' title="bbox 2303 1815 3883 1887">
    <p class='ocr_par' dir='ltr' id='par_1_61' title="bbox 2303 1815 3883 1887">
     <span class='ocr_line' id='line_1_61' title="bbox 2303 1815 3883 1887; baseline 0.003 -21"><span class='ocrx_word' id='word_1_471' title='bbox 2303 1833 2321 1866; x_wconf 88' lang='grc'><strong>‹</strong></span> <span class='ocrx_word' id='word_1_472' title='bbox 2364 1815 2642 1882; x_wconf 83' lang='lat' dir='ltr'><strong><em>Quomodo</em></strong></span> <span class='ocrx_word' id='word_1_473' title='bbox 2679 1815 2844 1886; x_wconf 81' lang='lat' dir='ltr'><strong><em>igitur</em></strong></span> <span class='ocrx_word' id='word_1_474' title='bbox 2871 1823 3127 1887; x_wconf 88' lang='lat' dir='ltr'><strong><em>poterunt</em></strong></span> <span class='ocrx_word' id='word_1_475' title='bbox 3163 1831 3354 1872; x_wconf 89' lang='lat' dir='ltr'><strong><em>sensus</em></strong></span> <span class='ocrx_word' id='word_1_476' title='bbox 3392 1815 3568 1870; x_wconf 85' lang='lat' dir='ltr'><strong><em>nostri</em></strong></span> <span class='ocrx_word' id='word_1_477' title='bbox 3599 1817 3883 1871; x_wconf 74' lang='lat' dir='ltr'><strong><em>exercitati</em></strong></span> 
     </span>
    </p>
   </div>
   <div class='ocr_carea' id='block_1_62' title="bbox 2224 1886 3886 1980">
    <p class='ocr_par' dir='ltr' id='par_1_62' title="bbox 2224 1886 3886 1980">
     <span class='ocr_line' id='line_1_62' title="bbox 2224 1886 3886 1980; baseline 0.001 -17"><span class='ocrx_word' id='word_1_478' title='bbox 2224 1886 2272 1947; x_wconf 78' lang='grc' dir='ltr'><strong>Β</strong></span> <span class='ocrx_word' id='word_1_479' title='bbox 2299 1909 2451 1963; x_wconf 87' lang='lat' dir='ltr'><strong><em>esse?</em></strong></span> <span class='ocrx_word' id='word_1_480' title='bbox 2481 1909 2668 1978; x_wconf 84' lang='lat' dir='ltr'><strong><em>utique</em></strong></span> <span class='ocrx_word' id='word_1_481' title='bbox 2698 1923 2765 1964; x_wconf 81' lang='lat' dir='ltr'><strong><em>ex</em></strong></span> <span class='ocrx_word' id='word_1_482' title='bbox 2791 1926 2892 1966; x_wconf 91' lang='lat' dir='ltr'><strong><em>usu</em></strong></span> <span class='ocrx_word' id='word_1_483' title='bbox 2932 1919 2986 1966; x_wconf 88' lang='lat' dir='ltr'><strong><em>et</em></strong></span> <span class='ocrx_word' id='word_1_484' title='bbox 3015 1909 3282 1980; x_wconf 82' lang='lat' dir='ltr'><strong><em>frequenti</em></strong></span> <span class='ocrx_word' id='word_1_485' title='bbox 3313 1909 3549 1965; x_wconf 87' lang='lat' dir='ltr'><strong><em>lectione</em></strong></span> <span class='ocrx_word' id='word_1_486' title='bbox 3575 1921 3886 1964; x_wconf 85' lang='lat' dir='ltr'><strong><em>sanctarum</em></strong></span> 
     </span>
    </p>
   </div>
   <div class='ocr_carea' id='block_1_63' title="bbox 2304 2001 3889 2072">
    <p class='ocr_par' dir='ltr' id='par_1_63' title="bbox 2304 2001 3889 2072">
     <span class='ocr_line' id='line_1_63' title="bbox 2304 2001 3889 2072; baseline 0.001 -16"><span class='ocrx_word' id='word_1_487' title='bbox 2304 2001 2726 2072; x_wconf 88' lang='lat' dir='ltr'><strong><em>Scripturarum.</em></strong></span> <span class='ocrx_word' id='word_1_488' title='bbox 2757 2023 2776 2055; x_wconf 77' lang='grc' dir='ltr'><strong><em>ι</em></strong></span> <span class='ocrx_word' id='word_1_489' title='bbox 2818 2003 2966 2059; x_wconf 90' lang='lat' dir='ltr'><strong><em>Unde</em></strong></span> <span class='ocrx_word' id='word_1_490' title='bbox 2991 2005 3206 2060; x_wconf 89' lang='lat' dir='ltr'><strong><em>beatum</em></strong></span> <span class='ocrx_word' id='word_1_491' title='bbox 3236 2005 3413 2058; x_wconf 88' lang='lat' dir='ltr'><strong><em>virum</em></strong></span> <span class='ocrx_word' id='word_1_492' title='bbox 3437 2003 3727 2058; x_wconf 87' lang='lat' dir='ltr'><strong><em>Psalmista</em></strong></span> <span class='ocrx_word' id='word_1_493' title='bbox 3758 2005 3889 2059; x_wconf 80' lang='lat' dir='ltr'><strong><em>dicit</em></strong></span> 
     </span>
    </p>
   </div>
   <div class='ocr_carea' id='block_1_64' title="bbox 2303 2096 3794 2167">
    <p class='ocr_par' dir='ltr' id='par_1_64' title="bbox 2303 2096 3794 2167">
     <span class='ocr_line' id='line_1_64' title="bbox 2303 2096 3794 2167; baseline -0.003 -13"><span class='ocrx_word' id='word_1_494' title='bbox 2303 2111 2450 2163; x_wconf 86' lang='lat' dir='ltr'><strong><em>esse,</em></strong></span> <span class='ocrx_word' id='word_1_495' title='bbox 2485 2098 2574 2167; x_wconf 88' lang='lat' dir='ltr'><strong><em>qui</em></strong></span> <span class='ocrx_word' id='word_1_496' title='bbox 2600 2097 2658 2152; x_wconf 88' lang='lat' dir='ltr'><strong><em>in</em></strong></span> <span class='ocrx_word' id='word_1_497' title='bbox 2685 2096 2794 2167; x_wconf 88' lang='lat' dir='ltr'><strong><em>lege</em></strong></span> <span class='ocrx_word' id='word_1_498' title='bbox 2820 2097 3034 2152; x_wconf 87' lang='lat' dir='ltr'><strong><em>Domini</em></strong></span> <span class='ocrx_word' id='word_1_499' title='bbox 3063 2097 3402 2153; x_wconf 88' lang='lat' dir='ltr'><strong><em>meditabitur</em></strong></span> <span class='ocrx_word' id='word_1_500' title='bbox 3425 2098 3507 2153; x_wconf 85' lang='lat' dir='ltr'><strong><em>die</em></strong></span> <span class='ocrx_word' id='word_1_501' title='bbox 3534 2115 3597 2153; x_wconf 87' lang='lat' dir='ltr'><strong><em>ac</em></strong></span> <span class='ocrx_word' id='word_1_502' title='bbox 3621 2108 3794 2154; x_wconf 81' lang='lat' dir='ltr'><strong><em>nocte.</em></strong></span> 
     </span>
    </p>
   </div>
   <div class='ocr_carea' id='block_1_65' title="bbox 2911 2207 3276 2287">
    <p class='ocr_par' dir='ltr' id='par_1_65' title="bbox 2911 2207 3276 2287">
     <span class='ocr_line' id='line_1_65' title="bbox 2911 2207 3276 2287; baseline -0.003 -1"><span class='ocrx_word' id='word_1_503' title='bbox 2911 2207 3139 2287; x_wconf 57' lang='lat' dir='ltr'><strong><em>ctipur</em></strong></span> <span class='ocrx_word' id='word_1_504' title='bbox 3188 2231 3276 2286; x_wconf 86' lang='lat' dir='ltr'><strong><em>v1.</em></strong></span> 
     </span>
    </p>
   </div>
   <div class='ocr_carea' id='block_1_66' title="bbox 2375 2364 3892 2436">
    <p class='ocr_par' dir='ltr' id='par_1_66' title="bbox 2375 2364 3892 2436">
     <span class='ocr_line' id='line_1_66' title="bbox 2375 2364 3892 2436; baseline 0.001 -16"><span class='ocrx_word' id='word_1_505' title='bbox 2375 2364 2538 2420; x_wconf 73' lang='lat' dir='ltr'><strong><em>Vens.</em></strong></span> <span class='ocrx_word' id='word_1_506' title='bbox 2573 2364 2623 2418; x_wconf 89' lang='grc'><strong><em>1.</em></strong></span> <span class='ocrx_word' id='word_1_507' title='bbox 2649 2395 2719 2404; x_wconf 93' lang='grc'><strong><em>-</em></strong></span> <span class='ocrx_word' id='word_1_508' title='bbox 2745 2364 3074 2436; x_wconf 85' lang='lat' dir='ltr'><strong><em>Quapropter</em></strong></span> <span class='ocrx_word' id='word_1_509' title='bbox 3103 2365 3496 2419; x_wconf 83' lang='lat' dir='ltr'><strong><em>intermittentes</em></strong></span> <span class='ocrx_word' id='word_1_510' title='bbox 3535 2365 3892 2422; x_wconf 84' lang='lat' dir='ltr'><strong><em>inchoationis</em></strong></span> 
     </span>
    </p>
   </div>
   <div class='ocr_carea' id='block_1_67' title="bbox 2306 2455 3892 2528">
    <p class='ocr_par' dir='ltr' id='par_1_67' title="bbox 2306 2455 3892 2528">
     <span class='ocr_line' id='line_1_67' title="bbox 2306 2455 3892 2528; baseline -0.002 -14"><span class='ocrx_word' id='word_1_511' title='bbox 2306 2456 2499 2514; x_wconf 85' lang='lat' dir='ltr'><strong><em>Christi</em></strong></span> <span class='ocrx_word' id='word_1_512' title='bbox 2537 2473 2820 2511; x_wconf 85' lang='lat' dir='ltr'><strong><em>sermonem</em></strong></span> <span class='ocrx_word' id='word_1_513' title='bbox 2862 2456 2930 2510; x_wconf 88' lang='lat' dir='ltr'><strong><em>ad</em></strong></span> <span class='ocrx_word' id='word_1_514' title='bbox 2960 2456 3324 2528; x_wconf 77' lang='lat' dir='ltr'><strong><em>perfectionem</em></strong></span> <span class='ocrx_word' id='word_1_515' title='bbox 3352 2455 3607 2525; x_wconf 79' lang='lat' dir='ltr'><strong><em>feramur.</em></strong></span> <span class='ocrx_word' id='word_1_516' title='bbox 3650 2456 3892 2527; x_wconf 83' lang='lat' dir='ltr'><strong><em>Quapro-</em></strong></span> 
     </span>
    </p>
   </div>
   <div class='ocr_carea' id='block_1_68' title="bbox 2307 2553 3888 2626">
    <p class='ocr_par' dir='ltr' id='par_1_68' title="bbox 2307 2553 3888 2626">
     <span class='ocr_line' id='line_1_68' title="bbox 2307 2553 3888 2626; baseline 0.001 -18"><span class='ocrx_word' id='word_1_517' title='bbox 2307 2563 2445 2626; x_wconf 88' lang='lat' dir='ltr'><strong><em>pter,</em></strong></span> <span class='ocrx_word' id='word_1_518' title='bbox 2475 2554 2529 2608; x_wconf 92' lang='lat' dir='ltr'><strong><em>id</em></strong></span> <span class='ocrx_word' id='word_1_519' title='bbox 2563 2562 2665 2620; x_wconf 89' lang='lat' dir='ltr'><strong><em>est,</em></strong></span> <span class='ocrx_word' id='word_1_520' title='bbox 2704 2554 2831 2623; x_wconf 86' lang='lat' dir='ltr'><strong><em>quia</em></strong></span> <span class='ocrx_word' id='word_1_521' title='bbox 2870 2553 3194 2609; x_wconf 81' lang='lat' dir='ltr'><strong><em>exercitatos</em></strong></span> <span class='ocrx_word' id='word_1_522' title='bbox 3222 2569 3415 2610; x_wconf 87' lang='lat' dir='ltr'><strong><em>sensus</em></strong></span> <span class='ocrx_word' id='word_1_523' title='bbox 3447 2556 3502 2608; x_wconf 92' lang='lat' dir='ltr'><strong><em>in</em></strong></span> <span class='ocrx_word' id='word_1_524' title='bbox 3531 2555 3648 2626; x_wconf 80' lang='lat' dir='ltr'><strong><em>lege</em></strong></span> <span class='ocrx_word' id='word_1_525' title='bbox 3681 2555 3888 2610; x_wconf 89' lang='lat' dir='ltr'><strong><em>Domini</em></strong></span> 
     </span>
    </p>
   </div>
   <div class='ocr_carea' id='block_1_69' title="bbox 2309 2645 3888 2712">
    <p class='ocr_par' dir='ltr' id='par_1_69' title="bbox 2309 2645 3888 2712">
     <span class='ocr_line' id='line_1_69' title="bbox 2309 2645 3888 2712; baseline -0.001 -10"><span class='ocrx_word' id='word_1_526' title='bbox 2309 2647 2466 2702; x_wconf 90' lang='lat' dir='ltr'><strong><em>decet</em></strong></span> <span class='ocrx_word' id='word_1_527' title='bbox 2492 2662 2588 2701; x_wconf 91' lang='lat' dir='ltr'><strong><em>vos</em></strong></span> <span class='ocrx_word' id='word_1_528' title='bbox 2616 2647 2839 2712; x_wconf 90' lang='lat' dir='ltr'><strong><em>habere,</em></strong></span> <span class='ocrx_word' id='word_1_529' title='bbox 2876 2645 3296 2702; x_wconf 89' lang='lat' dir='ltr'><strong><em>intermittamus</em></strong></span> <span class='ocrx_word' id='word_1_530' title='bbox 3343 2647 3715 2702; x_wconf 89' lang='lat' dir='ltr'><strong><em>inchoationis</em></strong></span> <span class='ocrx_word' id='word_1_531' title='bbox 3741 2646 3888 2701; x_wconf 61' lang='lat' dir='ltr'><strong><em>Chrio</em></strong></span> 
     </span>
    </p>
   </div>
   <div class='ocr_carea' id='block_1_70' title="bbox 2309 2739 3888 2810">
    <p class='ocr_par' dir='ltr' id='par_1_70' title="bbox 2309 2739 3888 2810">
     <span class='ocr_line' id='line_1_70' title="bbox 2309 2739 3888 2810; baseline -0.002 -13"><span class='ocrx_word' id='word_1_532' title='bbox 2309 2742 2377 2798; x_wconf 90' lang='lat' dir='ltr'><strong><em>sti</em></strong></span> <span class='ocrx_word' id='word_1_533' title='bbox 2619 2741 2724 2796; x_wconf 89' lang='lat' dir='ltr'><strong><em>nisi</em></strong></span> <span class='ocrx_word' id='word_1_534' title='bbox 2752 2740 2872 2796; x_wconf 82' lang='lat' dir='ltr'><strong><em>fidei</em></strong></span> <span class='ocrx_word' id='word_1_535' title='bbox 2904 2740 3136 2795; x_wconf 90' lang='lat' dir='ltr'><strong><em>initium.</em></strong></span> <span class='ocrx_word' id='word_1_536' title='bbox 3172 2759 3189 2792; x_wconf 78' lang='grc' dir='ltr'>ι</span> <span class='ocrx_word' id='word_1_537' title='bbox 3219 2739 3370 2795; x_wconf 91' lang='lat' dir='ltr'><strong><em>Sicut</em></strong></span> <span class='ocrx_word' id='word_1_538' title='bbox 3391 2741 3540 2795; x_wconf 87' lang='lat' dir='ltr'><strong><em>enim</em></strong></span> <span class='ocrx_word' id='word_1_539' title='bbox 3567 2756 3695 2795; x_wconf 88' lang='lat' dir='ltr'><strong><em>eum</em></strong></span> <span class='ocrx_word' id='word_1_540' title='bbox 3720 2741 3809 2810; x_wconf 88' lang='lat' dir='ltr'><strong><em>qui</em></strong></span> <span class='ocrx_word' id='word_1_541' title='bbox 3839 2741 3888 2795; x_wconf 89' lang='lat' dir='ltr'><strong><em>in</em></strong></span> 
     </span>
    </p>
   </div>
   <div class='ocr_carea' id='block_1_71' title="bbox 2310 2832 3892 2902">
    <p class='ocr_par' dir='ltr' id='par_1_71' title="bbox 2310 2832 3892 2902">
     <span class='ocr_line' id='line_1_71' title="bbox 2310 2832 3892 2902; baseline -0.003 -11"><span class='ocrx_word' id='word_1_542' title='bbox 2310 2835 2613 2891; x_wconf 88' lang='lat' dir='ltr'><strong><em>doctrinam</em></strong></span> <span class='ocrx_word' id='word_1_543' title='bbox 2660 2834 2966 2890; x_wconf 90' lang='lat' dir='ltr'><strong><em>litterarum</em></strong></span> <span class='ocrx_word' id='word_1_544' title='bbox 3012 2833 3314 2898; x_wconf 87' lang='lat' dir='ltr'><strong><em>adducitur,</em></strong></span> <span class='ocrx_word' id='word_1_545' title='bbox 3363 2832 3637 2888; x_wconf 87' lang='lat' dir='ltr'><strong><em>elementa</em></strong></span> <span class='ocrx_word' id='word_1_546' title='bbox 3687 2840 3892 2902; x_wconf 85' lang='lat' dir='ltr'><strong><em>oportet</em></strong></span> 
     </span>
    </p>
   </div>
   <div class='ocr_carea' id='block_1_72' title="bbox 2310 2927 3893 3005">
    <p class='ocr_par' dir='ltr' id='par_1_72' title="bbox 2310 2927 3893 3005">
     <span class='ocr_line' id='line_1_72' title="bbox 2310 2927 3893 3005; baseline -0.004 -17"><span class='ocrx_word' id='word_1_547' title='bbox 2310 2934 2546 3005; x_wconf 89' lang='lat' dir='ltr'><strong><em>primum</em></strong></span> <span class='ocrx_word' id='word_1_548' title='bbox 2571 2930 2776 2998; x_wconf 88' lang='lat' dir='ltr'><strong><em>audire,</em></strong></span> <span class='ocrx_word' id='word_1_549' title='bbox 2807 2930 2888 2985; x_wconf 91' lang='lat' dir='ltr'><strong><em>sic</em></strong></span> <span class='ocrx_word' id='word_1_550' title='bbox 2917 2939 2971 2986; x_wconf 90' lang='lat' dir='ltr'><strong><em>et</em></strong></span> <span class='ocrx_word' id='word_1_551' title='bbox 2999 2930 3335 2985; x_wconf 86' lang='lat' dir='ltr'><strong><em>Christianus</em></strong></span> <span class='ocrx_word' id='word_1_552' title='bbox 3360 2928 3541 2998; x_wconf 87' lang='lat' dir='ltr'><strong><em>primo</em></strong></span> <span class='ocrx_word' id='word_1_553' title='bbox 3567 2928 3812 2983; x_wconf 89' lang='lat' dir='ltr'><strong><em>omnium</em></strong></span> <span class='ocrx_word' id='word_1_554' title='bbox 3833 2927 3893 2982; x_wconf 86' lang='lat' dir='ltr'><strong><em>de</em></strong></span> 
     </span>
    </p>
   </div>
   <div class='ocr_carea' id='block_1_73' title="bbox 2313 3021 3893 3094">
    <p class='ocr_par' dir='ltr' id='par_1_73' title="bbox 2313 3021 3893 3094">
     <span class='ocr_line' id='line_1_73' title="bbox 2313 3021 3893 3094; baseline -0.001 -14"><span class='ocrx_word' id='word_1_555' title='bbox 2313 3025 2416 3080; x_wconf 85' lang='lat' dir='ltr'><strong><em>fide</em></strong></span> <span class='ocrx_word' id='word_1_556' title='bbox 2444 3024 2708 3080; x_wconf 90' lang='lat' dir='ltr'><strong><em>catholica</em></strong></span> <span class='ocrx_word' id='word_1_557' title='bbox 2755 3023 2960 3080; x_wconf 90' lang='lat' dir='ltr'><strong><em>erudiri</em></strong></span> <span class='ocrx_word' id='word_1_558' title='bbox 2986 3023 3161 3088; x_wconf 89' lang='lat' dir='ltr'><strong><em>debet,</em></strong></span> <span class='ocrx_word' id='word_1_559' title='bbox 3189 3022 3332 3094; x_wconf 87' lang='lat' dir='ltr'><strong><em>quod</em></strong></span> <span class='ocrx_word' id='word_1_560' title='bbox 3364 3031 3448 3077; x_wconf 88' lang='lat' dir='ltr'><strong><em>est</em></strong></span> <span class='ocrx_word' id='word_1_561' title='bbox 3482 3021 3893 3078; x_wconf 85' lang='lat' dir='ltr'><strong><em>fundamentum</em></strong></span> 
     </span>
    </p>
   </div>
   <div class='ocr_carea' id='block_1_74' title="bbox 2314 3113 3892 3183">
    <p class='ocr_par' dir='ltr' id='par_1_74' title="bbox 2314 3113 3892 3183">
     <span class='ocr_line' id='line_1_74' title="bbox 2314 3113 3892 3183; baseline -0.003 -12"><span class='ocrx_word' id='word_1_562' title='bbox 2314 3115 2502 3171; x_wconf 88' lang='lat' dir='ltr'><strong><em>salutis</em></strong></span> <span class='ocrx_word' id='word_1_563' title='bbox 2531 3124 2749 3170; x_wconf 61' lang='lat' dir='ltr'><strong><em>nostrae.</em></strong></span> <span class='ocrx_word' id='word_1_564' title='bbox 2796 3113 2853 3168; x_wconf 90' lang='lat' dir='ltr'><strong><em>Si</em></strong></span> <span class='ocrx_word' id='word_1_565' title='bbox 2885 3123 3065 3168; x_wconf 88' lang='lat' dir='ltr'><strong><em>autem</em></strong></span> <span class='ocrx_word' id='word_1_566' title='bbox 3099 3129 3232 3183; x_wconf 87' lang='lat' dir='ltr'><strong><em>opus</em></strong></span> <span class='ocrx_word' id='word_1_567' title='bbox 3261 3113 3422 3167; x_wconf 88' lang='lat' dir='ltr'><strong><em>habet</em></strong></span> <span class='ocrx_word' id='word_1_568' title='bbox 3458 3113 3527 3167; x_wconf 87' lang='lat' dir='ltr'><strong><em>de</em></strong></span> <span class='ocrx_word' id='word_1_569' title='bbox 3555 3113 3666 3167; x_wconf 84' lang='lat' dir='ltr'><strong><em>ﬁde</em></strong></span> <span class='ocrx_word' id='word_1_570' title='bbox 3698 3114 3892 3179; x_wconf 80' lang='lat' dir='ltr'><strong><em>doceri,</em></strong></span> 
     </span>
    </p>
   </div>
   <div class='ocr_carea' id='block_1_75' title="bbox 2313 3205 3896 3270">
    <p class='ocr_par' dir='ltr' id='par_1_75' title="bbox 2313 3205 3896 3270">
     <span class='ocr_line' id='line_1_75' title="bbox 2313 3205 3896 3270; baseline -0.002 -9"><span class='ocrx_word' id='word_1_571' title='bbox 2313 3208 2540 3262; x_wconf 91' lang='lat' dir='ltr'><strong><em>necdum</em></strong></span> <span class='ocrx_word' id='word_1_572' title='bbox 2573 3206 2979 3261; x_wconf 86' lang='lat' dir='ltr'><strong><em>fundamentum</em></strong></span> <span class='ocrx_word' id='word_1_573' title='bbox 3004 3208 3196 3270; x_wconf 84' lang='lat' dir='ltr'><strong><em>habet;</em></strong></span> <span class='ocrx_word' id='word_1_574' title='bbox 3239 3205 3453 3259; x_wconf 83' lang='lat' dir='ltr'><strong><em>firmum</em></strong></span> <span class='ocrx_word' id='word_1_575' title='bbox 3481 3205 3633 3260; x_wconf 89' lang='lat' dir='ltr'><strong><em>enim</em></strong></span> <span class='ocrx_word' id='word_1_576' title='bbox 3660 3213 3717 3261; x_wconf 90' lang='lat' dir='ltr'><strong><em>et</em></strong></span> <span class='ocrx_word' id='word_1_577' title='bbox 3743 3205 3896 3259; x_wconf 83' lang='lat' dir='ltr'><strong><em>ﬁxum</em></strong></span> 
     </span>
    </p>
   </div>
   <div class='ocr_carea' id='block_1_76' title="bbox 2316 3295 3894 3368">
    <p class='ocr_par' dir='ltr' id='par_1_76' title="bbox 2316 3295 3894 3368">
     <span class='ocr_line' id='line_1_76' title="bbox 2316 3295 3894 3368; baseline -0.001 -16"><span class='ocrx_word' id='word_1_578' title='bbox 2316 3313 2438 3353; x_wconf 88' lang='lat' dir='ltr'><strong><em>esse</em></strong></span> <span class='ocrx_word' id='word_1_579' title='bbox 2466 3305 2679 3368; x_wconf 89' lang='lat' dir='ltr'><strong><em>oportet</em></strong></span> <span class='ocrx_word' id='word_1_580' title='bbox 2706 3300 2808 3360; x_wconf 80' lang='lat' dir='ltr'><strong><em>hoc</em></strong></span> <span class='ocrx_word' id='word_1_581' title='bbox 2845 3297 3250 3352; x_wconf 87' lang='lat' dir='ltr'><strong><em>fundamentum</em></strong></span> <span class='ocrx_word' id='word_1_582' title='bbox 3289 3297 3344 3350; x_wconf 91' lang='lat' dir='ltr'><strong><em>in</em></strong></span> <span class='ocrx_word' id='word_1_583' title='bbox 3388 3296 3557 3351; x_wconf 83' lang='lat' dir='ltr'><strong><em>corde</em></strong></span> <span class='ocrx_word' id='word_1_584' title='bbox 3583 3295 3894 3360; x_wconf 84' lang='lat' dir='ltr'><strong><em>Christiani,</em></strong></span> 
     </span>
    </p>
   </div>
   <div class='ocr_carea' id='block_1_77' title="bbox 2315 3386 3902 3460">
    <p class='ocr_par' dir='ltr' id='par_1_77' title="bbox 2315 3386 3902 3460">
     <span class='ocr_line' id='line_1_77' title="bbox 2315 3386 3902 3460; baseline -0.001 -15"><span class='ocrx_word' id='word_1_585' title='bbox 2315 3399 2377 3445; x_wconf 90' lang='lat' dir='ltr'><strong><em>ut</em></strong></span> <span class='ocrx_word' id='word_1_586' title='bbox 2411 3389 2536 3444; x_wconf 89' lang='lat' dir='ltr'><strong><em>inde</em></strong></span> <span class='ocrx_word' id='word_1_587' title='bbox 2573 3389 2766 3460; x_wconf 85' lang='lat' dir='ltr'><strong><em>dignus</em></strong></span> <span class='ocrx_word' id='word_1_588' title='bbox 2804 3388 2898 3442; x_wconf 82' lang='lat' dir='ltr'><strong><em>fiat</em></strong></span> <span class='ocrx_word' id='word_1_589' title='bbox 2935 3389 3001 3442; x_wconf 90' lang='lat' dir='ltr'><strong><em>ad</em></strong></span> <span class='ocrx_word' id='word_1_590' title='bbox 3029 3386 3413 3457; x_wconf 88' lang='lat' dir='ltr'><strong><em>perfectionem</em></strong></span> <span class='ocrx_word' id='word_1_591' title='bbox 3449 3388 3687 3442; x_wconf 86' lang='lat' dir='ltr'><strong><em>aliarum</em></strong></span> <span class='ocrx_word' id='word_1_592' title='bbox 3734 3399 3902 3443; x_wconf 82' lang='lat' dir='ltr'><strong><em>trans-</em></strong></span> 
     </span>
    </p>
   </div>
   <div class='ocr_carea' id='block_1_78' title="bbox 2317 3479 3904 3550">
    <p class='ocr_par' dir='ltr' id='par_1_78' title="bbox 2317 3479 3904 3550">
     <span class='ocr_line' id='line_1_78' title="bbox 2317 3479 3904 3550; baseline -0.001 -13"><span class='ocrx_word' id='word_1_593' title='bbox 2317 3481 2448 3537; x_wconf 86' lang='lat' dir='ltr'><strong><em>ferri</em></strong></span> <span class='ocrx_word' id='word_1_594' title='bbox 2471 3490 2748 3536; x_wconf 78' lang='lat' dir='ltr'><strong><em>virtutum.</em></strong></span> <span class='ocrx_word' id='word_1_595' title='bbox 2789 3479 2847 3535; x_wconf 89' lang='lat' dir='ltr'><strong><em>Si</em></strong></span> <span class='ocrx_word' id='word_1_596' title='bbox 2881 3488 3060 3535; x_wconf 89' lang='lat' dir='ltr'><strong><em>autem</em></strong></span> <span class='ocrx_word' id='word_1_597' title='bbox 3080 3480 3366 3550; x_wconf 89' lang='lat' dir='ltr'><strong><em>quisquam</em></strong></span> <span class='ocrx_word' id='word_1_598' title='bbox 3400 3481 3635 3535; x_wconf 87' lang='lat' dir='ltr'><strong><em>verbum</em></strong></span> <span class='ocrx_word' id='word_1_599' title='bbox 3663 3481 3904 3536; x_wconf 83' lang='lat' dir='ltr'><strong><em>veritatis</em></strong></span> 
     </span>
    </p>
   </div>
   <div class='ocr_carea' id='block_1_79' title="bbox 2319 3571 3905 3641">
    <p class='ocr_par' dir='ltr' id='par_1_79' title="bbox 2319 3571 3905 3641">
     <span class='ocr_line' id='line_1_79' title="bbox 2319 3571 3905 3641; baseline -0.001 -14"><span class='ocrx_word' id='word_1_600' title='bbox 2319 3573 2544 3638; x_wconf 89' lang='lat' dir='ltr'><strong><em>audivit,</em></strong></span> <span class='ocrx_word' id='word_1_601' title='bbox 2578 3579 2632 3627; x_wconf 88' lang='lat' dir='ltr'><strong><em>et</em></strong></span> <span class='ocrx_word' id='word_1_602' title='bbox 2663 3571 2969 3641; x_wconf 85' lang='lat' dir='ltr'><strong><em>baptizatus</em></strong></span> <span class='ocrx_word' id='word_1_603' title='bbox 2999 3578 3102 3637; x_wconf 92' lang='lat' dir='ltr'><strong><em>est,</em></strong></span> <span class='ocrx_word' id='word_1_604' title='bbox 3145 3578 3200 3624; x_wconf 88' lang='lat' dir='ltr'><strong><em>et</em></strong></span> <span class='ocrx_word' id='word_1_605' title='bbox 3225 3577 3347 3640; x_wconf 91' lang='lat' dir='ltr'><strong><em>post</em></strong></span> <span class='ocrx_word' id='word_1_606' title='bbox 3383 3585 3557 3626; x_wconf 88' lang='lat' dir='ltr'><strong><em>annos</em></strong></span> <span class='ocrx_word' id='word_1_607' title='bbox 3597 3571 3811 3640; x_wconf 84' lang='lat' dir='ltr'><strong><em>aliquot</em></strong></span> <span class='ocrx_word' id='word_1_608' title='bbox 3848 3571 3905 3625; x_wconf 79' lang='lat' dir='ltr'><strong><em>de</em></strong></span> 
     </span>
    </p>
   </div>
   <div class='ocr_carea' id='block_1_80' title="bbox 2319 3664 3904 3735">
    <p class='ocr_par' dir='ltr' id='par_1_80' title="bbox 2319 3664 3904 3735">
     <span class='ocr_line' id='line_1_80' title="bbox 2319 3664 3904 3735; baseline -0.004 -11"><span class='ocrx_word' id='word_1_609' title='bbox 2319 3668 2425 3725; x_wconf 85' lang='lat' dir='ltr'><strong><em>ﬁde</em></strong></span> <span class='ocrx_word' id='word_1_610' title='bbox 2451 3669 2646 3722; x_wconf 77' lang='lat' dir='ltr'><strong><em>iterum</em></strong></span> <span class='ocrx_word' id='word_1_611' title='bbox 2689 3665 2876 3720; x_wconf 89' lang='lat' dir='ltr'><strong><em>audire</em></strong></span> <span class='ocrx_word' id='word_1_612' title='bbox 2901 3680 3035 3735; x_wconf 90' lang='lat' dir='ltr'><strong><em>opus</em></strong></span> <span class='ocrx_word' id='word_1_613' title='bbox 3066 3665 3250 3732; x_wconf 88' lang='lat' dir='ltr'><strong><em>habet,</em></strong></span> <span class='ocrx_word' id='word_1_614' title='bbox 3277 3664 3402 3735; x_wconf 88' lang='lat' dir='ltr'><strong><em>quia</em></strong></span> <span class='ocrx_word' id='word_1_615' title='bbox 3437 3665 3669 3720; x_wconf 87' lang='lat' dir='ltr'><strong><em>credere</em></strong></span> <span class='ocrx_word' id='word_1_616' title='bbox 3701 3673 3904 3735; x_wconf 77' lang='lat' dir='ltr'><strong><em>oportet</em></strong></span> 
     </span>
    </p>
   </div>
   <div class='ocr_carea' id='block_1_81' title="bbox 2320 3753 3906 3821">
    <p class='ocr_par' dir='ltr' id='par_1_81' title="bbox 2320 3753 3906 3821">
     <span class='ocr_line' id='line_1_81' title="bbox 2320 3753 3906 3821; baseline -0.004 -7"><span class='ocrx_word' id='word_1_617' title='bbox 2320 3775 2444 3814; x_wconf 89' lang='lat' dir='ltr'><strong><em>eum</em></strong></span> <span class='ocrx_word' id='word_1_618' title='bbox 2469 3759 2536 3812; x_wconf 91' lang='lat' dir='ltr'><strong><em>de</em></strong></span> <span class='ocrx_word' id='word_1_619' title='bbox 2566 3756 2959 3812; x_wconf 86' lang='lat' dir='ltr'><strong><em>resurrectione</em></strong></span> <span class='ocrx_word' id='word_1_620' title='bbox 2988 3763 3041 3810; x_wconf 91' lang='lat' dir='ltr'><strong><em>et</em></strong></span> <span class='ocrx_word' id='word_1_621' title='bbox 3066 3755 3250 3809; x_wconf 90' lang='lat' dir='ltr'><strong><em>futuro</em></strong></span> <span class='ocrx_word' id='word_1_622' title='bbox 3277 3753 3495 3821; x_wconf 70' lang='lat' dir='ltr'><strong><em>saeculo,</em></strong></span> <span class='ocrx_word' id='word_1_623' title='bbox 3526 3755 3774 3810; x_wconf 88' lang='lat' dir='ltr'><strong><em>necdum</em></strong></span> <span class='ocrx_word' id='word_1_624' title='bbox 3799 3754 3906 3809; x_wconf 87' lang='lat' dir='ltr'><strong><em>fun-</em></strong></span> 
     </span>
    </p>
   </div>
   <div class='ocr_carea' id='block_1_82' title="bbox 2323 3845 3908 3914">
    <p class='ocr_par' dir='ltr' id='par_1_82' title="bbox 2323 3845 3908 3914">
     <span class='ocr_line' id='line_1_82' title="bbox 2323 3845 3908 3914; baseline -0.003 -8"><span class='ocrx_word' id='word_1_625' title='bbox 2323 3852 2634 3907; x_wconf 89' lang='lat' dir='ltr'><strong><em>damentum</em></strong></span> <span class='ocrx_word' id='word_1_626' title='bbox 2688 3849 2881 3914; x_wconf 89' lang='lat' dir='ltr'><strong><em>habet;</em></strong></span> <span class='ocrx_word' id='word_1_627' title='bbox 2940 3863 3154 3902; x_wconf 91' lang='lat' dir='ltr'><strong><em>rursum</em></strong></span> <span class='ocrx_word' id='word_1_628' title='bbox 3215 3846 3426 3901; x_wconf 87' lang='lat' dir='ltr'><strong><em>initium</em></strong></span> <span class='ocrx_word' id='word_1_629' title='bbox 3483 3845 3908 3902; x_wconf 87' lang='lat' dir='ltr'><strong><em>Christianitatis</em></strong></span> 
     </span>
    </p>
   </div>
   <div class='ocr_carea' id='block_1_83' title="bbox 2323 3939 3907 4014">
    <p class='ocr_par' dir='ltr' id='par_1_83' title="bbox 2323 3939 3907 4014">
     <span class='ocr_line' id='line_1_83' title="bbox 2323 3939 3907 4014; baseline -0.003 -16"><span class='ocrx_word' id='word_1_630' title='bbox 2323 3943 2533 4014; x_wconf 66' lang='lat' dir='ltr'><strong><em>quaerit,</em></strong></span> <span class='ocrx_word' id='word_1_631' title='bbox 2579 3941 2707 4012; x_wconf 89' lang='lat' dir='ltr'><strong><em>quia</em></strong></span> <span class='ocrx_word' id='word_1_632' title='bbox 2755 3939 2889 3996; x_wconf 83' lang='lat' dir='ltr'><strong><em>ﬁdes</em></strong></span> <span class='ocrx_word' id='word_1_633' title='bbox 2934 3939 3340 3994; x_wconf 89' lang='lat' dir='ltr'><strong><em>fundamentum</em></strong></span> <span class='ocrx_word' id='word_1_634' title='bbox 3385 3947 3495 4004; x_wconf 87' lang='lat' dir='ltr'><strong><em>est;</em></strong></span> <span class='ocrx_word' id='word_1_635' title='bbox 3547 3947 3761 3994; x_wconf 69' lang='lat' dir='ltr'><strong><em>eastern</em></strong></span> <span class='ocrx_word' id='word_1_636' title='bbox 3793 3954 3907 3994; x_wconf 78' lang='lat' dir='ltr'><strong><em>vero</em></strong></span> 
     </span>
    </p>
   </div>
   <div class='ocr_carea' id='block_1_84' title="bbox 2323 4028 3907 4106">
    <p class='ocr_par' dir='ltr' id='par_1_84' title="bbox 2323 4028 3907 4106">
     <span class='ocr_line' id='line_1_84' title="bbox 2323 4028 3907 4106; baseline -0.004 -16"><span class='ocrx_word' id='word_1_637' title='bbox 2323 4031 2885 4106; x_wconf 80' lang='lat' dir='ltr'><strong><em>superaedificationes,</em></strong></span> <span class='ocrx_word' id='word_1_638' title='bbox 2932 4051 2951 4084; x_wconf 73' lang='grc' dir='ltr'><strong>ι</strong></span> <span class='ocrx_word' id='word_1_639' title='bbox 2995 4031 3138 4100; x_wconf 89' lang='lat' dir='ltr'><strong><em>quod</em></strong></span> <span class='ocrx_word' id='word_1_640' title='bbox 3182 4031 3370 4086; x_wconf 87' lang='lat' dir='ltr'><strong><em>beatus</em></strong></span> <span class='ocrx_word' id='word_1_641' title='bbox 3403 4028 3608 4084; x_wconf 88' lang='lat' dir='ltr'><strong><em>Paulus</em></strong></span> <span class='ocrx_word' id='word_1_642' title='bbox 3642 4029 3907 4100; x_wconf 86' lang='lat' dir='ltr'><strong><em>sequenti-</em></strong></span> 
     </span>
    </p>
   </div>
   <div class='ocr_carea' id='block_1_85' title="bbox 2323 4121 3908 4200">
    <p class='ocr_par' dir='ltr' id='par_1_85' title="bbox 2323 4121 3908 4200">
     <span class='ocr_line' id='line_1_85' title="bbox 2323 4121 3908 4200; baseline -0.004 -18"><span class='ocrx_word' id='word_1_643' title='bbox 2323 4127 2425 4182; x_wconf 89' lang='lat' dir='ltr'><strong><em>bus</em></strong></span> <span class='ocrx_word' id='word_1_644' title='bbox 2452 4124 2630 4180; x_wconf 86' lang='lat' dir='ltr'><strong><em>verbis</em></strong></span> <span class='ocrx_word' id='word_1_645' title='bbox 2661 4123 2915 4189; x_wconf 88' lang='lat' dir='ltr'><strong><em>ostendit,</em></strong></span> <span class='ocrx_word' id='word_1_646' title='bbox 2943 4123 3206 4200; x_wconf 85' lang='lat' dir='ltr'><strong><em>dicendo:</em></strong></span> <span class='ocrx_word' id='word_1_647' title='bbox 3248 4121 3371 4177; x_wconf 85' lang='lat' dir='ltr'><strong><em>Non</em></strong></span> <span class='ocrx_word' id='word_1_648' title='bbox 3415 4139 3632 4176; x_wconf 83' lang='lat' dir='ltr'><strong><em>rursum</em></strong></span> <span class='ocrx_word' id='word_1_649' title='bbox 3657 4124 3908 4193; x_wconf 75' lang='lat' dir='ltr'><strong><em>jacientes</em></strong></span> 
     </span>
    </p>
   </div>
   <div class='ocr_carea' id='block_1_86' title="bbox 2326 4214 3909 4288">
    <p class='ocr_par' dir='ltr' id='par_1_86' title="bbox 2326 4214 3909 4288">
     <span class='ocr_line' id='line_1_86' title="bbox 2326 4214 3909 4288; baseline -0.004 -11"><span class='ocrx_word' id='word_1_650' title='bbox 2326 4219 2724 4288; x_wconf 86' lang='lat' dir='ltr'><strong><em>fundamentum</em></strong></span> <span class='ocrx_word' id='word_1_651' title='bbox 2749 4217 3062 4287; x_wconf 61' lang='lat' dir='ltr'><strong><em>poenitentia</em></strong></span> <span class='ocrx_word' id='word_1_652' title='bbox 3089 4216 3153 4271; x_wconf 91' lang='lat' dir='ltr'><strong><em>ab</em></strong></span> <span class='ocrx_word' id='word_1_653' title='bbox 3183 4214 3420 4288; x_wconf 88' lang='lat' dir='ltr'><strong><em>operibus</em></strong></span> <span class='ocrx_word' id='word_1_654' title='bbox 3463 4217 3696 4270; x_wconf 83' lang='lat' dir='ltr'><strong><em>mortuis</em></strong></span> <span class='ocrx_word' id='word_1_655' title='bbox 3725 4227 3774 4270; x_wconf 81' lang='lat' dir='ltr'><strong><em>et</em></strong></span> <span class='ocrx_word' id='word_1_656' title='bbox 3801 4218 3909 4284; x_wconf 76' lang='lat' dir='ltr'><strong><em>ﬁdei</em></strong></span> 
     </span>
    </p>
   </div>
   <div class='ocr_carea' id='block_1_87' title="bbox 2325 4307 3912 4379">
    <p class='ocr_par' dir='ltr' id='par_1_87' title="bbox 2325 4307 3912 4379">
     <span class='ocr_line' id='line_1_87' title="bbox 2325 4307 3912 4379; baseline -0.002 -12"><span class='ocrx_word' id='word_1_657' title='bbox 2325 4313 2395 4368; x_wconf 89' lang='lat' dir='ltr'><strong><em>ad</em></strong></span> <span class='ocrx_word' id='word_1_658' title='bbox 2416 4311 2600 4365; x_wconf 88' lang='lat' dir='ltr'><strong><em>Deum.</em></strong></span> <span class='ocrx_word' id='word_1_659' title='bbox 2635 4327 2653 4360; x_wconf 85' lang='grc'><em>‹</em></span> <span class='ocrx_word' id='word_1_660' title='bbox 2683 4307 2987 4364; x_wconf 86' lang='lat' dir='ltr'><strong><em>Perfectum</em></strong></span> <span class='ocrx_word' id='word_1_661' title='bbox 3013 4308 3158 4362; x_wconf 90' lang='lat' dir='ltr'><strong><em>enim</em></strong></span> <span class='ocrx_word' id='word_1_662' title='bbox 3187 4307 3335 4362; x_wconf 93' lang='lat' dir='ltr'><strong><em>illum</em></strong></span> <span class='ocrx_word' id='word_1_663' title='bbox 3358 4322 3639 4372; x_wconf 71' lang='lat' dir='ltr'><strong><em>vocamus,</em></strong></span> <span class='ocrx_word' id='word_1_664' title='bbox 3673 4310 3775 4379; x_wconf 89' lang='lat' dir='ltr'><strong><em>qui</em></strong></span> <span class='ocrx_word' id='word_1_665' title='bbox 3800 4325 3912 4364; x_wconf 79' lang='lat' dir='ltr'><strong><em>cum</em></strong></span> 
     </span>
    </p>
   </div>
   <div class='ocr_carea' id='block_1_88' title="bbox 2325 4399 3915 4463">
    <p class='ocr_par' dir='ltr' id='par_1_88' title="bbox 2325 4399 3915 4463">
     <span class='ocr_line' id='line_1_88' title="bbox 2325 4399 3915 4463; baseline -0.003 -1"><span class='ocrx_word' id='word_1_666' title='bbox 2325 4405 2432 4462; x_wconf 83' lang='lat' dir='ltr'><strong><em>ﬁde</em></strong></span> <span class='ocrx_word' id='word_1_667' title='bbox 2464 4405 2632 4458; x_wconf 90' lang='lat' dir='ltr'><strong><em>vitam</em></strong></span> <span class='ocrx_word' id='word_1_668' title='bbox 2659 4402 2822 4458; x_wconf 88' lang='lat' dir='ltr'><strong><em>habet</em></strong></span> <span class='ocrx_word' id='word_1_669' title='bbox 2851 4409 3074 4458; x_wconf 88' lang='lat' dir='ltr'><strong><em>rectam.</em></strong></span> <span class='ocrx_word' id='word_1_670' title='bbox 3115 4421 3134 4455; x_wconf 73' lang='grc' dir='ltr'><strong><em>ι</em></strong></span> <span class='ocrx_word' id='word_1_671' title='bbox 3186 4399 3244 4456; x_wconf 88' lang='lat' dir='ltr'><strong><em>Si</em></strong></span> <span class='ocrx_word' id='word_1_672' title='bbox 3281 4407 3462 4463; x_wconf 82' lang='lat' dir='ltr'><strong><em>autem</em></strong></span> <span class='ocrx_word' id='word_1_673' title='bbox 3489 4401 3694 4456; x_wconf 90' lang='lat' dir='ltr'><strong><em>horum</em></strong></span> <span class='ocrx_word' id='word_1_674' title='bbox 3727 4418 3915 4457; x_wconf 88' lang='lat' dir='ltr'><strong><em>unum-</em></strong></span> 
     </span>
    </p>
   </div>
   <div class='ocr_carea' id='block_1_89' title="bbox 2326 4497 3915 4570">
    <p class='ocr_par' dir='ltr' id='par_1_89' title="bbox 2326 4497 3915 4570">
     <span class='ocr_line' id='line_1_89' title="bbox 2326 4497 3915 4570; baseline -0.001 -15"><span class='ocrx_word' id='word_1_675' title='bbox 2326 4499 2602 4570; x_wconf 89' lang='lat' dir='ltr'><strong><em>quodlibet</em></strong></span> <span class='ocrx_word' id='word_1_676' title='bbox 2645 4497 2834 4564; x_wconf 85' lang='lat' dir='ltr'><strong><em>deerit,</em></strong></span> <span class='ocrx_word' id='word_1_677' title='bbox 2864 4497 3137 4568; x_wconf 83' lang='lat' dir='ltr'><strong><em>perfectus</em></strong></span> <span class='ocrx_word' id='word_1_678' title='bbox 3179 4512 3288 4552; x_wconf 92' lang='lat' dir='ltr'><strong><em>non</em></strong></span> <span class='ocrx_word' id='word_1_679' title='bbox 3334 4497 3470 4563; x_wconf 88' lang='lat' dir='ltr'><strong><em>erit;</em></strong></span> <span class='ocrx_word' id='word_1_680' title='bbox 3516 4497 3561 4553; x_wconf 90' lang='lat' dir='ltr'><strong><em>si</em></strong></span> <span class='ocrx_word' id='word_1_681' title='bbox 3594 4511 3736 4553; x_wconf 86' lang='lat' dir='ltr'><strong><em>vero</em></strong></span> <span class='ocrx_word' id='word_1_682' title='bbox 3765 4500 3915 4554; x_wconf 85' lang='lat' dir='ltr'><strong><em>ambo</em></strong></span> 
     </span>
    </p>
   </div>
   <div class='ocr_carea' id='block_1_90' title="bbox 642 4593 2224 4685">
    <p class='ocr_par' dir='ltr' id='par_1_90' title="bbox 642 4593 2222 4671">
     <span class='ocr_line' id='line_1_90' title="bbox 642 4593 2222 4671; baseline 0.003 -5"><span class='ocrx_word' id='word_1_683' title='bbox 642 4613 778 4667; x_wconf 90' lang='lat' dir='ltr'><strong><em>Dum</em></strong></span> <span class='ocrx_word' id='word_1_684' title='bbox 822 4613 1037 4668; x_wconf 92' lang='lat' dir='ltr'><strong><em>illorum</em></strong></span> <span class='ocrx_word' id='word_1_685' title='bbox 1072 4612 1174 4667; x_wconf 90' lang='lat' dir='ltr'><strong><em>fuit</em></strong></span> <span class='ocrx_word' id='word_1_686' title='bbox 1217 4611 1385 4668; x_wconf 88' lang='lat' dir='ltr'><strong><em>fortes</em></strong></span> <span class='ocrx_word' id='word_1_687' title='bbox 1436 4627 1558 4668; x_wconf 89' lang='lat' dir='ltr'><strong><em>esse</em></strong></span> <span class='ocrx_word' id='word_1_688' title='bbox 1606 4593 1686 4668; x_wconf 16' lang='lat' dir='ltr'><strong><em>in,</em></strong></span> <span class='ocrx_word' id='word_1_689' title='bbox 1711 4612 1816 4669; x_wconf 85' lang='lat' dir='ltr'><strong><em>ﬁde</em></strong></span> <span class='ocrx_word' id='word_1_690' title='bbox 1843 4622 1899 4669; x_wconf 88' lang='lat' dir='ltr'><strong><em>et</em></strong></span> <span class='ocrx_word' id='word_1_691' title='bbox 1934 4593 2141 4671; x_wconf 88' lang='lat' dir='ltr'><strong><em>alacres</em></strong></span> <span class='ocrx_word' id='word_1_692' title='bbox 2164 4615 2222 4671; x_wconf 92' lang='lat' dir='ltr'><strong><em>in</em></strong></span> 
     </span>
    </p>
   </div>
   <div class='ocr_carea' id='block_1_91' title="bbox 2306 4593 3917 4685">
    <p class='ocr_par' dir='ltr' id='par_1_91' title="bbox 2327 4593 3917 4665">
     <span class='ocr_line' id='line_1_91' title="bbox 2327 4593 3917 4665; baseline 0 -15"><span class='ocrx_word' id='word_1_693' title='bbox 2327 4593 2540 4660; x_wconf 89' lang='lat' dir='ltr'><strong><em>desunt,</em></strong></span> <span class='ocrx_word' id='word_1_694' title='bbox 2570 4593 2766 4648; x_wconf 85' lang='lat' dir='ltr'><strong><em>merito</em></strong></span> <span class='ocrx_word' id='word_1_695' title='bbox 2801 4593 3058 4665; x_wconf 90' lang='lat' dir='ltr'><strong><em>parvulus</em></strong></span> <span class='ocrx_word' id='word_1_696' title='bbox 3097 4593 3202 4648; x_wconf 85' lang='lat' dir='ltr'><strong><em>dici</em></strong></span> <span class='ocrx_word' id='word_1_697' title='bbox 3228 4601 3432 4664; x_wconf 88' lang='lat' dir='ltr'><strong><em>potest;</em></strong></span> <span class='ocrx_word' id='word_1_698' title='bbox 3464 4601 3522 4647; x_wconf 92' lang='lat' dir='ltr'><strong><em>et</em></strong></span> <span class='ocrx_word' id='word_1_699' title='bbox 3545 4596 3712 4662; x_wconf 87' lang='lat' dir='ltr'><strong><em>quasi</em></strong></span> <span class='ocrx_word' id='word_1_700' title='bbox 3747 4596 3917 4650; x_wconf 83' lang='lat' dir='ltr'><strong><em>infans</em></strong></span> 
     </span>
    </p>
   </div>
   <div class='ocr_carea' id='block_1_92' title="bbox 643 4705 2222 4776">
    <p class='ocr_par' dir='ltr' id='par_1_92' title="bbox 643 4705 2222 4776">
     <span class='ocr_line' id='line_1_92' title="bbox 643 4705 2222 4776; baseline 0.001 -16"><span class='ocrx_word' id='word_1_701' title='bbox 643 4705 889 4769; x_wconf 88' lang='lat' dir='ltr'><strong><em>scientia,</em></strong></span> <span class='ocrx_word' id='word_1_702' title='bbox 920 4705 988 4759; x_wconf 90' lang='lat' dir='ltr'><strong><em>ad</em></strong></span> <span class='ocrx_word' id='word_1_703' title='bbox 1029 4705 1431 4776; x_wconf 88' lang='lat' dir='ltr'><strong><em>percipiendum</em></strong></span> <span class='ocrx_word' id='word_1_704' title='bbox 1462 4705 1692 4760; x_wconf 91' lang='lat' dir='ltr'><strong><em>solidum</em></strong></span> <span class='ocrx_word' id='word_1_705' title='bbox 1737 4706 2010 4775; x_wconf 65' lang='lat' dir='ltr'><strong><em>sapientiae</em></strong></span> <span class='ocrx_word' id='word_1_706' title='bbox 2040 4707 2222 4762; x_wconf 85' lang='lat' dir='ltr'><strong><em>cibum</em></strong></span> 
     </span>
    </p>
   </div>
   <div class='ocr_carea' id='block_1_93' title="bbox 644 4795 2223 4868">
    <p class='ocr_par' dir='ltr' id='par_1_93' title="bbox 644 4795 2223 4868">
     <span class='ocr_line' id='line_1_93' title="bbox 644 4795 2223 4868; baseline 0.001 -17"><span class='ocrx_word' id='word_1_707' title='bbox 644 4798 735 4868; x_wconf 90' lang='lat' dir='ltr'><strong><em>qui</em></strong></span> <span class='ocrx_word' id='word_1_708' title='bbox 761 4805 843 4852; x_wconf 88' lang='lat' dir='ltr'><strong><em>est</em></strong></span> <span class='ocrx_word' id='word_1_709' title='bbox 867 4795 1255 4866; x_wconf 89' lang='lat' dir='ltr'><strong><em>perfectorum,</em></strong></span> <span class='ocrx_word' id='word_1_710' title='bbox 1283 4810 1427 4850; x_wconf 90' lang='lat' dir='ltr'><strong><em>nunc</em></strong></span> <span class='ocrx_word' id='word_1_711' title='bbox 1457 4795 1584 4850; x_wconf 88' lang='lat' dir='ltr'><strong><em>facti</em></strong></span> <span class='ocrx_word' id='word_1_712' title='bbox 1607 4804 1732 4851; x_wconf 89' lang='lat' dir='ltr'><strong><em>sunt</em></strong></span> <span class='ocrx_word' id='word_1_713' title='bbox 1758 4797 1952 4866; x_wconf 90' lang='lat' dir='ltr'><strong><em>quibus</em></strong></span> <span class='ocrx_word' id='word_1_714' title='bbox 1978 4805 2061 4852; x_wconf 86' lang='lat' dir='ltr'><strong><em>est</em></strong></span> <span class='ocrx_word' id='word_1_715' title='bbox 2086 4798 2223 4853; x_wconf 89' lang='lat' dir='ltr'><strong><em>lacte</em></strong></span> 
     </span>
    </p>
   </div>
   <div class='ocr_carea' id='block_1_94' title="bbox 643 4887 2225 4959">
    <p class='ocr_par' dir='ltr' id='par_1_94' title="bbox 643 4887 2225 4959">
     <span class='ocr_line' id='line_1_94' title="bbox 643 4887 2225 4959; baseline 0.001 -16"><span class='ocrx_word' id='word_1_716' title='bbox 643 4904 798 4959; x_wconf 90' lang='lat' dir='ltr'><strong><em>opus.</em></strong></span> <span class='ocrx_word' id='word_1_717' title='bbox 831 4888 940 4943; x_wconf 91' lang='lat' dir='ltr'><strong><em>Lac</em></strong></span> <span class='ocrx_word' id='word_1_718' title='bbox 967 4889 1112 4942; x_wconf 90' lang='lat' dir='ltr'><strong><em>enim</em></strong></span> <span class='ocrx_word' id='word_1_719' title='bbox 1157 4887 1414 4943; x_wconf 89' lang='lat' dir='ltr'><strong><em>humilem</em></strong></span> <span class='ocrx_word' id='word_1_720' title='bbox 1444 4901 1749 4943; x_wconf 88' lang='lat' dir='ltr'><strong><em>sermonem</em></strong></span> <span class='ocrx_word' id='word_1_721' title='bbox 1772 4896 1950 4955; x_wconf 91' lang='lat' dir='ltr'><strong><em>vocat,</em></strong></span> <span class='ocrx_word' id='word_1_722' title='bbox 1982 4905 2089 4959; x_wconf 92' lang='lat' dir='ltr'><strong><em>quo</em></strong></span> <span class='ocrx_word' id='word_1_723' title='bbox 2130 4905 2225 4945; x_wconf 91' lang='lat' dir='ltr'><strong><em>eos</em></strong></span> 
     </span>
    </p>
   </div>
   <div class='ocr_carea' id='block_1_95' title="bbox 645 4978 2225 5050">
    <p class='ocr_par' dir='ltr' id='par_1_95' title="bbox 645 4978 2225 5050">
     <span class='ocr_line' id='line_1_95' title="bbox 645 4978 2225 5050; baseline -0.001 -14"><span class='ocrx_word' id='word_1_724' title='bbox 645 4980 937 5050; x_wconf 78' lang='lat' dir='ltr'><strong><em>indiguisse</em></strong></span> <span class='ocrx_word' id='word_1_725' title='bbox 956 4985 1204 5044; x_wconf 87' lang='lat' dir='ltr'><strong><em>testatur,</em></strong></span> <span class='ocrx_word' id='word_1_726' title='bbox 1230 4978 1323 5049; x_wconf 90' lang='lat' dir='ltr'><strong><em>qui</em></strong></span> <span class='ocrx_word' id='word_1_727' title='bbox 1345 4979 1506 5033; x_wconf 89' lang='lat' dir='ltr'><strong><em>etiam</em></strong></span> <span class='ocrx_word' id='word_1_728' title='bbox 1537 4978 1605 5034; x_wconf 91' lang='lat' dir='ltr'><strong><em>ad</em></strong></span> <span class='ocrx_word' id='word_1_729' title='bbox 1632 4979 1821 5033; x_wconf 91' lang='lat' dir='ltr'><strong><em>altiora</em></strong></span> <span class='ocrx_word' id='word_1_730' title='bbox 1847 4978 2225 5048; x_wconf 77' lang='lat' dir='ltr'><strong><em>mysteriorum</em></strong></span> 
     </span>
    </p>
   </div>
   <div class='ocr_carea' id='block_1_96' title="bbox 647 5069 2223 5141">
    <p class='ocr_par' dir='ltr' id='par_1_96' title="bbox 647 5069 2223 5141">
     <span class='ocr_line' id='line_1_96' title="bbox 647 5069 2223 5141; baseline -0.001 -14"><span class='ocrx_word' id='word_1_731' title='bbox 647 5073 740 5127; x_wconf 90' lang='lat' dir='ltr'><strong><em>Dei</em></strong></span> <span class='ocrx_word' id='word_1_732' title='bbox 773 5079 977 5127; x_wconf 89' lang='lat' dir='ltr'><strong><em>secreta</em></strong></span> <span class='ocrx_word' id='word_1_733' title='bbox 1016 5069 1306 5126; x_wconf 89' lang='lat' dir='ltr'><strong><em>ascendere</em></strong></span> <span class='ocrx_word' id='word_1_734' title='bbox 1333 5087 1440 5126; x_wconf 91' lang='lat' dir='ltr'><strong><em>non</em></strong></span> <span class='ocrx_word' id='word_1_735' title='bbox 1465 5079 1735 5141; x_wconf 89' lang='lat' dir='ltr'><strong><em>poterant.</em></strong></span> <span class='ocrx_word' id='word_1_736' title='bbox 1762 5069 2005 5139; x_wconf 78' lang='lat' dir='ltr'><strong><em>Exempli</em></strong></span> <span class='ocrx_word' id='word_1_737' title='bbox 2030 5071 2223 5139; x_wconf 88' lang='lat' dir='ltr'><strong><em>gratia,</em></strong></span> 
     </span>
    </p>
   </div>
   <div class='ocr_carea' id='block_1_97' title="bbox 579 5162 2221 5235">
    <p class='ocr_par' dir='ltr' id='par_1_97' title="bbox 579 5162 2221 5235">
     <span class='ocr_line' id='line_1_97' title="bbox 579 5162 2221 5235; baseline 0 -16"><span class='ocrx_word' id='word_1_738' title='bbox 579 5179 582 5182; x_wconf 83' lang='lat'>&#39;</span> <span class='ocrx_word' id='word_1_739' title='bbox 647 5166 739 5235; x_wconf 90' lang='lat' dir='ltr'><strong><em>qui</em></strong></span> <span class='ocrx_word' id='word_1_740' title='bbox 786 5180 891 5219; x_wconf 93' lang='lat' dir='ltr'><strong><em>non</em></strong></span> <span class='ocrx_word' id='word_1_741' title='bbox 947 5171 1125 5233; x_wconf 88' lang='lat' dir='ltr'><strong><em>potest</em></strong></span> <span class='ocrx_word' id='word_1_742' title='bbox 1180 5164 1477 5234; x_wconf 88' lang='lat' dir='ltr'><strong><em>intelligere</em></strong></span> <span class='ocrx_word' id='word_1_743' title='bbox 1525 5163 1667 5233; x_wconf 90' lang='lat' dir='ltr'><strong><em>quod</em></strong></span> <span class='ocrx_word' id='word_1_744' title='bbox 1719 5162 2046 5233; x_wconf 88' lang='lat' dir='ltr'><strong><em>evangelista</em></strong></span> <span class='ocrx_word' id='word_1_745' title='bbox 2091 5163 2166 5218; x_wconf 91' lang='lat' dir='ltr'><strong><em>ait</em></strong></span> <span class='ocrx_word' id='word_1_746' title='bbox 2206 5181 2221 5219; x_wconf 86' lang='lat'><strong>:</strong></span> 
     </span>
    </p>
   </div>
   <div class='ocr_carea' id='block_1_98' title="bbox 661 5253 2228 5322">
    <p class='ocr_par' dir='ltr' id='par_1_98' title="bbox 661 5253 2228 5322">
     <span class='ocr_line' id='line_1_98' title="bbox 661 5253 2228 5322; baseline -0.001 -13"><span class='ocrx_word' id='word_1_747' title='bbox 661 5253 879 5309; x_wconf 84' lang='lat' dir='ltr'><strong><em>Verbum</em></strong></span> <span class='ocrx_word' id='word_1_748' title='bbox 910 5271 1032 5309; x_wconf 89' lang='lat' dir='ltr'><strong><em>caro</em></strong></span> <span class='ocrx_word' id='word_1_749' title='bbox 1076 5253 1274 5322; x_wconf 84' lang='lat' dir='ltr'><strong><em>factum</em></strong></span> <span class='ocrx_word' id='word_1_750' title='bbox 1311 5261 1410 5318; x_wconf 84' lang='lat' dir='ltr'><strong><em>est,</em></strong></span> <span class='ocrx_word' id='word_1_751' title='bbox 1452 5253 1720 5322; x_wconf 89' lang='lat' dir='ltr'><strong><em>quomodo</em></strong></span> <span class='ocrx_word' id='word_1_752' title='bbox 1746 5262 1923 5322; x_wconf 89' lang='lat' dir='ltr'><strong><em>potest</em></strong></span> <span class='ocrx_word' id='word_1_753' title='bbox 1953 5253 2021 5309; x_wconf 87' lang='lat' dir='ltr'><strong><em>ad</em></strong></span> <span class='ocrx_word' id='word_1_754' title='bbox 2045 5253 2228 5308; x_wconf 75' lang='lat' dir='ltr'><strong><em>altitu-</em></strong></span> 
     </span>
    </p>
   </div>
   <div class='ocr_carea' id='block_1_99' title="bbox 650 5344 2226 5418">
    <p class='ocr_par' dir='ltr' id='par_1_99' title="bbox 650 5344 2226 5418">
     <span class='ocr_line' id='line_1_99' title="bbox 650 5344 2226 5418; baseline 0 -18"><span class='ocrx_word' id='word_1_755' title='bbox 650 5346 828 5401; x_wconf 91' lang='lat' dir='ltr'><strong><em>dinem</em></strong></span> <span class='ocrx_word' id='word_1_756' title='bbox 856 5345 971 5415; x_wconf 82' lang='lat' dir='ltr'><strong><em>ejus</em></strong></span> <span class='ocrx_word' id='word_1_757' title='bbox 998 5346 1263 5400; x_wconf 90' lang='lat' dir='ltr'><strong><em>sermonis</em></strong></span> <span class='ocrx_word' id='word_1_758' title='bbox 1287 5344 1592 5416; x_wconf 89' lang='lat' dir='ltr'><strong><em>pervenire,</em></strong></span> <span class='ocrx_word' id='word_1_759' title='bbox 1612 5345 1702 5400; x_wconf 91' lang='lat' dir='ltr'><strong><em>ubi</em></strong></span> <span class='ocrx_word' id='word_1_760' title='bbox 1733 5348 1810 5400; x_wconf 89' lang='lat' dir='ltr'><strong><em>ait</em></strong></span> <span class='ocrx_word' id='word_1_761' title='bbox 1837 5364 1850 5400; x_wconf 90' lang='lat'><strong>:</strong></span> <span class='ocrx_word' id='word_1_762' title='bbox 1880 5344 1948 5400; x_wconf 89' lang='lat' dir='ltr'><strong><em>In</em></strong></span> <span class='ocrx_word' id='word_1_763' title='bbox 1974 5347 2226 5418; x_wconf 84' lang='lat' dir='ltr'><strong><em>principio</em></strong></span> 
     </span>
    </p>
   </div>
   <div class='ocr_carea' id='block_1_100' title="bbox 649 5431 2226 5502">
    <p class='ocr_par' dir='ltr' id='par_1_100' title="bbox 649 5431 2226 5502">
     <span class='ocr_line' id='line_1_100' title="bbox 649 5431 2226 5502; baseline -0.001 -11"><span class='ocrx_word' id='word_1_764' title='bbox 649 5431 762 5491; x_wconf 85' lang='lat' dir='ltr'><strong><em>erat</em></strong></span> <span class='ocrx_word' id='word_1_765' title='bbox 792 5435 1033 5502; x_wconf 79' lang='lat' dir='ltr'><strong><em>Verbum,</em></strong></span> <span class='ocrx_word' id='word_1_766' title='bbox 1057 5445 1105 5490; x_wconf 86' lang='lat' dir='ltr'><strong><em>et</em></strong></span> <span class='ocrx_word' id='word_1_767' title='bbox 1131 5433 1350 5490; x_wconf 86' lang='lat' dir='ltr'><strong><em>Verbum</em></strong></span> <span class='ocrx_word' id='word_1_768' title='bbox 1377 5442 1492 5490; x_wconf 91' lang='lat' dir='ltr'><strong><em>erat</em></strong></span> <span class='ocrx_word' id='word_1_769' title='bbox 1510 5435 1653 5502; x_wconf 88' lang='lat' dir='ltr'><strong><em>apud</em></strong></span> <span class='ocrx_word' id='word_1_770' title='bbox 1676 5435 1867 5496; x_wconf 87' lang='lat' dir='ltr'><strong><em>Deum.</em></strong></span> <span class='ocrx_word' id='word_1_771' title='bbox 1882 5444 1930 5490; x_wconf 90' lang='lat' dir='ltr'><strong><em>et</em></strong></span> <span class='ocrx_word' id='word_1_772' title='bbox 1949 5435 2091 5490; x_wconf 88' lang='lat' dir='ltr'><strong><em>Deus</em></strong></span> <span class='ocrx_word' id='word_1_773' title='bbox 2113 5443 2226 5490; x_wconf 86' lang='lat' dir='ltr'><strong><em>erat</em></strong></span> 
     </span>
    </p>
   </div>
   <div class='ocr_carea' id='block_1_101' title="bbox 661 5527 1672 5588">
    <p class='ocr_par' dir='ltr' id='par_1_101' title="bbox 661 5527 1672 5588">
     <span class='ocr_line' id='line_1_101' title="bbox 661 5527 1672 5588; baseline 0.004 -4"><span class='ocrx_word' id='word_1_774' title='bbox 661 5527 902 5584; x_wconf 89' lang='lat' dir='ltr'><strong><em>Verbum.</em></strong></span> <span class='ocrx_word' id='word_1_775' title='bbox 1667 5583 1672 5588; x_wconf 84' lang='lat'><em>,</em></span> 
     </span>
    </p>
   </div>
   <div class='ocr_carea' id='block_1_102' title="bbox 723 5616 2227 5690">
    <p class='ocr_par' dir='ltr' id='par_1_102' title="bbox 723 5616 2227 5690">
     <span class='ocr_line' id='line_1_102' title="bbox 723 5616 2227 5690; baseline -0.003 -15"><span class='ocrx_word' id='word_1_776' title='bbox 723 5619 886 5676; x_wconf 69' lang='lat' dir='ltr'><strong><em>Vsus.</em></strong></span> <span class='ocrx_word' id='word_1_777' title='bbox 914 5619 1001 5687; x_wconf 77' lang='grc'><strong><em>15,</em></strong></span> <span class='ocrx_word' id='word_1_778' title='bbox 1031 5617 1119 5673; x_wconf 74' lang='grc'><strong>14.</strong></span> <span class='ocrx_word' id='word_1_779' title='bbox 1139 5646 1212 5659; x_wconf 93' lang='grc'><strong><em>-</em></strong></span> <span class='ocrx_word' id='word_1_780' title='bbox 1241 5617 1422 5673; x_wconf 82' lang='lat' dir='ltr'><strong><em>On‘tnis</em></strong></span> <span class='ocrx_word' id='word_1_781' title='bbox 1451 5617 1589 5676; x_wconf 83' lang='lat' dir='ltr'><strong><em>enim</em></strong></span> <span class='ocrx_word' id='word_1_782' title='bbox 1622 5617 1711 5689; x_wconf 89' lang='lat' dir='ltr'><strong><em>qui</em></strong></span> <span class='ocrx_word' id='word_1_783' title='bbox 1750 5616 1900 5674; x_wconf 89' lang='lat' dir='ltr'><strong><em>lactis</em></strong></span> <span class='ocrx_word' id='word_1_784' title='bbox 1945 5627 2019 5674; x_wconf 86' lang='lat' dir='ltr'><strong><em>est</em></strong></span> <span class='ocrx_word' id='word_1_785' title='bbox 2056 5619 2227 5690; x_wconf 88' lang='lat' dir='ltr'><strong><em>parti-</em></strong></span> 
     </span>
    </p>
   </div>
   <div class='ocr_carea' id='block_1_103' title="bbox 652 5703 2227 5781">
    <p class='ocr_par' dir='ltr' id='par_1_103' title="bbox 652 5703 2227 5781">
     <span class='ocr_line' id='line_1_103' title="bbox 652 5703 2227 5781; baseline -0.002 -16"><span class='ocrx_word' id='word_1_786' title='bbox 652 5725 791 5781; x_wconf 86' lang='lat' dir='ltr'><strong><em>ceps,</em></strong></span> <span class='ocrx_word' id='word_1_787' title='bbox 833 5725 1014 5781; x_wconf 87' lang='lat' dir='ltr'><strong><em>expers</em></strong></span> <span class='ocrx_word' id='word_1_788' title='bbox 1061 5707 1233 5778; x_wconf 89' lang='lat' dir='ltr'><strong><em>factus</em></strong></span> <span class='ocrx_word' id='word_1_789' title='bbox 1261 5716 1337 5761; x_wconf 88' lang='lat' dir='ltr'><strong><em>est</em></strong></span> <span class='ocrx_word' id='word_1_790' title='bbox 1383 5706 1634 5761; x_wconf 88' lang='lat' dir='ltr'><strong><em>sermonis</em></strong></span> <span class='ocrx_word' id='word_1_791' title='bbox 1672 5703 1917 5774; x_wconf 76' lang='lat' dir='ltr'><strong><em>justitite.</em></strong></span> <span class='ocrx_word' id='word_1_792' title='bbox 1963 5706 2227 5762; x_wconf 83' lang='lat' dir='ltr'><strong><em>Parvulus</em></strong></span> 
     </span>
    </p>
   </div>
   <div class='ocr_carea' id='block_1_104' title="bbox 653 5793 2228 5867">
    <p class='ocr_par' dir='ltr' id='par_1_104' title="bbox 653 5793 2228 5867">
     <span class='ocr_line' id='line_1_104' title="bbox 653 5793 2228 5867; baseline -0.003 -11"><span class='ocrx_word' id='word_1_793' title='bbox 653 5800 794 5856; x_wconf 83' lang='lat' dir='ltr'><strong><em>enim</em></strong></span> <span class='ocrx_word' id='word_1_794' title='bbox 814 5807 910 5856; x_wconf 83' lang='lat' dir='ltr'><strong><em>est.</em></strong></span> <span class='ocrx_word' id='word_1_795' title='bbox 957 5795 1317 5867; x_wconf 87' lang='lat' dir='ltr'><strong><em>Perfectorum</em></strong></span> <span class='ocrx_word' id='word_1_796' title='bbox 1345 5805 1520 5850; x_wconf 89' lang='lat' dir='ltr'><strong><em>autem</em></strong></span> <span class='ocrx_word' id='word_1_797' title='bbox 1544 5802 1619 5849; x_wconf 89' lang='lat' dir='ltr'><strong><em>est</em></strong></span> <span class='ocrx_word' id='word_1_798' title='bbox 1649 5793 1848 5849; x_wconf 87' lang='lat' dir='ltr'><strong><em>solidus</em></strong></span> <span class='ocrx_word' id='word_1_799' title='bbox 1893 5797 2037 5852; x_wconf 87' lang='lat' dir='ltr'><strong><em>cibus</em></strong></span> <span class='ocrx_word' id='word_1_800' title='bbox 2079 5816 2098 5854; x_wconf 90' lang='lat'><strong><em>:</em></strong></span> <span class='ocrx_word' id='word_1_801' title='bbox 2141 5813 2228 5852; x_wconf 85' lang='lat' dir='ltr'><strong><em>eo-</em></strong></span> 
     </span>
    </p>
   </div>
   <div class='ocr_carea' id='block_1_105' title="bbox 726 5903 1941 5978">
    <p class='ocr_par' dir='ltr' id='par_1_105' title="bbox 726 5903 1941 5978">
     <span class='ocr_line' id='line_1_105' title="bbox 726 5903 1941 5978; baseline -0.009 -7"><span class='ocrx_word' id='word_1_802' title='bbox 726 5921 762 5957; x_wconf 69' lang='grc' dir='ltr'><strong>α</strong></span> <span class='ocrx_word' id='word_1_803' title='bbox 784 5909 889 5972; x_wconf 81' lang='lat' dir='ltr'><strong><em>llic</em></strong></span> <span class='ocrx_word' id='word_1_804' title='bbox 917 5907 1168 5978; x_wconf 75' lang='lat' dir='ltr'><strong><em>quaedam</em></strong></span> <span class='ocrx_word' id='word_1_805' title='bbox 1194 5905 1454 5966; x_wconf 81' lang='lat' dir='ltr'><strong><em>deﬁciunt</em></strong></span> <span class='ocrx_word' id='word_1_806' title='bbox 1477 5905 1534 5964; x_wconf 86' lang='lat' dir='ltr'><strong><em>in</em></strong></span> <span class='ocrx_word' id='word_1_807' title='bbox 1554 5903 1941 5962; x_wconf 77' lang='lat' dir='ltr'><strong><em>manuscrinto.</em></strong></span> 
     </span>
    </p>
   </div>
   <div class='ocr_carea' id='block_1_106' title="bbox 2323 4683 3916 4752">
    <p class='ocr_par' dir='ltr' id='par_1_106' title="bbox 2323 4683 3916 4752">
     <span class='ocr_line' id='line_1_106' title="bbox 2323 4683 3916 4752; baseline -0.001 -11"><span class='ocrx_word' id='word_1_808' title='bbox 2323 4685 2538 4752; x_wconf 90' lang='lat' dir='ltr'><strong><em>litteris,</em></strong></span> <span class='ocrx_word' id='word_1_809' title='bbox 2567 4685 2646 4740; x_wconf 91' lang='lat' dir='ltr'><strong><em>sic</em></strong></span> <span class='ocrx_word' id='word_1_810' title='bbox 2679 4685 2840 4739; x_wconf 89' lang='lat' dir='ltr'><strong><em>etiam</em></strong></span> <span class='ocrx_word' id='word_1_811' title='bbox 2870 4685 2973 4739; x_wconf 89' lang='lat' dir='ltr'><strong><em>iste</em></strong></span> <span class='ocrx_word' id='word_1_812' title='bbox 3002 4685 3058 4738; x_wconf 91' lang='lat' dir='ltr'><strong><em>in</em></strong></span> <span class='ocrx_word' id='word_1_813' title='bbox 3080 4683 3186 4739; x_wconf 82' lang='lat' dir='ltr'><strong><em>fide</em></strong></span> <span class='ocrx_word' id='word_1_814' title='bbox 3219 4684 3414 4739; x_wconf 87' lang='lat' dir='ltr'><strong><em>iterum</em></strong></span> <span class='ocrx_word' id='word_1_815' title='bbox 3449 4684 3794 4741; x_wconf 87' lang='lat' dir='ltr'><strong><em>erudiendus</em></strong></span> <span class='ocrx_word' id='word_1_816' title='bbox 3818 4695 3916 4742; x_wconf 65' lang='lat' dir='ltr'><strong><em>est.</em></strong></span> 
     </span>
    </p>
   </div>
   <div class='ocr_carea' id='block_1_107' title="bbox 2324 4775 3917 4849">
    <p class='ocr_par' dir='ltr' id='par_1_107' title="bbox 2324 4775 3917 4849">
     <span class='ocr_line' id='line_1_107' title="bbox 2324 4775 3917 4849; baseline 0.003 -16"><span class='ocrx_word' id='word_1_817' title='bbox 2324 4778 2582 4833; x_wconf 88' lang='lat' dir='ltr'><strong><em>Latenter</em></strong></span> <span class='ocrx_word' id='word_1_818' title='bbox 2619 4785 2796 4832; x_wconf 91' lang='lat' dir='ltr'><strong><em>autem</em></strong></span> <span class='ocrx_word' id='word_1_819' title='bbox 2827 4777 2999 4847; x_wconf 84' lang='lat' dir='ltr'><strong><em>legem</em></strong></span> <span class='ocrx_word' id='word_1_820' title='bbox 3039 4775 3314 4831; x_wconf 82' lang='lat' dir='ltr'><strong><em>infirmare</em></strong></span> <span class='ocrx_word' id='word_1_821' title='bbox 3338 4775 3472 4842; x_wconf 91' lang='lat' dir='ltr'><strong><em>vult,</em></strong></span> <span class='ocrx_word' id='word_1_822' title='bbox 3501 4784 3558 4830; x_wconf 91' lang='lat' dir='ltr'><strong><em>et</em></strong></span> <span class='ocrx_word' id='word_1_823' title='bbox 3580 4779 3655 4832; x_wconf 87' lang='lat' dir='ltr'><strong><em>ad</em></strong></span> <span class='ocrx_word' id='word_1_824' title='bbox 3685 4781 3917 4849; x_wconf 79' lang='lat' dir='ltr'><strong><em>gratiam</em></strong></span> 
     </span>
    </p>
   </div>
   <div class='ocr_carea' id='block_1_108' title="bbox 2325 4870 3919 4938">
    <p class='ocr_par' dir='ltr' id='par_1_108' title="bbox 2325 4870 3919 4938">
     <span class='ocr_line' id='line_1_108' title="bbox 2325 4870 3919 4938; baseline 0 -11"><span class='ocrx_word' id='word_1_825' title='bbox 2325 4871 2527 4927; x_wconf 87' lang='lat' dir='ltr'><strong><em>Christi</em></strong></span> <span class='ocrx_word' id='word_1_826' title='bbox 2563 4886 2689 4925; x_wconf 89' lang='lat' dir='ltr'><strong><em>suos</em></strong></span> <span class='ocrx_word' id='word_1_827' title='bbox 2724 4885 2978 4926; x_wconf 89' lang='lat' dir='ltr'><strong><em>revocare</em></strong></span> <span class='ocrx_word' id='word_1_828' title='bbox 3015 4871 3307 4925; x_wconf 90' lang='lat' dir='ltr'><strong><em>auditores.</em></strong></span> <span class='ocrx_word' id='word_1_829' title='bbox 3342 4870 3443 4938; x_wconf 86' lang='lat' dir='ltr'><strong><em>Qui</em></strong></span> <span class='ocrx_word' id='word_1_830' title='bbox 3478 4879 3672 4926; x_wconf 84' lang='lat' dir='ltr'><strong><em>autem</em></strong></span> <span class='ocrx_word' id='word_1_831' title='bbox 3715 4874 3791 4928; x_wconf 80' lang='lat' dir='ltr'><strong><em>ad</em></strong></span> <span class='ocrx_word' id='word_1_832' title='bbox 3817 4875 3919 4927; x_wconf 78' lang='lat' dir='ltr'><strong><em>vir-</em></strong></span> 
     </span>
    </p>
   </div>
   <div class='ocr_carea' id='block_1_109' title="bbox 2326 4961 3918 5035">
    <p class='ocr_par' dir='ltr' id='par_1_109' title="bbox 2326 4961 3918 5035">
     <span class='ocr_line' id='line_1_109' title="bbox 2326 4961 3918 5035; baseline 0.001 -16"><span class='ocrx_word' id='word_1_833' title='bbox 2326 4972 2497 5019; x_wconf 89' lang='lat' dir='ltr'><strong><em>tutem</em></strong></span> <span class='ocrx_word' id='word_1_834' title='bbox 2526 4963 2701 5018; x_wconf 89' lang='lat' dir='ltr'><strong><em>iturus</em></strong></span> <span class='ocrx_word' id='word_1_835' title='bbox 2728 4971 2830 5030; x_wconf 89' lang='lat' dir='ltr'><strong><em>est,</em></strong></span> <span class='ocrx_word' id='word_1_836' title='bbox 2860 4963 3097 5032; x_wconf 88' lang='lat' dir='ltr'><strong><em>primum</em></strong></span> <span class='ocrx_word' id='word_1_837' title='bbox 3123 4961 3384 5017; x_wconf 89' lang='lat' dir='ltr'><strong><em>malitiam</em></strong></span> <span class='ocrx_word' id='word_1_838' title='bbox 3411 4961 3573 5018; x_wconf 91' lang='lat' dir='ltr'><strong><em>debet</em></strong></span> <span class='ocrx_word' id='word_1_839' title='bbox 3609 4967 3844 5035; x_wconf 82' lang='lat' dir='ltr'><strong><em>culpare</em></strong></span> <span class='ocrx_word' id='word_1_840' title='bbox 3868 4974 3918 5019; x_wconf 87' lang='lat' dir='ltr'><strong><em>et</em></strong></span> 
     </span>
    </p>
   </div>
   <div class='ocr_carea' id='block_1_110' title="bbox 2327 5051 3916 5128">
    <p class='ocr_par' dir='ltr' id='par_1_110' title="bbox 2327 5051 3916 5128">
     <span class='ocr_line' id='line_1_110' title="bbox 2327 5051 3916 5128; baseline 0.001 -20"><span class='ocrx_word' id='word_1_841' title='bbox 2327 5051 2580 5120; x_wconf 90' lang='lat' dir='ltr'><strong><em>abjicere,</em></strong></span> <span class='ocrx_word' id='word_1_842' title='bbox 2610 5060 2666 5107; x_wconf 91' lang='lat' dir='ltr'><strong><em>et</em></strong></span> <span class='ocrx_word' id='word_1_843' title='bbox 2695 5068 2858 5123; x_wconf 89' lang='lat' dir='ltr'><strong><em>opera</em></strong></span> <span class='ocrx_word' id='word_1_844' title='bbox 2887 5055 3076 5109; x_wconf 90' lang='lat' dir='ltr'><strong><em>mortis</em></strong></span> <span class='ocrx_word' id='word_1_845' title='bbox 3110 5069 3208 5124; x_wconf 91' lang='lat' dir='ltr'><strong><em>per</em></strong></span> <span class='ocrx_word' id='word_1_846' title='bbox 3233 5054 3612 5126; x_wconf 73' lang='lat' dir='ltr'><strong><em>pmnitentiam</em></strong></span> <span class='ocrx_word' id='word_1_847' title='bbox 3657 5071 3916 5128; x_wconf 73' lang='lat' dir='ltr'><strong><em>purgare,</em></strong></span> 
     </span>
    </p>
   </div>
   <div class='ocr_carea' id='block_1_111' title="bbox 2326 5145 3080 5202">
    <p class='ocr_par' dir='ltr' id='par_1_111' title="bbox 2326 5145 3080 5202">
     <span class='ocr_line' id='line_1_111' title="bbox 2326 5145 3080 5202; baseline 0.001 -2"><span class='ocrx_word' id='word_1_848' title='bbox 2326 5152 2381 5200; x_wconf 90' lang='lat' dir='ltr'><strong><em>et</em></strong></span> <span class='ocrx_word' id='word_1_849' title='bbox 2405 5145 2487 5200; x_wconf 90' lang='lat' dir='ltr'><strong><em>sic</em></strong></span> <span class='ocrx_word' id='word_1_850' title='bbox 2519 5146 2776 5202; x_wconf 86' lang='lat' dir='ltr'><strong><em>accedere</em></strong></span> <span class='ocrx_word' id='word_1_851' title='bbox 2804 5147 2872 5201; x_wconf 90' lang='lat' dir='ltr'><strong><em>ad</em></strong></span> <span class='ocrx_word' id='word_1_852' title='bbox 2892 5147 3080 5201; x_wconf 89' lang='lat' dir='ltr'><strong><em>Deum.</em></strong></span> 
     </span>
    </p>
   </div>
   <div class='ocr_carea' id='block_1_112' title="bbox 2316 5236 3914 5312">
    <p class='ocr_par' dir='ltr' id='par_1_112' title="bbox 2316 5236 3914 5312">
     <span class='ocr_line' id='line_1_112' title="bbox 2316 5236 3914 5312; baseline 0.003 -20"><span class='ocrx_word' id='word_1_853' title='bbox 2316 5267 2320 5271; x_wconf 66' lang='grc' dir='ltr'><em>ι</em></span> <span class='ocrx_word' id='word_1_854' title='bbox 2396 5236 2558 5292; x_wconf 73' lang='lat' dir='ltr'><strong><em>Vens.</em></strong></span> <span class='ocrx_word' id='word_1_855' title='bbox 2589 5236 2643 5290; x_wconf 78' lang='lat'><strong><em>‘2.</em></strong></span> <span class='ocrx_word' id='word_1_856' title='bbox 2673 5238 3157 5309; x_wconf 87' lang='lat' dir='ltr'><strong><em>—.Baptismatum</em></strong></span> <span class='ocrx_word' id='word_1_857' title='bbox 3200 5239 3494 5294; x_wconf 86' lang='lat' dir='ltr'><strong><em>doctrinam</em></strong></span> <span class='ocrx_word' id='word_1_858' title='bbox 3545 5239 3651 5312; x_wconf 83' lang='lat' dir='ltr'><strong><em>[Ita</em></strong></span> <span class='ocrx_word' id='word_1_859' title='bbox 3698 5240 3914 5306; x_wconf 83' lang='lat' dir='ltr'><strong><em>Codex;</em></strong></span> 
     </span>
    </p>
   </div>
   <div class='ocr_carea' id='block_1_113' title="bbox 2323 5331 3920 5405">
    <p class='ocr_par' dir='ltr' id='par_1_113' title="bbox 2323 5331 3920 5405">
     <span class='ocr_line' id='line_1_113' title="bbox 2323 5331 3920 5405; baseline 0.003 -19"><span class='ocrx_word' id='word_1_860' title='bbox 2323 5331 2430 5402; x_wconf 88' lang='lat' dir='ltr'><strong><em>leg.</em></strong></span> <span class='ocrx_word' id='word_1_861' title='bbox 2453 5331 2753 5404; x_wconf 68' lang='lat' dir='ltr'><strong><em>doctrinm],</em></strong></span> <span class='ocrx_word' id='word_1_862' title='bbox 2785 5333 3130 5404; x_wconf 87' lang='lat' dir='ltr'><strong><em>impositionis</em></strong></span> <span class='ocrx_word' id='word_1_863' title='bbox 3159 5350 3360 5405; x_wconf 87' lang='lat' dir='ltr'><strong><em>quoque</em></strong></span> <span class='ocrx_word' id='word_1_864' title='bbox 3385 5350 3641 5388; x_wconf 85' lang='lat' dir='ltr'><strong><em>manuum</em></strong></span> <span class='ocrx_word' id='word_1_865' title='bbox 3668 5346 3716 5390; x_wconf 87' lang='lat' dir='ltr'><strong><em>et</em></strong></span> <span class='ocrx_word' id='word_1_866' title='bbox 3747 5354 3920 5391; x_wconf 78' lang='lat' dir='ltr'><strong><em>resur-</em></strong></span> 
     </span>
    </p>
   </div>
   <div class='ocr_carea' id='block_1_114' title="bbox 2324 5425 3919 5496">
    <p class='ocr_par' dir='ltr' id='par_1_114' title="bbox 2324 5425 3919 5496">
     <span class='ocr_line' id='line_1_114' title="bbox 2324 5425 3919 5496; baseline 0.003 -18"><span class='ocrx_word' id='word_1_867' title='bbox 2324 5425 2568 5479; x_wconf 86' lang='lat' dir='ltr'><strong><em>rectionis</em></strong></span> <span class='ocrx_word' id='word_1_868' title='bbox 2590 5434 2913 5479; x_wconf 87' lang='lat' dir='ltr'><strong><em>mortuorum</em></strong></span> <span class='ocrx_word' id='word_1_869' title='bbox 2937 5436 2983 5479; x_wconf 91' lang='lat' dir='ltr'><strong><em>et</em></strong></span> <span class='ocrx_word' id='word_1_870' title='bbox 3001 5426 3193 5496; x_wconf 84' lang='lat' dir='ltr'><strong><em>judicii</em></strong></span> <span class='ocrx_word' id='word_1_871' title='bbox 3217 5427 3416 5480; x_wconf 79' lang='lat' dir='ltr'><strong><em>teterni.</em></strong></span> <span class='ocrx_word' id='word_1_872' title='bbox 3442 5425 3562 5481; x_wconf 83' lang='lat' dir='ltr'><strong><em>Non</em></strong></span> <span class='ocrx_word' id='word_1_873' title='bbox 3585 5428 3739 5482; x_wconf 89' lang='lat' dir='ltr'><strong><em>enim</em></strong></span> <span class='ocrx_word' id='word_1_874' title='bbox 3769 5428 3919 5484; x_wconf 59' lang='lat' dir='ltr'><strong><em>sum»</em></strong></span> 
     </span>
    </p>
   </div>
   <div class='ocr_carea' id='block_1_115' title="bbox 2326 5515 3919 5587">
    <p class='ocr_par' dir='ltr' id='par_1_115' title="bbox 2326 5515 3919 5587">
     <span class='ocr_line' id='line_1_115' title="bbox 2326 5515 3919 5587; baseline 0.003 -17"><span class='ocrx_word' id='word_1_875' title='bbox 2326 5516 2400 5570; x_wconf 90' lang='lat' dir='ltr'><strong><em>cit</em></strong></span> <span class='ocrx_word' id='word_1_876' title='bbox 2425 5516 2739 5587; x_wconf 76' lang='lat' dir='ltr'><strong><em>pmnitentia</em></strong></span> <span class='ocrx_word' id='word_1_877' title='bbox 2766 5517 2992 5571; x_wconf 89' lang='lat' dir='ltr'><strong><em>mundos</em></strong></span> <span class='ocrx_word' id='word_1_878' title='bbox 3018 5515 3196 5571; x_wconf 88' lang='lat' dir='ltr'><strong><em>facere</em></strong></span> <span class='ocrx_word' id='word_1_879' title='bbox 3223 5526 3558 5587; x_wconf 88' lang='lat' dir='ltr'><strong><em>peccatores,</em></strong></span> <span class='ocrx_word' id='word_1_880' title='bbox 3587 5518 3700 5574; x_wconf 89' lang='lat' dir='ltr'><strong><em>nisi</em></strong></span> <span class='ocrx_word' id='word_1_881' title='bbox 3727 5519 3919 5576; x_wconf 84' lang='lat' dir='ltr'><strong><em>confe-</em></strong></span> 
     </span>
    </p>
   </div>
   <div class='ocr_carea' id='block_1_116' title="bbox 2327 5609 3920 5680">
    <p class='ocr_par' dir='ltr' id='par_1_116' title="bbox 2327 5609 3920 5680">
     <span class='ocr_line' id='line_1_116' title="bbox 2327 5609 3920 5680; baseline 0.002 -15"><span class='ocrx_word' id='word_1_882' title='bbox 2327 5610 2452 5665; x_wconf 87' lang='lat' dir='ltr'><strong><em>stim</em></strong></span> <span class='ocrx_word' id='word_1_883' title='bbox 2473 5609 2835 5679; x_wconf 85' lang='lat' dir='ltr'><strong><em>baptizentur,</em></strong></span> <span class='ocrx_word' id='word_1_884' title='bbox 2867 5609 3006 5664; x_wconf 89' lang='lat' dir='ltr'><strong><em>sicut</em></strong></span> <span class='ocrx_word' id='word_1_885' title='bbox 3047 5609 3102 5664; x_wconf 92' lang='lat' dir='ltr'><strong><em>in</em></strong></span> <span class='ocrx_word' id='word_1_886' title='bbox 3129 5609 3351 5666; x_wconf 80' lang='lat' dir='ltr'><strong><em>Actibus</em></strong></span> <span class='ocrx_word' id='word_1_887' title='bbox 3385 5610 3763 5680; x_wconf 86' lang='lat' dir='ltr'><strong><em>apostolorum</em></strong></span> <span class='ocrx_word' id='word_1_888' title='bbox 3793 5614 3920 5667; x_wconf 76' lang='lat' dir='ltr'><strong><em>hea-</em></strong></span> 
     </span>
    </p>
   </div>
   <div class='ocr_carea' id='block_1_117' title="bbox 2329 5700 3918 5773">
    <p class='ocr_par' dir='ltr' id='par_1_117' title="bbox 2329 5700 3918 5773">
     <span class='ocr_line' id='line_1_117' title="bbox 2329 5700 3918 5773; baseline 0.001 -15"><span class='ocrx_word' id='word_1_889' title='bbox 2329 5711 2442 5758; x_wconf 86' lang='lat' dir='ltr'><strong><em>tum</em></strong></span> <span class='ocrx_word' id='word_1_890' title='bbox 2466 5702 2684 5757; x_wconf 81' lang='lat' dir='ltr'><strong><em>Petrum</em></strong></span> <span class='ocrx_word' id='word_1_891' title='bbox 2717 5701 3056 5772; x_wconf 87' lang='lat' dir='ltr'><strong><em>respondisse</em></strong></span> <span class='ocrx_word' id='word_1_892' title='bbox 3090 5702 3322 5773; x_wconf 88' lang='lat' dir='ltr'><strong><em>legitur:</em></strong></span> <span class='ocrx_word' id='word_1_893' title='bbox 3349 5700 3724 5759; x_wconf 67' lang='lat' dir='ltr'><strong><em>Paenitentiam</em></strong></span> <span class='ocrx_word' id='word_1_894' title='bbox 3749 5705 3918 5773; x_wconf 80' lang='lat' dir='ltr'><strong><em>agite,</em></strong></span> 
     </span>
    </p>
   </div>
   <div class='ocr_carea' id='block_1_118' title="bbox 2329 5796 3919 5870">
    <p class='ocr_par' dir='ltr' id='par_1_118' title="bbox 2329 5796 3919 5870">
     <span class='ocr_line' id='line_1_118' title="bbox 2329 5796 3919 5870; baseline -0.003 -16"><span class='ocrx_word' id='word_1_895' title='bbox 2329 5798 2543 5870; x_wconf 81' lang='lat' dir='ltr'><strong><em>fratres,</em></strong></span> <span class='ocrx_word' id='word_1_896' title='bbox 2577 5805 2627 5852; x_wconf 88' lang='lat' dir='ltr'><strong><em>et</em></strong></span> <span class='ocrx_word' id='word_1_897' title='bbox 2652 5797 2944 5866; x_wconf 69' lang='lat' dir='ltr'><strong><em>baptizatur</em></strong></span> <span class='ocrx_word' id='word_1_898' title='bbox 2969 5796 3325 5866; x_wconf 80' lang='lat' dir='ltr'><strong><em>unusquisque</em></strong></span> <span class='ocrx_word' id='word_1_899' title='bbox 3353 5805 3579 5853; x_wconf 77' lang='lat' dir='ltr'><strong><em>oestrum</em></strong></span> <span class='ocrx_word' id='word_1_900' title='bbox 3611 5797 3672 5851; x_wconf 84' lang='lat' dir='ltr'><strong><em>in</em></strong></span> <span class='ocrx_word' id='word_1_901' title='bbox 3700 5799 3919 5851; x_wconf 63' lang='lat' dir='ltr'><strong><em>nomine</em></strong></span> 
     </span>
    </p>
   </div>
  </div>
