4090 6444
213 475 242 530 1
251 472 354 530 057

856 468 1262 526 EXECETICA.
1302 499 1373 512 —-
1410 469 1654 528 EXPOS.
1695 469 1764 527 IN
1799 469 2016 528 EPIST.
2058 471 2116 530 S.
2155 474 2362 531 PAULI
2397 475 2492 531 AD
2528 476 2731 534 HEBR.

3319 483 3341 536 l
3351 481 3455 540 058

208 581 498 654 Jesu(Act.
524 595 588 648 ll,
614 580 726 652 38).
755 579 891 648 Quia
915 584 1059 651 quod
1093 585 1423 656 impossibile
1455 595 1540 642 est
1566 585 1780 656 operari
1805 586 1858 648 Α
1882 585 2210 658 impossibile
2236 598 2318 644 est
2346 591 2580 647 secundo
2609 589 2853 662 cruciﬁgi
2878 590 3177 662 Christum,
3220 594 3326 650 hoc
3347 606 3448 662 est,

211 679 489 735 hominem
529 691 628 748 per
655 691 734 743 se,
763 676 864 731 hoc
890 691 988 746 per
1008 676 1104 731 Dei
1133 679 1361 748 gratiam
1393 678 1445 733 in
1466 679 1786 749 baptismate

209 769 671 841 potestaccipere.
715 787 734 820 ‹
769 767 907 835 Quid
948 775 1031 822 est
1073 769 1236 834 enim,
1277 769 1642 840 baptismatum
1687 769 1786 825 do-

185 864 426 922 -Ctrina?
459 861 574 916 Non
605 871 859 930 tanquam
900 861 1189 916 multorum
1212 861 1595 932 baptismatum
1631 861 1790 917 debet

212 954 466 1026 intelligi,
505 953 600 1009 sed
635 952 824 1020 unius;
865 972 882 1005 ι
927 953 1051 1024 quia
1097 954 1239 1009 sicut
1280 970 1385 1009 una
1423 954 1554 1009 ﬁdes
1579 961 1681 1019 est,
1714 953 1788 1008 ita

211 1062 382 1104 unum
425 1055 480 1102 et
506 1046 771 1117 baptisma
817 1053 929 1111 est;
981 1047 1076 1101 sed
1102 1061 1201 1116 pro
1226 1047 1488 1100 varietate
1522 1045 1790 1116 accipien-

214 1140 350 1194 tium
392 1139 757 1209 baptismatum
799 1137 954 1193 dixit.
1019 1137 1370 1209 Impositionis
1421 1154 1624 1210 quoque
1671 1153 1789 1191 ma-

213 1249 398 1297 nuum,
424 1247 521 1302 per
547 1247 708 1300 quam
728 1231 962 1300 Spiritus
990 1232 1206 1286 Sanctus
1238 1231 1407 1300 accipi
1436 1236 1628 1300 potest.
1661 1228 1791 1285 Cre-

214 1323 363 1379 ditur
386 1322 528 1392 quod
559 1329 680 1392 post
712 1321 1038 1390 baptismum
1081 1319 1150 1374 ad
1179 1319 1643 1374 conﬁrmationem
1671 1318 1790 1372 uni~

214 1417 346 1472 tatis
395 1416 449 1470 in
483 1415 723 1471 Ecclesia
767 1412 970 1470 Christi
1014 1429 1045 1467 a
1079 1412 1422 1483 pontiﬁcibus
1473 1412 1588 1467 ﬁeri
1631 1412 1786 1467 solet.

216 1509 314 1564 His
342 1507 508 1580 igitur
530 1505 766 1577 perfecte
801 1505 855 1560 in
880 1504 1120 1560 Ecclesia
1148 1504 1436 1575 perceptis,
1458 1503 1624 1574 682
1655 1503 1791 1557 ﬁdes

213 1597 631 1655 resurrectionis
679 1605 733 1652 et
752 1596 941 1666 judicii
981 1595 1148 1650 futuri
1177 1595 1422 1650 habenda
1451 1600 1552 1648 est.
1598 1593 1792 1647 Vivere

215 1693 413 1762 quippe
447 1691 586 1746 sicut
627 1689 802 1761 angeli
833 1697 888 1744 et
920 1687 1119 1743 nullius
1159 1701 1317 1757 egere
1347 1700 1556 1750 eorum,
1587 1699 1707 1752 qua:
1735 1683 1788 1737 in

215 1786 318 1841 ista
345 1785 452 1838 vita
496 1791 667 1849 sunt;
699 1780 858 1850 hujus
885 1780 1009 1835 vitm
1037 1778 1322 1850 promissio
1351 1777 1506 1832 nobis
1545 1775 1684 1830 facta
1710 1781 1794 1830 est

215 1893 313 1947 per
337 1876 596 1945 Spiritum
622 1883 889 1929 sanctum.
918 1871 1151 1927 Fructus
1176 1878 1354 1926 autem
1378 1869 1536 1938 hujus
1561 1868 1790 1939 promis-

1886 679 2120 735 ostentui
2147 695 2269 735 eum
2295 682 2514 737 habere.
2543 682 2644 750 Qui
2668 683 2901 738 secundo
2931 699 2989 740 se
3011 685 3274 755 baptizari
3299 701 3458 758 posse

1885 779 2059 842 putat,
2103 774 2336 828 secundo
2375 771 2649 829 Christum
2670 774 2987 847 cruciﬁgere
3011 777 3233 848 quierit;
3275 779 3367 849 qui
3412 779 3456 834 si

1888 862 2177 920 cruciﬁxus
2201 873 2302 932 est,
2333 875 2387 922 et
2412 874 2676 936 mortuus,
2714 878 2769 925 et
2819 871 2993 926 victor
3041 873 3232 928 mortis
3275 888 3456 929 resur-

1888 951 2047 1017 rexit,
2076 961 2236 1023 atque
2267 971 2389 1010 cum
2423 957 2695 1028 triumpho
2746 959 2932 1030 gloriae
2975 960 3140 1017 caelos
3191 963 3454 1019 ascendit.

1894 1055 1915 1090 ο
1964 1039 2115 1096 Sicut
2162 1043 2303 1098 enim
2349 1045 2516 1101 semel
2547 1045 2796 1104 Christus
2823 1058 3068 1107 mortuus
3095 1060 3177 1108 est
3213 1068 3376 1109 carne
3404 1053 3458 1109 in
3521 1097 3528 1108 .

1889 1145 2067 1197 cruce,
2097 1135 2176 1190 sic
2209 1151 2305 1192 nos
2347 1137 2510 1192 semel
2558 1139 2820 1195 morimur
2862 1140 2917 1196 in
2955 1143 3305 1214 baptismate;
3352 1161 3460 1201 non

1889 1237 2072 1290 carne,
2106 1227 2198 1280 sed
2222 1236 2473 1296 peccato;
2517 1248 2536 1282 ι
2580 1239 2742 1301 atque
2788 1232 2928 1288 sicut
2955 1235 3044 1290 ille
3084 1235 3460 1292 itcrum'mori

1889 1330 1995 1370 non
2037 1318 2256 1386 poterit,
2304 1318 2378 1373 ita
2422 1335 2522 1377 nos
2563 1321 2828 1392 baptizari
2869 1341 2975 1381 non
3020 1341 3324 1397 possumus,
3357 1329 3461 1384 nisi

1889 1403 2118 1462 fortasse
2141 1408 2396 1480 lacrymis
2423 1413 2775 1482 paenitentiae,
2805 1429 2911 1474 non
2938 1416 3137 1473 lavacri
3170 1433 3459 1488 regenera-

1890 1494 2054 1551 tione.
2091 1515 2110 1547 ι
2145 1496 2286 1564 Quid
2309 1506 2392 1553 est
2417 1501 2583 1571 ergo?
2611 1502 2822 1573 inquis;
2864 1519 2969 1561 non
2999 1515 3084 1563 est
3113 1509 3464 1578 poenitentia?

1891 1588 1986 1643 Est
2019 1590 2205 1659 utique
2234 1593 2574 1661 poenitentia,
2615 1596 2711 1651 sed
2740 1597 3004 1667 baptisma
3036 1599 3183 1656 aliud
3209 1617 3316 1656 non
3347 1611 3460 1669 est;

1891 1683 2207 1752 poenitentia
2232 1699 2360 1741 vero
2398 1696 2501 1753 est,
2536 1695 2591 1744 et
2629 1689 2854 1746 multam
2883 1693 3046 1748 habet
3090 1693 3458 1752 fortitudinem

1890 1774 2056 1828 etiam
2093 1777 2148 1831 in
2190 1783 2446 1850 eumcqui
2490 1787 2726 1852 peccatis
2764 1787 2919 1842 valde
2959 1789 3240 1846 demersus
3261 1801 3365 1846 est.
3399 1792 3458 1847 Si

1893 1865 2138 1929 voluerit,
2168 1877 2344 1938 potest
2384 1886 2510 1926 eum
2545 1875 2777 1931 liberare
2811 1892 2876 1931 ex
2904 1894 3068 1936 onere
3094 1891 3463 1950 peccatorum,

216 1969 404 2032 sionis,
435 1966 669 2036 ejusdem
693 1966 978 2037 praesentia
1005 1965 1129 2020 vita:
1155 1972 1264 2029 est;
1299 1979 1419 2032 quae
1446 1963 1568 2025 duo,
1601 1961 1656 2015 id
1684 1968 1788 2025 est,
1819 1947 1869 2009 Β
1893 1966 1946 2013 et
1973 1959 2368 2029 periclitantem
2410 1964 2463 2017 in
2493 1973 2608 2019 tuto
2643 1969 2996 2035 constituere,
3029 1947 3167 2025 lic—Si
3195 1973 3262 2026 ad
3292 1947 3468 2041 ipsum

219 2059 352 2115 ﬁdes
386 2066 442 2113 et
470 2057 754 2127 judicium,
790 2056 956 2113 semel
992 2055 1264 2127 baptizato
1291 2060 1520 2118 restant,
1552 2068 1657 2107 non
1694 2052 1794 2106 ite-

219 2168 340 2207 rum
370 2151 652 2222 baptizari.

289 2246 451 2300 Vens.
490 2246 544 2300 5.
566 2275 637 2284 -
667 2243 734 2297 Et
775 2242 870 2296 hoc
909 2242 1185 2312 faciemus,
1217 2240 1473 2311 siquidem
1507 2236 1794 2308 permiserit

215 2337 378 2391 Deus.
397 2337 455 2391 ln
471 2338 572 2390 hac
586 2335 689 2390 ﬁde
705 2335 900 2403 quippe
911 2331 1273 2402 baptismatis,
1287 2339 1340 2384 et
1360 2329 1793 2392 resurrectionis,

215 2427 472 2497 etjudicii
494 2426 660 2481 futuri
676 2441 792 2489 vos,
815 2424 923 2478 Deo
943 2423 1306 2493 permittente,
1325 2421 1556 2490 pleniter
1578 2420 1799 2474 instrui-

219 2535 360 2573 mus.
407 2515 486 2572 Ne
511 2530 641 2571 vero
671 2514 954 2579 ullatenus,
1005 2513 1096 2581 qui
1144 2511 1437 2568 secundum
1469 2509 1551 2565 vel
1581 2511 1798 2564 tertium

216 2610 512 2664 aestimaret
533 2616 657 2678 post
673 2614 893 2676 peccata
913 2620 1071 2676 posse
1083 2603 1204 2658 ﬁeri
1221 2603 1504 2672 baptisma,
1523 2617 1648 2657 mox
1672 2603 1802 2657 sub-

209 2699 641 2772 jungit,dicens:
663 2697 847 2770 (Vens.
870 2696 986 2769 4-6)
1006 2694 1331 2766 Impossibile
1351 2704 1426 2749 est
1448 2695 1583 2748 enim
1600 2711 1686 2748 eos
1709 2694 1799 2766 qui

216 2794 375 2848 semel
391 2801 513 2849 sunt
526 2792 807 2847 illuminati
818 2833 831 2856 ,
845 2799 1179 2862 gustaverunt
1193 2789 1347 2844 etiam
1361 2789 1558 2843 donum
1579 2786 1796 2852 cmleste,

217 2897 266 2941 et
288 2887 564 2958 participes
583 2895 704 2940 sunt
721 2886 846 2956 facti
863 2883 1085 2956 Spiritus
1100 2883 1286 2947 sancti,
1303 2890 1638 2953 gustaverunt
1661 2881 1800 2934 nihi-

219 2979 444 3035 lominus
471 2979 661 3033 bonum
688 2978 784 3032 Dei
807 2978 1036 3042 verbum,
1064 2977 1378 3048 virtutesque
1397 2973 1578 3028 swculi
1599 2974 1798 3044 futuri,

219 3080 268 3125 et
291 3071 427 3142 lapsi
445 3079 590 3136 sunt,
615 3069 852 3124 renovari
875 3085 1081 3122 rursum
1105 3068 1173 3121 ad
1193 3066 1566 3138 paenitentiam,
1592 3079 1800 3118 rursum

221 3165 584 3236 cruciﬁgentes
605 3163 931 3234 sibimetipsis
949 3161 1145 3216 Filium
1161 3161 1278 3223 Dei,
1292 3171 1340 3215 et
1361 3159 1584 3215 ostentui
1605 3159 1800 3214 haben--

227 3263 321 3308 tes.
353 3253 689 3324 lmpossibile
709 3262 807 3316 est,
836 3253 1030 3322 inquit,
1050 3267 1157 3306 non
1193 3249 1424 3305 diﬁicile.
1469 3248 1802 3320 lmpossibile

215 3352 319 3408 est,
339 3345 535 3415 inquit.
559 3345 615 3398 ln
630 3344 1058 3414 desperationem
1083 3358 1177 3398 eos
1196 3343 1366 3406 misit,
1381 3337 1801 3408 secundobapti-

216 3452 277 3490 za
287 3437 329 3490 ri
351 3451 537 3506 posse:
555 3436 680 3506 quia
701 3434 1032 3506 impossibile
1052 3443 1134 3488 est
1157 3433 1300 3502 quod
1326 3431 1442 3487 ﬁeri
1464 3447 1572 3486 non
1589 3438 1796 3501 potest;

217 3529 430 3585 diﬁicile
455 3545 584 3585 vero
615 3529 777 3599 quod,
812 3529 1056 3598 quamvis
1089 3544 1210 3583 cum
1240 3529 1443 3589 labore,
1474 3525 1588 3580 ﬁeri
1618 3533 1799 3579 tamen

215 3629 414 3693 potest.
451 3619 513 3676 Si
540 3619 718 3684 semel,
747 3621 939 3690 inquit,
969 3620 1254 3676 illuminati
1290 3619 1412 3673 estis
1453 3633 1550 3687 per
1570 3615 1799 3686 gratiam

217 3715 389 3770 sancti
418 3715 682 3785 Spiritus,
713 3723 766 3770 ct
795 3715 1042 3786 gustastis
1077 3715 1270 3768 donum
1300 3712 1521 3776 caleste,
1561 3712 1665 3766 hoc
1693 3716 1796 3775 est,

215 3809 591 3864 remissionem
618 3815 964 3878 peccatorum
994 3806 1310 3875 accepistis,
1331 3812 1386 3859 et
1412 3801 1688 3874 participes
1717 3801 1800 3870 fa-

216 3899 288 3952 ειὶ
333 3900 455 3954 estis
491 3897 718 3970 Spiritus
764 3900 954 3963 sancti,
1007 3898 1062 3953 in
1109 3898 1486 3954 distributione
1532 3896 1798 3950 donorum

216 3990 346 4056 Dei,
384 4006 503 4060 quae
538 3990 593 4044 in
635 3991 875 4059 Epistola
916 3989 985 4043 ad
1017 3987 1326 4043 Corinthios
1373 3988 1561 4042 beatus
1597 3986 1798 4040 Paulus

214 4089 498 4139 enumerat
547 4081 598 4152 (Ι
620 4079 743 4134 Cor.
795 4096 894 4146 xu,
922 4079 954 4131 7
1002 4080 1167 4150 seq.);
1222 4087 1271 4133 et
1316 4079 1505 4132 bonum
1549 4075 1796 4146 gustastis

215 4175 426 4231 verbum
452 4174 572 4240 Dei,
601 4174 690 4228 hic
708 4173 1010 4230 doctrinam
1041 4173 1172 4227 dicit
1196 4169 1594 4240 evangelicam;
1626 4176 1674 4222 et
1697 4167 1798 4220 vir-

216 4279 352 4323 tutes
385 4269 586 4322 venturi
616 4267 798 4323 swculi
849 4266 1212 4337 cognovistis:
1243 4280 1364 4336 quae
1413 4271 1497 4318 est
1539 4259 1797 4316 revelatio

214 4360 384 4416 futuri
407 4360 608 4425 saeculi,
639 4360 1102 4437 nisi/resurrectio
1129 4366 1184 4414 et
1209 4359 1320 4413 vita
1345 4359 1506 4412 beata
1531 4371 1649 4426 qua:
1673 4370 1798 4410 san-

177 4513 180 4516 ,
216 4454 322 4509 ctis
367 4454 736 4523 promittitur?
778 4452 904 4509 Haec
940 4454 1121 4508 omnia
1167 4453 1223 4507 in
1266 4451 1512 4506 doctrina
1560 4449 1706 4515 ﬁdei,
1741 4449 1796 4504 in

215 4545 391 4615 gratia
436 4545 530 4600 Dei
572 4560 669 4616 per
708 4546 1034 4615 baptismum
1083 4543 1368 4598 illuminati
1415 4542 1701 4612 accepistis
1743 4549 1798 4595 et

215 4637 563 4706 cognovistis.
598 4637 802 4692 Scitote
825 4636 1146 4702 certissime,
1174 4637 1220 4692 si
1255 4637 1310 4691 in
1333 4637 1570 4706 peccatis
1599 4637 1792 4690 iterum

214 4731 442 4796 cadetis,
477 4731 809 4800 impossibile
834 4745 954 4786 esse
979 4745 1074 4785 vos
1109 4730 1348 4784 renovari
1377 4731 1566 4782 iterum
1597 4728 1666 4782 ad
1693 4744 1797 4798 pa:—

215 4820 511 4873 nitentiam.
551 4838 569 4871 ‹
606 4820 744 4887 Quid
764 4822 930 4892 ergo?
967 4819 1196 4874 Exclusa
1221 4828 1304 4874 est
1329 4818 1646 4888 paenitentia
1676 4824 1800 4885 post

213 4908 581 4978 baptismum?
604 4908 780 4975 Absit,
805 4909 897 4965 sed
922 4910 1197 4964 renovatio
1216 4924 1314 4978 per
1335 4909 1476 4963 sacri
1502 4908 1795 4976 baptisma-

216 5000 290 5054 tis
313 5000 587 5055 lavacrum
612 5003 846 5056 secunda
870 5003 988 5057 vice
1013 5003 1132 5057 ﬁeri
1158 5019 1264 5058 non
1286 5009 1483 5072 potest.
1516 5000 1797 5066 Renovari,

215 5091 374 5154 dixit,
425 5092 527 5146 hoc
567 5098 674 5155 est,
711 5106 908 5145 novum
949 5091 1085 5146 ﬁeri.
1132 5091 1342 5146 Novum
1385 5091 1580 5161 quippe
1621 5090 1801 5145 facere

215 5183 493 5238 hominem
518 5184 658 5240 sacri
683 5184 1024 5253 baptismatis
1044 5191 1150 5248 est,
1176 5183 1243 5238 de
1265 5199 1372 5253 quo
1391 5182 1659 5252 Propheta
1686 5181 1790 5236 ait:

217 5272 574 5328 Renovabitur
596 5275 729 5329 sicut
752 5275 942 5345 aquila:
955 5274 1202 5344 juventus
1227 5283 1317 5327 tua
1339 5293 1358 5326 ι
1393 5271 1564 5344 (Psal.
1591 5287 1689 5338 cu,
1714 5271 1790 5344 5).

217 5362 385 5431 Cujus
423 5364 612 5427 virtus,
648 5365 702 5420 id
731 5371 832 5432 est,
876 5364 1216 5433 baptismatis
1249 5364 1410 5430 sacri,
1441 5363 1495 5418 in
1535 5378 1697 5419 cruce
1740 5370 1796 5418 et

217 5455 494 5525 sepultura
534 5456 736 5512 Christi
771 5464 1002 5511 constat.
1035 5456 1266 5512 Proinde
1309 5453 1620 5524 subjunxit:
1653 5453 1793 5508 Rur-

215 5562 337 5603 sum
373 5549 732 5620 cruciﬁgentes
769 5549 1100 5620 sibimetipsis
1124 5545 1324 5601 Filium
1347 5547 1464 5613 Dei,
1495 5557 1544 5601 et
1573 5546 1795 5602 ostentui

217 5637 485 5693 habentes.
542 5639 654 5696 Hoc
680 5649 783 5707 est,
813 5649 966 5696 vetus
994 5641 1154 5695 homo
1182 5650 1370 5696 noster
1396 5639 1557 5695 simul
1583 5639 1800 5695 cruciﬁ-

218 5743 325 5788 xus
352 5741 436 5789 est
460 5748 581 5788 cum
608 5734 856 5801 Christo;
898 5735 1038 5791 sicut
1065 5734 1173 5789 alio
1203 5735 1279 5788 ait
1301 5733 1422 5789 loco
1445 5750 1460 5790 :
1490 5731 1798 5802 Conformes

219 5823 361 5878 enim
395 5822 522 5892 facti
550 5840 728 5880 sumus
769 5825 950 5880 monis
974 5824 1121 5895 ejus;
1147 5831 1202 5880 et
1226 5824 1422 5879 iterum
1452 5841 1465 5877 :
1499 5820 1800 5892 Consepulti

221 5914 361 5970 enim
391 5917 512 5970 estis
553 5915 601 5970 ei
637 5931 727 5986 per
767 5915 1079 5987 baptismum
1123 5915 1180 5971 in
1214 5922 1399 5971 morte.
1451 5909 1607 5970 Sicut
1653 5911 1800 5969 enim
1831 5926 1833 5928 ·

1821 4679 1876 4741 D

1893 2049 2117 2107 fundum
2165 2054 2466 2125 iniquitatis
2511 2059 2819 2126 pervenerit
2870 2076 2884 2116 :
2926 2068 2982 2114 et
3026 2061 3130 2118 hoc
3175 2078 3242 2116 ex
3285 2063 3471 2119 multis

1894 2145 2236 2199 manifestum
2259 2155 2341 2202 est
2378 2149 2722 2204 testimoniis.
2783 2149 2909 2206 Ideo
2937 2151 3141 2206 addidit
3174 2170 3187 2205 :
3215 2150 3470 2225 Nunquid

1895 2236 2030 2288 enim
2055 2237 2144 2306 qui
2178 2237 2347 2302 cadet,
2387 2255 2489 2292 non
2526 2250 2776 2311 resurget,
2803 2251 2895 2295 aut
2933 2243 3023 2314 qui
3050 2244 3318 2308 avertitur,
3367 2262 3470 2299 non

1897 2333 2178 2378 revertetur
2235 2325 2450 2397 (Jerem.
2499 2343 2619 2394 vni,
2664 2329 2740 2402 4).
2811 2331 2977 2399 Quale
3025 2349 3154 2408 ergo
3197 2346 3281 2394 est
3325 2338 3470 2393 istud

1895 2415 2346 2472 medicamentum
2369 2420 2721 2488 pmnitentim,
2749 2430 2841 2477 aut
2875 2424 3108 2494 qualiter
3152 2429 3472 2485 conﬁcitur?

1895 2508 2136 2565 Primum
2169 2512 2502 2583 exculpando
2526 2515 2743 2585 propria
2777 2525 3000 2588 peccata
3051 2537 3065 2574 :
3109 2519 3472 2592 Iniquitatem,

1899 2604 2095 2673 inquit,
2139 2622 2308 2659 meam
2355 2622 2456 2660 non
2505 2608 2688 2673 celavi,
2717 2618 2764 2662 et
2813 2612 3158 2680 pronuntiabo
3200 2613 3472 2670 adversum

1898 2712 1980 2750 me
2033 2696 2360 2767 iniquitatem
2393 2714 2562 2752 meam
2601 2697 2846 2767 Domino,
2880 2711 2928 2756 et
2978 2711 3036 2758 tu
3073 2703 3333 2759 abstulisti
3373 2706 3471 2759 im-

1899 2789 2139 2859 pietatem
2171 2790 2341 2844 cordis
2384 2791 2484 2844 mei
2525 2789 2694 2860 (Psal.
2725 2809 2872 2859 XXXI,
2899 2793 2963 2861 6;
3003 2811 3208 2861 xxxvn,
3235 2796 3345 2867 19).
3380 2796 3476 2852 Se-

1899 2882 2104 2948 cundo,
2151 2883 2318 2937 multa
2371 2883 2672 2939 humilitate
2718 2906 2736 2938 »
2785 2886 3042 2958 plangere
3083 2897 3303 2958 peccata
3355 2905 3475 2954 sua,

1900 2973 2212 3044 fructusque
2253 2977 2440 3047 dignos
2481 2977 2676 3032 exinde
2700 2977 2878 3034 facere
2907 2981 3258 3050 paenitentiae,
3290 2988 3478 3051 quate-

1901 3083 2003 3122 nus
2049 3067 2352 3123 nullatenus
2399 3068 2452 3122 in
2504 3069 2688 3124 eadem
2744 3069 2939 3125 iterum
2986 3080 3204 3127 corruat
3232 3081 3474 3143 peccata.

1901 3160 2104 3215 Deinde
2160 3161 2345 3215 multis
2393 3161 2748 3235 eleemosynis
2794 3164 3060 3221 redimere
3105 3181 3164 3220 se
3220 3165 3474 3236 incipiat,

1901 3252 1994 3322 qui
2035 3251 2215 3306 saeculi
2263 3252 2460 3307 habeat
2500 3261 2844 3324 potestatem,
2878 3257 3020 3311 sicut
3060 3257 3320 3328 scriptum
3359 3266 3476 3313 est:

1902 3341 2110 3396 Divitias
2151 3343 2248 3396 viri
2289 3343 2570 3414 redemptio
2616 3345 2806 3399 anima:
2859 3345 3003 3400 illius
3041 3345 3222 3419 (Prov.
3250 3362 3372 3411 xm,
3399 3346 3476 3416 8).

1901 3432 2182 3490 Postremo
2219 3450 2352 3505 opus
2387 3441 2470 3490 est
2515 3435 2642 3489 nulli
2688 3436 2874 3502 irasci,
2919 3452 3092 3506 neque
3141 3436 3340 3492 malum
3381 3453 3480 3506 pro

1901 3523 2042 3580 malo
2072 3525 2312 3590 reddere,
2341 3527 2588 3581 omnibus
2633 3526 2904 3582 dimittere
2930 3529 3280 3597 peccantibus
3311 3527 3364 3582 in
3396 3543 3472 3593 se,

1900 3617 2113 3672 dicente
2139 3619 2254 3689 ipsa
2279 3619 2522 3675 Veritate
2545 3633 2562 3672 :
2591 3619 2873 3686 Dimittite,
2899 3629 2946 3674 et
2969 3620 3259 3675 dimittetur
3287 3620 3444 3675 vobis.

1969 3709 2132 3765 Vens.
2174 3708 2226 3776 7,
2264 3711 2316 3766 8.
2356 3741 2426 3751 —
2465 3709 2626 3764 Terra
2668 3712 2804 3766 enim
2837 3728 2973 3784 saepe
3017 3714 3300 3768 venientem
3329 3729 3485 3784 super

1898 3816 1952 3854 se
1973 3801 2188 3854 imbrem
2216 3800 2422 3864 bibens,
2463 3810 2513 3855 et
2547 3804 2843 3871 germinans
2891 3802 3102 3857 herbam
3141 3813 3483 3872 opportunam

1900 3890 2074 3964 [illis],
2105 3910 2136 3944 a
2161 3893 2347 3962 quibus
2381 3892 2590 3956 colitur,
2620 3894 2808 3962 accipit
2848 3893 3254 3948 benedictionem
3290 3911 3321 3946 a
3347 3893 3479 3947 Deo.

1901 3981 2183 4048 Proferens
2211 3991 2386 4034 autem
2407 3982 2584 4050 spinas
2609 3990 2658 4034 et
2683 3981 2904 4036 tribulos
2934 3982 3151 4053 reproba
3174 3992 3270 4048 est,
3301 3991 3350 4036 et
3371 3999 3485 4036 ma-

1898 4069 2085 4124 ledicto
2107 4071 2364 4141 proxima,
2392 4071 2543 4141 cujus
2572 4073 2951 4126 consummatio
2972 4073 3029 4126 in
3056 4072 3479 4128 combustionem.

1897 4161 2059 4232 683
2093 4179 2113 4212 (
2147 4161 2283 4216 Cum
2310 4163 2500 4217 timore
2535 4171 2715 4218 autem
2747 4164 3029 4220 audiamus
3057 4179 3335 4220 sermones
3364 4165 3478 4219 Dei.

1898 4252 2015 4309 Non
2043 4263 2169 4308 sunt
2201 4254 2284 4310 hae
2325 4255 2483 4309 minzc
2515 4254 2696 4322 Pauli;
2729 4271 2835 4311 non
2874 4263 2998 4311 sunt
3024 4257 3259 4312 hominis
3283 4258 3478 4321 verba;
3528 4252 3534 4262 ’

1898 4346 2068 4401 sancti
2097 4344 2332 4416 Spiritus
2355 4355 2497 4412 sunt,
2516 4345 2717 4402 Christi
2741 4354 2864 4402 sunt
2887 4347 3155 4417 loquentis
3177 4346 3232 4402 in
3246 4347 3430 4404 Paulo.
3460 4369 3476 4399 ι

1897 4434 2367 4506 Comparationem
2396 4438 2484 4492 hic
2510 4436 2642 4492 fecit
2663 4437 2728 4492 de
2756 4437 3070 4508 proﬁciente
3100 4437 3278 4492 anima
3302 4437 3356 4492 in
3390 4439 3484 4493 do-

1898 4530 2071 4586 ctrina
2099 4531 2221 4597 Dei,
2261 4539 2316 4586 et
2360 4531 2648 4603 negligenti
2689 4531 2916 4587 salutem
2953 4545 3129 4585 suam.
3169 4530 3484 4586 Fructiferac

1897 4630 2088 4688 terrm,
2128 4623 2543 4693 cmlestibusque
2592 4623 2854 4678 imbribus
2891 4622 3130 4694 irrigatae
3183 4622 3486 4692 adaequavit

1898 4714 2270 4784 proﬁcientem
2310 4715 2544 4768 animam
2589 4713 2643 4768 in
2685 4712 2906 4769 ﬁoribus
2939 4721 3248 4769 sanctorum
3290 4716 3486 4786 germi-

1898 4820 2028 4858 num
2057 4805 2240 4860 dicens
2275 4823 2288 4859 :
2329 4823 2349 4856 ‹
2387 4805 2548 4859 Terra
2579 4806 2716 4858 enim
2754 4821 2889 4876 saepe
2928 4807 3211 4861 venientem
3248 4825 3402 4877 super
3432 4824 3485 4860 se

1897 4894 2115 4950 imbrem
2156 4894 2350 4950 bibens.
2387 4894 2489 4950 Hic
2515 4894 2756 4950 declarat
2781 4896 2924 4965 quod
2961 4896 3017 4951 hi
3047 4897 3113 4952 ad
3138 4912 3273 4967 quos
3302 4896 3351 4950 ei
3377 4910 3486 4949 ser-

1899 5001 1990 5040 mo
2016 4983 2147 5052 fuit,
2179 4994 2534 5057 susceperunt
2567 4993 2622 5040 et
2660 4985 3030 5043 combiberunt
3061 4988 3281 5042 verbum
3318 4985 3484 5040 crele-

1900 5079 2002 5135 stis
2037 5077 2324 5143 doctrinae,
2366 5084 2422 5132 et
2457 5076 2653 5148 smpius
2688 5092 2787 5147 per
2819 5077 3024 5150 legem,
3063 5092 3162 5147 per
3194 5076 3486 5146 prophetas

1899 5179 2287 5244 perceperunt,
2315 5176 2371 5223 et
2393 5185 2495 5225 nec
2523 5171 2602 5225 sic
2620 5171 2852 5242 prompti
2882 5169 3008 5225 facti
3035 5175 3161 5223 sunt
3192 5186 3210 5220 ›
3246 5167 3484 5238 germina

1901 5263 2023 5318 ﬁdei
2047 5261 2308 5332 proferre.
2333 5260 2525 5317 Adhuc
2547 5262 2750 5318 addidit
2775 5261 2841 5317 de
2864 5259 3004 5316 bona
3042 5268 3210 5325 terra,
3238 5259 3290 5314 in
3321 5276 3484 5330 quam

1901 5353 2095 5408 cecidit
2118 5366 2302 5407 semen
2327 5351 2477 5408 verbi
2502 5350 2628 5418 Dei,
2654 5353 2978 5422 genuinam,
3009 5350 3111 5414 ait,
3148 5350 3358 5404 herbam
3395 5367 3486 5420 op-

1897 5453 2196 5515 portunam.
2225 5443 2368 5500 Nihil
2388 5445 2466 5502 sic
2486 5454 2866 5517 Opportunum,
2890 5443 3032 5500 sicut
3055 5442 3188 5498 ﬁdes
3210 5445 3262 5498 in
3290 5443 3486 5498 Filium

1900 5534 1997 5590 Dei
2021 5543 2077 5590 et
2100 5535 2208 5590 vita
2229 5537 2450 5606 optima.
2479 5535 2606 5592 Haec
2631 5550 2761 5590 vero
2788 5533 2910 5589 talis
2935 5541 3083 5588 terra
3106 5534 3300 5605 accipit
3323 5534 3488 5588 bene-

1901 5626 2198 5683 dictionem
2217 5642 2249 5682 a
2275 5627 2406 5693 Deo,
2439 5635 2499 5682 ut
2520 5624 2659 5682 ferat
2685 5625 3039 5697 trigesimum,
3067 5625 3482 5697 sexagesimum,

1898 5721 2064 5778 etiam
2089 5729 2145 5778 et
2170 5722 2518 5778 centesimum
2550 5718 2805 5774 fructum.
2837 5718 2906 5774 Et
2940 5719 3044 5774 hoc
3080 5718 3373 5774 notandum
3403 5723 3488 5772 est

1899 5814 2041 5886 quod
2069 5814 2245 5870 omnis
2272 5811 2600 5869 abundantia
2630 5809 2685 5865 in
2724 5809 2970 5883 frugibus
2994 5817 3152 5866 terrm
3173 5850 3188 5876 ,
3215 5808 3270 5864 in
3297 5807 3487 5863 fructi-

1903 5908 2006 5966 bus
2029 5909 2286 5964 arborum
2311 5902 2462 5978 [non]
2489 5903 2644 5960 aliter
2669 5903 2772 5960 nisi
2802 5917 2901 5976 per
2928 5901 3025 5960 Dei
3059 5899 3484 5961 beaedictionem
