4090 6504
573 491 714 556 1059
1449 483 1510 542 Β.
1550 482 1613 540 ι’.
1645 482 1872 540 ΑιΒιΝι
1906 480 2034 536 SEU
2061 475 2194 532 ΛΜΞ.

2299 473 2336 530 il
2372 471 2657 530 OPERUM
2695 469 2874 525 PARS
2912 461 2976 524 ll’.
3701 462 3845 518 roso

575 591 873 663 cultoribus
907 602 975 656 ad
1015 599 1343 656 voluntatem
1391 597 1661 666 respicere
1699 594 1932 666 poterit;
1978 605 2151 659 neque
2177 590 2224 654 Δ
2251 586 2508 642 omnibus
2529 583 2702 639 modis
2728 596 2946 652 sperare
2970 579 3184 645 futura;
3213 593 3342 636 eum
3364 577 3513 634 etaim
3538 578 3640 647 cpi
3659 578 3849 648 ὐαψο-

576 699 724 754 enim
747 695 1100 769 agricolarum
1124 691 1225 746 fuit
1245 697 1443 745 terram
1469 689 1706 745 excitare
1730 688 1799 742 ad
1817 685 2042 748 fructus,
2064 679 2160 740 sed
2261 691 2350 738 rat
2379 681 2446 737 de
2471 677 2826 751 prasentibus
2859 675 3140 732 beneﬁciis
3174 675 3296 741 Dei,
3347 671 3559 769 quodAa
3591 671 3706 728 Deo
3741 690 3848 769 non

579 765 864 860 imperium
896 787 1012 851 Dei,
1045 785 1185 841 sicut
1210 783 1339 837 alibi
1384 782 1528 838 idem
1568 781 1760 836 beatus
1795 776 1994 832 Paulus
2036 774 2113 828 ait
2143 787 2158 826 :
2262 775 2485 869 habeat,
2601 770 2799 869 {utut-is
2823 771 2946 869 quis
2982 769 3186 838 poterit
3219 783 3346 869 eum
3385 765 3741 869 confortaret
3769 767 3848 869 Si-

581 857 695 953 Eg-o
721 879 950 952 plantavi
971 919 985 943 ,
1022 875 1206 942 Apollo
1238 876 1458 945 rigavit,
1496 872 1585 928 sed
1620 872 1764 927 Deus
1791 871 2163 925 incrementum
2262 866 2396 924 mile
2433 864 2563 934 quid
2599 862 2807 920 Galatis
2850 862 3178 932 inproperat
3232 860 3423 916 dicens
3477 874 3498 914 :
3552 857 3850 914 Currebatis

583 976 671 1028 dat
701 973 754 1045 (I
779 971 902 1026 Cor.
936 987 1020 1036 ιιι,
1049 968 1125 1042 6).
1157 968 1271 1024 Hoc
1295 981 1424 1040 ergo
1448 967 1515 1021 de
1538 967 1717 1020 anima
1744 963 1953 1018 ﬂorenti
1981 962 2037 1016 in
2057 959 2166 1014 vir-
2265 958 2390 1012 bene
2422 973 2441 1012 :
2473 957 2592 1028 quis
2615 973 2704 1012 vos
3029 953 3172 1024 (Gal.
3203 970 3258 1019 v,
3288 953 3578 1045 Dlntque
3613 954 3812 1045 iterum
3837 973 3847 1006 :

585 1043 785 1118 tutibus
811 1071 866 1117 et
886 1062 979 1116 Dei
1005 1060 1380 1119 benedictione
1402 1059 1562 1128 digne
1587 1056 1813 1128 protulit
1838 1051 2162 1121 exemplum.
2270 1045 2439 1102 Tanta
2466 1047 2606 1104 enim
2638 1045 2782 1116 passi
2805 1046 2930 1100 estis
2957 1043 3068 1138 sine
3093 1060 3255 1098 causa
3289 1063 3310 1097 ι
3341 1043 3504 1138 (ibid.
3547 1059 3635 1108 ιιι,
3670 1043 3734 1138 ὁ).
3760 1062 3780 1138 :7
3801 1051 3854 1138 ut

584 1171 815 1225 moxque
851 1154 1127 1223 subjunxit
1153 1151 1300 1208 aliud
1336 1153 1650 1224 paradigma
1677 1150 1743 1206 de
1774 1163 1837 1202 ea
1867 1162 1986 1216 qum
2015 1157 2167 1200 suam
2267 1153 2516 1238 presens.
2546 1138 2824 1238 mitigaret-
2858 1135 3105 1237 eamdem
3143 1135 3496 1238 sententiam,
3529 1151 3656 1238 nio:

583 1245 804 1318 negligit
831 1245 1078 1311 salutem,
1107 1245 1330 1299 dicens:
1376 1242 1655 1296 Prolerens
1697 1248 1870 1293 autem
1907 1237 2086 1306 spinas
2120 1241 2168 1288 et
2271 1226 2594 1331 SUblUMi‘_=
2629 1228 2676 1286 Si
2708 1237 2888 1330 “me.”
2927 1227 3039 1282 δίκε
3073 1244 3254 1331 “"3-
3297 1225 3388 1281 δίο
3611 1228 3721 1331 ho.“

583 1317 821 1402 tribulos,
854 1340 1072 1412 reproba
1099 1349 1192 1402 est,
1218 1347 1265 1402 et
1287 1337 1564 1391 maledicto
1589 1333 1850 1404 proxima,
1878 1329 2028 1398 cujus
2048 1344 2171 1381 eon—
2271 1319 2591 1412 ιειηρετξνίι
2628 1319 2950 1412 εϐηιφιὶειω
2986 1335 3138 1375 suam
3179 1319 3366 1412 diem
3395 1334 3410 1372 ε
3439 1317 3570 1412 Not!
3607 1321 3751 1373 ϐαίη
3788 1321 3862 1372 ία-

584 1433 865 1487 summatio
912 1410 968 1486 in
1006 1430 1434 1485 combustionem.
1473 1446 1493 1478 ι
1532 1426 1664 1493 Quis
1701 1433 1933 1492 namque
1973 1427 2058 1475 est
2103 1417 2172 1472 ab
2264 1410 2442 1482 justus
2464 1411 2624 1476 Deus,
2651 1421 2706 1465 tu
2731 1411 3062 1467 obliviscatur
3085 1411 3254 1480 operis
3277 1413 3465 1476 vestri,
3492 1411 3624 1465 dum
3659 1423 3863 1465 manu

589 1522 708 1578 istis
733 1521 900 1590 spinis
928 1521 1200 1588 mundus?
1226 1519 1305 1574 Ac
1331 1518 1376 1572 si
1405 1531 1647 1572 essemus
1668 1513 1876 1578 mundi,
1902 1523 2078 1579 neque
2097 1507 2175 1564 sic
2274 1502 2583 1558 charitatem
2620 1504 2916 1560 ostendistis
2955 1506 3012 1559 in
3039 1504 3250 1559 sanctis.
3297 1504 3559 1560 Volumus
3592 1505 3742 1560 enim
3776 1521 3864 1561 vos

586 1622 1046 1683 prmsumptuosos
1086 1625 1185 1665 nos
1222 1615 1434 1679 oportet
1455 1621 1604 1670 esse,
1631 1604 1728 1660 sed
1751 1602 1942 1657 timere
1976 1607 2032 1654 et
2068 1607 2175 1655 tre-
2275 1592 2480 1648 ὶωίιειΐί
2525 1609 2619 1650 θθε
2664 1596 2752 1666 (με
2798 1611 2890 1665 Ρετ
2931 1595 3088 1664 βάθη
3121 1604 3170 1650 α
3205 1597 3513 1665 “mlum
3566 1597 3862 1653 Μηδίωί

588 1718 769 1769 mere,
807 1717 876 1757 ne
918 1700 1058 1758 forte
1097 1701 1359 1772 pullulent
1397 1700 1450 1754 in
1478 1698 1634 1753 nobis
1663 1697 1830 1766 spinae
1865 1715 1884 1748 ι
1929 1700 2179 1764 peccato—
2277 1695 2399 1741 sunt
2422 1687 2808 1757 promissionem
2834 1687 3003 1755 Quale
3030 1702 3159 1743 vero
3184 1687 3516 1744 desiderium
3543 1690 3780 1745 haberet
3803 1691 3863 1746 de

589 1811 730 1850 rum.
762 1793 1042 1862 Quomodo
1064 1794 1243 1848 anima
1271 1792 1355 1848 vel
1378 1806 1506 1848 caro
1527 1789 1697 1860 spinis
1716 1788 1873 1858 plena
1902 1783 2180 1855 superbire
2281 1779 2456 1835 Salute
2479 1793 2669 1835 00mm
2686 1815 2707 1844 ς
2736 1779 2986 1848 seque“!
3015 1781 3249 1835 οειωάδί
3286 1780 3611 1851 “negabit?
3645 1783 3862 1838 ἀίοωεε

588 1885 822 1955 poterit?
851 1885 1101 1955 Nunquid
1132 1900 1240 1938 non
1267 1881 1459 1951 majori
1497 1879 1856 1936 sollicitudine
1881 1877 2182 1946 exstirpare
2285 1869 2479 1940 (Vitas.
2531 1867 2628 1941 ll)
2674 1868 2925 1939 Cupimus
2982 1871 3123 1925 enim
3179 1887 3597 1944 utrumcunque
3647 1885 3867 1930 omnis

589 1989 684 2051 eas
709 1991 844 2047 Opus
872 1975 1124 2030 haberet?
1151 1994 1169 2026 ι
1200 1973 1330 2041 Quae
1352 1979 1477 2028 sunt
1504 1987 1634 2040 ergo
1662 1969 1864 2041 spinae?
1886 1968 2180 2023 Audiamus
2208 1967 2257 2031 Β
2282 1961 2516 2014 eamdem
2544 1969 2802 2015 οεΐεηειιτε
2836 1959 3240 2051 εοαὶείικάίξιοηι
3275 1963 3348 2016 ὠ
3382 1963 3727 2034 “vim
3768 1967 3871 2036 spei

592 2066 866 2123 Christum
896 2067 963 2122 de
994 2067 1163 2138 spinis
1189 2066 1478 2131 dicentem,
1506 2065 1631 2140 quia
1658 2078 1789 2118 cura
1815 2060 1997 2119 saeculi
2025 2057 2182 2128 hujus

592 2167 649 2215 et
675 2159 917 2232 deceptio
954 2159 1262 2214 divitiarum
1293 2156 1589 2228 praefocant
1632 2156 1886 2218 verbum,
1922 2161 1977 2209 et
2020 2149 2186 2207 infrur

594 2258 842 2305 cluosum
871 2248 1120 2304 efﬁcitur.
1156 2267 1175 2300 ‹
1204 2249 1509 2312 Proferens,
1541 2247 1697 2310 dixit,
1726 2245 1929 2316 spinas,
1960 2258 2068 2298 non
2095 2256 2187 2312 ge—

597 2354 796 2393 nerans
814 2380 828 2404 ,
858 2338 1221 2394 maledictioni
1252 2338 1499 2408 proxima
1529 2344 1631 2392 est.
1663 2335 1707 2388 Ο
1736 2343 1994 2404 quantam
2023 2332 2187 2387 habet

594 2431 1017 2486 consolationem
1046 2430 1135 2486 hic
1174 2430 1384 2485 sermo!
1419 2425 1801 2492 Maledictioni,
1839 2425 2034 2494 inquit,
2070 2438 2189 2494 pro-

596 2523 770 2586 xima,
801 2537 905 2576 non
935 2521 1240 2577 maledictio
1283 2520 1522 2596 [Chrys.,
1563 2536 1670 2576 non
1713 2516 2046 2590 maledicta].
2085 2516 2187 2584 Qui

597 2621 776 2666 autem
805 2613 1033 2669 necdum
1074 2613 1129 2667 in
1164 2613 1596 2668 maledictionem
1636 2611 1862 2677 incidit,
1891 2609 1984 2668 sed
2014 2608 2191 2680 proxi-

598 2706 874 2771 mitatem;
921 2713 976 2761 et
1015 2706 1174 2778 longe
1221 2706 1337 2761 ﬁeri
1380 2706 1598 2778 poterit.
1632 2704 1699 2758 Et
1743 2720 1851 2759 non
1887 2707 1992 2760 hoc
2019 2703 2192 2758 solum

599 2795 907 2850 consolatus
933 2804 1045 2862 est,
1080 2797 1172 2853 sed
1211 2798 1373 2852 etiam
1405 2798 1459 2852 in
1488 2812 1552 2852 eo
1589 2796 1731 2866 quod
1769 2795 2032 2865 sequitur.
2075 2793 2192 2849 Non

601 2887 736 2940 dixit
769 2905 781 2940 :
815 2885 1064 2958 Beproba
1104 2898 1158 2942 et
1199 2888 1560 2944 maledictioni
1587 2889 1867 2959 proxima,
1899 2903 2019 2959 qua}
2046 2902 2195 2942 coui-

603 2979 849 3034 buretur.
893 2979 1000 3034 Sed
1046 2981 1209 3051 quid?
1235 2979 1399 3049 Cujus
1435 2981 1826 3036 consummatio
1870 2983 1926 3034 in
1974 2980 2195 3035 combu-

605 3073 858 3128 stionem.
895 3093 914 3124 ι
946 3072 1071 3127 llaec
1105 3073 1404 3130 combustio
1441 3088 1547 3127 non
1577 3073 1702 3138 erit,
1741 3072 1845 3129 nisi
1875 3072 1996 3144 quis
2024 3085 2196 3142 usque

605 3170 659 3223 in
687 3168 847 3224 ﬁnem
873 3177 1186 3240 permaneat
1211 3170 1265 3224 in
1291 3169 1529 3240 peccatis
1553 3171 1684 3224 suis.
1716 3167 1851 3237 Quia
1880 3168 1935 3222 in
1964 3182 2196 3237 quacun-

607 3277 705 3330 que
743 3260 828 3314 die
867 3277 1140 3316 conversus
1175 3260 1333 3331 fuerit
1372 3271 1629 3332 peccator,
1671 3261 1774 3314 vita
1808 3261 1969 3324 vivet,
2009 3268 2056 3312 et
2092 3274 2196 3312 non

2284 2068 2444 2122 usque
2467 2052 2523 2105 in
2545 2051 2724 2120 ﬁnem.
2753 2051 2939 2122 (Vsus.
2972 2051 3083 2123 42.)
3117 2050 3190 2108 Ut
3213 2069 3318 2108 non
3339 2070 3520 2124 segnes
3550 2056 3870 2126 Maii.

2292 2165 2311 2199 ι
2347 2147 2726 2202 Desideramus
2746 2161 2894 2212 vero,
2918 2147 3114 2216 inquit,
3142 2163 3248 2202 non
3277 2157 3476 2203 tantum
3502 2149 3646 2204 circa
3675 2152 3874 2217 verba,

2287 2239 2386 2295 sed
2404 2238 2568 2294 etiam
2594 2239 2650 2294 in
2676 2238 2967 2295 virtutibus
2987 2239 3320 2294 conversari.
3357 2237 3469 2292 Non
3490 2240 3646 2308 quasi
3675 2241 3871 2311 priora

2288 2342 2468 2390 vestra
2495 2332 2796 2403 culpantes,
2828 2332 2925 2389 sed
2950 2340 3010 2388 ut
3033 2333 3097 2390 de
3129 2333 3330 2388 futuris
3351 2332 3565 2388 solliciti
3589 2334 3709 2388 sitis
3724 2374 3742 2400 ,
3771 2337 3872 2391 ad-

2287 2431 2598 2490 monentes;
2633 2425 2734 2480 boc
2759 2431 2870 2489 est,
2895 2422 3084 2494 quales
3109 2422 3288 2479 fuistis
3327 2425 3591 2495 primum,
3619 2425 3756 2482 tales
3781 2442 3872 2483 vos

2290 2516 2536 2586 cupimus
2559 2525 2616 2572 et
2643 2516 2802 2572 modo
2838 2531 2958 2573 esse
2996 2524 3054 2572 et
3093 2518 3147 2571 in
3174 2516 3437 2572 futurum.
3472 2519 3543 2574 Et
3579 2535 3687 2574 non
3721 2521 3872 2586 dixit,

2292 2605 2438 2672 velo;
2463 2607 2608 2677 quod
2633 2615 2720 2663 est
2742 2607 3083 2663 auctoritatis
3107 2609 3363 2664 rhetris:
3390 2627 3404 2663 :
3434 2610 3567 2675 sed,
3598 2612 3740 2680 quod
3764 2621 3874 2666 erat

2290 2707 2529 2769 paternae
2555 2699 2876 2769 dilationis,
2905 2701 3008 2756 hoc
3038 2709 3142 2766 est,
3171 2703 3406 2772 cupimus
3436 2718 3872 2774 unum

2293 2797 2532 2852 vestrum
2555 2791 2800 2848 eamdem
2824 2805 2986 2860 quam
3017 2791 3146 2848 olim
3175 2792 3440 2848 habuistis
3463 2794 3874 2851 sollicitudinem

2295 2883 2363 2938 ad
2390 2883 2745 2953 expletionem
2773 2885 2886 2954 spei
2922 2885 3124 2941 habere
3156 2885 3208 2940 in
3237 2894 3497 2941 sternam
3529 2891 3875 2946 resurrectio-

2295 2994 2439 3035 nem.
2476 3001 2494 3034 ι
2535 2978 2724 3035 Verum
2749 2981 3036 3036 imitatores
3066 2999 3264 3047 eorum,
3303 2984 3394 3054 qui
3423 2984 3535 3052 ﬁde
3560 2995 3611 3039 et
3639 2988 3878 3056 iudiciuin

2295 3072 2672 3128 hereditatium
2701 3073 3087 3144 promissiones.
3124 3073 3381 3130 Hortatur
3422 3078 3576 3132 enim
3616 3080 3878 3134 auditores

2297 3177 2425 3218 suos
2449 3171 2507 3217 ut
2530 3162 2634 3218 ﬁde
2655 3178 2760 3218 non
2789 3163 2912 3220 ﬁeta
2936 3174 2991 3220 et
3012 3165 3269 3236 patientia
3297 3166 3543 3238 perfecta
3576 3181 3878 3238 exspectent

2296 3256 2682 3326 promissiones
2707 3255 2836 3322 Dei,
2883 3265 2938 3312 et
2981 3258 3340 3325 hereditates,
3373 3275 3510 3331 quas
3540 3264 3751 3318 sanctis
3781 3265 3880 3318 suis

606 3320 862 3404 morietur
890 3349 1104 3424 (Ezech.
1134 3320 1329 3418 xiixm,
1356 3320 1466 3423 l2).
1503 3369 1522 3403 ‹
1555 3320 1624 3406 Si
1646 3365 1778 3407 vero
1814 3320 2195 3405 abscindamus
2223 3320 2271 3386 (ἶ
2297 3320 2568 3418 promisit.
2596 3349 2665 3405 Et
2698 3350 2803 3406 hoc
2823 3320 3038 3407 ﬁrmius
3062 3320 3336 3424 exemplis,
3761 3358 3880 3412 niti—

608 3442 791 3513 spiuas
818 3458 916 3513 per
941 3445 1310 3514 paenitentiam
1332 3485 1347 3511 ,
1385 3446 1684 3516 poterimus
1716 3441 1862 3498 mille
1896 3441 2052 3498 bonis
2075 3456 2198 3511 per-

606 3533 747 3600 frui,
777 3543 832 3591 et
864 3533 982 3590 ﬁeri
1007 3538 1332 3607 probabiles,
1360 3547 1416 3593 et
1437 3536 1828 3594 benedictionis
1857 3536 1950 3591 Dei
1980 3535 2200 3606 partici-

608 3643 723 3699 pes.
753 3625 1043 3698 Postquam
1081 3636 1261 3684 autem
1300 3629 1597 3699 increpavit
1637 3643 1729 3682 eos
1767 3625 2112 3693 sufficienter,
2145 3635 2202 3682 et

611 3721 838 3787 terruit,
869 3730 922 3776 et
947 3722 1210 3791 percutit,
1237 3731 1390 3777 curat
1423 3736 1517 3778 eos
1546 3722 1762 3786 iterum,
1793 3736 1862 3775 ne
1889 3724 2200 3791 desperatos

612 3810 807 3879 faciat;
833 3828 1006 3883 neque
1030 3812 1084 3867 in
1108 3813 1360 3868 omnibus
1379 3813 1648 3878 adulatur,
1674 3825 1850 3882 neque
1871 3811 1924 3865 in
1950 3811 2202 3866 omnibus

613 3904 868 3974 percutit.
898 3903 1008 3960 Nec
1039 3906 1155 3960 bch
1185 3905 1414 3962 dicimus
1440 3905 1605 3961 veluti
1633 3912 1884 3975 putantes
1910 3918 2005 3959 vos
2033 3903 2202 3974 spinis

611 3996 800 4066 plenos
818 4037 832 4062 ,
863 3997 958 4052 sed
988 3997 1237 4056 timentes
1265 4012 1336 4053 ne
1366 3997 1500 4053 tales
1537 3995 1863 4052 etliciamini.
1907 3994 2093 4052 Melius
2119 4001 2204 4050 est

521 4117 534 4125 ι
617 4087 761 4142 enim
788 4089 969 4144 verbis
983 4104 1079 4143 vos
1100 4097 1329 4153 terrere,
1353 4103 1423 4143 ne
1450 4089 1614 4144 rebus
1638 4088 1771 4158 ipsis
1793 4087 2037 4142 deleatis.
2070 4105 2090 4138 ι

690 4177 855 4234 Vsus.
889 4179 940 4234 9.
977 4209 1047 4218 —
1085 4176 1409 4247 Conﬁdimus
1429 4186 1628 4242 autem,
1649 4176 1991 4240 dilectissimi,
2018 4176 2082 4230 de
2111 4192 2199 4230 co-

620 4268 696 4322 bis
728 4268 943 4322 meliora
969 4277 1016 4322 et
1039 4269 1291 4322 viciniora
1318 4268 1537 4335 salutis,
1569 4268 1773 4322 tametsi
1806 4268 1880 4320 ita
1919 4265 2199 4338 loquimur.

618 4358 757 4426 Quia
800 4359 988 4413 beatus
1036 4358 1234 4414 Paulus
1275 4375 1382 4414 non
1426 4359 1614 4415 habuit
1647 4359 1790 4414 unde
1829 4373 1922 4414 eos
1954 4357 2021 4412 ad
2069 4372 2205 4426 quos

617 4451 834 4520 scripsit
858 4451 923 4504 de
945 4461 1208 4519 prasente
1231 4451 1498 4519 laudaret,
1531 4452 1718 4522 incipit
1743 4453 1824 4507 eis
1849 4453 1916 4507 de
1942 4466 2034 4521 spe
2063 4449 2205 4505 futu—

617 4554 802 4594 rorum
830 4541 1127 4608 praedicare
1153 4541 1364 4594 dicens:
1384 4539 1728 4608 Con/idimus,
1745 4540 1954 4609 fratres,
1980 4541 2043 4593 de
2065 4539 2204 4593 vobis

2300 3449 2410 3507 tur,
2440 3441 2570 3496 dum
2599 3441 2796 3498 dicitur
2829 3459 2842 3495 :

2371 3535 2531 3594 Vsus.
2572 3533 2752 3589 15-15.
2790 3563 2858 3574 --
2894 3534 3120 3588 Abrahae
3149 3551 3371 3608 namque
3393 3541 3710 3608 promittens
3735 3540 3882 3603 Dm,

2300 3629 2547 3700 quoniam
2573 3628 2830 3681 neminem
2856 3625 3034 3681 habuit
3072 3643 3163 3697 per
3193 3645 3346 3699 quem
3367 3631 3582 3701 ἀίσσει
3615 3631 3886 3704 majbrm,

2291 3720 2491 3790 juravit
2519 3735 2610 3788 per
2637 3719 2986 3788 semetipsum,
3003 3720 3180 3775 dicens
3201 3738 3220 3775 :
3244 3722 3562 3779 Benedicens
3593 3727 3886 3781 benefice:

2301 3821 2370 3877 te,
2400 3820 2447 3864 et
2480 3810 2836 3879 multiplicans
2865 3810 3218 3882 multiplicabo
3246 3823 3314 3869 te.
3337 3814 3408 3868 Et
3424 3817 3500 3872 sic
3523 3815 3888 3889 longurimiter

2301 3904 2471 3975 ferens
2511 3904 2728 3974 adeptus
2767 3913 2840 3959 est
2875 3905 3289 3975 promissionem.
3326 3907 3456 3963 llira
3500 3920 3590 3965 est
3633 3913 3889 3980 sapientia

2301 3995 2446 4051 beati
2475 3995 2626 4050 Pauli
2654 4013 2666 4050 :
2698 4010 2796 4065 per
2823 3997 2972 4052 vices
2993 3998 3140 4052 enim
3167 3999 3418 4054 laudibus
3441 4002 3657 4056 extollit
3697 4019 3797 4058 eos
3832 4003 3890 4057 ad

2303 4106 2440 4161 quos
2467 4091 2690 4157 scribit;
2715 4106 2812 4161 per
2832 4093 2978 4148 vices
3008 4094 3304 4149 terroribus
3327 4096 3706 4153 antecedentis
3733 4098 3893 4153 histo-

2305 4184 2398 4237 riae
2431 4191 2600 4237 terret
2627 4197 2740 4249 eos,
2784 4199 2853 4239 ne
2878 4183 3122 4240 inﬁdeles
3151 4193 3352 4250 essent,
3383 4195 3441 4242 et
3469 4189 3655 4244 minus
3691 4190 3895 4245 creduli

2303 4279 2648 4348 promissioni
2697 4279 2826 4346 Dei;
2870 4295 2966 4350 per
3009 4281 3162 4336 vices
3218 4297 3348 4337 vero
3391 4295 3584 4338 eorum
3636 4285 3898 4354 exemplis

2305 4372 2556 4425 hortatur
2587 4371 2656 4425 ad
2690 4370 3005 4439 patientiam
3044 4381 3101 4426 et
3127 4371 3306 4428 ﬁdem.
3341 4373 3408 4427 Et
3431 4383 3490 4428 ut
3524 4375 3900 4432 indubitanter

2306 4465 2550 4529 credant,
2572 4479 2678 4518 non
2700 4464 2872 4519 solum
2895 4464 3008 4520 Deo
3025 4465 3255 4531 dicente,
3281 4479 3467 4521 verum
3490 4469 3661 4522 etiam
3675 4467 3898 4537 iurante

2304 4573 2402 4628 per
2427 4556 2793 4625 semetipsum.
2818 4557 2886 4611 Et
2910 4557 3038 4612 dum
3061 4560 3110 4613 ei
3141 4560 3307 4614 multa
3335 4571 3690 4631 suppeterent
3717 4580 3902 4620 exem-

620 4630 836 4683 meliora
886 4639 934 4682 et
985 4631 1237 4684 viciniora
1279 4632 1464 4685 salutis
1489 4671 1503 4696 ,
1546 4634 1779 4701 quamvis
1825 4634 1900 4685 ita
1941 4632 2196 4686 dicamus.
2227 4653 2391 4746 Dpla
2421 4658 2750 4713 sanctorum,
2776 4650 2867 4720 qui
2890 4666 2986 4720 per
3010 4652 3324 4720 patiemiam
3362 4630 3756 4712 Μηάίηηηι
3781 4673 3903 4727 Ρη),

621 4721 782 4746 n..-..:
813 4722 1030 4746 .I:..:......s
1058 4737 1070 4746 .
1096 4722 1304 4746 ηλιιμη
1336 4723 1570 4746 ---μ.1,...-
1605 4725 1660 4746 Δ,
1687 4726 1834 4746 ---1,εῴ
1867 4726 2175 4746 ,Α-ΩΔΞ..-,--
2366 4744 2374 4746 _
2440 4743 2450 4746 -
2613 4742 2643 4746 _
2690 4742 2701 4746 -
2907 4741 2917 4746 -
3067 4743 3085 4746 _
3115 4745 3123 4746 κ
3165 4744 3194 4746 __
3283 4745 3289 4746 ,

621 4721 784 4789 Quasi
810 4722 1034 4777 dixisset
1057 4737 1071 4776 :
1096 4722 1310 4793 Optima
1331 4723 1575 4793 quaedam
1600 4725 1665 4780 de
1687 4726 1838 4781 vobis
1859 4726 2203 4784 conﬁdimus.

619 4821 675 4866 et
704 4828 822 4882 quae
845 4813 1002 4868 saluti
1025 4823 1216 4869 vestrae
1239 4814 1554 4885 proﬁciant;
1584 4831 1691 4871 non
1720 4817 1924 4886 utique,
1950 4817 2092 4886 quod
2114 4833 2204 4872 su-

621 4905 805 4974 perius
829 4904 940 4959 dixi
962 4906 1027 4961 de
1050 4909 1273 4976 reproba
1295 4914 1440 4962 terra
1462 4917 1518 4964 et
1541 4910 1909 4966 combustione
1934 4911 2202 4978 proxima,

622 5013 729 5051 non
755 4997 820 5053 de
846 4998 1000 5053 vobis
1027 4998 1130 5053 hoc
1154 4998 1405 5066 dicimus,
1422 5000 1549 5070 quia
1577 4999 1799 5054 meliora
1821 5002 1888 5055 de
1911 5001 2063 5055 vobis
2088 5015 2207 5056 cre-

623 5087 818 5146 dimus.
842 5089 1078 5146 Adduxit
1109 5107 1320 5160 quoque
1349 5093 1427 5147 eis
1471 5093 1525 5148 in
1563 5093 1880 5148 memoriam
1910 5093 2200 5162 praeterita,

623 5191 682 5237 ut
709 5198 774 5238 ex
803 5184 1091 5254 praeteritis
1115 5199 1208 5240 eos
1245 5185 1488 5241 alliceret
1524 5187 1590 5241 ad
1625 5188 1763 5246 bona
1800 5202 2062 5257 quaeque,-
2083 5189 2204 5245 ideo

624 5275 901 5345 subjunxit
939 5290 953 5329 :
986 5276 1173 5348 (Vsus.
1218 5277 1305 5348 lO)
1339 5277 1463 5332 Non
1501 5278 1636 5332 enim
1676 5280 1904 5350 injustas
1934 5280 2104 5346 Deus,
2146 5291 2202 5336 ut

625 5365 959 5419 obliviscatur
1003 5369 1170 5436 operis
1213 5367 1399 5435 vestri,
1437 5377 1486 5422 et
1514 5368 1803 5426 dilectionis
1834 5389 1992 5445 quam
2029 5382 2202 5429 osten-

623 5455 772 5510 distis
800 5456 854 5510 in
884 5457 1088 5511 nomine
1117 5460 1302 5529 ipsius,
1334 5461 1425 5531 qui
1447 5459 1780 5517 ministrastis
1807 5467 2004 5522 sanctis
2027 5476 2078 5523 et
2105 5469 2204 5521 tui-

625 5547 878 5601 nistratis.
909 5565 928 5598 ‹
957 5547 1097 5603 Ecce
1118 5551 1385 5619 quomodo
1410 5553 1674 5607 recreavit
1695 5554 1903 5619 animas
1922 5570 2128 5622 eorum,
2150 5566 2207 5613 et

624 5639 970 5707 confortavit,
1009 5642 1229 5713 antiqua
1257 5642 1338 5698 eis
1367 5643 1420 5697 in
1451 5651 1686 5699 mentem
1729 5659 1989 5704 revocans
2023 5666 2036 5704 :
2079 5657 2203 5704 tunc

625 5727 752 5784 fecit
779 5746 897 5798 eos,
933 5741 991 5788 ut
1017 5750 1121 5788 non
1151 5735 1481 5790 aestimarent
1508 5736 1749 5792 oblivisci
1778 5737 1967 5805 Deum,
1993 5749 2048 5795 et
2070 5755 2206 5810 prue-

629 5820 785 5902 terita
829 5822 944 5892 ejus
990 5824 1248 5880 beneﬁcia
1279 5825 1331 5879 in
1359 5841 1480 5892 eos;
1511 5841 1732 5884 necesse
1771 5837 1858 5884 est
1899 5830 2044 5886 enim
2080 5847 2203 5887 eum

628 5921 876 5979 peccare.
905 5915 990 5970 cui
1015 5929 1139 5988 spes
1168 5915 1339 5972 deerit
1371 5916 1569 5974 futura.
1614 5919 1814 5979 Deinde
1845 5923 2092 5980 hortatur
2111 5939 2206 5983 eos

2306 4743 2590 4798 missiones
2612 4742 2728 4806 Dei,
2758 4741 3028 4812 praecipue
3057 4743 3231 4799 ﬁdelis
3266 4745 3572 4813 Abraham,
3615 4767 3638 4800 ε
3680 4761 3903 4820 pmpter

2305 4834 2620 4904 dignitatem
2649 4847 2896 4902 personae
2924 4849 3054 4899 suae,
3081 4844 3139 4890 et
3159 4845 3382 4906 propter
3408 4839 3551 4909 quod
3578 4844 3826 4899 maxime
3852 4845 3902 4899 in

2304 4938 2368 4978 eo
2394 4923 2536 4977 istud
2564 4923 2851 4993 contigerit
2889 4922 3097 4996 [SnppL
3139 4929 3427 5001 meminit].
3467 4950 3484 4982 ι
3533 4928 3639 4996 Qui
3665 4932 3903 5005 longani-

2302 5016 2454 5069 miter
2482 5014 2650 5083 ferens
2677 5015 2894 5085 adeptus
2914 5027 2990 5070 est
3014 5019 3070 5071 in
3092 5019 3220 5088 ﬁliis
3247 5022 3355 5074 suis
3375 5024 3771 5091 promissiones,
3800 5043 3900 5081 non

2305 5105 2466 5160 modo
2490 5105 2748 5172 praeteriti
2781 5108 3060 5175 temporis,
3091 5123 3212 5177 quae
3241 5111 3294 5164 in
3316 5113 3511 5181 populo
3541 5113 3638 5167 Dei
3665 5115 3902 5185 impleas

2306 5203 2451 5261 sunt,
2488 5197 2661 5266 magis
2707 5197 2870 5251 etiam
2902 5199 2954 5252 in
2995 5197 3236 5254 futurum
3269 5204 3628 5271 pronuntians
3669 5207 3724 5260 in
3765 5207 3903 5262 ﬁlios

2306 5286 2430 5346 ﬁdei
2460 5286 2716 5351 Abrahae;
2749 5286 2904 5356 cujus
2927 5288 3020 5343 ﬁlii
3047 5298 3174 5345 sunt
3201 5306 3338 5362 quos
3369 5295 3582 5350 bonitas
3607 5295 3708 5351 Dei
3736 5299 3808 5351 de
3829 5299 3902 5352 la-

2306 5379 2520 5448 pidibus
2547 5381 2789 5451 gentium
2821 5382 3130 5446 suscitavit,
3169 5393 3226 5440 et
3251 5384 3379 5440 fecit
3407 5401 3501 5442 eos
3535 5387 3590 5441 in
3638 5389 3748 5444 ﬁde
3775 5406 3898 5446 esse

2307 5470 2445 5525 ﬁlios
2467 5471 2716 5526 Abrahae.
2754 5471 3174 5530 Promissionem
3205 5476 3299 5531 Dei
3340 5489 3625 5548 cooperata
3664 5491 3750 5536 est
3787 5483 3902 5539 lon-

2306 5561 2596 5632 ganimitas
2639 5563 2946 5630 audientis,
2998 5573 3054 5620 et
3099 5571 3465 5638 exspectantis
3521 5571 3896 5630 hereditatem

2305 5655 2662 5724 promissam;
2689 5670 2851 5725 quam
2875 5658 3092 5728 quidem
3119 5662 3490 5730 pusillanimes
3522 5674 3579 5719 et
3606 5665 3901 5721 incredibi—

2305 5743 2384 5800 les
2409 5744 2525 5817 [Sic
2551 5746 2676 5818 nts.J
2707 5749 2887 5804 verbis
2914 5749 3012 5806 Dei
3047 5766 3157 5807 non
3185 5751 3402 5808 fuerunt
3425 5757 3627 5826 adepti,
3653 5760 3754 5815 sed
3781 5759 3898 5831 plu-

2309 5839 2444 5894 rima
2470 5838 2683 5894 illorum
2715 5842 2770 5895 in
2804 5842 3019 5900 deserto
3051 5847 3214 5915 periit
3243 5851 3550 5906 murtitudo.
3583 5851 3759 5919 Quam
3798 5855 3900 5911 im-

2307 5930 2458 6000 pium
2483 5938 2587 5997 est,
2627 5930 2738 5988 Deo
2763 5932 3004 6003 inmte,
3045 5951 3153 5994 non
3201 5941 3452 5998 credere!
3501 5943 3708 6000 Iuravit
3760 5948 3900 6003 enim
