4090 6458
225 421 372 483 1061

886 423 1301 490 EXEGETICA.
1343 459 1414 472 —
1450 429 1695 488 EXPOS.
1738 430 1804 485 IN
1843 429 2058 486 EPIST.
2105 430 2160 486 S.
2202 430 2408 487 PAULI
2444 431 2536 488 AD
2573 433 2775 490 HEBR.

3341 425 3484 491 £062

221 564 317 618 per
349 546 710 616 semetipsum,
747 546 872 618 quia
911 549 1166 603 neminem
1213 549 1391 604 habuit
1432 551 1684 620 majorem
1723 567 1814 621 per
1840 553 1892 612 Α
1916 549 2158 616 addidit,
2188 550 2375 606 dicens
2401 568 2414 604 :
2439 549 2508 604 Et
2551 551 2871 608 incedentem
2918 566 3080 622 usque
3124 550 3195 605 ad
3242 550 3494 605 interiora

221 653 374 709 quem
399 637 627 707 juraret.
656 636 841 692 Potest
877 637 968 696 hic
992 655 1245 712 persona,
1279 640 1332 694 in
1359 641 1462 696 hoc
1481 640 1810 709 iuramento,

225 730 321 784 Dei
343 727 521 783 Patris
543 728 784 800 intelligi,
811 733 904 802 qui
931 732 997 786 de
1017 731 1154 787 Filio
1175 747 1273 788 suo
1296 732 1470 788 eidem
1492 732 1815 802 patriarchae

225 821 481 894 promisit
504 821 692 889 dicens
719 840 734 877 :
761 823 828 878 Et
856 825 911 878 in
931 825 1122 880 semine
1144 833 1234 878 tuo
1259 819 1620 879 benedicentur
1638 841 1814 880 omnes

225 924 402 986 gentes
426 909 579 988 (Gen.
612 933 758 982 xxvi,
781 916 856 987 4).
882 917 1001 972 Non
1031 917 1164 972 dicit
1188 911 1240 972 in
1265 915 1582 984 seminibus,
1607 925 1668 972 ut
1688 918 1814 973 bea-

227 1011 318 1063 tus
347 1003 543 1064 Paulus
572 1009 626 1064 in
653 1009 755 1065 alia
781 1011 1115 1064 demonstrat
1143 1009 1367 1080 epistola
1398 1007 1540 1081 (Gal.
1571 1027 1656 1076 ιιι,
1690 1009 1810 1081 l6);

232 1102 346 1168 sed,
380 1104 434 1157 in
458 1103 662 1158 semine
690 1111 782 1158 tuo
801 1144 819 1170 ,
847 1103 950 1158 hoc
988 1110 1071 1157 est
1090 1143 1105 1170 ,
1145 1102 1380 1158 Christo.
1406 1100 1561 1158 Jurat
1589 1103 1733 1159 enim
1761 1112 1816 1158 et

231 1195 376 1252 idem
419 1195 667 1253 Christus
703 1196 759 1252 in
800 1195 1091 1268 Evangelia
1132 1196 1314 1252 dicens
1352 1215 1365 1250 :
1406 1195 1601 1262 Amen,
1642 1214 1813 1262 amen,

232 1289 351 1344 dico
380 1289 520 1345 uobis
549 1290 728 1362 (Joan.
774 1305 818 1355 ι,
856 1289 968 1362 51),
1007 1297 1062 1346 et
1098 1292 1213 1360 ipse
1251 1306 1350 1360 per
1396 1291 1652 1361 seipsum,
1690 1293 1816 1361 quia

231 1397 336 1438 nec
366 1382 480 1454 ipse
507 1382 697 1438 habuit
725 1383 1005 1454 majorem,
1031 1399 1129 1455 per
1151 1399 1310 1454 quem
1334 1382 1562 1454 iuraret.
1595 1384 1816 1440 Benedi-

231 1491 352 1530 cens
375 1473 674 1530 benedicam
704 1487 770 1530 te.
810 1475 920 1531 Hoc
956 1482 1071 1543 est,
1102 1475 1154 1530 in
1192 1476 1360 1532 stellis
1387 1474 1527 1538 eteli,
1559 1491 1658 1545 per
1684 1491 1817 1546 quas

232 1567 406 1624 sancti
435 1567 784 1639 designantur
812 1569 878 1625 de
919 1567 1036 1639 ejus
1074 1569 1279 1624 semine
1313 1567 1590 1622 futuri.....
1635 1566 1818 1621 Multi-

230 1659 430 1732 plicaus
457 1657 808 1729 multiplicabo
838 1669 918 1724 te;
960 1668 1014 1714 et
1049 1660 1152 1715 hoc
1191 1659 1249 1713 in’
1285 1672 1449 1713 arena
1485 1657 1680 1724 maris,
1721 1673 1820 1729 per

233 1768 395 1822 quam
419 1759 730 1823 peceatores
750 1751 930 1822 pepuli
952 1750 1092 1807 illius
1109 1749 1379 1822 designari
1401 1758 1644 1820 possunt.
1662 1748 1820 1804 Utra-

235 1858 342 1913 que
369 1843 513 1898 enim
548 1841 833 1898 Dominum
863 1841 1063 1897 dixisse
1089 1841 1310 1913 legitur,
1340 1840 1430 1895 ubi
1460 1840 1536 1896 ait
1572 1859 1585 1894 :
1627 1839 1694 1894 Et
1721 1839 1817 1894 erit

233 1949 407 1988 semen
435 1942 582 1988 tuum
607 1931 740 1987 sicut
764 1931 926 1986 stellte
945 1931 1079 2000 cteli,
1099 1923 1148 1987 et
1169 1931 1304 1989 sicut
1323 1947 1508 1999 arena,
1527 1947 1644 2004 qua:
1669 1941 1742 1986 est
1763 1930 1820 1984 in

237 2027 409 2084 littore
436 2027 595 2084 maris
622 2024 776 2100 (Gen.
807 2042 945 2094 xm,
977 2025 1086 2098 l7).

311 2125 473 2180 Vens.
516 2122 601 2179 16.
640 2154 711 2164 -
748 2121 998 2179 Homines
1039 2123 1177 2179 enim
1203 2139 1296 2195 per
1322 2122 1578 2194 majorem
1614 2122 1697 2177 sui
1727 2122 1822 2192 ju-

240 2225 380 2282 rant,
410 2225 458 2270 et
487 2215 654 2271 omnis
679 2214 1044 2271 controuersia:
1069 2231 1250 2270 eorum
1287 2213 1407 2283 ﬁnis
1433 2212 1502 2266 ad
1541 2212 1822 2280 conﬁrma-

239 2307 430 2362 tionem
470 2317 544 2364 est
577 2307 954 2378 juramentum.
1003 2305 1061 2361 Si
1088 2305 1252 2376 igitur
1278 2305 1555 2360 hominum
1595 2305 1649 2359 in
1681 2302 1826 2358 futu-

241 2415 363 2453 rum
390 2400 716 2454 credendum
741 2406 853 2464 est,
880 2399 946 2453 de
983 2397 1181 2468 quibus
1217 2398 1416 2454 dicitur
1440 2413 1471 2451 a
1509 2396 1773 2467 prOpheta
1807 2416 1821 2452 :

245 2488 426 2544 Omnis
457 2489 610 2544 homo
648 2489 894 2555 mendax,
927 2496 1129 2559 quanto
1175 2489 1348 2560 magis
1391 2488 1489 2543 Dei
1516 2489 1827 2559 iuramento

243 2579 390 2634 credi
410 2578 590 2646 debet,
616 2579 708 2649 qui
728 2587 811 2636 est
830 2581 1056 2646 veritas,
1082 2580 1173 2650 qui
1201 2595 1302 2636 nec
1325 2579 1458 2646 falli,
1485 2595 1583 2636 nec
1612 2581 1827 2636 mentiri

241 2671 502 2742 potestis
539 2669 788 2728 Homines
816 2672 951 2728 enim
991 2690 1084 2744 per
1121 2673 1377 2744 majorem
1417 2674 1498 2727 sui
1529 2673 1740 2743 jurant,
1777 2682 1827 2728 et

246 2762 414 2816 omnis
439 2764 804 2818 controuersia:
830 2780 1008 2818 eorum
1038 2763 1158 2833 ﬁnis
1188 2764 1256 2818 ad
1285 2764 1728 2833 conﬁrmationem
1754 2771 1828 2819 est

240 2852 302 2922 ju
312 2863 633 2920 ramentum;
663 2861 826 2925 prout
850 2854 897 2910 si
923 2855 1163 2910 diceret:
1186 2855 1267 2909 Ex
1291 2855 1394 2908 hoc
1415 2854 1641 2910 solvitur
1667 2855 1829 2910 totius

249 2944 628 2999 controversiae
662 2945 1008 3015 disceptatio,
1037 2960 1144 3000 non
1183 2947 1343 3000 unius
1382 2944 1698 3014 cujuslibet,
1739 2944 1833 3001 sed

247 3033 432 3089 totius.
477 3032 772 3104 Oportebat
823 3036 1038 3105 quidem
1087 3037 1203 3092 sine
1253 3035 1561 3105 iuramento
1609 3038 1832 3094 credere

246 3122 380 3190 Deo,
410 3145 429 3178 ο
485 3127 580 3180 sed
612 3123 801 3196 iurare
848 3126 1036 3191 Deum,
1082 3127 1230 3183 dicit.
1263 3126 1447 3200 (Vnus.
1484 3126 1592 3198 l7.)
1622 3127 1691 3181 In
1727 3145 1829 3199 quo

1917 641 2207 698 uelaminis.
2236 642 2552 713 Tempestas
2577 645 2722 698 enim
2749 650 2805 699 et
2830 644 3032 698 multus
3056 643 3230 698 imber
3255 656 3496 696 commo-

1914 742 2006 791 vet
2031 741 2234 801 ratem;
2263 735 2498 790 anchora
2523 742 2702 790 autem
2727 750 2833 790 non
2857 735 3120 805 permittit
3141 743 3259 789 eam
3285 735 3496 789 demer-

1920 827 2004 899 gi;
2036 829 2115 884 sic
2140 827 2306 884 etiam
2335 834 2520 882 nostra
2561 841 2685 896 spes
2707 867 2722 892 ,
2766 841 2928 896 quam
2953 827 3215 882 habemus
3244 825 3406 880 ﬁxam
3441 824 3497 880 in

1917 918 2180 976 interiora
2217 918 2516 982 velaminis,
2550 917 2694 973 nulla
2721 907 3035 973 inﬁdelitate
3061 918 3233 990 mergi
3266 917 3492 988 poterit,

1918 1010 1963 1066 si
1986 1026 2111 1065 cum
2136 1009 2406 1081 Propheta
2434 1009 2698 1063 veraciter
2725 1009 2966 1064 dicamus
2992 1024 3006 1063 :
3034 1005 3191 1063 Jacta
3224 1009 3281 1064 in
3308 1003 3496 1063 Domi-

1918 1117 2043 1155 num
2073 1117 2255 1156 curam
2281 1110 2446 1167 tuam,
2477 1111 2524 1155 et
2562 1102 2670 1172 ipse
2713 1110 2762 1156 te
2806 1102 3026 1157 enutriet
3051 1099 3224 1172 (Psal.
3249 1115 3359 1166 Lrv,
3381 1099 3494 1172 23).

1919 1192 1978 1251 Si
2024 1196 2164 1250 hanc
2203 1211 2312 1251 non
2357 1196 2714 1261 haberemus,
2743 1196 2966 1252 omnino
2994 1195 3228 1251 demersi
3255 1208 3496 1260 eramus,

1918 1303 2025 1343 non
2057 1295 2265 1342 tantum
2295 1288 2350 1342 in
2378 1288 2739 1357 spiritalibus,
2763 1288 2856 1343 sed
2883 1287 3048 1342 etiam
3075 1287 3132 1342 in
3154 1286 3495 1352 carnalibus;

1919 1380 2043 1450 quia
2071 1381 2163 1450 qui
2189 1387 2329 1445 arat,
2356 1380 2532 1448 inquit
2549 1379 2856 1450 Apostolus,
2886 1381 2938 1434 in
2967 1395 3060 1451 spe
3081 1388 3220 1444 arat,
3247 1388 3302 1435 et
3323 1379 3500 1434 omnis

1919 1472 2072 1528 labor
2092 1480 2276 1528 noster
2298 1487 2392 1542 spe
2411 1472 2679 1527 mercedis
2703 1470 2992 1541 cujuslibet
3013 1471 3338 1528 consolatur.
3367 1469 3503 1542 Spes

1917 1581 2048 1621 vero
2075 1573 2323 1635 penetrat
2351 1565 2610 1620 interiora
2637 1563 2944 1630 velaminis,
2967 1563 3094 1618 dum
3115 1562 3356 1619 caelestia
3382 1563 3504 1618 abs-

1921 1673 2025 1728 que
2053 1658 2161 1712 ulla
2199 1657 2531 1713 dubitatione
2557 1657 2730 1712 credit
2754 1663 2809 1711 et
2834 1664 3015 1725 sperat
3036 1662 3090 1710 et
3118 1659 3296 1722 amat,
3330 1655 3506 1728 operi-

1920 1753 2128 1822 busque
2156 1751 2422 1814 ostendit,
2451 1759 2520 1831 ut.
2549 1758 2693 1822 pote,
2740 1750 2868 1820 quid
2895 1749 3114 1813 credat,
3145 1748 3272 1819 quid
3302 1755 3502 1819 speret.

1924 1839 1996 1895 Ut
2024 1839 2316 1895 ﬁrmiorem
2346 1854 2496 1910 spem
2522 1840 2676 1894 nobis
2705 1840 2946 1904 adderet,
2976 1833 3288 1908 subiunxit:
3316 1837 3502 1908 (Vens.

1848 1905 1897 1966 Β
1923 1927 2014 2001 20)
2070 1928 2171 1984 Ubi
2210 1905 2505 2000 prtecursor
2531 1946 2626 2000 pro
2672 1928 2819 1982 nobis
2856 1905 3086 1982 introivit
3120 1925 3294 1990 Iesus,
3323 1905 3510 1981 secun-

1923 2021 2050 2074 dum
2071 2019 2304 2074 ordinem
2338 2017 2715 2073 Melchisedech
2736 2058 2755 2085 ,
2801 2023 2906 2074 etc.
2938 2034 2956 2069 ι
2990 2015 3217 2088 Oportet
3243 2016 3426 2086 itaque
3455 2022 3512 2072 et

1923 2115 2044 2171 illos
2069 2129 2298 2184 quorum
2320 2111 2562 2185 pontifex
2582 2119 2685 2178 est,
2707 2111 2963 2166 meliores
2983 2125 3104 2167 esse
3127 2125 3141 2164 :
3170 2118 3225 2166 et
3249 2117 3508 2180 quantum

1925 2213 2010 2261 est
2032 2205 2172 2259 inter
2191 2203 2368 2260 Aaron
2385 2211 2440 2257 et
2453 2201 2749 2267 Christum,
2772 2208 2980 2254 tantum
3002 2209 3081 2254 est
3111 2199 3508 2269 quodammodo

1927 2293 2072 2348 inter
2104 2289 2317 2347 Iudaeos
2362 2297 2418 2345 et
2451 2289 2804 2345 Christianos.
2838 2286 3130 2359 Superiora
3156 2287 3316 2342 etiam
3344 2294 3398 2340 et
3427 2302 3511 2341 sa-

1927 2382 2128 2439 criﬁcia
2163 2379 2286 2436 talia
2313 2380 2565 2436 videlicet
2589 2378 2913 2444 oﬁ'eramus,
2960 2391 3079 2448 quae
3125 2377 3182 2431 in
3226 2376 3356 2432 illud
3383 2392 3508 2432 san-

1927 2473 2194 2530 ctuarium
2217 2471 2440 2529 cmleste
2463 2468 2645 2526 oﬁ‘erri
2667 2475 2912 2542 possunt,
2933 2483 3039 2523 non
3062 2466 3174 2538 jam
3198 2469 3431 2538 pecudes
3452 2475 3506 2522 et

1928 2568 2139 2634 bovem,
2168 2582 2276 2622 non
2304 2564 2619 2637 sanguinem
2639 2571 2692 2620 et
2713 2564 2958 2636 adipem;
2988 2561 3170 2618 omnia
3190 2563 3308 2617 haec
3333 2561 3505 2616 soluta

1929 2668 2073 2724 sunt,
2105 2668 2161 2715 et
2201 2673 2302 2728 pro
2342 2658 2422 2712 eis
2456 2656 2823 2712 introductum
2863 2663 2947 2711 est
2992 2653 3312 2710 rationabile
3357 2654 3512 2709 obse-

1929 2751 2132 2821 quium.
2153 2748 2292 2816 Quid
2311 2756 2489 2802 autem
2519 2753 2600 2802 est
2629 2744 3320 2816 rationabileobsequium?
3337 2742 3514 2801 Etiam

1930 2841 2072 2912 quod
2098 2855 2197 2912 per
2230 2839 2483 2905 animam,
2516 2838 2659 2908 quod
2689 2837 2801 2908 'per
2843 2837 3094 2909 spiritum
3133 2834 3356 2892 oﬁ‘ertur
3385 2834 3512 2889 Deo.

1932 2929 2163 3001 Spiritus
2193 2937 2287 2996 est,
2313 2929 2506 2999 inquit,
2529 2925 2672 2983 Deus
2691 2939 2737 2983 et
2776 2945 2886 2994 eos,
2917 2928 3006 2988 aui
3036 2927 3259 2982 adorant
3285 2943 3420 2991 eum,
3460 2925 3516 2980 in

1932 3021 2121 3091 spiritu
2147 3028 2194 3075 et
2244 3021 2458 3074 ueritate
2497 3031 2693 3090 oportet
2735 3035 2958 3076 aaorare
2993 3035 3014 3072 ι
3058 3015 3240 3096 (Joan.
3280 3034 3370 3084 tv,
3398 3016 3511 3088 24).

1933 3111 2070 3180 Quid
2097 3115 2181 3167 est
2204 3111 2372 3167 Deum
2403 3111 2458 3166 in
2488 3112 2679 3184 spiritu
2698 3113 2944 3179 adorare,
2967 3111 3068 3166 nisi
3090 3111 3144 3166 in
3171 3111 3437 3167 eharitate
3462 3115 3518 3164 et

250 3214 600 3272 abundantius
623 3215 794 3273 uolens
821 3217 960 3272 Deus
988 3219 1256 3274 ostendere
1275 3218 1700 3291 pollicitationem
1724 3221 1829 3276 ha:-

1935 3202 2038 3258 ﬁde
2083 3200 2358 3273 perfecta,
2387 3209 2442 3257 et
2480 3219 2574 3273 spe
2602 3202 2903 3258 indubitata
2925 3242 2939 3268 ,
2972 3209 3027 3258 et
3070 3203 3275 3257 sanctis
3323 3200 3515 3255 anima:

2301 3309 2424 3313 μ--
2469 3293 2740 3313 ._--._.-_
2780 3293 2827 3313 ε,
2880 3293 2974 3313 -..Α
3016 3293 3127 3313 ι---
3181 3290 3515 3313 ,ιη-λη..--

251 3307 489 3374 redibus,
529 3309 1040 3382 immobilitatemque
1081 3289 1286 3366 consilii
1324 3311 1438 3376 sui;
1480 3330 1499 3362 (
1545 3320 1828 3382 propterea

1934 3289 2222 3350 virtutibus
2244 3335 2260 3362 ,
2292 3309 2427 3366 quas
2456 3293 2744 3366 Apostolus
2779 3293 2838 3350 in
2876 3293 2980 3349 alio
3016 3293 3137 3350 loco
3177 3290 3519 3350 abundanter

251 3401 414 3457 etiam
443 3404 605 3475 hujus
629 3405 1062 3475 repromissionis
1087 3408 1413 3462 mentionem
1439 3405 1595 3475 facit,
1621 3424 1740 3480 quae
1764 3409 1833 3467 ad

251 3508 351 3548 nos
371 3508 655 3550 commune
684 3491 915 3568 [Chrys.,
947 3497 1328 3570 communiter]
1360 3495 1499 3554 facta
1528 3507 1628 3558 est.
1662 3500 1835 3556 Inter-

249 3585 423 3652 posuit
435 3582 834 3654 jusjurandum.
854 3585 1118 3652 Quoniam
1137 3588 1281 3641 enim
1302 3590 1443 3658 apud
1465 3589 1710 3645 homines
1730 3592 1835 3648 hoc

251 3672 466 3728 videtur
492 3673 648 3729 ﬁdele
675 3689 816 3741 esse,
848 3692 969 3731 cum
995 3677 1158 3749 635
1191 3676 1557 3746 juramentum
1593 3680 1835 3737 interfuit

256 3758 493 3834 [Chrys.,
517 3762 846 3837 interfuerit]
869 3767 1250 3823 controversiis
1272 3783 1476 3823 eorum.
1494 3769 1608 3824 Non
1629 3771 1834 3842 mquale

255 3859 339 3907 est
363 3853 632 3909 hominem
655 3871 752 3925 per
778 3871 836 3911 se
858 3855 1064 3925 iurare,
1087 3865 1140 3914 et
1166 3858 1365 3927 Deum;
1395 3859 1558 3917 homo
1580 3863 1725 3917 enim
1750 3863 1834 3918 sui

255 3952 580 4013 petestatem
606 3962 713 4002 non
739 3947 932 4014 habet;
965 3969 982 4001 ι
1018 3949 1160 4004 Deus
1186 3959 1366 4006 autem
1390 3960 1709 4022 potestatem
1738 3955 1834 4009 ha-

253 4037 349 4094 bet
391 4040 631 4093 omnium
675 4055 794 4110 quae
835 4047 976 4096 sunt.
1012 4061 1031 4092 ς
1067 4041 1172 4097 Sed
1211 4045 1337 4112 quia
1382 4041 1715 4100 incredulum
1752 4054 1837 4102 est

256 4143 428 4199 genus
469 4129 792 4194 humanum,
833 4131 1214 4188 condescendit
1245 4135 1313 4188 ad
1349 4149 1481 4201 nos;
1525 4136 1661 4192 sicut
1690 4139 1835 4193 enim

249 4219 400 4289 iurat
426 4227 650 4292 propter
672 4237 791 4288 nos,
815 4223 1059 4292 quamvis
1087 4223 1361 4294 indignum
1382 4225 1430 4278 ei
1450 4225 1518 4280 sit
1539 4240 1645 4279 non
1665 4227 1830 4292 credi,

256 4311 416 4367 sicuti
443 4311 690 4383 superius
715 4313 916 4368 dictum
936 4320 1057 4368 est:
1081 4320 1134 4369 et
1160 4313 1344 4370 didicit
1371 4329 1438 4371 ex
1467 4314 1552 4372 his
1576 4331 1693 4387 qum
1713 4334 1835 4389 pas-

256 4417 351 4459 sus
376 4413 492 4471 est,
530 4405 780 4474 quoniam
820 4405 1064 4461 homines
1095 4407 1196 4462 hoc
1225 4416 1417 4478 putant
1456 4409 1688 4464 maxime
1715 4425 1835 4468 esse

256 4479 479 4639 digngm
519 4494 654 4563 ﬁde,
686 4503 744 4551 ut
769 4494 908 4570 [per]
935 4497 1360 4568 experimentum
1386 4499 1506 4570 quis
1534 4507 1774 4557 transeat
1807 4523 1826 4557 ι

259 4584 328 4639 ad
351 4584 386 4639 ﬁ
427 4600 533 4639 em.

259 4584 328 4639 ad
351 4584 533 4640 ﬁdem.

332 4675 493 4730 Vsus.
528 4675 614 4742 18,
639 4675 724 4732 19.
747 4707 818 4717 -
839 4675 908 4733 Ut
935 4694 1026 4749 per
1052 4677 1185 4734 duas
1211 4697 1291 4735 res
1313 4683 1624 4750 immobiles,
1647 4685 1836 4756 quibus

256 4765 574 4836 impossibile
609 4775 684 4823 est
721 4769 932 4823 mentiri
969 4768 1167 4839 Deum,
1211 4771 1552 4842 fortissimum
1589 4775 1837 4830 solatium

255 4856 539 4926 habemus,
579 4860 668 4932 qui
709 4860 1037 4933 confugimus
1081 4861 1150 4916 ad
1201 4863 1474 4918 tenendam
1521 4867 1836 4938 propositam

258 4961 422 5023 spem,
450 4963 607 5022 quam
630 4952 764 5007 sicut
790 4953 1072 5009 anchoram
1102 4955 1349 5012 habemus
1377 4959 1567 5014 anima:
1587 4969 1753 5014 tutam
1776 4973 1838 5015 ac

261 5042 493 5111 ﬁrmam.
529 5040 674 5096 Duas
717 5057 805 5098 res
827 5044 962 5100 dixit
987 5063 1000 5099 :
1030 5047 1124 5102 Dei
1154 5046 1329 5104 Patris
1360 5050 1746 5119 promissiones
1775 5052 1841 5108 de

263 5134 405 5190 Filio
432 5149 550 5200 suo,
578 5141 632 5190 et
673 5135 960 5190 adventum
997 5136 1120 5192 Filii
1158 5138 1212 5192 in
1262 5141 1404 5196 hunc
1450 5143 1708 5197 mundum
1741 5155 1840 5214 pro

260 5227 436 5282 salute
457 5236 666 5282 nostra.
693 5225 974 5297 Proposita
1005 5243 1134 5283 vero
1161 5243 1283 5298 spes
1307 5231 1508 5286 veritas
1536 5241 1619 5288 est
1657 5245 1842 5287 rerum

262 5331 540 5393 gestarum
571 5336 690 5391 qua:
715 5321 1039 5390 patriarchis
1063 5323 1344 5392 promissae
1371 5333 1497 5381 sunt
1521 5333 1574 5380 et
1597 5327 1839 5394 redditte,

261 5419 322 5468 ut
346 5429 413 5469 ex
441 5413 731 5469 transactis
770 5411 950 5468 futura
988 5414 1290 5471 credamus.
1320 5411 1491 5482 Quam
1533 5431 1682 5488 spem
1709 5417 1842 5473 sicut

263 5502 550 5558 anchoram
575 5544 589 5569 ,
631 5501 840 5573 inquit,
882 5504 1072 5577 animm
1105 5513 1270 5559 tutam
1293 5515 1341 5560 et
1373 5506 1602 5577 firmam.
1639 5525 1660 5559 ς
1694 5505 1846 5564 Sicut

267 5595 525 5660 anchora,
541 5595 744 5667 iactata
765 5596 912 5663 navi,
935 5607 1043 5651 non
1062 5597 1326 5668 permittit
1345 5614 1464 5654 eam
1486 5598 1841 5666 circumferri,

265 5686 398 5743 licet
418 5689 565 5743 venti
585 5697 958 5746 commoveant
981 5704 1119 5757 eam,
1144 5691 1237 5748 sed
1255 5688 1461 5761 iactata
1482 5691 1695 5751 ﬁrmam
1719 5694 1848 5751 facit

267 5793 496 5848 navem;
530 5781 611 5838 sic
634 5790 690 5838 et
717 5781 852 5840 ﬁdes
882 5803 902 5838 ι
929 5797 1024 5856 spe
1055 5785 1308 5843 roborata
1337 5787 1628 5844 introducit
1658 5803 1755 5844 nos
1790 5787 1846 5844 in

270 5885 453 5930 rerum
477 5874 730 5947 speciem,
759 5889 920 5950 quam
945 5879 1106 5937 modo
1124 5878 1230 5936 ﬁde
1249 5885 1301 5935 et
1327 5893 1420 5952 spe
1443 5885 1703 5937 tenemus.
1724 5879 1846 5938 [duo

1935 3383 2252 3445 enumerat?

2542 3473 2772 3534 CAPUT
2804 3470 2915 3532 VII.

2007 3590 2168 3648 Vens.
2197 3588 2251 3656 i,
2275 3587 2331 3644 2.
2360 3617 2432 3629 —-
2457 3585 2562 3642 Hic
2599 3587 2738 3643 enim
2778 3585 3153 3644 Melchisedech
3197 3601 3291 3642 rea;
3335 3583 3516 3642 Solem

1935 3681 2178 3738 sacerdos
2208 3679 2494 3747 Altissimi,
2523 3679 2613 3752 qui
2640 3678 2864 3734 obuiauit
2908 3677 3174 3734 Abraham
3214 3694 3444 3749 regresso
3485 3695 3520 3733 a

1938 3773 2076 3828 cwde
2121 3773 2382 3839 hostium,
2407 3779 2457 3826 et
2503 3771 2762 3826 benedixit
2803 3770 2869 3836 ei,
2909 3771 2995 3824 cui
3022 3771 3253 3826 decimas
3285 3771 3518 3826 omnium

1937 3865 2110 3920 diuisit
2141 3864 2425 3918 Abraham.
2471 3859 2715 3918 Tradunt
2759 3861 2970 3916 Hebraei
3018 3861 3162 3916 hunc
3189 3875 3309 3916 esse
3357 3859 3514 3926 Sem,

1935 3955 2171 4026 primum
2210 3953 2380 4007 ﬁlium
2426 3949 2572 4018 Noe,
2616 3958 2672 4004 et
2712 3964 2778 4006 eo
2824 3958 3064 4019 tempore
3095 3964 3201 4019 quo
3237 3958 3391 4006 ortus
3435 3959 3522 4006 est

1936 4044 2210 4100 Abraham
2238 4042 2518 4098 habuisset
2542 4041 2879 4120 antiquitatis
2905 4056 3075 4096 annos
3121 4041 3380 4099 ducentos
3423 4055 3519 4100 no-

1937 4135 2172 4205 naginta.
2216 4133 2328 4190 Nec
2378 4141 2522 4190 esset
2561 4133 2760 4189 mirum
2803 4133 2848 4188 si
2887 4132 3279 4190 Melchisedech
3327 4133 3519 4190 victori

1935 4226 2210 4282 Abraham
2236 4225 2451 4282 obviam
2477 4225 2836 4300 processerit,
2861 4232 2916 4280 et
2944 4225 2999 4279 in
3030 4223 3378 4288 refectionem
3409 4234 3518 4282 tam

1938 4320 2107 4390 ipsius
2135 4336 2297 4390 quam
2324 4330 2686 4392 pugnatorum
2707 4319 2821 4388 eius
2855 4333 3048 4390 panem
3075 4319 3365 4388 vinumque
3397 4333 3520 4388 pro-

1941 4410 2141 4476 tulerit,
2170 4419 2226 4467 et
2252 4410 2588 4467 benedixerit
2613 4412 2683 4477 ei,
2715 4411 2858 4482 quod
2885 4410 3133 4482 abnepoti
3162 4425 3262 4465 suo
3279 4409 3402 4478 iure
3425 4425 3522 4480 pa-

1941 4503 2214 4560 ternitatis
2237 4504 2479 4570 dederit;
2502 4512 2558 4560 et
2585 4504 2822 4560 decimas
2854 4503 3048 4574 praeda:
3083 4510 3245 4573 atque
3284 4503 3522 4558 victoria

1864 4608 1916 4668 ι)
1941 4597 2212 4667 acceperit
2237 4596 2305 4652 ab
2331 4612 2398 4652 eo
2415 4637 2430 4666 ,
2459 4597 2598 4652 sicut
2622 4597 2874 4652 sacerdos
2917 4594 3117 4650 excelsi
3141 4595 3270 4661 Dei,
3297 4595 3388 4664 qui
3420 4593 3522 4650 fuit

1937 4692 2100 4745 etiam
2129 4705 2226 4745 rex
2252 4689 2449 4746 Salem.
2477 4690 2658 4746 Salem
2686 4700 2866 4746 autem
2894 4704 3002 4744 non
3021 4728 3037 4754 ,
3065 4698 3124 4744 ut
3151 4687 3416 4759 Iosephus
3461 4698 3518 4745 et

1939 4787 2249 4836 nostrorum
2279 4781 2496 4850 plurimi
2534 4781 2886 4845 arbitrantur,
2920 4795 3040 4834 esse
3065 4777 3395 4846 Jerusalem;
3423 4796 3521 4836 no-

1939 4887 2063 4930 men
2094 4887 2161 4927 ex
2187 4869 2374 4926 Gnaeo
2403 4871 2736 4940 Hebrumque
2760 4872 3136 4942 compositum,
3159 4871 3304 4944 quod
3330 4870 3520 4926 absus»

1939 4961 2066 5018 dum
2089 4976 2211 5018 esse
2235 4961 2533 5034 peregrina:
2565 4961 2759 5033 linguae
2785 4961 3013 5017 mistura
3039 4963 3405 5018 demonstrat:
3425 4959 3523 5014 sed

1939 5053 2190 5124 oppidum
2217 5049 2374 5122 iuxta
2405 5048 2794 5121 Schitopholim
2836 5049 2952 5124 (Sic
2990 5048 3138 5121 ms.),
3167 5049 3308 5119 quod
3352 5063 3524 5118 usque

1941 5146 2100 5201 hodie
2129 5145 2426 5216 appellatur
2455 5142 2667 5211 Salem;
2712 5153 2768 5201 et
2805 5144 3105 5202 ostenditur
3143 5142 3218 5198 ibi
3256 5140 3519 5212 palatium

1942 5235 2356 5303 Melchisedech,
2409 5252 2476 5292 ex
2526 5233 2894 5309 magnitudine
2947 5237 3225 5293 ruinarum
3251 5275 3268 5302 ,
3317 5235 3519 5294 veteris

1942 5327 2123 5396 operis
2149 5327 2436 5382 ostendens
2455 5328 2924 5400 magniﬁcentiam.
2948 5325 3030 5380 Ad
3055 5340 3216 5396 quam
3248 5327 3521 5382 civitatem

1942 5417 2107 5472 etiam
2135 5417 2330 5489 legitur
2357 5417 2523 5475 Iacob
2557 5419 2921 5484 descendisse,
2967 5431 3090 5489 qua:
3133 5415 3238 5475 fuit
3282 5418 3335 5474 in
3376 5426 3524 5473 terra

1944 5507 2196 5565 Chanaan
2226 5511 2280 5566 in
2309 5512 2527 5583 regione
2554 5509 2789 5568 Sichem.
2813 5508 3272 5566 Considerandum
3309 5526 3524 5583 quoque

1944 5603 2060 5666 est,
2110 5598 2324 5670 quando
2366 5600 2598 5656 Abrahae
2641 5615 2671 5653 a
2724 5599 2870 5655 caule
2910 5599 3150 5656 hostium
3191 5603 3520 5670 revertenti,

1943 5707 2079 5762 quos
2106 5702 2419 5764 persecutus
2447 5699 2530 5747 est
2554 5705 2723 5761 usque
2753 5687 2902 5756 Dan,
2947 5705 3054 5748 non
3096 5690 3154 5748 in
3187 5690 3274 5750 via
3308 5690 3528 5749 Jerusa-

1945 5780 2071 5850 lem,
2096 5783 2190 5840 sed
2216 5783 2470 5856 oppidum
2488 5782 2799 5852 metropolis
2823 5783 2992 5856 686
3020 5783 3237 5841 Sichem
3257 5784 3312 5840 in
3334 5784 3528 5844 itinere

1947 5879 2139 5949 fuerit,
2187 5879 2254 5938 de
2302 5894 2408 5951 quo
2455 5879 2513 5935 in
2559 5875 2850 5954 Evangelio
2887 5879 3149 5954 legimus:
3176 5878 3310 5938 Erat
3351 5889 3528 5948 autem
