4090 6442
595 487 731 548 1085

592 608 825 663 Joannes
859 602 1129 672 baptizans
1156 597 1214 652 in
1243 594 1398 652 Enon
1435 593 1597 666 juxta
1624 591 1823 657 Salim,

594 696 775 756 multae
799 701 948 750 erant
970 691 1063 746 ibi.

668 787 833 844 Vsus.
860 786 915 840 '5.
936 813 1007 824 —
1027 780 1270 837 Primum
1294 775 1524 851 quidem,
1549 775 1674 849 quia
1701 775 2070 844 interpretatus
2101 774 2179 822 est

595 883 688 934 rea:
711 874 938 948 justitia:
959 888 978 927 :
1004 869 1193 927 deinde
1227 877 1277 925 et
1312 883 1403 924 rea:
1446 865 1655 932 Solem,
1687 873 1795 921 etc.
1829 860 1956 918 Sine
1999 865 2174 930 patre,

594 967 708 1023 sine
736 972 936 1031 matre,
962 962 1074 1019 sine
1108 958 1442 1033 genealogia,
1492 972 1653 1029 neque
1700 954 1909 1009 initium
1951 951 2176 1015 dierum,

595 1072 757 1127 neque
772 1056 933 1126 ﬁnem
960 1054 1078 1108 vitm
1096 1050 1311 1105 habens.
1336 1045 1670 1104 Assimilatus
1691 1052 1866 1098 autem
1891 1039 2036 1095 Filio
2056 1037 2177 1105 Dei,

594 1154 769 1202 manet
796 1146 1039 1201 sacerdos
1078 1145 1136 1199 in
1168 1148 1492 1215 perpetuum.
1524 1136 1734 1207 Saepius
1769 1141 1950 1189 autem
1985 1132 2179 1187 beatus

592 1235 793 1297 Paulus
821 1235 1071 1293 eumdem
1092 1230 1486 1289 Melchisedech
1514 1229 1572 1285 in
1601 1236 1728 1300 typo
1751 1227 1850 1282 Dei
1882 1222 2179 1281 Salvatoris

592 1326 905 1384 introducit.
928 1323 1185 1393 Quamvis
1212 1336 1402 1379 omnes
1426 1334 1567 1392 pene
1591 1317 1762 1374 sancti
1784 1324 1840 1373 et
1860 1313 2180 1387 patriarchas

592 1431 657 1474 ac
692 1416 970 1489 pr0phetaa
1014 1414 1216 1488 prioris
1262 1411 1525 1483 temporis
1565 1409 1623 1465 in
1661 1407 1845 1479 aliqua
1892 1421 1952 1462 re
1981 1401 2180 1476 ﬁguras

592 1510 962 1581 expresserim
1007 1508 1305 1566 Salvatoris
1342 1522 1357 1562 :
1399 1507 1491 1563 hic
1546 1513 1733 1561 tamen
1787 1500 2180 1559 Melchisedech

594 1604 898 1677 specialius,
916 1605 1008 1676 qui
1028 1620 1134 1660 non
1150 1602 1254 1658 fuit
1273 1603 1341 1658 de
1360 1614 1557 1673 genere
1568 1597 1893 1661 Judzcorum,
1910 1594 1968 1650 in
1994 1602 2181 1667 typum

589 1695 874 1767 praecessit
900 1693 1197 1751 sacerdotii
1237 1691 1342 1747 Fili
1369 1689 1490 1756 Dei,
1512 1689 1579 1745 de
1607 1703 1716 1760 quo
1745 1686 1944 1743 dicitur
1988 1685 2046 1740 in
2089 1699 2180 1741 cut

591 1786 807 1844 Psalmo
836 1805 850 1842 :
884 1784 964 1841 Tu
993 1802 1046 1841 es
1075 1783 1318 1840 sacerdos
1346 1782 1403 1837 in
1425 1789 1677 1835 ceternum
1711 1775 1995 1833 secundum
2034 1774 2180 1829 ordi-

591 1895 711 1934 nem
740 1875 1139 1932 Melchisedech.
1169 1871 1425 1930 Ordinem
1448 1878 1627 1926 autem
1654 1868 1770 1938 ejus
1794 1867 1978 1923 multis
2004 1865 2180 1921 modis

1440 478 1499 534 Β.
1534 476 1597 533 F.
1632 470 1860 532 AnLBlNl
1897 466 2031 528 SEU
2070 459 2347 521 ALCUINI
2382 453 2666 516 OPERUM
2700 451 2883 511 PARS
2916 449 2987 506 II.

1862 588 1988 661 quia
2024 598 2174 658 aquae
2198 583 2254 646 Α
2277 577 2344 633 de
2368 572 2656 647 praecipuis
2679 567 2959 624 victoriae:
2987 563 3081 635 qui
3111 558 3544 661 assimilatus‘esnt
3566 554 3710 611 Filio

3731 440 3884 497 1064

2277 665 2523 742 pontifex
2549 664 2728 720 factus
2756 661 2811 716 in
2838 667 3124 715 aeternum.
3158 655 3346 727 (Vens.
3376 649 3456 725 5.)
3492 648 3784 718 Quomodo
3816 650 3883 704 de

2278 759 2406 830 ﬁliis
2435 756 2561 812 Levi
2593 752 2947 811 sacerdotium
2983 748 3291 820 accipientes
3336 743 3653 799 mandatum
3680 742 3882 797 habent

2277 851 2507 908 decimas
2535 863 2739 903 sumere
2764 863 2799 901 a
2822 841 3012 917 papula
3053 837 3339 897 secundum
3370 836 3537 909 legem
3555 876 3571 904 ,
3614 835 3673 890 id
3716 845 3825 901 est,
3848 854 3881 890 a

2280 945 2531 1018 fratribus
2576 944 2718 1008 suis,
2746 953 3048 1014 quanquam
3071 943 3120 991 et
3160 933 3263 1006 ipsi
3304 932 3529 989 exierint
3566 931 3636 985 de
3680 928 3877 984 lumbis

2280 1035 2524 1094 Abrahae.
2558 1053 2579 1087 ι
2609 1034 2784 1089 Tanta
2808 1030 3007 1103 quippe
3023 1034 3108 1084 est
3128 1025 3415 1082 sacerdotii
3435 1021 3794 1087 excellentia,
3818 1030 3879 1077 ut

2277 1128 2441 1184 etiam
2459 1124 2551 1196 qui
2575 1123 2782 1180 similes
2802 1128 2987 1178 essent
3005 1133 3036 1174 a
3055 1115 3512 1190 progenitoribus,
3534 1121 3590 1170 ει
3614 1112 3872 1169 eumdem

2278 1217 2541 1274 haberent
2567 1213 2990 1287 progenitorem,
3013 1217 3196 1266 tamen
3226 1206 3396 1263 multo
3423 1204 3662 1276 amplius
3690 1202 3878 1258 melio-

2279 1323 2370 1364 res
2398 1306 2645 1380 [iudicati
2666 1302 2816 1378 sunt]
2843 1319 2875 1359 a
2900 1302 3160 1357 fratribus
3199 1299 3312 1354 suis
3330 1339 3345 1364 ,
3376 1315 3395 1350 ι
3424 1296 3521 1367 qui
3564 1294 3875 1351 sacerdotio

2279 1399 2425 1471 digni
2441 1396 2747 1454 eﬁiciuntur
2764 1411 2779 1451 :
2802 1394 2966 1450 veluti
2991 1392 3173 1449 Aaron
3188 1392 3332 1446 inter
3349 1389 3501 1444 vivos
3514 1402 3581 1443 ac
3601 1395 3871 1453 martuos,

2277 1501 2339 1550 ut
2360 1493 2459 1548 Dei
2481 1493 2618 1549 iram
2658 1491 2901 1564 placaret
2939 1504 3059 1559 quae
3095 1491 3409 1550 exarserat,
3444 1491 3597 1539 stare
3641 1481 3870 1553 legitur;

2278 1586 2419 1656 quod
2446 1590 2732 1656 propterea
2758 1595 2827 1637 ex
2850 1578 3047 1651 populo
3072 1578 3253 1633 facere
3274 1580 3509 1647 poterat,
3532 1570 3668 1629 licet
3687 1586 3872 1628 omnes

2277 1689 2447 1731 unum
2474 1674 2742 1729 haberent
2760 1671 3182 1744 progenitorem.
3221 1687 3241 1720 ι
3278 1666 3511 1721 Proinde
3551 1665 3675 1735 ipse
3703 1663 3871 1719 Abra-

2277 1765 2404 1821 ham
2439 1763 2587 1820 nullo
2627 1765 2789 1820 modo
2827 1763 3144 1834 alienigena:
3187 1757 3430 1814 decimas
3464 1756 3742 1823 dedisset,
3770 1756 3867 1811 nisi

2278 1855 2546 1926 plurimus
2581 1861 2636 1909 et
2681 1851 3116 1925 superexcellcns
3157 1849 3275 1921 ejus
3316 1857 3463 1904 esset
3497 1848 3702 1913 honor,
3736 1868 3755 1900 ι
3784 1847 3871 1903 cui

591 1967 1055 2037 interpretantur;
1076 1963 1223 2036 quod
1247 1962 1393 2019 solus
1412 1971 1468 2018 et
1486 1976 1583 2016 rex
1606 1959 1791 2027 fuerit,
1817 1966 1873 2015 et
1901 1958 2174 2023 sacerdos,
2209 1944 2256 2007 Β
2282 1944 2520 2037 dedam?
2545 1944 2862 1999 Θιυνίπιιηι
2880 1943 3066 2037 daret.
3095 1941 3164 1997 de
3196 1957 3303 2011 (1υο
3331 1939 3548 2037 Placere
3577 1941 3870 2010 εοωρθΐίε·

590 2064 650 2115 et
678 2064 802 2113 ante
826 2055 1296 2112 circumcisionem
1337 2052 1556 2108 functus
1600 2051 1933 2116 sacerdotio,
1965 2058 2027 2106 ut
2071 2067 2181 2106 non

593 2160 784 2222 gentes
803 2168 872 2208 ex
891 2151 1112 2216 Iudaeis,
1137 2150 1233 2207 sed
1254 2148 1425 2205 Judaei
1447 2165 1515 2204 ex
1545 2149 1792 2219 gentibus
1817 2148 2182 2204 sacerdotium

592 2244 934 2316 acceperint;
964 2259 1140 2315 neque
1166 2249 1364 2298 unctus
1386 2241 1506 2297 oleo
1534 2240 1897 2308 sacerdotali,
1925 2249 1986 2295 ut
2013 2239 2183 2312 Moysi

592 2344 864 2407 praecepta
889 2333 1258 2399 constituunt;
1288 2331 1383 2387 sed
1406 2331 1524 2388 oleo
1552 2330 1928 2386 exsultationis
1964 2338 2018 2385 et
2059 2328 2184 2386 ﬁdei

591 2427 857 2497 puritate;
890 2438 1065 2496 neque
1083 2423 1267 2480 carnis
1286 2431 1343 2479 et
1366 2422 1643 2493 sanguinis
1666 2422 1917 2477 victimas
1938 2420 2186 2476 immola-

590 2513 752 2579 verit,
779 2520 835 2568 et
857 2513 1146 2567 brutorum
1168 2510 1429 2582 sanguine
1449 2509 1762 2565 animalium
1783 2508 1977 2564 dextra
2000 2524 2185 2564 susce-

590 2604 765 2675 perit;
795 2603 891 2659 sed
928 2617 1066 2674 pane
1100 2611 1156 2659 et
1189 2603 1316 2658 vino
1354 2601 1589 2673 simplici
1634 2616 1880 2671 puroque
1918 2600 2217 2659 sacriﬁcio.

590 2693 797 2753 Christi
845 2695 1176 2752 dedicaverit
1227 2695 1551 2751 sacerdotio.
1589 2692 1701 2749 Nec
1741 2701 1923 2749 tamen
1958 2692 2187 2750 creden-

591 2787 721 2843 dum
749 2794 833 2843 est
860 2788 1007 2858 quod
1034 2785 1564 2844 isteMelchisedech
1596 2786 1713 2842 sine
1751 2794 1907 2857 patre
1936 2792 2031 2840 aut
2068 2785 2187 2841 sine

591 2886 767 2933 matre
789 2884 956 2943 esset,
979 2876 1125 2948 quod
1149 2875 1399 2932 Christus
1425 2890 1640 2947 quoque
1658 2876 1952 2931 secundum
1976 2883 2184 2930 utram-

592 2982 698 3038 que
726 2974 976 3022 naturam
1000 2974 1056 3023 et
1082 2974 1290 3038 patrem
1320 2965 1522 3021 habeat
1546 2972 1604 3020 et
1623 2973 1854 3019 matrem
1885 2982 1897 3018 :
1928 2965 2021 3019 sed
2041 2963 2187 3034 quod

593 3060 773 3117 subito
802 3059 1179 3116 introducamr
1210 3059 1266 3114 in
1295 3057 1525 3135 Genesi,
1552 3058 1859 3114 occurrisse
1894 3056 2126 3113 Abrahae
2154 3073 2187 3113 a

593 3152 739 3208 caede
783 3152 1023 3207 hostium
1066 3151 1389 3217 revertenti,
1434 3156 1489 3206 et
1536 3165 1640 3205 nec
1684 3158 1844 3205 antea
1869 3164 1970 3205 nec
1998 3156 2187 3220 postea

593 3242 709 3313 ejus
732 3259 931 3299 nomen
955 3242 1040 3298 vel
1071 3241 1385 3315 genealogia
1422 3242 1731 3298 inveniatur
1767 3242 2049 3312 scriptum.
2092 3238 2188 3294 Af-

596 3334 779 3389 ﬁrmat
808 3341 992 3389 autem
1019 3330 1182 3404 hujus
1210 3334 1459 3404 exemplo
1483 3332 1804 3404 Apostolus,
1837 3334 1981 3403 quod
2002 3331 2185 3387 Aaron

594 3424 976 3491 sacerdotium,
1001 3426 1057 3480 id
1077 3433 1181 3492 est,
1205 3425 1386 3495 populi
1410 3424 1720 3481 Judteorum
1760 3432 1815 3482 et
1860 3425 2187 3497 principium

512 3570 513 3573 η
594 3515 842 3571 habuerit
864 3522 918 3572 ε*
939 3514 1131 3582 ﬁnem;
1156 3515 1546 3579 Melchisedech
1569 3524 1770 3582 autem,
1790 3516 1845 3572 id
1863 3526 1966 3584 est,
1983 3517 2187 3573 Christi

593 3605 852 3664 Ecclesiae
879 3608 1243 3665 sacerdotium
1265 3616 1322 3663 et
1346 3609 1400 3663 in
1429 3609 1768 3679 praeteritum
1788 3617 1844 3665 et
1866 3610 1922 3664 in
1944 3609 2188 3667 futurum

596 3705 863 3753 aeternum
907 3698 998 3754 sit.
1041 3696 1142 3753 llic
1189 3713 1321 3753 vero
1364 3697 1755 3754 Melchisedech
1800 3700 2189 3770 interpretatur

598 3798 694 3846 rex
718 3788 967 3859 iustitiae.
1002 3809 1023 3842 ι
1056 3789 1190 3857 Quis
1209 3799 1294 3847 est
1317 3806 1479 3847 verus
1499 3807 1597 3846 rex
1613 3792 1857 3862 justitiae,
1879 3793 1983 3849 nisi
2006 3795 2189 3850 Domi-

598 3896 701 3938 nus
728 3890 914 3938 noster
942 3879 1101 3938 Jesus
1138 3881 1430 3939 Christus?
1450 3881 1658 3948 Deinde
1697 3899 1794 3939 rex
1835 3882 2014 3940 Salem
2041 3926 2056 3952 ,
2084 3886 2188 3942 hoc

595 3981 702 4040 est,
734 3989 826 4030 rex
853 3974 1025 4045 pacis,
1052 3974 1195 4045 quod
1222 3975 1458 4045 pertinet
1487 3976 1555 4031 ad
1582 3974 1881 4032 Christum.
1904 3975 2011 4033 Iste
2037 3993 2188 4033 nam-

598 4078 705 4134 que
725 4079 824 4120 nos
842 4063 1022 4135 iustos
1043 4064 1242 4132 eﬁ‘ecit,
1270 4065 1565 4137 paciﬁcans
1592 4069 1774 4123 omnia
1798 4084 1919 4140 qua:
1951 4070 2007 4126 in
2036 4070 2188 4128 caelis

599 4161 724 4209 sunt
751 4164 806 4210 et
833 4171 954 4226 qua:
980 4155 1038 4211 in
1067 4156 1248 4222 terris,
1287 4176 1306 4210 ι
1337 4157 1429 4227 qui
1464 4156 1611 4214 solus
1637 4166 1723 4214 est
1751 4174 1848 4215 rex
1881 4158 2108 4229 iustitiae
2133 4168 2189 4217 et

598 4247 751 4317 pacis
780 4247 1041 4303 Dominus
1060 4259 1246 4304 noster
1272 4247 1433 4304 Jesus
1458 4248 1709 4306 Christus
1726 4291 1741 4318 ,
1766 4251 1859 4321 qui
1890 4251 2188 4307 secundum

601 4335 941 4393 divinitatem
969 4337 1086 4394 sine
1110 4338 1285 4405 initio,
1316 4339 1435 4395 sine
1461 4341 1601 4409 ﬁne,
1642 4357 1739 4397 rex
1781 4350 1867 4398 est
1902 4344 2189 4413 sempiter-

599 4442 722 4492 nus,
753 4443 821 4482 ex
845 4436 1048 4484 aeterno
1068 4429 1233 4485 Pater
1264 4430 1434 4502 [Leg.,
1463 4431 1650 4507 Patre]
1689 4442 1925 4492 aeternus
1944 4477 1959 4502 ,
1992 4452 2185 4507 quam-

599 4517 682 4570 vis
702 4533 769 4572 ex
796 4520 1077 4588 temporali
1106 4528 1279 4575 matre
1297 4524 1609 4592 temporalis
1628 4536 1789 4583 esset.
1820 4546 1839 4580 ί
1869 4529 2022 4586 Sicut
2041 4533 2186 4588 enim

602 4605 760 4661 istius
790 4605 1181 4665 Melchisedech
1208 4625 1316 4665 non
1342 4611 1572 4682 legimus
1605 4615 1819 4672 initium
1865 4619 1951 4675 vel
1985 4619 2147 4677 ﬁnem
2166 4663 2180 4689 ,

603 4696 659 4751 in
692 4696 1008 4768 Scriptura,
1038 4710 1329 4773 propterea
1359 4705 1504 4775 quod
1526 4722 1636 4762 non
1660 4716 1746 4764 est
1774 4712 2070 4784 scriptum,
2106 4716 2187 4772 sic

603 4806 713 4847 non
730 4792 978 4850 novimus
994 4795 1114 4850 Filii
1128 4797 1224 4853 Dei
1250 4798 1461 4855 initium
1486 4802 1571 4857 vel
1598 4801 1781 4871 ﬁnem,
1798 4806 1927 4875 quia
1956 4823 2064 4864 non
2087 4810 2186 4866 ha-

603 4882 714 4939 bet.
732 4885 799 4940 Et
811 4885 866 4940 in
878 4885 982 4942 hoc
992 4894 1076 4942 est
1088 4889 1403 4959 similitudo,
1418 4895 1564 4963 quod
1588 4910 1690 4950 nec
1710 4897 1873 4963 illius,
1904 4914 2004 4954 nec
2030 4902 2186 4959 istius

604 4976 818 5034 initium
843 4978 929 5035 vel
963 4979 1087 5037 ﬁnis
1111 4980 1338 5051 legatur.
1363 4983 1511 5041 Illius
1553 4987 1796 5057 quidem,
1820 4990 1948 5060 quia
1972 5007 2080 5048 non
2102 5000 2189 5049 est

605 5069 900 5144 scriptum;
930 5071 1088 5129 istius
1115 5082 1318 5141 autem,
1343 5078 1468 5147 quia
1502 5082 1724 5137 omnino
1748 5097 1856 5138 non
1880 5092 1982 5139 est.
2014 5105 2033 5138 ι

676 5163 838 5221 Vsus.
867 5163 922 5218 4.
943 5195 1013 5206 -
1034 5163 1320 5220 Intuemini
1342 5180 1569 5237 quantus
1593 5173 1664 5226 sit
1693 5173 1806 5238 hic,
1838 5176 1924 5229 cui
1956 5176 2187 5233 decimas

605 5256 749 5312 dedit
791 5256 855 5312 de
902 5259 1181 5330 prwcipuis
1227 5258 1494 5316 Abraham
1536 5266 1862 5333 patriarcha.
1909 5268 2191 5327 Convertit

606 5347 788 5419 itaque
821 5363 1128 5405 sermonem
1153 5351 1221 5406 ad
1246 5367 1339 5408 eos
1367 5352 1459 5423 qui
1484 5354 1784 5425 gloriantur
1819 5375 1877 5414 se
1903 5359 2043 5418 ﬁlios
2070 5379 2191 5421 esse

603 5440 929 5508 Abrahae,et
942 5442 1009 5499 de
1031 5442 1238 5515 origine
1261 5444 1377 5515 ejus
1398 5446 1733 5503 nobilitatem
1757 5465 1945 5507 eorum
1968 5455 2193 5512 descen-

605 5533 774 5600 disse,
795 5549 958 5606 quem
982 5534 1178 5593 divinis
1206 5535 1450 5597 exaltare
1480 5537 1727 5595 laudibus
1749 5548 2109 5614 contendunt,
2133 5556 2190 5603 et

605 5620 660 5680 in
682 5622 975 5698 Evangelia
994 5642 1118 5683 eum
1139 5627 1368 5687 Domino
1390 5628 1747 5704 praeposuisse
1768 5635 1985 5707 legitur,
2008 5642 2191 5698 dicen-

605 5720 726 5770 tes:
760 5715 1014 5790 Nunquid
1066 5727 1125 5773 tu
1166 5721 1339 5793 major
1381 5741 1436 5779 es
1474 5734 1626 5795 patre
1669 5736 1847 5782 nostro
1884 5728 2191 5788 Abraham?

604 5805 774 5872 Quasi
817 5809 1057 5878 diceret,
1103 5827 1265 5883 quem
1309 5830 1408 5875 vos
1456 5818 1892 5877 excellentiorem
1938 5825 2189 5881 omnibus

604 5898 911 5973 aestimatis,
933 5904 1023 5963 hic
1040 5905 1276 5966 decimas
1297 5907 1560 5971 offerebat
1578 5914 1991 5990 Melchisedech,
2010 5928 2064 5975 et
2084 5920 2191 5978 hoc

2282 2045 2382 2094 set.
2420 2055 2439 2089 ι
2473 2036 2776 2093 Ostendens
2819 2036 2984 2091 etiam
3038 2032 3482 2090 incircumcisum
3528 2033 3866 2088 sacerdotem

2282 2129 2553 2187 sacerdoti
2598 2128 2918 2186 circumciso
2947 2126 3118 2183 multo
3144 2140 3266 2181 esse
3299 2126 3679 2181 sublimiorem.
3712 2124 3867 2191 Quo-

2282 2222 2444 2279 modo
2465 2237 2595 2294 ergo
2619 2222 2723 2277 hoc
2743 2219 3009 2277 ostendit?
3027 2219 3164 2286 Quia
3185 2220 3299 2290 ipse
3327 2217 3451 2273 Levi
3470 2215 3703 2290 [Chrys.,
3728 2219 3860 2288 quia

2282 2317 2334 2373 ei
2373 2316 2504 2372 Levi
2543 2315 2780 2371 decimas
2825 2311 3016 2385 dedit],
3051 2333 3069 2366 ι
3100 2326 3165 2368 ex
3196 2327 3306 2383 quo
3335 2309 3665 2366 sacerdotale
3691 2324 3868 2380 genus

2283 2416 2463 2464 ortum
2490 2415 2602 2471 est,
2635 2405 2935 2462 decimatus
2962 2412 3046 2460 est
3074 2404 3128 2459 in
3154 2403 3351 2458 lumbis
3372 2400 3737 2473 progenitoris
3762 2400 3864 2455 sui.

2353 2499 2517 2571 687
2559 2498 2720 2553 Vsus.
2751 2496 2900 2552 6-l0.
2939 2527 3012 2537 —
3048 2494 3214 2567 Cujus
3261 2503 3436 2549 autem
3474 2492 3739 2564 generatio
3768 2508 3871 2546 non

2284 2600 2664 2647 annumeratur
2699 2590 2755 2644 in
2784 2590 2888 2656 eis,
2926 2589 3155 2643 decimas
3182 2587 3404 2657 sumpsit
3434 2584 3548 2658 [ab]
3584 2583 3870 2649 Abraham,

2285 2694 2332 2740 et
2359 2685 2518 2749 hunc,
2545 2683 2636 2754 qui
2679 2681 2900 2736 habebat
2947 2680 3392 2752 repromissiones,
3433 2676 3723 2731 benedixit.
3756 2674 3873 2730 Sine

2287 2776 2397 2832 ulla
2436 2786 2611 2831 autem
2640 2774 3051 2830 contradictione
3091 2773 3229 2846 quod
3269 2774 3442 2828 minus
3486 2781 3563 2826 est
3605 2789 3641 2826 a
3683 2771 3875 2839 majore

2287 2869 2389 2944 [Ita
2414 2870 2546 2926 Cod.
2569 2887 2583 2936 ;
2620 2870 2746 2941 leg.,
2778 2887 2810 2924 a
2838 2867 3073 2941 meliore]
3104 2866 3441 2922 benedicitur.
3469 2864 3565 2921 Ille
3588 2873 3770 2919 autem
3788 2864 3875 2933 qui

2286 2959 2403 3022 sine
2428 2965 2742 3037 genealogia
2787 2971 2891 3029 est,
2923 2963 2977 3017 in
3019 2962 3291 3017 Abraham
3319 2960 3625 3016 decimatus
3653 2968 3738 3015 est
3776 2973 3875 3012 non

2288 3057 2462 3113 solum
2485 3055 2636 3122 Levi,
2664 3070 2852 3111 verum
2882 3055 3045 3111 etiam
3070 3062 3127 3110 et
3145 3055 3258 3124 ipse
3286 3053 3492 3119 Aaron,
3523 3051 3622 3122 qui
3645 3051 3878 3107 decimas

2288 3150 2495 3207 solebat
2524 3150 2772 3221 accipere
2798 3164 2829 3203 a
2849 3147 3068 3219 populo,
3092 3153 3146 3202 et
3170 3161 3266 3217 per
3290 3160 3414 3201 eum
3441 3159 3610 3200 omne
3638 3144 3879 3200 sacerdo—

2288 3241 2424 3296 tium
2452 3240 2768 3295 Leviticum.
2810 3237 2921 3293 Nec
2963 3239 3069 3294 hoc
3112 3236 3231 3291 loco
3270 3242 3559 3292 contentus
3588 3245 3678 3290 est
3716 3244 3873 3298 stare,

2288 3333 2381 3388 sed
2414 3333 2589 3388 adhuc
2615 3330 2809 3402 majori
2829 3330 3035 3386 honore
3060 3328 3317 3385 exaltavit
3342 3344 3490 3394 eum,
3529 3327 3630 3398 qui
3658 3327 3877 3381 alterius

2288 3427 2505 3498 generis
2529 3424 2652 3492 fuit,
2684 3425 2908 3481 dicens:
2948 3424 3018 3478 Et
3047 3440 3190 3491 eum,
3222 3425 3311 3495 qui
3342 3423 3565 3478 habebat
3606 3423 3876 3494 repromis-

2286 3524 2478 3587 siones,
2510 3519 2788 3575 benedixit.
2836 3538 2857 3572 ‹
2891 3516 3140 3574 Ostendit
3178 3526 3235 3572 et
3272 3515 3738 3572 honorabiliorem
3765 3530 3878 3572 esse

2286 3613 2435 3669 illum
2464 3628 2533 3667 ex
2556 3609 2829 3666 communi
2862 3609 3107 3665 omnium
3129 3606 3354 3677 judicio,
3390 3615 3440 3661 et
3468 3609 3584 3661 sine
3619 3606 3733 3661 ulla
3754 3624 3874 3661 con-

2286 3705 2620 3769 tradictione,
2645 3703 2843 3773 inquit,
2873 3702 2978 3757 hoc
3006 3709 3110 3767 est,
3149 3698 3400 3757 omnibus
3424 3697 3548 3755 luce
3575 3699 3782 3756 clarius
3804 3698 3877 3754 vi-

2287 3800 2447 3855 detur
2473 3796 2618 3867 quod
2639 3797 2820 3852 minus
2846 3812 2878 3851 a
2897 3793 3105 3868 majore
3128 3795 3483 3852 benedicitur.
3510 3792 3756 3852 Proinde
3771 3812 3876 3852 tue-

2285 3891 2388 3948 lior
2411 3899 2494 3947 est
2519 3900 2676 3963 typus
2716 3889 2918 3947 Christi
2941 3890 3106 3946 etiam
3145 3905 3210 3946 eo
3237 3890 3330 3961 qui
3354 3888 3752 3961 promissiones
3787 3892 3877 3947 hs-

2284 3984 2467 4042 bebat.
2506 4006 2526 4039 ι
2557 3984 2691 4052 Quis
2713 3992 2816 4052 est,
2838 3985 2928 4059 qui
2950 3985 3067 4040 vivit
3091 3986 3116 4038 Ρ
3151 3984 3245 4041 Ille
3269 3986 3434 4041 etiam
3462 3986 3558 4056 qui
3578 3987 3871 4042 secundum

2286 4082 2539 4139 ordinem
2582 4080 2977 4138 Melchisedech
3013 4081 3194 4136 factus
3229 4087 3313 4137 est
3336 4079 3596 4136 sacerdos
3639 4082 3697 4136 in
3721 4090 3877 4136 mter.

2285 4192 2436 4233 num.
2472 4174 2769 4231 Secundum
2796 4175 3033 4230 ordinem
3063 4162 3441 4231 Melchisedech
3460 4215 3476 4241 ,
3508 4174 3652 4249 [qui]
3697 4184 3877 4247 typum

2287 4268 2429 4338 gerit
2445 4265 2717 4337 pontiﬁcis
2736 4267 2929 4333 nostri,
2944 4266 3038 4338 qui
3054 4267 3403 4338 semetipsum
3422 4266 3623 4323 obtulit
3644 4266 3876 4322 hostiam

2286 4358 2399 4414 Deo
2423 4358 2725 4429 placentem
2750 4374 2765 4424 ;
2801 4372 2911 4413 non
2933 4372 3002 4413 ex
3028 4357 3355 4413 necessitate
3387 4356 3654 4428 qualibet,
3688 4357 3787 4412 sed
3813 4371 3878 4412 ex

2287 4450 2564 4505 voluntate
2597 4449 2831 4520 propriae
2875 4450 3163 4521 potestatis
3210 4445 3427 4521 [Suppl.
3464 4443 3877 4517 excellentiam]

2289 4542 2554 4613 designat,
2585 4542 2677 4612 qui
2707 4541 2841 4597 nihil
2872 4543 3034 4598 morti
3079 4542 3302 4609 debuit;
3344 4539 3546 4596 idcirco
3581 4538 3885 4610 pontiﬁcali

2291 4633 2557 4691 sacriﬁcio
2586 4633 2671 4689 sui
2693 4634 2940 4704 corporis
2963 4635 3207 4690 omnium
3231 4633 3404 4690 abluit
3420 4642 3671 4704 peccata.
3693 4632 3879 4705 (Vsus.

2292 4727 2380 4792 ll,
2408 4724 2526 4797 l2.)
2558 4721 2617 4780 Si
2642 4742 2765 4796 ergo
2781 4727 3158 4781 consummatio
3181 4743 3274 4798 per
3308 4723 3664 4779 sacerdotium
3694 4722 3885 4779 uriti-

2290 4834 2410 4872 cum
2429 4825 2540 4871 erat
2568 4813 2811 4887 (populus
2848 4817 2987 4871 enim
3014 4816 3108 4871 sub
3136 4817 3248 4887 ipso
3284 4813 3447 4885 legem
3486 4812 3731 4885 accepit),
3758 4813 3884 4884 quid

2292 4914 2466 4969 adhuc
2481 4912 2829 4966 necessarium
2849 4921 2923 4967 est
2943 4911 3230 4967 secundum
3250 4910 3488 4966 ordinem
3503 4908 3887 4965 Melchisedech

2293 5002 2458 5057 alium
2476 5019 2686 5073 surgere
2713 5003 3067 5069 sacerdotem,
3093 5011 3143 5058 et
3176 5020 3283 5058 non
3317 5001 3606 5058 secundum
3646 5002 3887 5057 ordinem

2293 5092 2475 5149 Aaron
2515 5094 2666 5148 dici?
2696 5093 2974 5149 Translato
3013 5096 3149 5149 enim
3178 5094 3472 5149 sacerdotio
3498 5094 3738 5165 corporis
3769 5092 3886 5160 (Sic

2290 5182 2445 5253 ms.),
2469 5200 2672 5239 necesse
2699 5192 2872 5250 est,ut
2897 5194 2945 5238 et
2966 5183 3091 5255 legis
3117 5182 3392 5238 translatio
3419 5183 3538 5253 fiat.
3568 5202 3589 5234 ί
3618 5182 3723 5239 Hic
3738 5186 3885 5240 enim

2290 5275 2482 5346 incipit
2527 5276 2739 5331 Veteris
2780 5275 3025 5346 Novique
3059 5275 3387 5331 Tcstamenti
3417 5274 3754 5331 diﬁ'erentias
3798 5291 3887 5331 os-

2290 5366 2536 5431 tendere,
2567 5385 2587 5418 »
2619 5365 2836 5421 dicens:
2862 5364 2922 5420 Si
2949 5366 3095 5423 enim
3125 5367 3524 5433 consummatio,
3549 5367 3605 5422 id
3628 5374 3738 5433 est,
3758 5382 3886 5437 per-

2289 5454 2473 5522 fectio,
2502 5473 2596 5528 per
2632 5458 2983 5512 sacerdotium
3029 5457 3314 5513 Leviticum
3343 5457 3465 5528 fuit,
3496 5458 3627 5528 quid
3654 5472 3887 5515 necesse

2290 5552 2393 5609 fuit
2420 5555 2584 5611 alium
2607 5571 2832 5628 surgere
2852 5555 3234 5611 sacerdotem?
3270 5554 3407 5609 Nam
3432 5552 3616 5607 Aaron
3642 5553 3887 5623 primum
3937 5594 3941 5599 .

2289 5655 2412 5717 post
2458 5647 2632 5720 legem
2678 5648 2860 5703 datam
2897 5649 3234 5705 sacerdotem
3263 5647 3331 5705 de
3358 5647 3504 5704 tribu
3545 5647 3679 5705 Levi
3724 5663 3885 5715 esse,

2291 5738 2423 5795 nulli
2451 5738 2672 5795 dubium
2702 5748 2821 5796 est:
2862 5740 2982 5796 ideo
3011 5741 3373 5799 sacerdotium
3393 5755 3503 5811 quo
3526 5740 3749 5798 functus
3772 5748 3887 5807 est.

2290 5829 2591 5887 Leviticum
2636 5831 2936 5888 nominavit
2980 5831 3367 5889 sacerdotium.
3410 5832 3529 5901 Quo
3574 5832 3891 5892 sacerdotio

2292 5920 2534 5980 Levitico
2562 5923 2732 5981 multo
2759 5924 2951 5982 melior
2977 5906 3371 5984 Melchisedech
3395 5925 3453 5984 in
3472 5924 3665 5985 ordine
3690 5938 3890 5984 sacer-
