4088 6330
230 363 354 421 ὶοὸὅ

914 352 1324 413 EXEGETICA.
1365 385 1435 395 ——
1470 350 1715 408 EXPOS.
1756 347 1823 403 IN
1860 346 2076 403 EPIST.
2117 349 2176 405 S.
2210 347 2417 406 PAULI
2445 349 2540 405 AD
2578 346 2779 403 HEBlt.

3333 338 3472 400 1066

229 473 380 536 dotali
406 470 583 528 facms
609 478 714 536 est,
760 470 851 547 qui
899 475 1082 541 typum
1111 468 1334 540 gerebat
1360 463 1659 522 sacerdotis
1694 476 1791 517 no-
1816 467 1864 524 Α
1892 459 2246 525 humanitate,
2284 459 2548 516 mediator
2574 459 2716 514 inter
2745 456 2917 512 Deum
2942 464 2997 511 et
3028 455 3293 523 homines,
3325 469 3470 514 sem-

227 568 351 635 stri,
393 564 445 619 id
485 572 568 619 est
602 562 812 617 Domini
860 559 1156 615 Salvatoris
1182 558 1388 631 mundi.
1439 556 1792 626 Nequaquam
1829 602 1835 609 .

127 659 133 665 ’
228 659 361 716 enim
409 652 995 719 dixisset,'secundum‘
1023 651 1258 704 ordinem
1306 646 1704 712 Melchisedech,
1748 645 1796 701 si

229 754 349 812 illud
372 746 735 808 sacerdotium
756 747 939 803 Aaron
967 748 1161 803 melius
1187 746 1350 813 esset,
1378 746 1477 800 sub
1501 760 1609 814 quo
1628 758 1798 814 popu-

227 846 308 902 lus
331 841 635 905 Judzeorum
662 839 835 910 legem
863 845 1191 908 susceperat.
1224 835 1281 892 Si
1310 836 1474 906 igitur
1510 833 1797 890 sacerdotii

232 932 503 990 translatio
532 939 634 996 est,
661 945 882 986 necesse
900 932 984 984 est
1008 929 1171 984 etiam
1194 928 1329 1000 legis
1349 943 1467 983 esse
1495 925 1799 981 translatio-

227 1039 380 1080 nem:
425 1037 599 1093 neque
642 1021 787 1076 enim
816 1027 994 1090 potest
1034 1020 1285 1075 sacerdos
1322 1018 1439 1075 sine
1477 1024 1799 1073 testamento

227 1134 340 1175 esse
369 1124 426 1171 et
450 1116 569 1171 sine
587 1114 726 1185 lege,
749 1122 806 1170 et
832 1113 949 1167 sine
975 1112 1277 1183 praeceptis.

290 1250 453 1305 Vsus.
488 1247 571 1312 l5,
606 1246 690 1301 14.
736 1277 806 1287 -
848 1246 915 1300 In
943 1262 1045 1317 quo
1074 1238 1210 1299 enim
1240 1241 1394 1315 [Iure]
1425 1242 1706 1306 dicuntur,
1735 1241 1801 1295 de

222 1345 325 1401 alia
351 1344 491 1398 tribu
520 1352 617 1408 est,
645 1343 709 1397 de
732 1359 833 1413 quo
859 1341 1034 1396 nullus
1061 1340 1250 1395 altario
1272 1348 1459 1411 prwsto
1482 1338 1602 1407 fuit.
1627 1336 1801 1391 Mani-

222 1438 407 1508 festum
432 1445 508 1490 est
533 1435 669 1489 enim
707 1433 846 1504 quod
875 1449 938 1487 ea:
958 1431 1271 1486 Juda'ortus
1308 1438 1383 1483 est
1417 1428 1673 1481 Dominus
1702 1442 1800 1480 no-

217 1539 364 1585 ster:
403 1527 461 1582 in
487 1543 589 1598 qua
625 1526 763 1579 tribu
788 1523 917 1579 nihil
941 1523 1005 1577 de
1035 1521 1388 1577 sacerdotibus
1415 1518 1619 1590 Moyses
1651 1517 1801 1586 locu-

219 1636 300 1681 tus
328 1633 427 1680 est.
473 1624 541 1678 In
579 1640 681 1694 quo
726 1623 893 1687 enim,
937 1621 1045 1685 ait,
1076 1620 1130 1674 id
1159 1630 1262 1683 est,
1294 1619 1358 1673 de
1384 1631 1490 1687 quo
1516 1617 1631 1670 haec
1660 1613 1802 1669 dicta

217 1724 357 1781 sunt,
378 1715 668 1769 Dominum
694 1709 1233 1781 scilicetsigniﬂcans
1249 1707 1603 1763 Salvatorem.
1623 1723 1644 1757 ‹
1663 1704 1803 1759 Dum

218 1809 272 1866 id
300 1807 620 1862 translatum
648 1814 730 1860 est
755 1801 1136 1867 sacerdotium,
1164 1800 1324 1856 simul
1347 1807 1401 1854 et
1423 1804 1802 1853 testamentum

218 1900 538 1955 translatum
568 1905 651 1952 est
676 1914 690 1964 ;
733 1912 841 1952 non
864 1904 1046 1951 autem
1069 1880 1265 1948 ordine
1295 1888 1684 1953 tantummodo,
1706 1902 1802 1942 ne—

216 2008 322 2064 que
346 1992 654 2064 praeceptis,
680 1989 776 2044 sed
798 1990 964 2044 etiam
989 1986 1154 2042 tribu.
1189 1982 1484 2055 Oportebat
1505 1981 1721 2052 quippe,
1745 1987 1806 2033 ut

215 2087 383 2145 etiam
433 2084 655 2159 [tribus]
704 2090 1022 2140 mutaretur.
1066 2081 1134 2136 Et
1171 2081 1440 2150 quomodo
1485 2076 1805 2132 translatum

215 2185 303 2234 est
327 2177 688 2233 sacerdotium
714 2189 781 2229 ex
802 2173 946 2228 tribu
972 2174 1039 2226 ad
1058 2170 1279 2236 tribum,
1304 2171 1371 2225 de
1396 2166 1715 2223 sacerdotali
1737 2165 1807 2220 ad

213 2268 489 2341 regalem?
510 2266 582 2322 Ut
607 2266 796 2320 eadem
821 2265 937 2334 ipsa
962 2264 1033 2319 sit
1052 2271 1108 2317 et
1128 2262 1327 2332 regalis
1351 2268 1406 2315 et
1433 2257 1803 2315 sacerdotalis.

212 2360 291 2417 Et
306 2361 522 2416 intuere
549 2357 866 2429 mysterium
882 2371 901 2427 :j
918 2357 1094 2426 primo
1121 2354 1219 2408 fuit
1239 2352 1417 2423 regale
1444 2351 1807 2407 sacerdotium

215 2449 614 2507 Melchisedech
638 2447 933 2503 secundum
954 2429 1577 2514 consequentiam'hujus
1598 2455 1805 2496 sermo-

214 2541 307 2597 nis
331 2557 346 2606 ;
390 2539 683 2595 secundum
713 2537 877 2594 etiam
898 2534 1001 2591 fuit
1028 2520 1360 2590 sacerdotale
1389 2534 1443 2587 in
1464 2531 1678 2595 Aaron;
1701 2537 1807 2585 ter-

214 2632 357 2687 tium
387 2629 634 2703 [Chrys.,
665 2630 745 2685 sic
772 2625 973 2705 etiam]
1003 2624 1105 2681 fuit
1144 2626 1199 2680 in
1238 2623 1455 2679 Christo
1485 2623 1681 2677 iterum
1724 2635 1811 2676 re-

216 2727 363 2798 gale,
396 2725 491 2795 qui
533 2732 651 2779 erat
694 2737 789 2777 rex
828 2734 1072 2790 semper;
1123 2717 1376 2773 sacerdos
1419 2724 1599 2771 autem
1636 2713 1812 2769 factus

218 2827 323 2883 est,
350 2816 569 2888 quando
600 2830 818 2872 carnem
845 2813 1102 2883 suscepit,
1133 2809 1348 2882 quando
1371 2807 1697 2866 sacrificium
1717 2808 1815 2863 ob-

215 2908 366 2963 tulit.
422 2908 586 2962 Vides
641 2905 995 2960 mutationem
1049 2902 1284 2957 rerum?
1338 2900 1467 2968 Quae
1523 2899 1668 2955 enim
1715 2913 1815 2969 per

219 2998 639 3056 translationem
682 2996 827 3052 facta
855 3002 1007 3061 sunt,
1036 2994 1156 3050 haec
1181 2993 1347 3049 veluti
1384 3008 1451 3049 ex
1478 3007 1659 3048 rerum
1686 3008 1815 3048 con-

216 3091 432 3147 stantia
465 3088 701 3163 [Chrys.,
731 3104 801 3145 ex
836 3102 1017 3144 rerum
1045 3084 1453 3160 consequentia]
1482 3087 1636 3160 quasi
1675 3101 1812 3141 nova

212 3183 403 3240 redire
428 3183 702 3237 videntur.
733 3203 752 3236 ι

286 3321 466 3376 Vens.
492 3317 682 3374 15-17.
707 3348 780 3360 ——
805 3316 878 3373 Et
901 3316 1127 3388 amplius
1155 3316 1328 3370 adhuc
1359 3312 1695 3383 manifestum
1718 3322 1814 3379 est,

209 3409 582 3466 simundum
608 3408 844 3464 ordinem
880 3407 1061 3481 [Leg.,
1091 3403 1511 3478 similitudinem]
1544 3402 1817 3458 Melchise-

208 3501 347 3557 dech
378 3509 685 3570 exsurgeret
711 3498 848 3554 alius
877 3498 1152 3564 sacerdos,
1179 3498 1269 3567 qui
1297 3513 1402 3551 non
1428 3494 1714 3551 secundum
1743 3492 1818 3547 le-

208 3607 331 3663 gem
361 3590 612 3645 mandati
638 3590 869 3645 carnalis
910 3590 1111 3660 factus,
1151 3588 1242 3643 sed
1266 3586 1551 3641 secundum
1577 3586 1817 3639 virtutem

208 3684 335 3739 vita
360 3680 687 3737 insolubilis.
719 3679 1053 3753 Contestatur
1079 3680 1235 3742 enim,
1276 3677 1523 3749 quoniam
1561 3686 1617 3731 tu
1643 3692 1697 3730 es
1731 3691 1818 3729 sa-

210 3772 409 3828 cerdos
446 3772 506 3825 in
529 3780 781 3826 internum
818 3770 1102 3826 secundum
1136 3768 1372 3823 ordinem
1415 3762 1814 3820 Melchisedech.

209 3862 441 3919 Novam
469 3858 645 3932 [Cod.,
675 3860 950 3934 Nostram]
980 3862 1083 3916 hoc
1116 3860 1234 3916 loco
1264 3858 1621 3914 differentiam
1660 3854 1817 3910 insti-

210 3955 337 4009 tuit:
361 3952 515 4007 inter
543 3951 903 4005 sacerdotium
935 3948 1159 4021 [Aaron]
1195 3957 1251 4004 et
1277 3946 1637 4002 sacerdotium
1666 3943 1817 3997 Chri-

1895 569 1995 623 per
2020 553 2205 609 vivens
2228 552 2295 606 ad
2321 549 2771 620 interpellandum
2794 564 2893 619 pro
2916 548 3090 603 nobis.

1968 644 2130 699 Vsus.
2164 643 2252 709 18,
2282 642 2367 698 l9.
2390 672 2460 722 7.-
2483 639 2791 712 Reprobatio
2820 638 3028 711 quidem
3052 639 3111 707 ﬁt
3137 639 3473 710 prwcedentis

1895 736 2155 801 mandati,
2174 745 2382 807 propter
2399 734 2757 803 inﬁrmitatem
2779 731 2892 801 ejus
2917 740 2965 784 et
2983 729 3317 784 inutilitatem
3334 731 3471 801 ejus.

1899 827 2051 882 Nihil
2094 828 2231 883 enim
2272 828 2329 881 in
2370 813 2661 895 perfectum
2696 823 2918 877 adduxit
2950 820 3051 876 lex.
3095 840 3114 872 α
3143 821 3279 889 Quid
3306 822 3472 887 enim,

1898 918 2032 972 nihil
2056 917 2256 987 profuit
2282 916 2410 971 lex?
2437 913 2645 969 Profuit
2670 914 2935 984 siquidem
2959 930 2973 978 ;
3005 914 3099 969 sed
3126 913 3259 969 nihil
3288 914 3357 969 ad
3371 916 3477 972 hoc

1898 1008 2139 1079 profuit,
2176 1017 2236 1063 ut
2272 1006 2545 1079 perfectos
2583 1004 2762 1060 facere
2796 1005 3060 1074 potuisset
3099 1004 3395 1060 servientes
3420 1005 3475 1060 in

1898 1115 2001 1156 ea:
2034 1101 2237 1156 idcirco
2279 1100 2396 1170 ejus
2441 1097 2748 1169 reprobatio
2778 1095 2900 1163 fuit,
2947 1104 3008 1151 ut
3042 1096 3230 1167 gratiae
3258 1094 3481 1151 daretur

1897 1188 2068 1257 locus,
2111 1190 2237 1244 dum
2262 1188 2505 1254 veniret,
2552 1188 2608 1243 in
2651 1201 2759 1255 qua
2796 1184 3055 1255 perfectio
3095 1185 3269 1240 ﬁeret.
3319 1185 3481 1241 Utilis

1900 1282 2094 1352 quippe
2123 1280 2226 1336 fuit
2244 1281 2352 1346 lex,
2383 1281 2476 1336 sed
2500 1279 2606 1334 illis
2623 1279 2715 1349 qui
2744 1277 2903 1333 fidem
2926 1276 3228 1332 habuerunt
3249 1277 3305 1332 in
3324 1275 3481 1333 Chri-

1900 1380 2005 1436 sto,
2045 1387 2152 1425 non
2182 1370 2287 1425 illis
2311 1370 2404 1441 qui
2434 1377 2602 1424 totam
2643 1383 2794 1438 spem
2836 1381 2989 1422 suam
3016 1367 3072 1421 in
3100 1382 3220 1421 eam
3262 1365 3480 1423 ﬁrmas—

1901 1470 2051 1519 sent:
2096 1461 2423 1516 Introductio
2449 1477 2566 1514 veio
2593 1458 2824 1513 melioris
2853 1458 2982 1528 spei,
3012 1473 3104 1527 per
3125 1472 3285 1526 quam
3304 1457 3483 1528 proxi—

1900 1569 2104 1609 mamus
2134 1552 2203 1607 ad
2228 1551 2416 1605 Deum.
2444 1551 2627 1622 (Vsus.
2649 1548 2764 1619 20.)
2790 1548 2857 1602 Et
2878 1556 3132 1619 quantum
3154 1556 3227 1601 est
3251 1564 3355 1602 non
3373 1547 3484 1603 sine

1895 1642 2272 1715 jurejurando.
2299 1641 2406 1696 Alii
2432 1640 2642 1712 quidem
2667 1641 2779 1694 sine
2805 1639 3160 1711 jurejurando
3189 1640 3484 1694 sacerdotes

1905 1734 2031 1804 {acti
2088 1742 2229 1789 sunt.
2269 1731 2617 1795 lntroductio,
2676 1732 2872 1802 inquit,
2907 1730 3145 1786 melioris
3183 1732 3317 1801 spei.
3379 1730 3486 1786 Ha-

1837 1822 1881 1882 B
1905 1824 2023 1879 buit
2044 1825 2239 1895 quippe
2263 1831 2320 1877 et
2344 1823 2433 1878 lex
2471 1836 2620 1891 spem
2642 1861 2657 1886 ,
2702 1821 2797 1876 sed
2835 1836 2942 1876 non
2971 1822 3150 1876 talem.
3190 1820 3490 1890 Sperabam

1904 1918 2047 1974 enim
2077 1917 2215 1973 bene
2239 1915 2514 1985 placentes
2534 1921 2590 1967 ct
2612 1912 2785 1982 legem
2809 1912 2906 1966 Dei
2927 1913 3293 1967 custodientes
3320 1913 3491 1983 possi—

1905 2009 2033 2065 dere
2077 2017 2314 2073 terram;
2359 2005 2493 2061 nihil
2535 2020 2899 2060 aerumnosum
2926 2006 3072 2075 pati,
3116 2020 3375 2075 prospere
3412 2006 3467 2061 vi

1904 2114 2055 2163 vere,
2087 2099 2229 2154 sicut
2253 2097 2456 2152 dictum
2483 2103 2599 2150 est:
2643 2094 2748 2161 Qui
2773 2095 2953 2165 fecerit
2978 2113 3095 2150 eam
3115 2136 3131 2162 ,
3170 2096 3296 2153 vivet
3325 2098 3382 2151 in
3406 2113 3470 2152 ea

1906 2188 2008 2244 llic
2034 2196 2215 2243 autem
2234 2200 2534 2255 speramus,
2557 2185 2683 2254 quia
2710 2185 3001 2253 placentes,
3025 2187 3336 2257 evangelica
3353 2201 3493 2256 prm-

1907 2290 2061 2352 cepta
2089 2279 2491 2343 custodientes;
2530 2291 2639 2332 non
2665 2284 2870 2330 terram
2905 2276 3215 2347 possidere,
3263 2277 3357 2333 sed
3383 2292 3494 2335 ce-

1907 2370 2039 2425 lum.
2074 2368 2240 2439 Magis
2265 2375 2445 2422 autem
2470 2365 2635 2439 (quod
2663 2365 2801 2421 caelo
2829 2366 3000 2420 multo
3027 2366 3222 2423 melius
3244 2367 3347 2439 est)
3371 2383 3494 2438 spe—

1910 2478 2094 2518 ramus
2120 2460 2354 2531 proximi
2384 2460 2495 2516 Deo
2541 2459 2869 2524 consistere,
2903 2459 2970 2513 ad
2999 2458 3174 2529 ipsum
3203 2466 3494 2528 paternum

1865 2612 1884 2623 ,,
1910 2556 2103 2613 solium
2124 2553 2426 2626 pervenire,
2440 2559 2497 2609 et
2517 2552 2826 2608 ministrare
2853 2550 2904 2606 ei
2930 2565 3052 2606 cum
3079 2550 3304 2622 angelis.
3335 2569 3355 2604 ›
3381 2549 3495 2606 Hoc

1909 2654 2092 2703 autem
2121 2644 2502 2708 sacerdotium,
2531 2659 2630 2713 per
2656 2642 2799 2712 quod
2837 2642 2977 2696 hanc
3005 2639 3232 2712 gloriam
3276 2654 3495 2710 posses-

1911 2743 2025 2798 suri
2051 2757 2257 2807 sumus,
2284 2756 2393 2796 non
2421 2739 2526 2794 erit
2553 2739 2669 2795 sine
2689 2737 3061 2809 jurejurando,
3083 2744 3144 2791 ut
3162 2735 3374 2793 ﬁrmam
3398 2735 3498 2792 Dei

1911 2833 2326 2907 promissionem
2370 2830 2677 2895 credamus,
2722 2829 2846 2898 quia
2888 2828 3006 2883 hazc
3046 2827 3228 2883 omnia
3258 2826 3414 2884 nobis
3440 2827 3497 2882 iu

1912 2925 2051 2981 Filio
2077 2924 2297 2996 proprio
2319 2922 2587 2994 promisit,
2620 2936 2780 2990 quem
2803 2934 2903 2988 pro
2929 2919 3085 2974 nobis
3111 2918 3363 2975 omnibus
3380 2925 3496 2973 tra-

1917 3016 2073 3081 didit,
2101 3024 2163 3070 ut
2203 3030 2302 3085 per
2345 3029 2468 3070 eum
2502 3014 2619 3068 haec
2644 3011 2824 3066 omnia
2858 3008 3071 3081 [SuppL
3106 3009 3262 3078 forte,
3294 3010 3496 3085 habea-

1917 3105 2082 3178 mus],
2111 3106 2177 3161 de
2205 3084 2312 3175 quo
2340 3090 2545 3160 dictum
2564 3110 2685 3158 est:
2717 3100 2794 3154 Tu
2819 3116 2871 3154 es
2897 3099 3140 3155 sacerdos
3170 3100 3226 3155 in
3247 3084 3498 3155 internum

1842 3182 1891 3248 Ο
1918 3195 2203 3253 secundum
2227 3193 2462 3249 ordinem
2487 3190 2885 3246 Melchisedech.

1985 3298 2147 3353 Vens.
2177 3291 2528 3349 22-24.-—-In
2556 3301 2758 3345 tantum
2781 3290 3009 3345 melioris
3029 3291 3323 3346 testamenti
3344 3307 3500 3361 spon-

1913 3411 2003 3449 sor
2028 3392 2197 3463 factus
2226 3398 2300 3445 est
2330 3388 2506 3444 Jesus.
2540 3384 2611 3440 Et
2639 3385 2732 3439 alii
2760 3384 2968 3455 quidem
3005 3383 3181 3456 plures
3216 3385 3343 3455 facti
3377 3394 3501 3440 sunt

1914 3484 2227 3545 sacerdotes,
2258 3480 2453 3535 idcirco
2487 3477 2628 3549 quod
2663 3486 2829 3531 morte
2859 3476 3260 3547 prohiberentur
3295 3495 3502 3549 perma-

1916 3586 2071 3629 nere:
2109 3572 2194 3626 hic
2216 3579 2391 3624 autem
2414 3585 2497 3634 eo,
2527 3567 2668 3638 quod
2693 3577 2904 3622 maneat
2930 3569 2987 3622 in
3011 3577 3284 3633 internum,
3314 3571 3503 3642 sempi-

1916 3676 2120 3721 ternum
2147 3663 2300 3718 habet
2327 3661 2699 3717 sacerdotium.
2736 3679 2755 3712 ε
2801 3660 2946 3717 Duas
2968 3661 3121 3731 ponit
3147 3662 3499 3729 differentias,

1915 3759 2043 3830 quia
2067 3772 2174 3813 non
2202 3756 2364 3813 habet
2384 3753 2549 3809 ﬁnem
2576 3754 2833 3810 sacerdos
2870 3762 3054 3810 noster
3070 3793 3087 3820 ,
3119 3755 3263 3811 sicut
3288 3756 3498 3827 legalis.

1915 3848 2031 3903 Hoc
2059 3853 2241 3900 autem
2286 3842 2417 3896 facit
2460 3857 2526 3895 ex
2572 3856 2803 3909 persona
2833 3841 3052 3907 Christi,
3092 3844 3183 3912 qui
3213 3845 3500 3914 ingressus,

1918 3935 2120 4005 inquit,
2165 3930 2449 3986 secundum
2474 3931 2711 3983 virtutem
2750 3931 2866 3991 uitis
2890 3930 3205 3986 insolubilis.
3240 3950 3260 3984 ι
3291 3932 3361 3987 Ει
3396 3934 3500 3991 hoc

207 4041 324 4105 sti;
365 4037 503 4108 quia
536 4035 667 4091 illud
694 4037 928 4100 carnale,
960 4037 1063 4091 hoc
1082 4051 1210 4091 vero
1230 4033 1504 4104 spiritale;
1528 4031 1659 4086 illud
1682 4040 1818 4086 tem-
1911 4024 2264 4096 jurejurando
2292 4028 2552 4087 testatur,
2602 4021 2743 4076 sicut
2779 4036 2942 4092 supra
2970 4022 3170 4078 dictum
3210 4033 3313 4080 est.
3349 4024 3504 4081 Sicut

207 4129 441 4204 porale,
466 4128 571 4184 hoc
596 4142 726 4183 vero
753 4135 1016 4182 aeternum
1042 4134 1146 4182 est.
1187 4125 1327 4181 Dicit
1350 4125 1494 4179 enim
1529 4124 1596 4178 de
1639 4136 1819 4178 sacer-

1915 4117 2007 4172 ille
2034 4122 2337 4185 permanet,
2365 4115 2441 4170 ita
2467 4114 2629 4169 etiam
2656 4123 2712 4170 et
2728 4115 2816 4169 lex
2838 4130 2999 4184 quam
3028 4117 3227 4184 attulit,
3249 4134 3501 4190 perman-

207 4221 375 4279 dotio
402 4219 626 4274 Aaron:
657 4217 943 4273 secundum
968 4216 1129 4290 legem
1166 4215 1403 4271 mandati
1431 4213 1678 4269 carnalis.
1704 4213 1816 4268 Lex
1916 4222 2044 4263 sura
2070 4215 2191 4272 est;
2235 4206 2289 4259 in
2319 4221 2425 4276 qua
2452 4215 2537 4261 est
2577 4221 2708 4262 vera
2755 4214 3100 4276 peccatorum
3132 4209 3381 4265 remissio
3399 4250 3415 4276 ,
3446 4219 3503 4266 et

208 4313 434 4385 quippe
456 4310 549 4365 illa
574 4324 641 4364 ex
669 4309 835 4365 multa
854 4318 1010 4379 parte
1039 4308 1273 4365 carnalis
1299 4316 1455 4373 erat;
1494 4306 1546 4361 in
1579 4306 1815 4361 circum-
1915 4304 2188 4367 perpetua:
2213 4297 2489 4367 perceptio
2516 4297 2722 4364 gratiae.
2761 4315 2779 4346 ι
2814 4294 2871 4350 Si
2905 4298 3050 4352 enim
3080 4298 3169 4352 illa
3197 4300 3347 4370 prior
3374 4317 3501 4373 pro-

204 4405 441 4461 cisione
470 4403 679 4468 carnis,
713 4402 767 4457 in
798 4402 1146 4458 mundatione
1195 4401 1404 4467 carnis,
1445 4401 1501 4456 in
1538 4399 1731 4456 hostiis
1760 4407 1815 4454 et
1916 4398 2035 4461 ριετ
2066 4390 2489 4447 imbecillitatem
2516 4391 2617 4455 sui,
2649 4406 2770 4460 qua:
2798 4389 2933 4445 nihil
2963 4392 3031 4446 ad
3059 4391 3359 4461 perfectum
3395 4395 3497 4450 du-

204 4492 599 4551 oblationibus
625 4493 948 4558 carnalibus,
976 4494 1031 4547 in
1061 4492 1384 4549 discretione
1410 4492 1673 4557 ciborum,
1701 4490 1816 4546 die-
1837 4531 1893 4593 υ
1916 4498 2041 4540 cere
2067 4482 2322 4554 potuerit,
2351 4482 2568 4537 exclusa
2597 4490 2698 4547 est,
2744 4482 2849 4537 ista
2879 4497 3038 4548 vero,
3071 4499 3233 4553 quam
3258 4486 3500 4556 pontifex

204 4602 367 4654 mm,
413 4592 742 4654 temporum,
771 4586 936 4640 etiam
954 4594 1011 4640 ει
1037 4587 1090 4641 in
1115 4585 1486 4651 retributione,
1509 4586 1704 4655 quibus
1723 4585 1816 4639 be.
1837 4572 1891 4593 "
1916 4588 2142 4644 magnus
2171 4573 2371 4637 attulit,
2399 4572 2562 4637 valet,
2596 4580 2652 4627 et
2676 4572 2834 4629 fortis
2857 4581 2961 4639 est,
2990 4584 3048 4629 et
3077 4584 3278 4631 manet.
3307 4576 3500 4634 Osten-

200 4675 632 4736 nefacientibus
653 4682 707 4731 et
726 4675 901 4747 legem
922 4677 1350 4732 custodientibus
1367 4692 1473 4747 pax
1487 4683 1544 4730 et
1556 4676 1808 4731 securitas

1915 4663 1995 4718 dit
2034 4672 2215 4718 autem
2262 4665 2369 4718 hoc
2410 4678 2478 4718 ex
2510 4662 2785 4733 pontifice.
2830 4663 3152 4730 Quomodo?
3190 4666 3325 4735 Quia
3360 4686 3501 4726 unus

199 4781 264 4828 ει
298 4768 655 4844 prosperitas
680 4776 737 4824 ει
762 4768 979 4842 frugum
1007 4770 1336 4827 abundantia
1372 4779 1430 4826 et
1452 4769 1603 4841 regni
1629 4777 1820 4839 ροιθιι-
1914 4761 2018 4810 est.
2067 4753 2186 4809 Non
2220 4753 2365 4809 enim
2409 4769 2550 4808 unus
2597 4761 2777 4820 esset,
2822 4754 2925 4809 nisi
2965 4765 3112 4812 esset
3157 4758 3496 4817 immortalis.

200 4863 286 4918 tia
334 4859 619 4933 promissa
658 4866 762 4925 est,
805 4875 926 4930 quae
954 4860 1135 4915 omnia
1180 4868 1353 4914 morte
1379 4858 1613 4914 finienda
1639 4865 1816 4913 erant.
1917 4846 2070 4904 Sicut
2109 4846 2255 4901 enim
2293 4844 2450 4899 mulli
2492 4845 2800 4900 sacerdotes
2846 4846 2901 4901 in
2944 4846 3062 4919 lege
3099 4848 3339 4917 fuerunt,
3370 4853 3497 4921 quia

198 4952 322 5011 Sed
354 4966 482 5007 non
510 4950 584 5003 ita
606 4951 967 5006 sacerdotium
986 4951 1207 5017 Christi,
1231 4951 1373 5022 quod
1396 4950 1691 5007 secundum
1712 4948 1822 5005 vir-
1917 4939 2174 4996 mortales
2203 4938 2421 4994 ΐιιθτιιηῐ
2437 4978 2453 5004 ν
2499 4938 2577 4994 Sic
2604 4955 2742 4995 unus
2759 4979 2773 5005 .
2814 4941 2939 5011 quia
2984 4942 3305 4999 immortalis
3327 4960 3499 5018 usque

197 5049 399 5098 tatem
432 5038 563 5093 vitae
592 5038 892 5095 insolubilis
916 5049 1018 5096 est.
1054 5059 1073 5091 ι
1118 5040 1248 5107 Quis
1292 5049 1375 5096 est
1417 5042 1523 5099 iste
1562 5042 1814 5097 sacerdos
1924 5031 2031 5088 hic.
2065 5030 2168 5099 QUi
2211 5031 2265 5085 in
2309 5036 2515 5084 tantum
2551 5030 2791 5087 melioris
2820 5033 3131 5088 ίθεῐδῑηθηιί
3167 5047 3394 5103 sponsor
3415 5035 3498 5094 Ῑει-

198 5135 343 5192 talis
364 5134 393 5187 ?
426 5129 552 5187 Non
574 5130 788 5197 Aaron;
814 5147 921 5187 non
952 5132 1066 5201 ipse
1096 5131 1506 5199 Melchisedech,
1529 5134 1698 5204 688
1726 5133 1819 5190 sed
1923 5133 2043 5180 ctus
2068 5131 2174 5188 est,
2207 5122 2497 5178 secundum
2521 5125 2663 5194 quod
2680 5122 2920 5197 iuratum
2946 5133 3031 5181 est
3058 5125 3124 5181 de
3152 5139 3218 5182 eo
3235 5166 3251 5194 ,
3282 5142 3498 5201 semper

196 5227 326 5293 ille,
360 5223 534 5294 cujus
562 5222 653 5277 ille
679 5222 1070 5278 Melchisedech
1095 5229 1283 5293 typum
1321 5224 1560 5294 gerebat.
1592 5222 1669 5278 De
1712 5240 1819 5293 quo
1922 5229 2048 5269 eum
2076 5228 2196 5268 esse
2228 5227 2543 5269 mansurum

196 5318 333 5391 ipse
365 5317 525 5371 Deus
551 5313 712 5369 Pater
724 5312 1073 5385 jurejurando
1096 5320 1358 5368 testatur:
1394 5311 1472 5366 Tu
1496 5330 1550 5367 es
1575 5314 1817 5368 sacerdos
1995 5324 2156 5379 γεκε,
2185 5320 2273 5378 25,
2304 5354 2375 5364 _
2404 5323 2552 5381 Unde
2579 5335 2629 5381 ει
2663 5326 2867 5382 salvam
2895 5314 2958 5382 ’δη
2984 5337 3289 5399 mmmam
3330 5338 3500 5403 pom,

194 5411 262 5465 in
306 5418 585 5464 (sternam
631 5404 919 5461 secundum
961 5405 1197 5459 ordinem
1244 5403 1641 5459 Melchisedech.
1704 5403 1821 5460 Hoc
1924 5415 2223 5470 accedentes
2245 5431 2338 5489 per
2361 5418 2691 5489 semetipsum
2719 5418 2787 5471 ad
2810 5417 3002 5485 Deum,
3029 5435 3230 5491 semper
3266 5422 3498 5478 vimad

195 5509 320 5565 est,
358 5509 486 5553 non
518 5496 850 5567 temporalis,
876 5511 1052 5567 neque
1078 5498 1239 5551 tinem
1255 5497 1481 5562 habens,
1513 5498 1606 5553 sed
1631 5512 1822 5553 secun-
1919 5505 2354 5577 interpellandum
2386 5524 2480 5579 pro
2520 5509 2613 5563 eis.
2649 5508 2879 5564 Intueris
2906 5510 3033 5579 quia
3076 5510 3145 5567 de
3179 5525 3247 5568 eo
3286 5512 3380 5582 qui
3405 5527 3498 5570 se-

194 5596 347 5652 dum
378 5593 691 5664 potentiam
717 5591 1014 5648 insolubilis
1038 5591 1200 5659 vitae;
1247 5611 1266 5644 ι
1305 5591 1474 5646 vitam
1496 5606 1626 5648 vero
1654 5592 1706 5647 in
1738 5607 1822 5648 se-
1923 5596 2155 5652 cundum
2195 5612 2413 5653 carnem
2451 5605 2533 5652 est
2561 5597 2665 5653 ista
2712 5597 2860 5653 dicit.
2910 5598 3133 5667 Quando
3168 5601 3314 5656 enim
3357 5600 3500 5660 sicut

193 5684 338 5757 ipso
362 5681 589 5739 habens
614 5682 973 5748 insolubilem,
995 5681 1242 5753 quamvis
1263 5683 1330 5737 ad
1349 5690 1559 5752 tempus
1576 5689 1823 5740 mortuus
1920 5686 2158 5758 pontifex
2201 5697 2304 5754 est,
2342 5696 2473 5742 tunc
2515 5687 2678 5742 etiam
2715 5687 3053 5759 interpellat;
3101 5709 3120 5743 ι
3155 5690 3281 5761 quia
3318 5705 3385 5746 ex
3430 5704 3497 5747 ea

193 5782 373 5834 esset
403 5785 619 5928 carne
660 5779 842 5828 tamen
987 5781 1246 5830 aeternum
1291 5772 1570 5837 divinitate
1595 5774 1728 5831 vivit
1766 5784 1823 5834 et
1922 5788 2113 5839 natura
2148 5794 2253 5851 qua
2280 5776 2520 5851 pontifex
2547 5786 2665 5847 est,
2713 5778 3022 5853 interpellat
3063 5796 3164 5852 pro
3202 5782 3334 5856 suis.
3362 5781 3497 5851 Quis

620 5885 844 5928 ATROL.
941 5913 957 5928 .
2982 5872 3061 5928 3h
3378 5856 3399 5868 ὦ

620 5885 844 5929 arnor"
888 5867 957 5931 C.

2982 5872 3061 5935 3h
3378 5856 3399 5868 ,ι
