  <div class='ocr_page' id='page_1' title='image "/cluster/home/n/w/nwhite01/storage/ocr_20150623/100/hvd.32044024239972/539.png"; bbox 0 0 4088 6330; ppageno 0'>
   <div class='ocr_carea' id='block_1_1' title="bbox 545 359 687 423">
    <p class='ocr_par' dir='ltr' id='par_1_1' title="bbox 545 359 687 423">
     <span class='ocr_line' id='line_1_1' title="bbox 545 359 687 423; baseline 0 0"><span class='ocrx_word' id='word_1_1' title='bbox 545 359 687 423; x_wconf 71' lang='grc'><strong>1067</strong></span> 
     </span>
    </p>
   </div>
   <div class='ocr_carea' id='block_1_2' title="bbox 1426 339 2994 408">
    <p class='ocr_par' dir='ltr' id='par_1_2' title="bbox 1426 339 2994 408">
     <span class='ocr_line' id='line_1_2' title="bbox 1426 339 2994 408; baseline -0.006 0"><span class='ocrx_word' id='word_1_2' title='bbox 1426 351 1490 408; x_wconf 78' lang='grc' dir='ltr'><strong>Β.</strong></span> <span class='ocrx_word' id='word_1_3' title='bbox 1528 351 1591 408; x_wconf 79' lang='lat' dir='ltr'><strong>F.</strong></span> <span class='ocrx_word' id='word_1_4' title='bbox 1630 347 1863 407; x_wconf 66' lang='grc' dir='ltr'>ω</span> <span class='ocrx_word' id='word_1_5' title='bbox 1897 346 2031 406; x_wconf 63' lang='grc' dir='ltr'>εει]</span> <span class='ocrx_word' id='word_1_6' title='bbox 2064 344 2343 404; x_wconf 81' lang='lat' dir='ltr'><strong>ALCUINI</strong></span> <span class='ocrx_word' id='word_1_7' title='bbox 2390 341 2680 404; x_wconf 64' lang='lat' dir='ltr'><strong>OPERIN</strong></span> <span class='ocrx_word' id='word_1_8' title='bbox 2712 339 2894 403; x_wconf 71' lang='lat' dir='ltr'><strong>PARS</strong></span> <span class='ocrx_word' id='word_1_9' title='bbox 2926 340 2994 399; x_wconf 84' lang='lat' dir='ltr'><strong>ll.</strong></span> 
     </span>
    </p>
   </div>
   <div class='ocr_carea' id='block_1_3' title="bbox 548 458 3851 544">
    <p class='ocr_par' dir='ltr' id='par_1_3' title="bbox 548 458 3851 544">
     <span class='ocr_line' id='line_1_3' title="bbox 548 458 3851 544; baseline -0.01 -11"><span class='ocrx_word' id='word_1_10' title='bbox 548 483 635 535; x_wconf 90' lang='lat' dir='ltr'><strong>est</strong></span> <span class='ocrx_word' id='word_1_11' title='bbox 676 471 770 544; x_wconf 87' lang='lat' dir='ltr'><strong>qui</strong></span> <span class='ocrx_word' id='word_1_12' title='bbox 815 465 1152 541; x_wconf 77' lang='lat' dir='ltr'><strong>interpolat,</strong></span> <span class='ocrx_word' id='word_1_13' title='bbox 1202 463 1308 521; x_wconf 87' lang='lat' dir='ltr'><strong>nisi</strong></span> <span class='ocrx_word' id='word_1_14' title='bbox 1348 464 1601 520; x_wconf 76' lang='lat' dir='ltr'><strong>humana:</strong></span> <span class='ocrx_word' id='word_1_15' title='bbox 1630 470 1840 519; x_wconf 69' lang='lat' dir='ltr'><strong>natura:</strong></span> <span class='ocrx_word' id='word_1_16' title='bbox 1867 458 2135 518; x_wconf 71' lang='lat' dir='ltr'><strong>divinitati</strong></span> <span class='ocrx_word' id='word_1_17' title='bbox 2160 460 2220 526; x_wconf 73' lang='grc' dir='ltr'><strong>Α</strong></span> <span class='ocrx_word' id='word_1_18' title='bbox 2238 470 2432 517; x_wconf 72' lang='lat' dir='ltr'><strong>cuntur</strong></span> <span class='ocrx_word' id='word_1_19' title='bbox 2449 474 2469 513; x_wconf 89' lang='lat'><strong>:</strong></span> <span class='ocrx_word' id='word_1_20' title='bbox 2511 459 2693 517; x_wconf 67' lang='lat' dir='ltr'><strong>Talem</strong></span> <span class='ocrx_word' id='word_1_21' title='bbox 2714 458 2966 515; x_wconf 71' lang='lat' dir='ltr'><strong>habemus</strong></span> <span class='ocrx_word' id='word_1_22' title='bbox 2992 458 3313 544; x_wconf 58' lang='lat' dir='ltr'><strong>W,</strong></span> <span class='ocrx_word' id='word_1_23' title='bbox 3347 458 3443 533; x_wconf 69' lang='grc' dir='ltr'><strong>(μί</strong></span> <span class='ocrx_word' id='word_1_24' title='bbox 3464 476 3590 520; x_wconf 65' lang='grc' dir='ltr'><strong>ο..</strong></span> <span class='ocrx_word' id='word_1_25' title='bbox 3611 461 3764 523; x_wconf 58' lang='grc' dir='ltr'><strong>αα</strong></span> <span class='ocrx_word' id='word_1_26' title='bbox 3788 466 3851 522; x_wconf 65' lang='grc' dir='ltr'><strong>ε,</strong></span> 
     </span>
    </p>
   </div>
   <div class='ocr_carea' id='block_1_4' title="bbox 550 554 2141 631">
    <p class='ocr_par' dir='ltr' id='par_1_4' title="bbox 550 554 2141 631">
     <span class='ocr_line' id='line_1_4' title="bbox 550 554 2141 631; baseline -0.009 -10"><span class='ocrx_word' id='word_1_27' title='bbox 550 564 698 622; x_wconf 87' lang='lat' dir='ltr'><strong>illius</strong></span> <span class='ocrx_word' id='word_1_28' title='bbox 722 560 1052 631; x_wconf 89' lang='lat' dir='ltr'><strong>conjunctio,</strong></span> <span class='ocrx_word' id='word_1_29' title='bbox 1075 572 1235 628; x_wconf 79' lang='lat' dir='ltr'><strong>quam</strong></span> <span class='ocrx_word' id='word_1_30' title='bbox 1253 562 1482 627; x_wconf 84' lang='lat' dir='ltr'><strong>paterno</strong></span> <span class='ocrx_word' id='word_1_31' title='bbox 1502 554 1639 610; x_wconf 88' lang='lat' dir='ltr'><strong>solio</strong></span> <span class='ocrx_word' id='word_1_32' title='bbox 1656 554 1895 621; x_wconf 79' lang='lat' dir='ltr'><strong>advexit,</strong></span> <span class='ocrx_word' id='word_1_33' title='bbox 1923 566 2141 625; x_wconf 81' lang='lat' dir='ltr'><strong>semper</strong></span> 
     </span>
    </p>
   </div>
   <div class='ocr_carea' id='block_1_5' title="bbox 551 643 2138 716">
    <p class='ocr_par' dir='ltr' id='par_1_5' title="bbox 551 643 2138 716">
     <span class='ocr_line' id='line_1_5' title="bbox 551 643 2138 716; baseline -0.006 -5"><span class='ocrx_word' id='word_1_34' title='bbox 551 654 710 710; x_wconf 83' lang='lat' dir='ltr'><strong>vivus</strong></span> <span class='ocrx_word' id='word_1_35' title='bbox 732 659 791 709; x_wconf 91' lang='lat' dir='ltr'><strong>et</strong></span> <span class='ocrx_word' id='word_1_36' title='bbox 817 652 883 708; x_wconf 80' lang='lat' dir='ltr'><strong>ad</strong></span> <span class='ocrx_word' id='word_1_37' title='bbox 922 648 1235 708; x_wconf 83' lang='lat' dir='ltr'><strong>salvandum</strong></span> <span class='ocrx_word' id='word_1_38' title='bbox 1272 646 1518 702; x_wconf 87' lang='lat' dir='ltr'><strong>idoneus.</strong></span> <span class='ocrx_word' id='word_1_39' title='bbox 1547 644 1655 701; x_wconf 77' lang='lat' dir='ltr'><strong>Alii</strong></span> <span class='ocrx_word' id='word_1_40' title='bbox 1677 660 1809 701; x_wconf 82' lang='lat' dir='ltr'><strong>vero</strong></span> <span class='ocrx_word' id='word_1_41' title='bbox 1835 643 2138 716; x_wconf 86' lang='lat' dir='ltr'><strong>pontiﬁces,</strong></span> 
     </span>
    </p>
   </div>
   <div class='ocr_carea' id='block_1_6' title="bbox 553 742 2136 825">
    <p class='ocr_par' dir='ltr' id='par_1_6' title="bbox 553 742 2136 825">
     <span class='ocr_line' id='line_1_6' title="bbox 553 742 2136 825; baseline -0.006 -17"><span class='ocrx_word' id='word_1_42' title='bbox 553 751 683 825; x_wconf 86' lang='lat' dir='ltr'><strong>quia</strong></span> <span class='ocrx_word' id='word_1_43' title='bbox 708 764 922 821; x_wconf 89' lang='lat' dir='ltr'><strong>semper</strong></span> <span class='ocrx_word' id='word_1_44' title='bbox 943 763 1055 803; x_wconf 89' lang='lat' dir='ltr'><strong>non</strong></span> <span class='ocrx_word' id='word_1_45' title='bbox 1076 752 1257 812; x_wconf 90' lang='lat' dir='ltr'><strong>erant,</strong></span> <span class='ocrx_word' id='word_1_46' title='bbox 1296 759 1514 817; x_wconf 82' lang='lat' dir='ltr'><strong>semper</strong></span> <span class='ocrx_word' id='word_1_47' title='bbox 1551 759 1661 800; x_wconf 87' lang='lat' dir='ltr'><strong>non</strong></span> <span class='ocrx_word' id='word_1_48' title='bbox 1700 742 2136 815; x_wconf 61' lang='lat' dir='ltr'><strong>interpellabat.</strong></span> 
     </span>
    </p>
   </div>
   <div class='ocr_carea' id='block_1_7' title="bbox 553 832 2143 904">
    <p class='ocr_par' dir='ltr' id='par_1_7' title="bbox 553 832 2143 904">
     <span class='ocr_line' id='line_1_7' title="bbox 553 832 2143 904; baseline -0.009 -3"><span class='ocrx_word' id='word_1_49' title='bbox 553 842 677 901; x_wconf 82' lang='lat' dir='ltr'><strong>Non</strong></span> <span class='ocrx_word' id='word_1_50' title='bbox 717 840 890 898; x_wconf 85' lang='lat' dir='ltr'><strong>solum</strong></span> <span class='ocrx_word' id='word_1_51' title='bbox 932 836 989 892; x_wconf 88' lang='lat' dir='ltr'><strong>in</strong></span> <span class='ocrx_word' id='word_1_52' title='bbox 1033 836 1137 891; x_wconf 83' lang='lat' dir='ltr'><strong>hac</strong></span> <span class='ocrx_word' id='word_1_53' title='bbox 1161 834 1275 890; x_wconf 83' lang='lat' dir='ltr'><strong>vita</strong></span> <span class='ocrx_word' id='word_1_54' title='bbox 1307 833 1481 889; x_wconf 75' lang='lat' dir='ltr'><strong>salvat</strong></span> <span class='ocrx_word' id='word_1_55' title='bbox 1514 848 1615 904; x_wconf 89' lang='lat' dir='ltr'><strong>per</strong></span> <span class='ocrx_word' id='word_1_56' title='bbox 1653 832 2143 904; x_wconf 72' lang='lat' dir='ltr'><strong>interpellationem</strong></span> 
     </span>
    </p>
   </div>
   <div class='ocr_carea' id='block_1_8' title="bbox 553 926 2141 997">
    <p class='ocr_par' dir='ltr' id='par_1_8' title="bbox 553 926 2141 997">
     <span class='ocr_line' id='line_1_8' title="bbox 553 926 2141 997; baseline -0.007 -4"><span class='ocrx_word' id='word_1_57' title='bbox 553 931 907 992; x_wconf 67' lang='lat' dir='ltr'><strong>humanitatis</strong></span> <span class='ocrx_word' id='word_1_58' title='bbox 943 943 1054 984; x_wconf 70' lang='lat' dir='ltr'><strong>sua:</strong></span> <span class='ocrx_word' id='word_1_59' title='bbox 1075 969 1090 994; x_wconf 93' lang='lat'><strong>,</strong></span> <span class='ocrx_word' id='word_1_60' title='bbox 1129 926 1225 983; x_wconf 86' lang='lat' dir='ltr'><strong>sed</strong></span> <span class='ocrx_word' id='word_1_61' title='bbox 1271 927 1435 983; x_wconf 88' lang='lat' dir='ltr'><strong>etiam</strong></span> <span class='ocrx_word' id='word_1_62' title='bbox 1466 926 1522 982; x_wconf 84' lang='lat' dir='ltr'><strong>in</strong></span> <span class='ocrx_word' id='word_1_63' title='bbox 1567 926 1809 982; x_wconf 78' lang='lat' dir='ltr'><strong>futurum</strong></span> <span class='ocrx_word' id='word_1_64' title='bbox 1838 926 2105 997; x_wconf 79' lang='lat' dir='ltr'><strong>gloriﬁcat</strong></span> <span class='ocrx_word' id='word_1_65' title='bbox 2124 966 2141 995; x_wconf 89' lang='lat'><strong>,</strong></span> 
     </span>
    </p>
   </div>
   <div class='ocr_carea' id='block_1_9' title="bbox 558 1017 2145 1093">
    <p class='ocr_par' dir='ltr' id='par_1_9' title="bbox 558 1017 2145 1093">
     <span class='ocr_line' id='line_1_9' title="bbox 558 1017 2145 1093; baseline -0.005 -11"><span class='ocrx_word' id='word_1_66' title='bbox 558 1028 689 1083; x_wconf 85' lang='lat' dir='ltr'><strong>dum</strong></span> <span class='ocrx_word' id='word_1_67' title='bbox 716 1021 898 1079; x_wconf 78' lang='lat' dir='ltr'><strong>tradet</strong></span> <span class='ocrx_word' id='word_1_68' title='bbox 933 1033 1159 1093; x_wconf 87' lang='lat' dir='ltr'><strong>regnum</strong></span> <span class='ocrx_word' id='word_1_69' title='bbox 1193 1019 1306 1075; x_wconf 82' lang='lat' dir='ltr'><strong>Deo</strong></span> <span class='ocrx_word' id='word_1_70' title='bbox 1346 1017 1497 1074; x_wconf 73' lang='lat' dir='ltr'><strong>Patri</strong></span> <span class='ocrx_word' id='word_1_71' title='bbox 1518 1059 1532 1085; x_wconf 91' lang='lat'><strong>,</strong></span> <span class='ocrx_word' id='word_1_72' title='bbox 1561 1026 1618 1075; x_wconf 85' lang='lat' dir='ltr'><strong>et</strong></span> <span class='ocrx_word' id='word_1_73' title='bbox 1642 1018 1905 1089; x_wconf 67' lang='lat' dir='ltr'><strong>perducet</strong></span> <span class='ocrx_word' id='word_1_74' title='bbox 1928 1026 2145 1074; x_wconf 73' lang='lat' dir='ltr'><strong>motos</strong></span> 
     </span>
    </p>
   </div>
   <div class='ocr_carea' id='block_1_10' title="bbox 558 1109 2147 1186">
    <p class='ocr_par' dir='ltr' id='par_1_10' title="bbox 558 1109 2147 1186">
     <span class='ocr_line' id='line_1_10' title="bbox 558 1109 2147 1186; baseline -0.005 -12"><span class='ocrx_word' id='word_1_75' title='bbox 558 1117 629 1174; x_wconf 90' lang='lat' dir='ltr'><strong>ad</strong></span> <span class='ocrx_word' id='word_1_76' title='bbox 668 1116 932 1172; x_wconf 81' lang='lat' dir='ltr'><strong>visionem</strong></span> <span class='ocrx_word' id='word_1_77' title='bbox 969 1122 1211 1186; x_wconf 67' lang='lat' dir='ltr'><strong>paternae</strong></span> <span class='ocrx_word' id='word_1_78' title='bbox 1243 1109 1564 1181; x_wconf 66' lang='lat' dir='ltr'><strong>maiestatis.</strong></span> <span class='ocrx_word' id='word_1_79' title='bbox 1596 1110 1783 1184; x_wconf 67' lang='lat' dir='ltr'><strong>(Vens.</strong></span> <span class='ocrx_word' id='word_1_80' title='bbox 1835 1110 1955 1183; x_wconf 56' lang='lat' dir='ltr'><strong>ﬂ.)</strong></span> <span class='ocrx_word' id='word_1_81' title='bbox 1999 1109 2147 1166; x_wconf 81' lang='lat' dir='ltr'><strong>Talis</strong></span> 
     </span>
    </p>
   </div>
   <div class='ocr_carea' id='block_1_11' title="bbox 554 1201 2144 1273">
    <p class='ocr_par' dir='ltr' id='par_1_11' title="bbox 554 1201 2144 1273">
     <span class='ocr_line' id='line_1_11' title="bbox 554 1201 2144 1273; baseline -0.006 -10"><span class='ocrx_word' id='word_1_82' title='bbox 554 1207 695 1264; x_wconf 75' lang='lat' dir='ltr'><strong>enim</strong></span> <span class='ocrx_word' id='word_1_83' title='bbox 715 1206 948 1271; x_wconf 78' lang='lat' dir='ltr'><strong>decebat,</strong></span> <span class='ocrx_word' id='word_1_84' title='bbox 976 1212 1037 1258; x_wconf 86' lang='lat' dir='ltr'><strong>ut</strong></span> <span class='ocrx_word' id='word_1_85' title='bbox 1064 1203 1211 1258; x_wconf 85' lang='lat' dir='ltr'><strong>nobis</strong></span> <span class='ocrx_word' id='word_1_86' title='bbox 1244 1209 1377 1257; x_wconf 79' lang='lat' dir='ltr'><strong>esset</strong></span> <span class='ocrx_word' id='word_1_87' title='bbox 1409 1201 1666 1273; x_wconf 70' lang='lat' dir='ltr'><strong>pontifex,</strong></span> <span class='ocrx_word' id='word_1_88' title='bbox 1697 1207 1912 1256; x_wconf 76' lang='lat' dir='ltr'><strong>sanctus</strong></span> <span class='ocrx_word' id='word_1_89' title='bbox 1935 1240 1951 1266; x_wconf 91' lang='lat'><strong>,</strong></span> <span class='ocrx_word' id='word_1_90' title='bbox 1986 1201 2144 1255; x_wconf 76' lang='lat' dir='ltr'><strong>inno-</strong></span> 
     </span>
    </p>
   </div>
   <div class='ocr_carea' id='block_1_12' title="bbox 555 1290 2144 1371">
    <p class='ocr_par' dir='ltr' id='par_1_12' title="bbox 555 1290 2144 1371">
     <span class='ocr_line' id='line_1_12' title="bbox 555 1290 2144 1371; baseline -0.006 -16"><span class='ocrx_word' id='word_1_91' title='bbox 555 1316 701 1365; x_wconf 87' lang='lat' dir='ltr'><strong>cens,</strong></span> <span class='ocrx_word' id='word_1_92' title='bbox 731 1297 1057 1371; x_wconf 74' lang='lat' dir='ltr'><strong>impollutus,</strong></span> <span class='ocrx_word' id='word_1_93' title='bbox 1087 1303 1387 1367; x_wconf 82' lang='lat' dir='ltr'><strong>segregatus</strong></span> <span class='ocrx_word' id='word_1_94' title='bbox 1413 1311 1447 1348; x_wconf 88' lang='lat' dir='ltr'><strong>a</strong></span> <span class='ocrx_word' id='word_1_95' title='bbox 1467 1294 1848 1365; x_wconf 82' lang='lat' dir='ltr'><strong>peccatoribus,</strong></span> <span class='ocrx_word' id='word_1_96' title='bbox 1887 1300 1937 1347; x_wconf 89' lang='lat' dir='ltr'><strong>ct</strong></span> <span class='ocrx_word' id='word_1_97' title='bbox 1972 1290 2144 1347; x_wconf 72' lang='lat' dir='ltr'><strong>excel-</strong></span> 
     </span>
    </p>
   </div>
   <div class='ocr_carea' id='block_1_13' title="bbox 555 1382 2147 1461">
    <p class='ocr_par' dir='ltr' id='par_1_13' title="bbox 555 1382 2147 1461">
     <span class='ocr_line' id='line_1_13' title="bbox 555 1382 2147 1461; baseline -0.006 -16"><span class='ocrx_word' id='word_1_98' title='bbox 555 1388 670 1446; x_wconf 88' lang='lat' dir='ltr'><strong>sior</strong></span> <span class='ocrx_word' id='word_1_99' title='bbox 691 1388 829 1445; x_wconf 65' lang='lat' dir='ltr'><strong>culis</strong></span> <span class='ocrx_word' id='word_1_100' title='bbox 874 1389 1065 1461; x_wconf 85' lang='lat' dir='ltr'><strong>factus.</strong></span> <span class='ocrx_word' id='word_1_101' title='bbox 1102 1386 1249 1443; x_wconf 85' lang='lat' dir='ltr'><strong>Talis</strong></span> <span class='ocrx_word' id='word_1_102' title='bbox 1275 1385 1441 1442; x_wconf 86' lang='lat' dir='ltr'><strong>etiam</strong></span> <span class='ocrx_word' id='word_1_103' title='bbox 1471 1384 1580 1441; x_wconf 77' lang='lat' dir='ltr'><strong>illis</strong></span> <span class='ocrx_word' id='word_1_104' title='bbox 1604 1384 1788 1441; x_wconf 84' lang='lat' dir='ltr'><strong>decuit</strong></span> <span class='ocrx_word' id='word_1_105' title='bbox 1823 1398 1943 1439; x_wconf 88' lang='lat' dir='ltr'><strong>esse</strong></span> <span class='ocrx_word' id='word_1_106' title='bbox 1967 1382 2147 1454; x_wconf 90' lang='lat' dir='ltr'><strong>ponti-</strong></span> 
     </span>
    </p>
   </div>
   <div class='ocr_carea' id='block_1_14' title="bbox 557 1476 2149 1553">
    <p class='ocr_par' dir='ltr' id='par_1_14' title="bbox 557 1476 2149 1553">
     <span class='ocr_line' id='line_1_14' title="bbox 557 1476 2149 1553; baseline -0.007 -14"><span class='ocrx_word' id='word_1_107' title='bbox 557 1481 673 1549; x_wconf 81' lang='lat' dir='ltr'><strong>fex,</strong></span> <span class='ocrx_word' id='word_1_108' title='bbox 703 1480 774 1538; x_wconf 89' lang='lat' dir='ltr'><strong>de</strong></span> <span class='ocrx_word' id='word_1_109' title='bbox 798 1481 992 1552; x_wconf 83' lang='lat' dir='ltr'><strong>quibus</strong></span> <span class='ocrx_word' id='word_1_110' title='bbox 1022 1481 1139 1553; x_wconf 88' lang='lat' dir='ltr'><strong>ipse</strong></span> <span class='ocrx_word' id='word_1_111' title='bbox 1172 1479 1287 1534; x_wconf 85' lang='lat' dir='ltr'><strong>ait:</strong></span> <span class='ocrx_word' id='word_1_112' title='bbox 1329 1477 1455 1532; x_wconf 73' lang='lat' dir='ltr'><strong>lam</strong></span> <span class='ocrx_word' id='word_1_113' title='bbox 1494 1493 1600 1532; x_wconf 80' lang='lat' dir='ltr'><strong>non</strong></span> <span class='ocrx_word' id='word_1_114' title='bbox 1641 1476 1815 1530; x_wconf 82' lang='lat' dir='ltr'><strong>dicam</strong></span> <span class='ocrx_word' id='word_1_115' title='bbox 1849 1490 1937 1530; x_wconf 80' lang='lat' dir='ltr'><strong>vos</strong></span> <span class='ocrx_word' id='word_1_116' title='bbox 1971 1488 2149 1529; x_wconf 74' lang='lat' dir='ltr'><strong>servos</strong></span> 
     </span>
    </p>
   </div>
   <div class='ocr_carea' id='block_1_15' title="bbox 556 1568 2149 1648">
    <p class='ocr_par' dir='ltr' id='par_1_15' title="bbox 556 1568 2149 1648">
     <span class='ocr_line' id='line_1_15' title="bbox 556 1568 2149 1648; baseline -0.004 -16"><span class='ocrx_word' id='word_1_117' title='bbox 556 1575 651 1634; x_wconf 87' lang='lat' dir='ltr'><strong>sed</strong></span> <span class='ocrx_word' id='word_1_118' title='bbox 675 1578 904 1644; x_wconf 86' lang='lat' dir='ltr'><strong>amicos,</strong></span> <span class='ocrx_word' id='word_1_119' title='bbox 949 1576 1074 1648; x_wconf 86' lang='lat' dir='ltr'><strong>quia</strong></span> <span class='ocrx_word' id='word_1_120' title='bbox 1120 1575 1293 1630; x_wconf 85' lang='lat' dir='ltr'><strong>omnia</strong></span> <span class='ocrx_word' id='word_1_121' title='bbox 1321 1590 1644 1647; x_wconf 62' lang='lat' dir='ltr'><strong>quaecunque</strong></span> <span class='ocrx_word' id='word_1_122' title='bbox 1683 1571 1861 1627; x_wconf 83' lang='lat' dir='ltr'><strong>audivi</strong></span> <span class='ocrx_word' id='word_1_123' title='bbox 1905 1588 1941 1626; x_wconf 78' lang='grc' dir='ltr'><em>α</em></span> <span class='ocrx_word' id='word_1_124' title='bbox 1985 1568 2149 1625; x_wconf 80' lang='lat' dir='ltr'><strong>Patre</strong></span> 
     </span>
    </p>
   </div>
   <div class='ocr_carea' id='block_1_16' title="bbox 556 1662 2153 1741">
    <p class='ocr_par' dir='ltr' id='par_1_16' title="bbox 556 1662 2153 1741">
     <span class='ocr_line' id='line_1_16' title="bbox 556 1662 2153 1741; baseline -0.005 -15"><span class='ocrx_word' id='word_1_125' title='bbox 556 1686 695 1737; x_wconf 84' lang='lat' dir='ltr'><strong>meo,</strong></span> <span class='ocrx_word' id='word_1_126' title='bbox 731 1678 856 1725; x_wconf 85' lang='lat' dir='ltr'><strong>nota</strong></span> <span class='ocrx_word' id='word_1_127' title='bbox 886 1669 985 1739; x_wconf 86' lang='lat' dir='ltr'><strong>feci</strong></span> <span class='ocrx_word' id='word_1_128' title='bbox 1017 1668 1156 1723; x_wconf 82' lang='lat' dir='ltr'><strong>vobis</strong></span> <span class='ocrx_word' id='word_1_129' title='bbox 1195 1667 1376 1741; x_wconf 83' lang='lat' dir='ltr'><strong>(Ioan.</strong></span> <span class='ocrx_word' id='word_1_130' title='bbox 1424 1682 1517 1732; x_wconf 87' lang='lat' dir='ltr'><strong>xv,</strong></span> <span class='ocrx_word' id='word_1_131' title='bbox 1566 1662 1677 1738; x_wconf 75' lang='grc'><strong>15).</strong></span> <span class='ocrx_word' id='word_1_132' title='bbox 1710 1662 1975 1719; x_wconf 66' lang='lat' dir='ltr'><strong>Videlicet</strong></span> <span class='ocrx_word' id='word_1_133' title='bbox 2003 1662 2153 1719; x_wconf 80' lang='lat' dir='ltr'><strong>servi</strong></span> 
     </span>
    </p>
   </div>
   <div class='ocr_carea' id='block_1_17' title="bbox 557 1754 2143 1832">
    <p class='ocr_par' dir='ltr' id='par_1_17' title="bbox 557 1754 2143 1832">
     <span class='ocr_line' id='line_1_17' title="bbox 557 1754 2143 1832; baseline -0.003 -17"><span class='ocrx_word' id='word_1_134' title='bbox 557 1758 776 1832; x_wconf 81' lang='lat' dir='ltr'><strong>legales,</strong></span> <span class='ocrx_word' id='word_1_135' title='bbox 825 1757 1106 1832; x_wconf 89' lang='lat' dir='ltr'><strong>pontiﬁces</strong></span> <span class='ocrx_word' id='word_1_136' title='bbox 1150 1758 1457 1813; x_wconf 84' lang='lat' dir='ltr'><strong>habuerunt</strong></span> <span class='ocrx_word' id='word_1_137' title='bbox 1490 1754 1769 1821; x_wconf 84' lang='lat' dir='ltr'><strong>mortales,</strong></span> <span class='ocrx_word' id='word_1_138' title='bbox 1806 1762 2143 1826; x_wconf 82' lang='lat' dir='ltr'><strong>peccatores,</strong></span> 
     </span>
    </p>
   </div>
   <div class='ocr_carea' id='block_1_18' title="bbox 2243 550 3845 625">
    <p class='ocr_par' dir='ltr' id='par_1_18' title="bbox 2243 550 3845 625">
     <span class='ocr_line' id='line_1_18' title="bbox 2243 550 3845 625; baseline 0.001 -16"><span class='ocrx_word' id='word_1_139' title='bbox 2243 554 2462 611; x_wconf 62' lang='lat' dir='ltr'><strong>dextera</strong></span> <span class='ocrx_word' id='word_1_140' title='bbox 2484 553 2623 610; x_wconf 81' lang='lat' dir='ltr'><strong>sedis</strong></span> <span class='ocrx_word' id='word_1_141' title='bbox 3048 550 3107 607; x_wconf 80' lang='lat' dir='ltr'><strong>in</strong></span> <span class='ocrx_word' id='word_1_142' title='bbox 3134 551 3308 619; x_wconf 66' lang='lat' dir='ltr'><strong>culis,</strong></span> <span class='ocrx_word' id='word_1_143' title='bbox 3333 558 3642 610; x_wconf 79' lang='lat' dir='ltr'><strong>sanctorum</strong></span> <span class='ocrx_word' id='word_1_144' title='bbox 3685 557 3845 617; x_wconf 73' lang='lat' dir='ltr'><strong>mini-</strong></span> 
     </span>
    </p>
   </div>
   <div class='ocr_carea' id='block_1_19' title="bbox 2243 643 3845 717">
    <p class='ocr_par' dir='ltr' id='par_1_19' title="bbox 2243 643 3845 717">
     <span class='ocr_line' id='line_1_19' title="bbox 2243 643 3845 717; baseline -0.001 -12"><span class='ocrx_word' id='word_1_145' title='bbox 2243 657 2352 705; x_wconf 75' lang='lat' dir='ltr'><strong>ster</strong></span> <span class='ocrx_word' id='word_1_146' title='bbox 2377 656 2428 705; x_wconf 87' lang='lat' dir='ltr'><strong>et</strong></span> <span class='ocrx_word' id='word_1_147' title='bbox 2451 646 2777 703; x_wconf 67' lang='lat' dir='ltr'><strong>tabernaculi</strong></span> <span class='ocrx_word' id='word_1_148' title='bbox 2797 646 2925 713; x_wconf 72' lang='lat' dir='ltr'><strong>ueri,</strong></span> <span class='ocrx_word' id='word_1_149' title='bbox 2955 643 3096 717; x_wconf 68' lang='lat' dir='ltr'><strong>quod</strong></span> <span class='ocrx_word' id='word_1_150' title='bbox 3120 644 3241 715; x_wconf 65' lang='lat' dir='ltr'><strong>ﬁsi:</strong></span> <span class='ocrx_word' id='word_1_151' title='bbox 3265 644 3435 713; x_wconf 74' lang='lat' dir='ltr'><strong>Dens,</strong></span> <span class='ocrx_word' id='word_1_152' title='bbox 3452 655 3505 703; x_wconf 87' lang='lat' dir='ltr'><strong>et</strong></span> <span class='ocrx_word' id='word_1_153' title='bbox 3529 664 3637 704; x_wconf 73' lang='lat' dir='ltr'><strong>non</strong></span> <span class='ocrx_word' id='word_1_154' title='bbox 3662 647 3845 704; x_wconf 72' lang='lat' dir='ltr'><strong>homo.</strong></span> 
     </span>
    </p>
   </div>
   <div class='ocr_carea' id='block_1_20' title="bbox 2245 735 3844 812">
    <p class='ocr_par' dir='ltr' id='par_1_20' title="bbox 2245 735 3844 812">
     <span class='ocr_line' id='line_1_20' title="bbox 2245 735 3844 812; baseline 0.001 -14"><span class='ocrx_word' id='word_1_155' title='bbox 2245 740 2402 810; x_wconf 84' lang='lat' dir='ltr'><strong>Quod</strong></span> <span class='ocrx_word' id='word_1_156' title='bbox 2425 741 2608 812; x_wconf 79' lang='lat' dir='ltr'><strong>itaque</strong></span> <span class='ocrx_word' id='word_1_157' title='bbox 2630 740 2741 796; x_wconf 88' lang='lat' dir='ltr'><strong>ait:</strong></span> <span class='ocrx_word' id='word_1_158' title='bbox 2770 735 3559 810; x_wconf 67' lang='lat' dir='ltr'><strong>Capitulaminhisatuudiun</strong></span> <span class='ocrx_word' id='word_1_159' title='bbox 3586 748 3740 805; x_wconf 63' lang='grc' dir='ltr'><strong>κει,</strong></span> <span class='ocrx_word' id='word_1_160' title='bbox 3768 740 3844 800; x_wconf 71' lang='lat' dir='ltr'><strong>ai-</strong></span> 
     </span>
    </p>
   </div>
   <div class='ocr_carea' id='block_1_21' title="bbox 2244 833 3845 909">
    <p class='ocr_par' dir='ltr' id='par_1_21' title="bbox 2244 833 3845 909">
     <span class='ocr_line' id='line_1_21' title="bbox 2244 833 3845 909; baseline -0.001 -19"><span class='ocrx_word' id='word_1_161' title='bbox 2244 836 2468 909; x_wconf 76' lang='lat' dir='ltr'><strong>gniﬁeat</strong></span> <span class='ocrx_word' id='word_1_162' title='bbox 2496 833 2699 904; x_wconf 76' lang='lat' dir='ltr'><strong>aliquid</strong></span> <span class='ocrx_word' id='word_1_163' title='bbox 2724 837 3401 902; x_wconf 67' lang='lat' dir='ltr'><strong>summania-sagum,</strong></span> <span class='ocrx_word' id='word_1_164' title='bbox 3440 833 3599 902; x_wconf 71' lang='lat' dir='ltr'><strong>quasi</strong></span> <span class='ocrx_word' id='word_1_165' title='bbox 3628 846 3845 904; x_wconf 63' lang='lat' dir='ltr'><strong>praco-</strong></span> 
     </span>
    </p>
   </div>
   <div class='ocr_carea' id='block_1_22' title="bbox 2246 920 3848 997">
    <p class='ocr_par' dir='ltr' id='par_1_22' title="bbox 2246 920 3848 997">
     <span class='ocr_line' id='line_1_22' title="bbox 2246 920 3848 997; baseline -0.002 -13"><span class='ocrx_word' id='word_1_166' title='bbox 2246 927 2427 984; x_wconf 85' lang='lat' dir='ltr'><strong>dentis</strong></span> <span class='ocrx_word' id='word_1_167' title='bbox 2447 924 2831 997; x_wconf 73' lang='lat' dir='ltr'><strong>disputationis</strong></span> <span class='ocrx_word' id='word_1_168' title='bbox 2854 920 3253 994; x_wconf 77' lang='lat' dir='ltr'><strong>recapitulatio,</strong></span> <span class='ocrx_word' id='word_1_169' title='bbox 3281 922 3354 979; x_wconf 82' lang='lat' dir='ltr'><strong>ad</strong></span> <span class='ocrx_word' id='word_1_170' title='bbox 3394 938 3513 980; x_wconf 73' lang='lat' dir='ltr'><strong>rem</strong></span> <span class='ocrx_word' id='word_1_171' title='bbox 3537 923 3727 995; x_wconf 70' lang='lat' dir='ltr'><strong>ipsum</strong></span> <span class='ocrx_word' id='word_1_172' title='bbox 3752 923 3848 981; x_wconf 73' lang='lat' dir='ltr'><strong>de-</strong></span> 
     </span>
    </p>
   </div>
   <div class='ocr_carea' id='block_1_23' title="bbox 2246 1014 3846 1089">
    <p class='ocr_par' dir='ltr' id='par_1_23' title="bbox 2246 1014 3846 1089">
     <span class='ocr_line' id='line_1_23' title="bbox 2246 1014 3846 1089; baseline -0.001 -14"><span class='ocrx_word' id='word_1_173' title='bbox 2246 1019 2451 1075; x_wconf 81' lang='lat' dir='ltr'><strong>ducens</strong></span> <span class='ocrx_word' id='word_1_174' title='bbox 2475 1017 2800 1074; x_wconf 74' lang='lat' dir='ltr'><strong>auditorem.</strong></span> <span class='ocrx_word' id='word_1_175' title='bbox 2851 1014 3035 1071; x_wconf 68' lang='lat' dir='ltr'><strong>Talem</strong></span> <span class='ocrx_word' id='word_1_176' title='bbox 3072 1016 3345 1083; x_wconf 64' lang='lat' dir='ltr'><strong>habeam,</strong></span> <span class='ocrx_word' id='word_1_177' title='bbox 3384 1017 3595 1087; x_wconf 79' lang='lat' dir='ltr'><strong>inquit,</strong></span> <span class='ocrx_word' id='word_1_178' title='bbox 3622 1019 3846 1089; x_wconf 63' lang='lat' dir='ltr'><strong>pontiﬁ-</strong></span> 
     </span>
    </p>
   </div>
   <div class='ocr_carea' id='block_1_24' title="bbox 2246 1109 3847 1183">
    <p class='ocr_par' dir='ltr' id='par_1_24' title="bbox 2246 1109 3847 1183">
     <span class='ocr_line' id='line_1_24' title="bbox 2246 1109 3847 1183; baseline 0.001 -16"><span class='ocrx_word' id='word_1_179' title='bbox 2246 1128 2375 1177; x_wconf 87' lang='lat' dir='ltr'><strong>cem,</strong></span> <span class='ocrx_word' id='word_1_180' title='bbox 2423 1111 2514 1183; x_wconf 86' lang='lat' dir='ltr'><strong>qui</strong></span> <span class='ocrx_word' id='word_1_181' title='bbox 2548 1110 2691 1165; x_wconf 87' lang='lat' dir='ltr'><strong>sedet</strong></span> <span class='ocrx_word' id='word_1_182' title='bbox 2716 1110 2786 1164; x_wconf 89' lang='lat' dir='ltr'><strong>ad</strong></span> <span class='ocrx_word' id='word_1_183' title='bbox 2818 1109 3087 1165; x_wconf 67' lang='lat' dir='ltr'><strong>dexteram</strong></span> <span class='ocrx_word' id='word_1_184' title='bbox 3117 1109 3454 1181; x_wconf 82' lang='lat' dir='ltr'><strong>majestatis;</strong></span> <span class='ocrx_word' id='word_1_185' title='bbox 3490 1112 3731 1167; x_wconf 81' lang='lat' dir='ltr'><strong>humilia</strong></span> <span class='ocrx_word' id='word_1_186' title='bbox 3757 1127 3847 1168; x_wconf 83' lang='lat' dir='ltr'><strong>ex-</strong></span> 
     </span>
    </p>
   </div>
   <div class='ocr_carea' id='block_1_25' title="bbox 2246 1201 3845 1271">
    <p class='ocr_par' dir='ltr' id='par_1_25' title="bbox 2246 1201 3845 1271">
     <span class='ocr_line' id='line_1_25' title="bbox 2246 1201 3845 1271; baseline -0.002 -8"><span class='ocrx_word' id='word_1_187' title='bbox 2246 1203 2431 1271; x_wconf 78' lang='lat' dir='ltr'><strong>celsis,</strong></span> <span class='ocrx_word' id='word_1_188' title='bbox 2460 1203 2697 1263; x_wconf 82' lang='lat' dir='ltr'><strong>humana</strong></span> <span class='ocrx_word' id='word_1_189' title='bbox 2720 1201 2916 1263; x_wconf 84' lang='lat' dir='ltr'><strong>divinis</strong></span> <span class='ocrx_word' id='word_1_190' title='bbox 2939 1201 3330 1270; x_wconf 85' lang='lat' dir='ltr'><strong>commiscens,</strong></span> <span class='ocrx_word' id='word_1_191' title='bbox 3376 1203 3634 1260; x_wconf 85' lang='lat' dir='ltr'><strong>eumdem</strong></span> <span class='ocrx_word' id='word_1_192' title='bbox 3676 1204 3845 1260; x_wconf 88' lang='lat' dir='ltr'><strong>Deum</strong></span> 
     </span>
    </p>
   </div>
   <div class='ocr_carea' id='block_1_26' title="bbox 2247 1293 3846 1369">
    <p class='ocr_par' dir='ltr' id='par_1_26' title="bbox 2247 1293 3846 1369">
     <span class='ocr_line' id='line_1_26' title="bbox 2247 1293 3846 1369; baseline 0.001 -18"><span class='ocrx_word' id='word_1_193' title='bbox 2247 1294 2556 1363; x_wconf 89' lang='lat' dir='ltr'><strong>ostendens,</strong></span> <span class='ocrx_word' id='word_1_194' title='bbox 2594 1309 2756 1366; x_wconf 90' lang='lat' dir='ltr'><strong>quem</strong></span> <span class='ocrx_word' id='word_1_195' title='bbox 2784 1303 2841 1352; x_wconf 89' lang='lat' dir='ltr'><strong>et</strong></span> <span class='ocrx_word' id='word_1_196' title='bbox 2862 1293 3213 1366; x_wconf 89' lang='lat' dir='ltr'><strong>pontiﬁcem;</strong></span> <span class='ocrx_word' id='word_1_197' title='bbox 3253 1309 3355 1350; x_wconf 90' lang='lat' dir='ltr'><strong>nec</strong></span> <span class='ocrx_word' id='word_1_198' title='bbox 3391 1295 3560 1351; x_wconf 89' lang='lat' dir='ltr'><strong>alium</strong></span> <span class='ocrx_word' id='word_1_199' title='bbox 3600 1310 3733 1353; x_wconf 85' lang='lat' dir='ltr'><strong>esse</strong></span> <span class='ocrx_word' id='word_1_200' title='bbox 3757 1297 3846 1369; x_wconf 89' lang='lat' dir='ltr'><strong>qui</strong></span> 
     </span>
    </p>
   </div>
   <div class='ocr_carea' id='block_1_27' title="bbox 2249 1386 3848 1463">
    <p class='ocr_par' dir='ltr' id='par_1_27' title="bbox 2249 1386 3848 1463">
     <span class='ocr_line' id='line_1_27' title="bbox 2249 1386 3848 1463; baseline -0.001 -19"><span class='ocrx_word' id='word_1_201' title='bbox 2249 1388 2403 1445; x_wconf 88' lang='lat' dir='ltr'><strong>sedet</strong></span> <span class='ocrx_word' id='word_1_202' title='bbox 2444 1387 2513 1444; x_wconf 90' lang='lat' dir='ltr'><strong>ad</strong></span> <span class='ocrx_word' id='word_1_203' title='bbox 2555 1388 2834 1447; x_wconf 78' lang='lat' dir='ltr'><strong>dexteram</strong></span> <span class='ocrx_word' id='word_1_204' title='bbox 2868 1386 2987 1455; x_wconf 87' lang='lat' dir='ltr'><strong>Dei,</strong></span> <span class='ocrx_word' id='word_1_205' title='bbox 3035 1387 3142 1444; x_wconf 86' lang='lat' dir='ltr'><strong>nisi</strong></span> <span class='ocrx_word' id='word_1_206' title='bbox 3186 1403 3311 1447; x_wconf 88' lang='lat' dir='ltr'><strong>eum</strong></span> <span class='ocrx_word' id='word_1_207' title='bbox 3346 1388 3442 1463; x_wconf 90' lang='lat' dir='ltr'><strong>qui</strong></span> <span class='ocrx_word' id='word_1_208' title='bbox 3473 1398 3562 1446; x_wconf 87' lang='lat' dir='ltr'><strong>est</strong></span> <span class='ocrx_word' id='word_1_209' title='bbox 3607 1390 3848 1446; x_wconf 78' lang='lat' dir='ltr'><strong>minister</strong></span> 
     </span>
    </p>
   </div>
   <div class='ocr_carea' id='block_1_28' title="bbox 2248 1479 3842 1554">
    <p class='ocr_par' dir='ltr' id='par_1_28' title="bbox 2248 1479 3842 1554">
     <span class='ocr_line' id='line_1_28' title="bbox 2248 1479 3842 1554; baseline 0.002 -18"><span class='ocrx_word' id='word_1_210' title='bbox 2248 1489 2549 1539; x_wconf 85' lang='lat' dir='ltr'><strong>sanctorum</strong></span> <span class='ocrx_word' id='word_1_211' title='bbox 2573 1490 2623 1538; x_wconf 91' lang='lat' dir='ltr'><strong>et</strong></span> <span class='ocrx_word' id='word_1_212' title='bbox 2642 1479 2989 1549; x_wconf 79' lang='lat' dir='ltr'><strong>tabernaculi,</strong></span> <span class='ocrx_word' id='word_1_213' title='bbox 3005 1482 3146 1554; x_wconf 82' lang='lat' dir='ltr'><strong>quod</strong></span> <span class='ocrx_word' id='word_1_214' title='bbox 3166 1481 3286 1553; x_wconf 66' lang='lat' dir='ltr'><strong>fixit</strong></span> <span class='ocrx_word' id='word_1_215' title='bbox 3303 1481 3449 1543; x_wconf 75' lang='lat' dir='ltr'><strong>Deus</strong></span> <span class='ocrx_word' id='word_1_216' title='bbox 3470 1490 3519 1538; x_wconf 90' lang='lat' dir='ltr'><strong>et</strong></span> <span class='ocrx_word' id='word_1_217' title='bbox 3540 1500 3651 1538; x_wconf 84' lang='lat' dir='ltr'><strong>non</strong></span> <span class='ocrx_word' id='word_1_218' title='bbox 3672 1483 3842 1539; x_wconf 72' lang='lat' dir='ltr'><strong>homo.</strong></span> 
     </span>
    </p>
   </div>
   <div class='ocr_carea' id='block_1_29' title="bbox 2249 1572 3843 1645">
    <p class='ocr_par' dir='ltr' id='par_1_29' title="bbox 2249 1572 3843 1645">
     <span class='ocr_line' id='line_1_29' title="bbox 2249 1572 3843 1645; baseline 0.001 -15"><span class='ocrx_word' id='word_1_219' title='bbox 2249 1572 2364 1645; x_wconf 81' lang='lat' dir='ltr'><strong>Hoc</strong></span> <span class='ocrx_word' id='word_1_220' title='bbox 2412 1573 2821 1630; x_wconf 83' lang='lat' dir='ltr'><strong>tabernaculum</strong></span> <span class='ocrx_word' id='word_1_221' title='bbox 2851 1574 3045 1629; x_wconf 66' lang='lat' dir='ltr'><strong>animm</strong></span> <span class='ocrx_word' id='word_1_222' title='bbox 3089 1581 3219 1631; x_wconf 85' lang='lat' dir='ltr'><strong>sunt</strong></span> <span class='ocrx_word' id='word_1_223' title='bbox 3251 1582 3567 1630; x_wconf 90' lang='lat' dir='ltr'><strong>sanctorum</strong></span> <span class='ocrx_word' id='word_1_224' title='bbox 3586 1615 3605 1643; x_wconf 86' lang='lat'><strong>,</strong></span> <span class='ocrx_word' id='word_1_225' title='bbox 3652 1574 3843 1645; x_wconf 81' lang='lat' dir='ltr'><strong>quibus</strong></span> 
     </span>
    </p>
   </div>
   <div class='ocr_carea' id='block_1_30' title="bbox 2249 1664 3842 1741">
    <p class='ocr_par' dir='ltr' id='par_1_30' title="bbox 2249 1664 3842 1741">
     <span class='ocr_line' id='line_1_30' title="bbox 2249 1664 3842 1741; baseline 0 -18"><span class='ocrx_word' id='word_1_226' title='bbox 2249 1675 2454 1725; x_wconf 63' lang='lat' dir='ltr'><strong>mterna</strong></span> <span class='ocrx_word' id='word_1_227' title='bbox 2480 1666 2676 1741; x_wconf 73' lang='lat' dir='ltr'><strong>gaudia</strong></span> <span class='ocrx_word' id='word_1_228' title='bbox 2717 1665 3017 1735; x_wconf 78' lang='lat' dir='ltr'><strong>ministrat,</strong></span> <span class='ocrx_word' id='word_1_229' title='bbox 3040 1672 3097 1722; x_wconf 89' lang='lat' dir='ltr'><strong>et</strong></span> <span class='ocrx_word' id='word_1_230' title='bbox 3124 1664 3375 1724; x_wconf 88' lang='lat' dir='ltr'><strong>velamen</strong></span> <span class='ocrx_word' id='word_1_231' title='bbox 3410 1666 3536 1723; x_wconf 73' lang='grc' dir='ltr'><strong>οωιί</strong></span> <span class='ocrx_word' id='word_1_232' title='bbox 3555 1709 3571 1736; x_wconf 83' lang='grc'><em>,</em></span> <span class='ocrx_word' id='word_1_233' title='bbox 3599 1668 3842 1739; x_wconf 79' lang='lat' dir='ltr'><strong>pontifex</strong></span> 
     </span>
    </p>
   </div>
   <div class='ocr_carea' id='block_1_31' title="bbox 2247 1758 3843 1832">
    <p class='ocr_par' dir='ltr' id='par_1_31' title="bbox 2247 1758 3843 1832">
     <span class='ocr_line' id='line_1_31' title="bbox 2247 1758 3843 1832; baseline 0.001 -15"><span class='ocrx_word' id='word_1_234' title='bbox 2247 1774 2501 1832; x_wconf 78' lang='lat' dir='ltr'><strong>magnus.</strong></span> <span class='ocrx_word' id='word_1_235' title='bbox 2536 1758 2640 1826; x_wconf 78' lang='lat' dir='ltr'><strong>Qui</strong></span> <span class='ocrx_word' id='word_1_236' title='bbox 2669 1759 2811 1815; x_wconf 87' lang='lat' dir='ltr'><strong>sedet</strong></span> <span class='ocrx_word' id='word_1_237' title='bbox 2836 1758 2905 1813; x_wconf 87' lang='lat' dir='ltr'><strong>ad</strong></span> <span class='ocrx_word' id='word_1_238' title='bbox 2931 1758 3201 1815; x_wconf 73' lang='lat' dir='ltr'><strong>dexteram</strong></span> <span class='ocrx_word' id='word_1_239' title='bbox 3226 1760 3521 1832; x_wconf 84' lang='lat' dir='ltr'><strong>majestatis</strong></span> <span class='ocrx_word' id='word_1_240' title='bbox 3551 1760 3609 1815; x_wconf 84' lang='lat' dir='ltr'><strong>in</strong></span> <span class='ocrx_word' id='word_1_241' title='bbox 3630 1760 3843 1818; x_wconf 73' lang='lat' dir='ltr'><strong>excelsis</strong></span> 
     </span>
    </p>
   </div>
   <div class='ocr_carea' id='block_1_32' title="bbox 556 1828 3845 1927">
    <p class='ocr_par' dir='ltr' id='par_1_32' title="bbox 556 1828 3845 1927">
     <span class='ocr_line' id='line_1_32' title="bbox 556 1828 3845 1927; baseline -0.001 -18"><span class='ocrx_word' id='word_1_242' title='bbox 556 1828 658 1923; x_wconf 70' lang='lat' dir='ltr'><strong>pro</strong></span> <span class='ocrx_word' id='word_1_243' title='bbox 685 1828 989 1923; x_wconf 69' lang='lat' dir='ltr'><strong>semetipsis</strong></span> <span class='ocrx_word' id='word_1_244' title='bbox 1008 1850 1335 1916; x_wconf 77' lang='lat' dir='ltr'><strong>olierentes;</strong></span> <span class='ocrx_word' id='word_1_245' title='bbox 1365 1849 1461 1904; x_wconf 88' lang='lat' dir='ltr'><strong>ﬁlii</strong></span> <span class='ocrx_word' id='word_1_246' title='bbox 1487 1863 1619 1904; x_wconf 87' lang='lat' dir='ltr'><strong>vero</strong></span> <span class='ocrx_word' id='word_1_247' title='bbox 1638 1856 1695 1904; x_wconf 90' lang='lat' dir='ltr'><strong>et</strong></span> <span class='ocrx_word' id='word_1_248' title='bbox 1714 1847 1874 1904; x_wconf 87' lang='lat' dir='ltr'><strong>amici</strong></span> <span class='ocrx_word' id='word_1_249' title='bbox 1898 1847 1995 1904; x_wconf 73' lang='lat' dir='ltr'><strong>Dei</strong></span> <span class='ocrx_word' id='word_1_250' title='bbox 2012 1862 2148 1919; x_wconf 89' lang='lat' dir='ltr'><strong>pon-</strong></span> <span class='ocrx_word' id='word_1_251' title='bbox 2176 1828 2231 1892; x_wconf 70' lang='grc' dir='ltr'><strong>Β</strong></span> <span class='ocrx_word' id='word_1_252' title='bbox 2251 1828 2449 1921; x_wconf 49' lang='lat' dir='ltr'><strong>Patris,</strong></span> <span class='ocrx_word' id='word_1_253' title='bbox 2480 1855 2619 1913; x_wconf 82' lang='lat' dir='ltr'><strong>Dum</strong></span> <span class='ocrx_word' id='word_1_254' title='bbox 2641 1855 2829 1915; x_wconf 73' lang='lat' dir='ltr'><strong>audies</strong></span> <span class='ocrx_word' id='word_1_255' title='bbox 2857 1856 3105 1917; x_wconf 73' lang='lat' dir='ltr'><strong>eundem</strong></span> <span class='ocrx_word' id='word_1_256' title='bbox 3137 1828 3326 1915; x_wconf 61' lang='lat' dir='ltr'><strong>sedere</strong></span> <span class='ocrx_word' id='word_1_257' title='bbox 3352 1873 3385 1912; x_wconf 84' lang='lat' dir='ltr'><strong>a</strong></span> <span class='ocrx_word' id='word_1_258' title='bbox 3411 1858 3621 1916; x_wconf 70' lang='lat' dir='ltr'><strong>dextris</strong></span> <span class='ocrx_word' id='word_1_259' title='bbox 3650 1859 3773 1927; x_wconf 70' lang='lat' dir='ltr'><strong>Dei,</strong></span> <span class='ocrx_word' id='word_1_260' title='bbox 3792 1868 3845 1921; x_wconf 72' lang='grc' dir='ltr'><strong>ει</strong></span> 
     </span>
    </p>
   </div>
   <div class='ocr_carea' id='block_1_33' title="bbox 556 1941 2145 2014">
    <p class='ocr_par' dir='ltr' id='par_1_33' title="bbox 556 1941 2145 2014">
     <span class='ocr_line' id='line_1_33' title="bbox 556 1941 2145 2014; baseline -0.003 -15"><span class='ocrx_word' id='word_1_261' title='bbox 556 1944 761 2000; x_wconf 87' lang='lat' dir='ltr'><strong>tiﬁcem</strong></span> <span class='ocrx_word' id='word_1_262' title='bbox 787 1944 989 1999; x_wconf 89' lang='lat' dir='ltr'><strong>habent</strong></span> <span class='ocrx_word' id='word_1_263' title='bbox 1013 1942 1374 1998; x_wconf 84' lang='lat' dir='ltr'><strong>immortalem</strong></span> <span class='ocrx_word' id='word_1_264' title='bbox 1392 1982 1407 2007; x_wconf 93' lang='lat'><strong>,</strong></span> <span class='ocrx_word' id='word_1_265' title='bbox 1445 1949 1772 2014; x_wconf 80' lang='lat' dir='ltr'><strong>segregatum</strong></span> <span class='ocrx_word' id='word_1_266' title='bbox 1799 1958 1835 1996; x_wconf 77' lang='grc' dir='ltr'><strong><em>α</em></strong></span> <span class='ocrx_word' id='word_1_267' title='bbox 1857 1941 2145 2013; x_wconf 75' lang='lat' dir='ltr'><strong>peccatori-</strong></span> 
     </span>
    </p>
   </div>
   <div class='ocr_carea' id='block_1_34' title="bbox 559 2034 2146 2105">
    <p class='ocr_par' dir='ltr' id='par_1_34' title="bbox 559 2034 2146 2105">
     <span class='ocr_line' id='line_1_34' title="bbox 559 2034 2146 2105; baseline 0.001 -16"><span class='ocrx_word' id='word_1_268' title='bbox 559 2035 678 2101; x_wconf 84' lang='lat' dir='ltr'><strong>bus,</strong></span> <span class='ocrx_word' id='word_1_269' title='bbox 710 2035 765 2089; x_wconf 89' lang='lat' dir='ltr'><strong>id</strong></span> <span class='ocrx_word' id='word_1_270' title='bbox 792 2042 898 2101; x_wconf 87' lang='lat' dir='ltr'><strong>est,</strong></span> <span class='ocrx_word' id='word_1_271' title='bbox 943 2034 1217 2105; x_wconf 85' lang='lat' dir='ltr'><strong>prioribus</strong></span> <span class='ocrx_word' id='word_1_272' title='bbox 1246 2034 1642 2101; x_wconf 86' lang='lat' dir='ltr'><strong>sacerdotibus,</strong></span> <span class='ocrx_word' id='word_1_273' title='bbox 1682 2035 1775 2105; x_wconf 90' lang='lat' dir='ltr'><strong>qui</strong></span> <span class='ocrx_word' id='word_1_274' title='bbox 1806 2043 1949 2091; x_wconf 88' lang='lat' dir='ltr'><strong>esset</strong></span> <span class='ocrx_word' id='word_1_275' title='bbox 1992 2035 2146 2091; x_wconf 88' lang='lat' dir='ltr'><strong>inno-</strong></span> 
     </span>
    </p>
   </div>
   <div class='ocr_carea' id='block_1_35' title="bbox 560 2121 2143 2197">
    <p class='ocr_par' dir='ltr' id='par_1_35' title="bbox 560 2121 2143 2197">
     <span class='ocr_line' id='line_1_35' title="bbox 560 2121 2143 2197; baseline 0.003 -20"><span class='ocrx_word' id='word_1_276' title='bbox 560 2136 692 2177; x_wconf 87' lang='lat' dir='ltr'><strong>cens</strong></span> <span class='ocrx_word' id='word_1_277' title='bbox 716 2129 771 2178; x_wconf 91' lang='lat' dir='ltr'><strong>et</strong></span> <span class='ocrx_word' id='word_1_278' title='bbox 795 2131 1055 2189; x_wconf 87' lang='lat' dir='ltr'><strong>sanctus;</strong></span> <span class='ocrx_word' id='word_1_279' title='bbox 1103 2141 1124 2174; x_wconf 75' lang='grc' dir='ltr'>ι</span> <span class='ocrx_word' id='word_1_280' title='bbox 1158 2121 1440 2190; x_wconf 82' lang='lat' dir='ltr'><strong>Innocens,</strong></span> <span class='ocrx_word' id='word_1_281' title='bbox 1480 2125 1605 2193; x_wconf 88' lang='lat' dir='ltr'><strong>quia</strong></span> <span class='ocrx_word' id='word_1_282' title='bbox 1634 2125 1753 2180; x_wconf 90' lang='lat' dir='ltr'><strong>sine</strong></span> <span class='ocrx_word' id='word_1_283' title='bbox 1787 2125 2143 2197; x_wconf 80' lang='lat' dir='ltr'><strong>malignitate,</strong></span> 
     </span>
    </p>
   </div>
   <div class='ocr_carea' id='block_1_36' title="bbox 559 2213 2147 2287">
    <p class='ocr_par' dir='ltr' id='par_1_36' title="bbox 559 2213 2147 2287">
     <span class='ocr_line' id='line_1_36' title="bbox 559 2213 2147 2287; baseline 0.003 -18"><span class='ocrx_word' id='word_1_284' title='bbox 559 2215 704 2286; x_wconf 88' lang='lat' dir='ltr'><strong>quod</strong></span> <span class='ocrx_word' id='word_1_285' title='bbox 734 2213 864 2270; x_wconf 91' lang='lat' dir='ltr'><strong>dicit</strong></span> <span class='ocrx_word' id='word_1_286' title='bbox 890 2213 1196 2287; x_wconf 75' lang='lat' dir='ltr'><strong>Propheta:</strong></span> <span class='ocrx_word' id='word_1_287' title='bbox 1239 2214 1353 2271; x_wconf 85' lang='lat' dir='ltr'><strong>Nec</strong></span> <span class='ocrx_word' id='word_1_288' title='bbox 1394 2215 1548 2271; x_wconf 75' lang='lat' dir='ltr'><strong>dolus</strong></span> <span class='ocrx_word' id='word_1_289' title='bbox 1590 2216 1826 2271; x_wconf 84' lang='lat' dir='ltr'><strong>inventus</strong></span> <span class='ocrx_word' id='word_1_290' title='bbox 1853 2226 1931 2273; x_wconf 82' lang='lat' dir='ltr'><strong>est</strong></span> <span class='ocrx_word' id='word_1_291' title='bbox 1966 2218 2022 2272; x_wconf 87' lang='lat' dir='ltr'><strong>in</strong></span> <span class='ocrx_word' id='word_1_292' title='bbox 2058 2234 2147 2273; x_wconf 89' lang='lat' dir='ltr'><strong>ore</strong></span> 
     </span>
    </p>
   </div>
   <div class='ocr_carea' id='block_1_37' title="bbox 556 2304 2147 2379">
    <p class='ocr_par' dir='ltr' id='par_1_37' title="bbox 556 2304 2147 2379">
     <span class='ocr_line' id='line_1_37' title="bbox 556 2304 2147 2379; baseline 0.003 -19"><span class='ocrx_word' id='word_1_293' title='bbox 556 2304 673 2375; x_wconf 87' lang='lat' dir='ltr'><strong>ejus</strong></span> <span class='ocrx_word' id='word_1_294' title='bbox 700 2304 885 2379; x_wconf 70' lang='lat' dir='ltr'><strong>(Isaiae</strong></span> <span class='ocrx_word' id='word_1_295' title='bbox 905 2322 1025 2372; x_wconf 78' lang='lat' dir='ltr'><strong>Lm,</strong></span> <span class='ocrx_word' id='word_1_296' title='bbox 1054 2305 1132 2378; x_wconf 85' lang='lat'><strong>9).</strong></span> <span class='ocrx_word' id='word_1_297' title='bbox 1168 2325 1187 2360; x_wconf 69' lang='grc' dir='ltr'><strong><em>ι</em></strong></span> <span class='ocrx_word' id='word_1_298' title='bbox 1221 2305 1471 2374; x_wconf 86' lang='lat' dir='ltr'><strong>Sanctus,</strong></span> <span class='ocrx_word' id='word_1_299' title='bbox 1494 2308 1621 2378; x_wconf 84' lang='lat' dir='ltr'><strong>quia</strong></span> <span class='ocrx_word' id='word_1_300' title='bbox 1652 2308 1707 2362; x_wconf 92' lang='lat' dir='ltr'><strong>in</strong></span> <span class='ocrx_word' id='word_1_301' title='bbox 1734 2307 1883 2363; x_wconf 90' lang='lat' dir='ltr'><strong>omni</strong></span> <span class='ocrx_word' id='word_1_302' title='bbox 1907 2309 2147 2365; x_wconf 82' lang='lat' dir='ltr'><strong>bonitate</strong></span> 
     </span>
    </p>
   </div>
   <div class='ocr_carea' id='block_1_38' title="bbox 555 2393 2148 2470">
    <p class='ocr_par' dir='ltr' id='par_1_38' title="bbox 555 2393 2148 2470">
     <span class='ocr_line' id='line_1_38' title="bbox 555 2393 2148 2470; baseline 0.004 -21"><span class='ocrx_word' id='word_1_303' title='bbox 555 2393 726 2468; x_wconf 72' lang='lat'><strong>689</strong></span> <span class='ocrx_word' id='word_1_304' title='bbox 750 2397 1071 2466; x_wconf 65' lang='lat' dir='ltr'><strong>praecipuus.</strong></span> <span class='ocrx_word' id='word_1_305' title='bbox 1100 2394 1443 2467; x_wconf 85' lang='lat' dir='ltr'><strong>Impollutus,</strong></span> <span class='ocrx_word' id='word_1_306' title='bbox 1471 2397 1597 2467; x_wconf 86' lang='lat' dir='ltr'><strong>quia</strong></span> <span class='ocrx_word' id='word_1_307' title='bbox 1635 2397 1772 2453; x_wconf 87' lang='lat' dir='ltr'><strong>nihil</strong></span> <span class='ocrx_word' id='word_1_308' title='bbox 1808 2399 1997 2454; x_wconf 85' lang='lat' dir='ltr'><strong>habuit</strong></span> <span class='ocrx_word' id='word_1_309' title='bbox 2022 2414 2148 2470; x_wconf 88' lang='lat' dir='ltr'><strong>pec-</strong></span> 
     </span>
    </p>
   </div>
   <div class='ocr_carea' id='block_1_39' title="bbox 558 2485 2147 2562">
    <p class='ocr_par' dir='ltr' id='par_1_39' title="bbox 558 2485 2147 2562">
     <span class='ocr_line' id='line_1_39' title="bbox 558 2485 2147 2562; baseline 0.003 -19"><span class='ocrx_word' id='word_1_310' title='bbox 558 2486 687 2543; x_wconf 86' lang='lat' dir='ltr'><strong>cati.</strong></span> <span class='ocrx_word' id='word_1_311' title='bbox 719 2485 991 2543; x_wconf 73' lang='lat' dir='ltr'><strong>Excelsior</strong></span> <span class='ocrx_word' id='word_1_312' title='bbox 1017 2486 1158 2543; x_wconf 71' lang='lat' dir='ltr'><strong>caelis</strong></span> <span class='ocrx_word' id='word_1_313' title='bbox 1185 2488 1383 2560; x_wconf 84' lang='lat' dir='ltr'><strong>factus,</strong></span> <span class='ocrx_word' id='word_1_314' title='bbox 1413 2489 1540 2562; x_wconf 85' lang='lat' dir='ltr'><strong>quia</strong></span> <span class='ocrx_word' id='word_1_315' title='bbox 1567 2489 1797 2545; x_wconf 84' lang='lat' dir='ltr'><strong>adorant</strong></span> <span class='ocrx_word' id='word_1_316' title='bbox 1815 2505 1939 2546; x_wconf 90' lang='lat' dir='ltr'><strong>eum</strong></span> <span class='ocrx_word' id='word_1_317' title='bbox 1956 2506 2147 2547; x_wconf 89' lang='lat' dir='ltr'><strong>omnes</strong></span> 
     </span>
    </p>
   </div>
   <div class='ocr_carea' id='block_1_40' title="bbox 558 2577 2146 2662">
    <p class='ocr_par' dir='ltr' id='par_1_40' title="bbox 558 2577 2146 2662">
     <span class='ocr_line' id='line_1_40' title="bbox 558 2577 2146 2662; baseline 0.003 -29"><span class='ocrx_word' id='word_1_318' title='bbox 558 2577 736 2650; x_wconf 86' lang='lat' dir='ltr'><strong>angeli</strong></span> <span class='ocrx_word' id='word_1_319' title='bbox 762 2578 875 2633; x_wconf 88' lang='lat' dir='ltr'><strong>Dei.</strong></span> <span class='ocrx_word' id='word_1_320' title='bbox 908 2577 1093 2651; x_wconf 66' lang='grc' dir='ltr'><strong>εγω.</strong></span> <span class='ocrx_word' id='word_1_321' title='bbox 1121 2578 1237 2662; x_wconf 67' lang='lat'><strong>27.)</strong></span> <span class='ocrx_word' id='word_1_322' title='bbox 1270 2577 1377 2647; x_wconf 83' lang='lat' dir='ltr'><strong>Qui</strong></span> <span class='ocrx_word' id='word_1_323' title='bbox 1400 2597 1505 2636; x_wconf 86' lang='lat' dir='ltr'><strong>non</strong></span> <span class='ocrx_word' id='word_1_324' title='bbox 1530 2581 1683 2636; x_wconf 83' lang='lat' dir='ltr'><strong>habet</strong></span> <span class='ocrx_word' id='word_1_325' title='bbox 1717 2582 1946 2655; x_wconf 77' lang='lat' dir='ltr'><strong>quotidie</strong></span> <span class='ocrx_word' id='word_1_326' title='bbox 1969 2599 2146 2639; x_wconf 88' lang='lat' dir='ltr'><strong>neces-</strong></span> 
     </span>
    </p>
   </div>
   <div class='ocr_carea' id='block_1_41' title="bbox 555 2670 2149 2745">
    <p class='ocr_par' dir='ltr' id='par_1_41' title="bbox 555 2670 2149 2745">
     <span class='ocr_line' id='line_1_41' title="bbox 555 2670 2149 2745; baseline 0.003 -20"><span class='ocrx_word' id='word_1_327' title='bbox 555 2670 788 2738; x_wconf 85' lang='lat' dir='ltr'><strong>sitatem,</strong></span> <span class='ocrx_word' id='word_1_328' title='bbox 815 2671 1255 2742; x_wconf 77' lang='lat' dir='ltr'><strong>quemadmodum</strong></span> <span class='ocrx_word' id='word_1_329' title='bbox 1281 2672 1597 2739; x_wconf 86' lang='lat' dir='ltr'><strong>sacerdotes,</strong></span> <span class='ocrx_word' id='word_1_330' title='bbox 1626 2673 1772 2745; x_wconf 83' lang='lat' dir='ltr'><strong>prius</strong></span> <span class='ocrx_word' id='word_1_331' title='bbox 1802 2690 1896 2744; x_wconf 87' lang='lat' dir='ltr'><strong>pro</strong></span> <span class='ocrx_word' id='word_1_332' title='bbox 1924 2674 2035 2730; x_wconf 88' lang='lat' dir='ltr'><strong>suis</strong></span> <span class='ocrx_word' id='word_1_333' title='bbox 2058 2675 2149 2729; x_wconf 89' lang='lat' dir='ltr'><strong>de-</strong></span> 
     </span>
    </p>
   </div>
   <div class='ocr_carea' id='block_1_42' title="bbox 2251 1948 3842 2023">
    <p class='ocr_par' dir='ltr' id='par_1_42' title="bbox 2251 1948 3842 2023">
     <span class='ocr_line' id='line_1_42' title="bbox 2251 1948 3842 2023; baseline 0.002 -15"><span class='ocrx_word' id='word_1_334' title='bbox 2251 1948 2564 2008; x_wconf 85' lang='lat' dir='ltr'><strong>ministrarc</strong></span> <span class='ocrx_word' id='word_1_335' title='bbox 2597 1948 2825 2017; x_wconf 84' lang='lat' dir='ltr'><strong>sanctis,</strong></span> <span class='ocrx_word' id='word_1_336' title='bbox 2859 1967 2887 2001; x_wconf 72' lang='grc' dir='ltr'><strong><em>ι</em></strong></span> <span class='ocrx_word' id='word_1_337' title='bbox 2923 1949 3114 2007; x_wconf 87' lang='lat' dir='ltr'><strong>sedere</strong></span> <span class='ocrx_word' id='word_1_338' title='bbox 3136 1957 3322 2009; x_wconf 85' lang='lat' dir='ltr'><strong>autem</strong></span> <span class='ocrx_word' id='word_1_339' title='bbox 3345 1951 3620 2023; x_wconf 82' lang='lat' dir='ltr'><strong>dignitatis</strong></span> <span class='ocrx_word' id='word_1_340' title='bbox 3646 1953 3842 2011; x_wconf 70' lang='lat' dir='ltr'><strong>divinat</strong></span> 
     </span>
    </p>
   </div>
   <div class='ocr_carea' id='block_1_43' title="bbox 2251 2039 3844 2108">
    <p class='ocr_par' dir='ltr' id='par_1_43' title="bbox 2251 2039 3844 2108">
     <span class='ocr_line' id='line_1_43' title="bbox 2251 2039 3844 2108; baseline 0.002 -10"><span class='ocrx_word' id='word_1_341' title='bbox 2251 2049 2368 2108; x_wconf 83' lang='lat' dir='ltr'><strong>est,</strong></span> <span class='ocrx_word' id='word_1_342' title='bbox 2406 2040 2717 2097; x_wconf 88' lang='lat' dir='ltr'><strong>ministrare</strong></span> <span class='ocrx_word' id='word_1_343' title='bbox 2747 2055 2877 2097; x_wconf 91' lang='lat' dir='ltr'><strong>vero</strong></span> <span class='ocrx_word' id='word_1_344' title='bbox 2907 2039 3294 2099; x_wconf 77' lang='lat' dir='ltr'><strong>misericordiae</strong></span> <span class='ocrx_word' id='word_1_345' title='bbox 3328 2042 3507 2099; x_wconf 69' lang='lat' dir='ltr'><strong>multa:</strong></span> <span class='ocrx_word' id='word_1_346' title='bbox 3544 2050 3597 2099; x_wconf 86' lang='lat' dir='ltr'><strong>et</strong></span> <span class='ocrx_word' id='word_1_347' title='bbox 3633 2043 3844 2101; x_wconf 85' lang='lat' dir='ltr'><strong>amoris</strong></span> 
     </span>
    </p>
   </div>
   <div class='ocr_carea' id='block_1_44' title="bbox 2250 2128 3834 2211">
    <p class='ocr_par' dir='ltr' id='par_1_44' title="bbox 2250 2128 3834 2211">
     <span class='ocr_line' id='line_1_44' title="bbox 2250 2128 3834 2211; baseline 0.003 -19"><span class='ocrx_word' id='word_1_348' title='bbox 2250 2134 2436 2207; x_wconf 87' lang='lat' dir='ltr'><strong>magni</strong></span> <span class='ocrx_word' id='word_1_349' title='bbox 2454 2149 2617 2207; x_wconf 85' lang='lat' dir='ltr'><strong>quem</strong></span> <span class='ocrx_word' id='word_1_350' title='bbox 2638 2134 2793 2190; x_wconf 90' lang='lat' dir='ltr'><strong>nobis</strong></span> <span class='ocrx_word' id='word_1_351' title='bbox 2814 2132 3096 2211; x_wconf 84' lang='lat' dir='ltr'><strong>impendit.</strong></span> <span class='ocrx_word' id='word_1_352' title='bbox 3127 2153 3146 2187; x_wconf 76' lang='grc' dir='ltr'><strong><em>ι</em></strong></span> <span class='ocrx_word' id='word_1_353' title='bbox 3174 2128 3422 2193; x_wconf 77' lang='lat' dir='ltr'><strong>Mirabile</strong></span> <span class='ocrx_word' id='word_1_354' title='bbox 3442 2144 3834 2197; x_wconf 82' lang='lat' dir='ltr'><strong>sacramentum</strong></span> 
     </span>
    </p>
   </div>
   <div class='ocr_carea' id='block_1_45' title="bbox 2251 2226 3832 2301">
    <p class='ocr_par' dir='ltr' id='par_1_45' title="bbox 2251 2226 3832 2301">
     <span class='ocr_line' id='line_1_45' title="bbox 2251 2226 3832 2301; baseline 0.001 -16"><span class='ocrx_word' id='word_1_355' title='bbox 2251 2235 2336 2285; x_wconf 83' lang='lat' dir='ltr'><strong>est</strong></span> <span class='ocrx_word' id='word_1_356' title='bbox 2359 2227 2609 2287; x_wconf 86' lang='lat' dir='ltr'><strong>eumdem</strong></span> <span class='ocrx_word' id='word_1_357' title='bbox 2637 2226 2827 2283; x_wconf 89' lang='lat' dir='ltr'><strong>sedere</strong></span> <span class='ocrx_word' id='word_1_358' title='bbox 2855 2226 2911 2282; x_wconf 90' lang='lat' dir='ltr'><strong>in</strong></span> <span class='ocrx_word' id='word_1_359' title='bbox 2937 2226 3235 2287; x_wconf 85' lang='lat' dir='ltr'><strong>divinitatis</strong></span> <span class='ocrx_word' id='word_1_360' title='bbox 3262 2226 3622 2301; x_wconf 79' lang='lat' dir='ltr'><strong>gloria,quem</strong></span> <span class='ocrx_word' id='word_1_361' title='bbox 3639 2244 3832 2300; x_wconf 82' lang='lat' dir='ltr'><strong>perse-</strong></span> 
     </span>
    </p>
   </div>
   <div class='ocr_carea' id='block_1_46' title="bbox 2252 2317 3847 2393">
    <p class='ocr_par' dir='ltr' id='par_1_46' title="bbox 2252 2317 3847 2393">
     <span class='ocr_line' id='line_1_46' title="bbox 2252 2317 3847 2393; baseline 0.003 -20"><span class='ocrx_word' id='word_1_362' title='bbox 2252 2326 2469 2377; x_wconf 85' lang='lat' dir='ltr'><strong>cutores</strong></span> <span class='ocrx_word' id='word_1_363' title='bbox 2496 2318 2552 2375; x_wconf 91' lang='lat' dir='ltr'><strong>in</strong></span> <span class='ocrx_word' id='word_1_364' title='bbox 2584 2333 2747 2375; x_wconf 86' lang='lat' dir='ltr'><strong>cruce</strong></span> <span class='ocrx_word' id='word_1_365' title='bbox 2786 2317 3111 2390; x_wconf 81' lang='lat' dir='ltr'><strong>pendentem</strong></span> <span class='ocrx_word' id='word_1_366' title='bbox 3138 2318 3427 2387; x_wconf 79' lang='lat' dir='ltr'><strong>viderunt;</strong></span> <span class='ocrx_word' id='word_1_367' title='bbox 3453 2318 3505 2373; x_wconf 90' lang='lat' dir='ltr'><strong>in</strong></span> <span class='ocrx_word' id='word_1_368' title='bbox 3542 2334 3650 2393; x_wconf 84' lang='lat' dir='ltr'><strong>qua</strong></span> <span class='ocrx_word' id='word_1_369' title='bbox 3676 2334 3847 2377; x_wconf 82' lang='lat' dir='ltr'><strong>cruce</strong></span> 
     </span>
    </p>
   </div>
   <div class='ocr_carea' id='block_1_47' title="bbox 2249 2407 3841 2480">
    <p class='ocr_par' dir='ltr' id='par_1_47' title="bbox 2249 2407 3841 2480">
     <span class='ocr_line' id='line_1_47' title="bbox 2249 2407 3841 2480; baseline -0.001 -13"><span class='ocrx_word' id='word_1_370' title='bbox 2249 2408 2520 2480; x_wconf 83' lang='lat' dir='ltr'><strong>passionis</strong></span> <span class='ocrx_word' id='word_1_371' title='bbox 2548 2407 2694 2464; x_wconf 79' lang='lat' dir='ltr'><strong>illius</strong></span> <span class='ocrx_word' id='word_1_372' title='bbox 2713 2448 2731 2475; x_wconf 94' lang='lat'><strong>,</strong></span> <span class='ocrx_word' id='word_1_373' title='bbox 2761 2407 3089 2469; x_wconf 80' lang='lat' dir='ltr'><strong>ministratio</strong></span> <span class='ocrx_word' id='word_1_374' title='bbox 3112 2415 3199 2465; x_wconf 91' lang='lat' dir='ltr'><strong>est</strong></span> <span class='ocrx_word' id='word_1_375' title='bbox 3225 2408 3415 2467; x_wconf 84' lang='lat' dir='ltr'><strong>salutis</strong></span> <span class='ocrx_word' id='word_1_376' title='bbox 3453 2416 3694 2477; x_wconf 65' lang='lat' dir='ltr'><strong>nostrae;</strong></span> <span class='ocrx_word' id='word_1_377' title='bbox 3733 2409 3841 2473; x_wconf 76' lang='lat' dir='ltr'><strong>hoc</strong></span> 
     </span>
    </p>
   </div>
   <div class='ocr_carea' id='block_1_48' title="bbox 2252 2498 3843 2573">
    <p class='ocr_par' dir='ltr' id='par_1_48' title="bbox 2252 2498 3843 2573">
     <span class='ocr_line' id='line_1_48' title="bbox 2252 2498 3843 2573; baseline 0.001 -16"><span class='ocrx_word' id='word_1_378' title='bbox 2252 2500 2397 2561; x_wconf 82' lang='lat' dir='ltr'><strong>enim</strong></span> <span class='ocrx_word' id='word_1_379' title='bbox 2421 2504 2631 2571; x_wconf 87' lang='lat' dir='ltr'><strong>gestum</strong></span> <span class='ocrx_word' id='word_1_380' title='bbox 2664 2498 2973 2568; x_wconf 84' lang='lat' dir='ltr'><strong>credimus;</strong></span> <span class='ocrx_word' id='word_1_381' title='bbox 3013 2500 3123 2558; x_wconf 86' lang='lat' dir='ltr'><strong>hoc</strong></span> <span class='ocrx_word' id='word_1_382' title='bbox 3142 2499 3300 2561; x_wconf 86' lang='lat' dir='ltr'><strong>nobis</strong></span> <span class='ocrx_word' id='word_1_383' title='bbox 3328 2500 3394 2559; x_wconf 87' lang='lat' dir='ltr'><strong>ad</strong></span> <span class='ocrx_word' id='word_1_384' title='bbox 3421 2500 3649 2559; x_wconf 81' lang='lat' dir='ltr'><strong>salutem</strong></span> <span class='ocrx_word' id='word_1_385' title='bbox 3675 2500 3843 2573; x_wconf 81' lang='lat' dir='ltr'><strong>proﬁ-</strong></span> 
     </span>
    </p>
   </div>
   <div class='ocr_carea' id='block_1_49' title="bbox 2252 2591 3848 2664">
    <p class='ocr_par' dir='ltr' id='par_1_49' title="bbox 2252 2591 3848 2664">
     <span class='ocr_line' id='line_1_49' title="bbox 2252 2591 3848 2664; baseline -0.001 -12"><span class='ocrx_word' id='word_1_386' title='bbox 2252 2609 2376 2659; x_wconf 84' lang='lat' dir='ltr'><strong>cere</strong></span> <span class='ocrx_word' id='word_1_387' title='bbox 2401 2594 2669 2653; x_wconf 82' lang='lat' dir='ltr'><strong>novimus.</strong></span> <span class='ocrx_word' id='word_1_388' title='bbox 2701 2591 2811 2653; x_wconf 90' lang='lat' dir='ltr'><strong>Sed</strong></span> <span class='ocrx_word' id='word_1_389' title='bbox 2836 2593 2969 2664; x_wconf 87' lang='lat' dir='ltr'><strong>quid</strong></span> <span class='ocrx_word' id='word_1_390' title='bbox 2992 2593 3229 2657; x_wconf 82' lang='lat' dir='ltr'><strong>carnalis</strong></span> <span class='ocrx_word' id='word_1_391' title='bbox 3255 2608 3411 2651; x_wconf 87' lang='lat' dir='ltr'><strong>mens</strong></span> <span class='ocrx_word' id='word_1_392' title='bbox 3432 2594 3678 2650; x_wconf 79' lang='lat' dir='ltr'><strong>humana</strong></span> <span class='ocrx_word' id='word_1_393' title='bbox 3702 2594 3848 2651; x_wconf 50' lang='lat' dir='ltr'><strong>uasti.</strong></span> 
     </span>
    </p>
   </div>
   <div class='ocr_carea' id='block_1_50' title="bbox 2252 2685 3848 2761">
    <p class='ocr_par' dir='ltr' id='par_1_50' title="bbox 2252 2685 3848 2761">
     <span class='ocr_line' id='line_1_50' title="bbox 2252 2685 3848 2761; baseline -0.001 -18"><span class='ocrx_word' id='word_1_394' title='bbox 2252 2694 2367 2743; x_wconf 87' lang='lat' dir='ltr'><strong>met</strong></span> <span class='ocrx_word' id='word_1_395' title='bbox 2390 2686 2451 2743; x_wconf 82' lang='lat' dir='ltr'><strong>in</strong></span> <span class='ocrx_word' id='word_1_396' title='bbox 2474 2700 2567 2753; x_wconf 80' lang='lat' dir='ltr'><strong>eo,</strong></span> <span class='ocrx_word' id='word_1_397' title='bbox 2595 2686 2740 2761; x_wconf 85' lang='lat' dir='ltr'><strong>quod</strong></span> <span class='ocrx_word' id='word_1_398' title='bbox 2768 2685 2967 2743; x_wconf 87' lang='lat' dir='ltr'><strong>dicitur</strong></span> <span class='ocrx_word' id='word_1_399' title='bbox 2990 2701 3005 2740; x_wconf 92' lang='lat'><strong>:</strong></span> <span class='ocrx_word' id='word_1_400' title='bbox 3035 2685 3236 2759; x_wconf 78' lang='lat' dir='ltr'><strong>Sedere</strong></span> <span class='ocrx_word' id='word_1_401' title='bbox 3263 2701 3389 2746; x_wconf 87' lang='lat' dir='ltr'><strong>eum</strong></span> <span class='ocrx_word' id='word_1_402' title='bbox 3412 2701 3447 2741; x_wconf 89' lang='lat' dir='ltr'><strong>a</strong></span> <span class='ocrx_word' id='word_1_403' title='bbox 3474 2686 3687 2745; x_wconf 80' lang='lat' dir='ltr'><strong>dextris</strong></span> <span class='ocrx_word' id='word_1_404' title='bbox 3715 2686 3848 2742; x_wconf 78' lang='lat' dir='ltr'><strong>Dei?</strong></span> 
     </span>
    </p>
   </div>
   <div class='ocr_carea' id='block_1_51' title="bbox 560 2760 2165 2849">
    <p class='ocr_par' dir='ltr' id='par_1_51' title="bbox 560 2760 2153 2835">
     <span class='ocr_line' id='line_1_51' title="bbox 560 2760 2153 2835; baseline 0.002 -20"><span class='ocrx_word' id='word_1_405' title='bbox 560 2760 699 2817; x_wconf 85' lang='lat' dir='ltr'><strong>lictis</strong></span> <span class='ocrx_word' id='word_1_406' title='bbox 725 2762 923 2817; x_wconf 80' lang='lat' dir='ltr'><strong>hostias</strong></span> <span class='ocrx_word' id='word_1_407' title='bbox 945 2763 1153 2833; x_wconf 76' lang='lat' dir='ltr'><strong>offerre,</strong></span> <span class='ocrx_word' id='word_1_408' title='bbox 1183 2762 1371 2818; x_wconf 84' lang='lat' dir='ltr'><strong>deinde</strong></span> <span class='ocrx_word' id='word_1_409' title='bbox 1393 2780 1488 2834; x_wconf 83' lang='lat' dir='ltr'><strong>pro</strong></span> <span class='ocrx_word' id='word_1_410' title='bbox 1508 2762 1723 2835; x_wconf 84' lang='lat' dir='ltr'><strong>populi:</strong></span> <span class='ocrx_word' id='word_1_411' title='bbox 1742 2764 1841 2819; x_wconf 74' lang='lat' dir='ltr'><strong>hoc</strong></span> <span class='ocrx_word' id='word_1_412' title='bbox 1864 2765 1999 2819; x_wconf 83' lang='lat' dir='ltr'><strong>enim</strong></span> <span class='ocrx_word' id='word_1_413' title='bbox 2025 2765 2153 2835; x_wconf 87' lang='lat' dir='ltr'><strong>fecit</strong></span> 
     </span>
    </p>
   </div>
   <div class='ocr_carea' id='block_1_52' title="bbox 2245 2760 3846 2849">
    <p class='ocr_par' dir='ltr' id='par_1_52' title="bbox 2252 2760 3846 2849">
     <span class='ocr_line' id='line_1_52' title="bbox 2252 2760 3846 2849; baseline -0.005 -9"><span class='ocrx_word' id='word_1_414' title='bbox 2252 2760 2646 2847; x_wconf 62' lang='lat' dir='ltr'><strong>Cmdesoettdit</strong></span> <span class='ocrx_word' id='word_1_415' title='bbox 2679 2777 2826 2843; x_wconf 76' lang='lat' dir='ltr'><strong>enim</strong></span> <span class='ocrx_word' id='word_1_416' title='bbox 2847 2786 3043 2841; x_wconf 58' lang='lat' dir='ltr'><strong>sancta</strong></span> <span class='ocrx_word' id='word_1_417' title='bbox 3074 2776 3352 2849; x_wconf 83' lang='lat' dir='ltr'><strong>Scriptura</strong></span> <span class='ocrx_word' id='word_1_418' title='bbox 3387 2786 3589 2837; x_wconf 75' lang='lat' dir='ltr'><strong>nostra:</strong></span> <span class='ocrx_word' id='word_1_419' title='bbox 3611 2775 3846 2832; x_wconf 83' lang='lat' dir='ltr'><strong>inﬁrmi-</strong></span> 
     </span>
    </p>
   </div>
   <div class='ocr_carea' id='block_1_53' title="bbox 554 2851 3849 2943">
    <p class='ocr_par' dir='ltr' id='par_1_53' title="bbox 554 2851 3849 2943">
     <span class='ocr_line' id='line_1_53' title="bbox 554 2851 3849 2943; baseline 0 -19"><span class='ocrx_word' id='word_1_420' title='bbox 554 2851 717 2910; x_wconf 67' lang='grc' dir='ltr'><strong>εονηει</strong></span> <span class='ocrx_word' id='word_1_421' title='bbox 746 2853 970 2925; x_wconf 57' lang='lat' dir='ltr'><strong>“ipsum</strong></span> <span class='ocrx_word' id='word_1_422' title='bbox 1001 2854 1285 2924; x_wconf 76' lang='grc' dir='ltr'><strong>οΙῙστεηάο·</strong></span> <span class='ocrx_word' id='word_1_423' title='bbox 1338 2871 1359 2905; x_wconf 73' lang='grc'><strong><em>⁸</em></strong></span> <span class='ocrx_word' id='word_1_424' title='bbox 1401 2852 1499 2909; x_wconf 70' lang='grc' dir='ltr'><strong>Ηίο</strong></span> <span class='ocrx_word' id='word_1_425' title='bbox 1533 2855 1679 2909; x_wconf 73' lang='lat' dir='ltr'><strong>enim</strong></span> <span class='ocrx_word' id='word_1_426' title='bbox 1721 2855 2149 2931; x_wconf 67' lang='grc' dir='ltr'><strong>ωαεηίῑῦάίηθω</strong></span> <span class='ocrx_word' id='word_1_427' title='bbox 2251 2869 2373 2935; x_wconf 76' lang='lat' dir='ltr'><strong>tati,</strong></span> <span class='ocrx_word' id='word_1_428' title='bbox 2397 2877 2703 2941; x_wconf 79' lang='lat' dir='ltr'><strong>nostraeque</strong></span> <span class='ocrx_word' id='word_1_429' title='bbox 2730 2867 3123 2935; x_wconf 80' lang='lat' dir='ltr'><strong>consuetudini,</strong></span> <span class='ocrx_word' id='word_1_430' title='bbox 3150 2876 3420 2943; x_wconf 78' lang='lat' dir='ltr'><strong>quatenus</strong></span> <span class='ocrx_word' id='word_1_431' title='bbox 3460 2867 3740 2925; x_wconf 83' lang='lat' dir='ltr'><strong>imbecilla</strong></span> <span class='ocrx_word' id='word_1_432' title='bbox 3769 2869 3849 2924; x_wconf 83' lang='lat' dir='ltr'><strong>in-</strong></span> 
     </span>
    </p>
   </div>
   <div class='ocr_carea' id='block_1_54' title="bbox 556 2944 3849 3039">
    <p class='ocr_par' dir='ltr' id='par_1_54' title="bbox 556 2944 3849 3039">
     <span class='ocr_line' id='line_1_54' title="bbox 556 2944 3849 3039; baseline 0.002 -37"><span class='ocrx_word' id='word_1_433' title='bbox 556 2944 812 3002; x_wconf 86' lang='lat' dir='ltr'><strong>sacriﬁcii</strong></span> <span class='ocrx_word' id='word_1_434' title='bbox 841 2945 1101 3012; x_wconf 87' lang='lat' dir='ltr'><strong>ostendit,</strong></span> <span class='ocrx_word' id='word_1_435' title='bbox 1132 2944 1381 3017; x_wconf 88' lang='lat' dir='ltr'><strong>quamvis</strong></span> <span class='ocrx_word' id='word_1_436' title='bbox 1405 2944 1537 3007; x_wconf 85' lang='lat' dir='ltr'><strong>illud</strong></span> <span class='ocrx_word' id='word_1_437' title='bbox 1569 2962 1738 3002; x_wconf 89' lang='lat' dir='ltr'><strong>unum</strong></span> <span class='ocrx_word' id='word_1_438' title='bbox 1763 2955 1910 3003; x_wconf 88' lang='lat' dir='ltr'><strong>esset</strong></span> <span class='ocrx_word' id='word_1_439' title='bbox 1931 2965 1946 3015; x_wconf 84' lang='lat'><strong>;</strong></span> <span class='ocrx_word' id='word_1_440' title='bbox 1987 2957 2044 3003; x_wconf 84' lang='lat' dir='ltr'><strong>et</strong></span> <span class='ocrx_word' id='word_1_441' title='bbox 2069 2948 2149 3004; x_wconf 68' lang='lat' dir='ltr'><strong>Sil:</strong></span> <span class='ocrx_word' id='word_1_442' title='bbox 2253 2968 2556 3021; x_wconf 63' lang='lat' dir='ltr'><strong>structam:</strong></span> <span class='ocrx_word' id='word_1_443' title='bbox 2578 2961 2916 3028; x_wconf 63' lang='lat' dir='ltr'><strong>humanitas,</strong></span> <span class='ocrx_word' id='word_1_444' title='bbox 2941 2960 3156 3033; x_wconf 70' lang='lat' dir='ltr'><strong>quando</strong></span> <span class='ocrx_word' id='word_1_445' title='bbox 3185 2976 3357 3039; x_wconf 66' lang='lat' dir='ltr'><strong>usque</strong></span> <span class='ocrx_word' id='word_1_446' title='bbox 3390 2962 3460 3019; x_wconf 77' lang='lat' dir='ltr'><strong>ad</strong></span> <span class='ocrx_word' id='word_1_447' title='bbox 3482 2961 3634 3019; x_wconf 80' lang='lat' dir='ltr'><strong>illam</strong></span> <span class='ocrx_word' id='word_1_448' title='bbox 3664 2977 3849 3019; x_wconf 67' lang='lat' dir='ltr'><strong>secre-</strong></span> 
     </span>
    </p>
   </div>
   <div class='ocr_carea' id='block_1_55' title="bbox 557 3038 3850 3128">
    <p class='ocr_par' dir='ltr' id='par_1_55' title="bbox 557 3038 3850 3128">
     <span class='ocr_line' id='line_1_55' title="bbox 557 3038 3850 3128; baseline 0.005 -32"><span class='ocrx_word' id='word_1_449' title='bbox 557 3038 801 3096; x_wconf 86' lang='lat' dir='ltr'><strong>oblatum</strong></span> <span class='ocrx_word' id='word_1_450' title='bbox 826 3038 1025 3096; x_wconf 79' lang='lat' dir='ltr'><strong>sufﬁcit</strong></span> <span class='ocrx_word' id='word_1_451' title='bbox 1045 3040 1104 3094; x_wconf 80' lang='lat' dir='ltr'><strong>in</strong></span> <span class='ocrx_word' id='word_1_452' title='bbox 1144 3039 1573 3112; x_wconf 79' lang='lat' dir='ltr'><strong>sempiternum;</strong></span> <span class='ocrx_word' id='word_1_453' title='bbox 1616 3048 1670 3094; x_wconf 73' lang='lat' dir='ltr'><strong>et</strong></span> <span class='ocrx_word' id='word_1_454' title='bbox 1703 3046 1915 3096; x_wconf 70' lang='lat' dir='ltr'><strong>tantum</strong></span> <span class='ocrx_word' id='word_1_455' title='bbox 1942 3056 2149 3115; x_wconf 59' lang='lat' dir='ltr'><strong>prava-</strong></span> <span class='ocrx_word' id='word_1_456' title='bbox 2252 3058 2365 3107; x_wconf 86' lang='lat' dir='ltr'><strong>tam</strong></span> <span class='ocrx_word' id='word_1_457' title='bbox 2412 3051 2645 3124; x_wconf 80' lang='lat' dir='ltr'><strong>gloriam</strong></span> <span class='ocrx_word' id='word_1_458' title='bbox 2685 3052 2984 3113; x_wconf 83' lang='lat' dir='ltr'><strong>divinitatis</strong></span> <span class='ocrx_word' id='word_1_459' title='bbox 3031 3050 3209 3128; x_wconf 76' lang='lat' dir='ltr'><strong>[Cod.,</strong></span> <span class='ocrx_word' id='word_1_460' title='bbox 3243 3038 3521 3128; x_wconf 77' lang='lat' dir='ltr'><strong>divinitas]</strong></span> <span class='ocrx_word' id='word_1_461' title='bbox 3565 3054 3850 3113; x_wconf 83' lang='lat' dir='ltr'><strong>hominum</strong></span> 
     </span>
    </p>
   </div>
   <div class='ocr_carea' id='block_1_56' title="bbox 554 3130 3852 3221">
    <p class='ocr_par' dir='ltr' id='par_1_56' title="bbox 554 3130 3852 3221">
     <span class='ocr_line' id='line_1_56' title="bbox 554 3130 3852 3221; baseline 0.003 -28"><span class='ocrx_word' id='word_1_462' title='bbox 554 3130 681 3199; x_wconf 73' lang='grc' dir='ltr'><strong>ιιιὶι,</strong></span> <span class='ocrx_word' id='word_1_463' title='bbox 718 3141 980 3204; x_wconf 83' lang='lat' dir='ltr'><strong>quantum</strong></span> <span class='ocrx_word' id='word_1_464' title='bbox 1016 3140 1214 3188; x_wconf 57' lang='lat' dir='ltr'><strong>canem</strong></span> <span class='ocrx_word' id='word_1_465' title='bbox 1241 3132 1424 3188; x_wconf 74' lang='lat' dir='ltr'><strong>omnia</strong></span> <span class='ocrx_word' id='word_1_466' title='bbox 1468 3144 1581 3204; x_wconf 71' lang='grc' dir='ltr'><strong>ηοιι</strong></span> <span class='ocrx_word' id='word_1_467' title='bbox 1615 3132 2053 3204; x_wconf 73' lang='lat' dir='ltr'><strong>praevalnerum;</strong></span> <span class='ocrx_word' id='word_1_468' title='bbox 2094 3143 2149 3191; x_wconf 74' lang='grc' dir='ltr'><strong>ει</strong></span> <span class='ocrx_word' id='word_1_469' title='bbox 2169 3186 2223 3221; x_wconf 56' lang='grc' dir='ltr'><em>η</em></span> <span class='ocrx_word' id='word_1_470' title='bbox 2250 3158 2357 3198; x_wconf 90' lang='lat' dir='ltr'><strong>non</strong></span> <span class='ocrx_word' id='word_1_471' title='bbox 2386 3151 2599 3214; x_wconf 88' lang='lat' dir='ltr'><strong>poterat</strong></span> <span class='ocrx_word' id='word_1_472' title='bbox 2641 3145 2944 3213; x_wconf 81' lang='lat' dir='ltr'><strong>pervenire.</strong></span> <span class='ocrx_word' id='word_1_473' title='bbox 2986 3145 3160 3216; x_wconf 87' lang='lat' dir='ltr'><strong>Igitur</strong></span> <span class='ocrx_word' id='word_1_474' title='bbox 3194 3146 3387 3202; x_wconf 87' lang='lat' dir='ltr'><strong>victori</strong></span> <span class='ocrx_word' id='word_1_475' title='bbox 3431 3146 3571 3205; x_wconf 84' lang='lat' dir='ltr'><strong>Filio</strong></span> <span class='ocrx_word' id='word_1_476' title='bbox 3589 3188 3615 3214; x_wconf 69' lang='lat'><strong>,,</strong></span> <span class='ocrx_word' id='word_1_477' title='bbox 3652 3156 3713 3203; x_wconf 89' lang='lat' dir='ltr'><strong>et</strong></span> <span class='ocrx_word' id='word_1_478' title='bbox 3750 3162 3852 3221; x_wconf 82' lang='lat' dir='ltr'><strong>per</strong></span> 
     </span>
    </p>
   </div>
   <div class='ocr_carea' id='block_1_57' title="bbox 557 3222 2165 3313">
    <p class='ocr_par' dir='ltr' id='par_1_57' title="bbox 557 3222 2136 3300">
     <span class='ocr_line' id='line_1_57' title="bbox 557 3222 2136 3300; baseline 0.001 -18"><span class='ocrx_word' id='word_1_479' title='bbox 557 3225 706 3296; x_wconf 89' lang='lat' dir='ltr'><strong>quod</strong></span> <span class='ocrx_word' id='word_1_480' title='bbox 724 3223 1006 3291; x_wconf 84' lang='lat' dir='ltr'><strong>oﬁ‘erebat,</strong></span> <span class='ocrx_word' id='word_1_481' title='bbox 1023 3239 1129 3280; x_wconf 91' lang='lat' dir='ltr'><strong>non</strong></span> <span class='ocrx_word' id='word_1_482' title='bbox 1148 3238 1249 3294; x_wconf 90' lang='lat' dir='ltr'><strong>pro</strong></span> <span class='ocrx_word' id='word_1_483' title='bbox 1269 3240 1329 3280; x_wconf 89' lang='lat' dir='ltr'><strong>se</strong></span> <span class='ocrx_word' id='word_1_484' title='bbox 1347 3222 1630 3292; x_wconf 80' lang='lat' dir='ltr'><strong>offerebat,</strong></span> <span class='ocrx_word' id='word_1_485' title='bbox 1646 3224 1741 3284; x_wconf 87' lang='lat' dir='ltr'><strong>sed</strong></span> <span class='ocrx_word' id='word_1_486' title='bbox 1758 3240 1859 3299; x_wconf 86' lang='lat' dir='ltr'><strong>pro</strong></span> <span class='ocrx_word' id='word_1_487' title='bbox 1877 3227 2094 3300; x_wconf 88' lang='lat' dir='ltr'><strong>populo.</strong></span> <span class='ocrx_word' id='word_1_488' title='bbox 2117 3249 2136 3283; x_wconf 75' lang='grc' dir='ltr'><strong><em>ι</em></strong></span> 
     </span>
    </p>
   </div>
   <div class='ocr_carea' id='block_1_58' title="bbox 2245 3222 3844 3313">
    <p class='ocr_par' dir='ltr' id='par_1_58' title="bbox 2249 3237 3844 3313">
     <span class='ocr_line' id='line_1_58' title="bbox 2249 3237 3844 3313; baseline 0.001 -19"><span class='ocrx_word' id='word_1_489' title='bbox 2249 3244 2493 3294; x_wconf 84' lang='lat' dir='ltr'><strong>sanctam</strong></span> <span class='ocrx_word' id='word_1_490' title='bbox 2520 3237 2947 3293; x_wconf 87' lang='lat' dir='ltr'><strong>incarnationem</strong></span> <span class='ocrx_word' id='word_1_491' title='bbox 2989 3238 3157 3294; x_wconf 83' lang='lat' dir='ltr'><strong>totius</strong></span> <span class='ocrx_word' id='word_1_492' title='bbox 3192 3238 3378 3294; x_wconf 92' lang='lat' dir='ltr'><strong>mundi</strong></span> <span class='ocrx_word' id='word_1_493' title='bbox 3421 3240 3844 3313; x_wconf 80' lang='lat' dir='ltr'><strong>triumphaturi,</strong></span> 
     </span>
    </p>
   </div>
   <div class='ocr_carea' id='block_1_59' title="bbox 557 3315 3848 3403">
    <p class='ocr_par' dir='ltr' id='par_1_59' title="bbox 557 3315 3848 3403">
     <span class='ocr_line' id='line_1_59' title="bbox 557 3315 3848 3403; baseline 0.004 -29"><span class='ocrx_word' id='word_1_494' title='bbox 557 3315 675 3375; x_wconf 75' lang='lat' dir='ltr'><strong>Nec</strong></span> <span class='ocrx_word' id='word_1_495' title='bbox 696 3316 844 3374; x_wconf 91' lang='lat' dir='ltr'><strong>enim</strong></span> <span class='ocrx_word' id='word_1_496' title='bbox 876 3317 981 3373; x_wconf 88' lang='lat' dir='ltr'><strong>hoc</strong></span> <span class='ocrx_word' id='word_1_497' title='bbox 1007 3331 1106 3389; x_wconf 89' lang='lat' dir='ltr'><strong>pro</strong></span> <span class='ocrx_word' id='word_1_498' title='bbox 1128 3317 1328 3388; x_wconf 90' lang='lat' dir='ltr'><strong>populo</strong></span> <span class='ocrx_word' id='word_1_499' title='bbox 1355 3319 1596 3391; x_wconf 85' lang='lat' dir='ltr'><strong>quotidie</strong></span> <span class='ocrx_word' id='word_1_500' title='bbox 1628 3319 1960 3377; x_wconf 72' lang='lat' dir='ltr'><strong>oﬁerendum</strong></span> <span class='ocrx_word' id='word_1_501' title='bbox 1986 3331 2106 3379; x_wconf 86' lang='lat' dir='ltr'><strong>erat</strong></span> <span class='ocrx_word' id='word_1_502' title='bbox 2127 3341 2142 3389; x_wconf 92' lang='lat'><strong>;</strong></span> <span class='ocrx_word' id='word_1_503' title='bbox 2246 3337 2370 3402; x_wconf 84' lang='lat' dir='ltr'><strong>post</strong></span> <span class='ocrx_word' id='word_1_504' title='bbox 2394 3329 2811 3385; x_wconf 80' lang='lat' dir='ltr'><strong>resurrectionis</strong></span> <span class='ocrx_word' id='word_1_505' title='bbox 2835 3329 3062 3403; x_wconf 79' lang='lat' dir='ltr'><strong>gloriam</strong></span> <span class='ocrx_word' id='word_1_506' title='bbox 3090 3330 3426 3388; x_wconf 76' lang='lat' dir='ltr'><strong>honorabilis</strong></span> <span class='ocrx_word' id='word_1_507' title='bbox 3451 3340 3747 3389; x_wconf 73' lang='lat' dir='ltr'><strong>consessus</strong></span> <span class='ocrx_word' id='word_1_508' title='bbox 3764 3332 3848 3388; x_wconf 81' lang='lat' dir='ltr'><strong>of-</strong></span> 
     </span>
    </p>
   </div>
   <div class='ocr_carea' id='block_1_60' title="bbox 557 3409 3846 3497">
    <p class='ocr_par' dir='ltr' id='par_1_60' title="bbox 557 3409 3846 3497">
     <span class='ocr_line' id='line_1_60' title="bbox 557 3409 3846 3497; baseline 0.004 -29"><span class='ocrx_word' id='word_1_509' title='bbox 557 3409 661 3468; x_wconf 85' lang='lat' dir='ltr'><strong>sed</strong></span> <span class='ocrx_word' id='word_1_510' title='bbox 682 3417 847 3467; x_wconf 74' lang='lat' dir='ltr'><strong>tanta:</strong></span> <span class='ocrx_word' id='word_1_511' title='bbox 866 3410 1172 3467; x_wconf 80' lang='lat' dir='ltr'><strong>sanctitatis</strong></span> <span class='ocrx_word' id='word_1_512' title='bbox 1198 3418 1255 3466; x_wconf 92' lang='lat' dir='ltr'><strong>et</strong></span> <span class='ocrx_word' id='word_1_513' title='bbox 1282 3412 1507 3468; x_wconf 88' lang='lat' dir='ltr'><strong>honoris</strong></span> <span class='ocrx_word' id='word_1_514' title='bbox 1541 3413 1688 3485; x_wconf 90' lang='lat' dir='ltr'><strong>apud</strong></span> <span class='ocrx_word' id='word_1_515' title='bbox 1710 3412 1881 3471; x_wconf 86' lang='lat' dir='ltr'><strong>Deum</strong></span> <span class='ocrx_word' id='word_1_516' title='bbox 1915 3415 2017 3472; x_wconf 78' lang='lat' dir='ltr'><strong>ﬁuit</strong></span> <span class='ocrx_word' id='word_1_517' title='bbox 2042 3417 2146 3474; x_wconf 91' lang='lat' dir='ltr'><strong>hoc</strong></span> <span class='ocrx_word' id='word_1_518' title='bbox 2245 3420 2443 3487; x_wconf 76' lang='lat' dir='ltr'><strong>fertur,</strong></span> <span class='ocrx_word' id='word_1_519' title='bbox 2472 3427 2537 3475; x_wconf 79' lang='lat' dir='ltr'><strong>ut</strong></span> <span class='ocrx_word' id='word_1_520' title='bbox 2558 3432 2658 3492; x_wconf 87' lang='lat' dir='ltr'><strong>per</strong></span> <span class='ocrx_word' id='word_1_521' title='bbox 2683 3421 2829 3476; x_wconf 78' lang='lat' dir='ltr'><strong>hunc</strong></span> <span class='ocrx_word' id='word_1_522' title='bbox 2858 3420 3020 3477; x_wconf 85' lang='lat' dir='ltr'><strong>situm</strong></span> <span class='ocrx_word' id='word_1_523' title='bbox 3059 3429 3323 3494; x_wconf 70' lang='lat' dir='ltr'><strong>susceptae</strong></span> <span class='ocrx_word' id='word_1_524' title='bbox 3343 3424 3705 3480; x_wconf 60' lang='lat' dir='ltr'><strong>humanitatis</strong></span> <span class='ocrx_word' id='word_1_525' title='bbox 3726 3424 3846 3497; x_wconf 52' lang='grc' dir='ltr'><strong>μ’</strong></span> 
     </span>
    </p>
   </div>
   <div class='ocr_carea' id='block_1_61' title="bbox 559 3501 3847 3589">
    <p class='ocr_par' dir='ltr' id='par_1_61' title="bbox 559 3501 3847 3589">
     <span class='ocr_line' id='line_1_61' title="bbox 559 3501 3847 3589; baseline 0.004 -29"><span class='ocrx_word' id='word_1_526' title='bbox 559 3503 913 3572; x_wconf 77' lang='lat' dir='ltr'><strong>sacriﬁcium,</strong></span> <span class='ocrx_word' id='word_1_527' title='bbox 940 3509 1003 3558; x_wconf 92' lang='lat' dir='ltr'><strong>ut</strong></span> <span class='ocrx_word' id='word_1_528' title='bbox 1027 3501 1197 3560; x_wconf 87' lang='lat' dir='ltr'><strong>semel</strong></span> <span class='ocrx_word' id='word_1_529' title='bbox 1220 3503 1463 3561; x_wconf 88' lang='lat' dir='ltr'><strong>oblatum</strong></span> <span class='ocrx_word' id='word_1_530' title='bbox 1489 3505 1546 3561; x_wconf 89' lang='lat' dir='ltr'><strong>in</strong></span> <span class='ocrx_word' id='word_1_531' title='bbox 1574 3514 1835 3562; x_wconf 68' lang='lat' dir='ltr'><strong>aeternum</strong></span> <span class='ocrx_word' id='word_1_532' title='bbox 1856 3508 2149 3579; x_wconf 80' lang='lat' dir='ltr'><strong>profuisset</strong></span> <span class='ocrx_word' id='word_1_533' title='bbox 2245 3513 2330 3570; x_wconf 88' lang='lat' dir='ltr'><strong>ria</strong></span> <span class='ocrx_word' id='word_1_534' title='bbox 2360 3512 2704 3569; x_wconf 85' lang='lat' dir='ltr'><strong>declaretur:</strong></span> <span class='ocrx_word' id='word_1_535' title='bbox 2737 3528 2865 3569; x_wconf 88' lang='lat' dir='ltr'><strong>nam</strong></span> <span class='ocrx_word' id='word_1_536' title='bbox 2890 3514 2995 3570; x_wconf 89' lang='lat' dir='ltr'><strong>hee</strong></span> <span class='ocrx_word' id='word_1_537' title='bbox 3017 3515 3195 3571; x_wconf 81' lang='lat' dir='ltr'><strong>verbo</strong></span> <span class='ocrx_word' id='word_1_538' title='bbox 3212 3516 3411 3583; x_wconf 78' lang='lat' dir='ltr'><strong>sedere,</strong></span> <span class='ocrx_word' id='word_1_539' title='bbox 3440 3516 3571 3572; x_wconf 73' lang='lat' dir='ltr'><strong>illud</strong></span> <span class='ocrx_word' id='word_1_540' title='bbox 3593 3516 3847 3589; x_wconf 68' lang='lat' dir='ltr'><strong>designa-</strong></span> 
     </span>
    </p>
   </div>
   <div class='ocr_carea' id='block_1_62' title="bbox 559 3594 906 3668">
    <p class='ocr_par' dir='ltr' id='par_1_62' title="bbox 559 3594 906 3668">
     <span class='ocr_line' id='line_1_62' title="bbox 559 3594 906 3668; baseline 0 -20"><span class='ocrx_word' id='word_1_541' title='bbox 559 3594 766 3668; x_wconf 83' lang='lat' dir='ltr'><strong>populo</strong></span> <span class='ocrx_word' id='word_1_542' title='bbox 788 3594 906 3651; x_wconf 77' lang='lat' dir='ltr'><strong>Dei.</strong></span> 
     </span>
    </p>
   </div>
   <div class='ocr_carea' id='block_1_63' title="bbox 632 3684 2147 3747">
    <p class='ocr_par' dir='ltr' id='par_1_63' title="bbox 632 3684 2147 3747">
     <span class='ocr_line' id='line_1_63' title="bbox 632 3684 2147 3747; baseline 0.003 -4"><span class='ocrx_word' id='word_1_543' title='bbox 632 3685 796 3743; x_wconf 71' lang='lat' dir='ltr'><strong>Vens.</strong></span> <span class='ocrx_word' id='word_1_544' title='bbox 832 3686 923 3744; x_wconf 75' lang='lat'><strong>28.</strong></span> <span class='ocrx_word' id='word_1_545' title='bbox 946 3715 1021 3728; x_wconf 92' lang='lat'><strong>-—</strong></span> <span class='ocrx_word' id='word_1_546' title='bbox 1045 3684 1157 3743; x_wconf 72' lang='lat' dir='ltr'><strong>Lex</strong></span> <span class='ocrx_word' id='word_1_547' title='bbox 1179 3688 1318 3744; x_wconf 81' lang='lat' dir='ltr'><strong>enim</strong></span> <span class='ocrx_word' id='word_1_548' title='bbox 1347 3688 1582 3746; x_wconf 83' lang='lat' dir='ltr'><strong>homines</strong></span> <span class='ocrx_word' id='word_1_549' title='bbox 1606 3690 1874 3747; x_wconf 82' lang='lat' dir='ltr'><strong>constituit</strong></span> <span class='ocrx_word' id='word_1_550' title='bbox 1904 3691 2147 3747; x_wconf 84' lang='lat' dir='ltr'><strong>sacerdo-</strong></span> 
     </span>
    </p>
   </div>
   <div class='ocr_carea' id='block_1_64' title="bbox 561 3779 2150 3860">
    <p class='ocr_par' dir='ltr' id='par_1_64' title="bbox 561 3779 2150 3860">
     <span class='ocr_line' id='line_1_64' title="bbox 561 3779 2150 3860; baseline 0.003 -21"><span class='ocrx_word' id='word_1_551' title='bbox 561 3788 645 3839; x_wconf 86' lang='lat' dir='ltr'><strong>tes</strong></span> <span class='ocrx_word' id='word_1_552' title='bbox 667 3779 1027 3851; x_wconf 71' lang='lat' dir='ltr'><strong>inﬁrmitatem</strong></span> <span class='ocrx_word' id='word_1_553' title='bbox 1070 3784 1349 3852; x_wconf 79' lang='lat' dir='ltr'><strong>habentes;</strong></span> <span class='ocrx_word' id='word_1_554' title='bbox 1386 3794 1676 3860; x_wconf 87' lang='lat' dir='ltr'><strong>propterea</strong></span> <span class='ocrx_word' id='word_1_555' title='bbox 1702 3800 1802 3859; x_wconf 89' lang='lat' dir='ltr'><strong>pro</strong></span> <span class='ocrx_word' id='word_1_556' title='bbox 1841 3803 1902 3846; x_wconf 90' lang='lat' dir='ltr'><strong>se</strong></span> <span class='ocrx_word' id='word_1_557' title='bbox 1927 3790 2069 3845; x_wconf 83' lang='lat' dir='ltr'><strong>sicut</strong></span> <span class='ocrx_word' id='word_1_558' title='bbox 2092 3796 2150 3859; x_wconf 79' lang='lat' dir='ltr'><strong>et</strong></span> 
     </span>
    </p>
   </div>
   <div class='ocr_carea' id='block_1_65' title="bbox 440 3873 2149 3951">
    <p class='ocr_par' dir='ltr' id='par_1_65' title="bbox 440 3873 2149 3951">
     <span class='ocr_line' id='line_1_65' title="bbox 440 3873 2149 3951; baseline 0.007 -26"><span class='ocrx_word' id='word_1_559' title='bbox 440 3916 449 3925; x_wconf 78' lang='lat'><strong><em>,</em></strong></span> <span class='ocrx_word' id='word_1_560' title='bbox 560 3887 661 3945; x_wconf 87' lang='lat' dir='ltr'><strong>pro</strong></span> <span class='ocrx_word' id='word_1_561' title='bbox 678 3873 876 3945; x_wconf 88' lang='lat' dir='ltr'><strong>populo</strong></span> <span class='ocrx_word' id='word_1_562' title='bbox 902 3890 1117 3948; x_wconf 88' lang='lat' dir='ltr'><strong>semper</strong></span> <span class='ocrx_word' id='word_1_563' title='bbox 1143 3874 1459 3933; x_wconf 86' lang='lat' dir='ltr'><strong>oﬁ‘erebant.</strong></span> <span class='ocrx_word' id='word_1_564' title='bbox 1491 3877 1597 3936; x_wconf 83' lang='lat' dir='ltr'><strong>Iste</strong></span> <span class='ocrx_word' id='word_1_565' title='bbox 1624 3888 1806 3936; x_wconf 89' lang='lat' dir='ltr'><strong>autem</strong></span> <span class='ocrx_word' id='word_1_566' title='bbox 1826 3888 1935 3936; x_wconf 86' lang='lat' dir='ltr'><strong>tam</strong></span> <span class='ocrx_word' id='word_1_567' title='bbox 1954 3889 2149 3951; x_wconf 88' lang='lat' dir='ltr'><strong>potens</strong></span> 
     </span>
    </p>
   </div>
   <div class='ocr_carea' id='block_1_66' title="bbox 557 3967 2149 4046">
    <p class='ocr_par' dir='ltr' id='par_1_66' title="bbox 557 3967 2149 4046">
     <span class='ocr_line' id='line_1_66' title="bbox 557 3967 2149 4046; baseline 0.006 -26"><span class='ocrx_word' id='word_1_568' title='bbox 557 3972 663 4031; x_wconf 85' lang='lat' dir='ltr'><strong>est,</strong></span> <span class='ocrx_word' id='word_1_569' title='bbox 692 3972 753 4020; x_wconf 85' lang='lat' dir='ltr'><strong>ut</strong></span> <span class='ocrx_word' id='word_1_570' title='bbox 779 3967 945 4023; x_wconf 90' lang='lat' dir='ltr'><strong>semel</strong></span> <span class='ocrx_word' id='word_1_571' title='bbox 965 3967 1179 4024; x_wconf 87' lang='lat' dir='ltr'><strong>oblatus</strong></span> <span class='ocrx_word' id='word_1_572' title='bbox 1204 3984 1316 4025; x_wconf 68' lang='lat' dir='ltr'><strong>suae</strong></span> <span class='ocrx_word' id='word_1_573' title='bbox 1337 3972 1518 4027; x_wconf 88' lang='lat' dir='ltr'><strong>carnis</strong></span> <span class='ocrx_word' id='word_1_574' title='bbox 1538 3972 1826 4039; x_wconf 88' lang='lat' dir='ltr'><strong>sacriﬁcio,</strong></span> <span class='ocrx_word' id='word_1_575' title='bbox 1856 3974 1991 4029; x_wconf 86' lang='lat' dir='ltr'><strong>nihil</strong></span> <span class='ocrx_word' id='word_1_576' title='bbox 2011 3988 2149 4046; x_wconf 88' lang='lat' dir='ltr'><strong>opus</strong></span> 
     </span>
    </p>
   </div>
   <div class='ocr_carea' id='block_1_67' title="bbox 557 4057 2147 4135">
    <p class='ocr_par' dir='ltr' id='par_1_67' title="bbox 557 4057 2147 4135">
     <span class='ocr_line' id='line_1_67' title="bbox 557 4057 2147 4135; baseline 0.004 -21"><span class='ocrx_word' id='word_1_577' title='bbox 557 4063 680 4114; x_wconf 83' lang='lat' dir='ltr'><strong>erat</strong></span> <span class='ocrx_word' id='word_1_578' title='bbox 698 4057 949 4129; x_wconf 86' lang='lat' dir='ltr'><strong>cuiquam</strong></span> <span class='ocrx_word' id='word_1_579' title='bbox 973 4061 1307 4118; x_wconf 87' lang='lat' dir='ltr'><strong>credentium</strong></span> <span class='ocrx_word' id='word_1_580' title='bbox 1341 4063 1462 4135; x_wconf 89' lang='lat' dir='ltr'><strong>plus</strong></span> <span class='ocrx_word' id='word_1_581' title='bbox 1491 4063 1687 4121; x_wconf 78' lang='lat' dir='ltr'><strong>offerre</strong></span> <span class='ocrx_word' id='word_1_582' title='bbox 1723 4081 1821 4135; x_wconf 87' lang='lat' dir='ltr'><strong>pro</strong></span> <span class='ocrx_word' id='word_1_583' title='bbox 1855 4080 1940 4121; x_wconf 91' lang='lat' dir='ltr'><strong>eo.</strong></span> <span class='ocrx_word' id='word_1_584' title='bbox 1965 4063 2147 4121; x_wconf 85' lang='lat' dir='ltr'><strong>Sermo</strong></span> 
     </span>
    </p>
   </div>
   <div class='ocr_carea' id='block_1_68' title="bbox 558 4149 2148 4226">
    <p class='ocr_par' dir='ltr' id='par_1_68' title="bbox 558 4149 2148 4226">
     <span class='ocr_line' id='line_1_68' title="bbox 558 4149 2148 4226; baseline 0.006 -24"><span class='ocrx_word' id='word_1_585' title='bbox 558 4159 737 4203; x_wconf 80' lang='lat' dir='ltr'><strong>autem</strong></span> <span class='ocrx_word' id='word_1_586' title='bbox 770 4149 1150 4222; x_wconf 85' lang='lat' dir='ltr'><strong>jurisjurandi,</strong></span> <span class='ocrx_word' id='word_1_587' title='bbox 1190 4155 1283 4224; x_wconf 79' lang='lat' dir='ltr'><strong>qui</strong></span> <span class='ocrx_word' id='word_1_588' title='bbox 1327 4164 1441 4225; x_wconf 91' lang='lat' dir='ltr'><strong>post</strong></span> <span class='ocrx_word' id='word_1_589' title='bbox 1483 4154 1646 4226; x_wconf 87' lang='lat' dir='ltr'><strong>legem</strong></span> <span class='ocrx_word' id='word_1_590' title='bbox 1693 4164 1799 4223; x_wconf 87' lang='lat' dir='ltr'><strong>est,</strong></span> <span class='ocrx_word' id='word_1_591' title='bbox 1847 4154 2049 4211; x_wconf 79' lang='lat' dir='ltr'><strong>Filium</strong></span> <span class='ocrx_word' id='word_1_592' title='bbox 2090 4156 2148 4211; x_wconf 84' lang='lat' dir='ltr'><strong>iu</strong></span> 
     </span>
    </p>
   </div>
   <div class='ocr_carea' id='block_1_69' title="bbox 560 4239 2148 4311">
    <p class='ocr_par' dir='ltr' id='par_1_69' title="bbox 560 4239 2148 4311">
     <span class='ocr_line' id='line_1_69' title="bbox 560 4239 2148 4311; baseline 0.008 -19"><span class='ocrx_word' id='word_1_593' title='bbox 560 4246 811 4293; x_wconf 74' lang='lat' dir='ltr'><strong>atomum</strong></span> <span class='ocrx_word' id='word_1_594' title='bbox 831 4239 1136 4311; x_wconf 82' lang='lat' dir='ltr'><strong>perfectum.</strong></span> <span class='ocrx_word' id='word_1_595' title='bbox 1167 4239 1267 4300; x_wconf 86' lang='lat' dir='ltr'><strong>Hic</strong></span> <span class='ocrx_word' id='word_1_596' title='bbox 1303 4246 1470 4300; x_wconf 89' lang='lat' dir='ltr'><strong>etiam</strong></span> <span class='ocrx_word' id='word_1_597' title='bbox 1493 4245 1616 4302; x_wconf 89' lang='lat' dir='ltr'><strong>Filii</strong></span> <span class='ocrx_word' id='word_1_598' title='bbox 1642 4262 1839 4304; x_wconf 90' lang='lat' dir='ltr'><strong>nomen</strong></span> <span class='ocrx_word' id='word_1_599' title='bbox 1865 4250 1934 4304; x_wconf 89' lang='lat' dir='ltr'><strong>ad</strong></span> <span class='ocrx_word' id='word_1_600' title='bbox 1959 4249 2148 4306; x_wconf 87' lang='lat' dir='ltr'><strong>distin-</strong></span> 
     </span>
    </p>
   </div>
   <div class='ocr_carea' id='block_1_70' title="bbox 559 4329 2144 4409">
    <p class='ocr_par' dir='ltr' id='par_1_70' title="bbox 559 4329 2144 4409">
     <span class='ocr_line' id='line_1_70' title="bbox 559 4329 2144 4409; baseline 0.008 -25"><span class='ocrx_word' id='word_1_601' title='bbox 559 4329 794 4385; x_wconf 87' lang='lat' dir='ltr'><strong>ctionem</strong></span> <span class='ocrx_word' id='word_1_602' title='bbox 819 4346 1120 4397; x_wconf 87' lang='lat' dir='ltr'><strong>servorum,</strong></span> <span class='ocrx_word' id='word_1_603' title='bbox 1149 4335 1243 4404; x_wconf 86' lang='lat' dir='ltr'><strong>qui</strong></span> <span class='ocrx_word' id='word_1_604' title='bbox 1273 4334 1493 4391; x_wconf 80' lang='lat' dir='ltr'><strong>fuerunt</strong></span> <span class='ocrx_word' id='word_1_605' title='bbox 1521 4335 1575 4390; x_wconf 92' lang='lat' dir='ltr'><strong>in</strong></span> <span class='ocrx_word' id='word_1_606' title='bbox 1605 4337 1741 4409; x_wconf 89' lang='lat' dir='ltr'><strong>lege,</strong></span> <span class='ocrx_word' id='word_1_607' title='bbox 1769 4339 2005 4409; x_wconf 87' lang='lat' dir='ltr'><strong>positum</strong></span> <span class='ocrx_word' id='word_1_608' title='bbox 2031 4350 2144 4408; x_wconf 90' lang='lat' dir='ltr'><strong>est;</strong></span> 
     </span>
    </p>
   </div>
   <div class='ocr_carea' id='block_1_71' title="bbox 557 4420 2148 4507">
    <p class='ocr_par' dir='ltr' id='par_1_71' title="bbox 557 4420 2148 4507">
     <span class='ocr_line' id='line_1_71' title="bbox 557 4420 2148 4507; baseline 0.008 -33"><span class='ocrx_word' id='word_1_609' title='bbox 557 4421 687 4491; x_wconf 85' lang='lat' dir='ltr'><strong>quia</strong></span> <span class='ocrx_word' id='word_1_610' title='bbox 713 4420 853 4476; x_wconf 86' lang='lat' dir='ltr'><strong>servi</strong></span> <span class='ocrx_word' id='word_1_611' title='bbox 883 4422 1083 4477; x_wconf 88' lang='lat' dir='ltr'><strong>inﬁrmi</strong></span> <span class='ocrx_word' id='word_1_612' title='bbox 1109 4422 1360 4478; x_wconf 81' lang='lat' dir='ltr'><strong>fuerunt:</strong></span> <span class='ocrx_word' id='word_1_613' title='bbox 1389 4426 1503 4479; x_wconf 87' lang='lat' dir='ltr'><strong>sive</strong></span> <span class='ocrx_word' id='word_1_614' title='bbox 1523 4427 1647 4496; x_wconf 86' lang='lat' dir='ltr'><strong>quia</strong></span> <span class='ocrx_word' id='word_1_615' title='bbox 1672 4438 2006 4498; x_wconf 85' lang='lat' dir='ltr'><strong>peccatores,</strong></span> <span class='ocrx_word' id='word_1_616' title='bbox 2034 4431 2148 4507; x_wconf 78' lang='lat' dir='ltr'><strong>sive</strong></span> 
     </span>
    </p>
   </div>
   <div class='ocr_carea' id='block_1_72' title="bbox 2246 3607 3848 3683">
    <p class='ocr_par' dir='ltr' id='par_1_72' title="bbox 2246 3607 3848 3683">
     <span class='ocr_line' id='line_1_72' title="bbox 2246 3607 3848 3683; baseline 0.002 -20"><span class='ocrx_word' id='word_1_617' title='bbox 2246 3614 2359 3675; x_wconf 89' lang='lat' dir='ltr'><strong>tur,</strong></span> <span class='ocrx_word' id='word_1_618' title='bbox 2383 3614 2445 3663; x_wconf 89' lang='lat' dir='ltr'><strong>ut</strong></span> <span class='ocrx_word' id='word_1_619' title='bbox 2472 3614 2635 3679; x_wconf 87' lang='lat' dir='ltr'><strong>caput</strong></span> <span class='ocrx_word' id='word_1_620' title='bbox 2658 3616 2905 3663; x_wconf 88' lang='lat' dir='ltr'><strong>nostrum</strong></span> <span class='ocrx_word' id='word_1_621' title='bbox 2930 3607 3180 3665; x_wconf 78' lang='lat' dir='ltr'><strong>Christus</strong></span> <span class='ocrx_word' id='word_1_622' title='bbox 3198 3609 3267 3666; x_wconf 87' lang='lat' dir='ltr'><strong>ad</strong></span> <span class='ocrx_word' id='word_1_623' title='bbox 3290 3608 3469 3666; x_wconf 79' lang='lat' dir='ltr'><strong>Patris</strong></span> <span class='ocrx_word' id='word_1_624' title='bbox 3490 3623 3848 3683; x_wconf 78' lang='lat' dir='ltr'><strong>cognosces-e-</strong></span> 
     </span>
    </p>
   </div>
   <div class='ocr_carea' id='block_1_73' title="bbox 2244 3698 3845 3774">
    <p class='ocr_par' dir='ltr' id='par_1_73' title="bbox 2244 3698 3845 3774">
     <span class='ocr_line' id='line_1_73' title="bbox 2244 3698 3845 3774; baseline 0.001 -19"><span class='ocrx_word' id='word_1_625' title='bbox 2244 3705 2340 3755; x_wconf 89' lang='lat' dir='ltr'><strong>tur</strong></span> <span class='ocrx_word' id='word_1_626' title='bbox 2384 3699 2665 3755; x_wconf 85' lang='lat' dir='ltr'><strong>dexteram</strong></span> <span class='ocrx_word' id='word_1_627' title='bbox 2713 3698 3064 3769; x_wconf 73' lang='lat' dir='ltr'><strong>eolocatum,</strong></span> <span class='ocrx_word' id='word_1_628' title='bbox 3101 3700 3155 3757; x_wconf 82' lang='lat' dir='ltr'><strong>id</strong></span> <span class='ocrx_word' id='word_1_629' title='bbox 3189 3708 3308 3768; x_wconf 89' lang='lat' dir='ltr'><strong>est,</strong></span> <span class='ocrx_word' id='word_1_630' title='bbox 3344 3702 3541 3757; x_wconf 68' lang='lat' dir='ltr'><strong>divina:</strong></span> <span class='ocrx_word' id='word_1_631' title='bbox 3585 3702 3845 3774; x_wconf 78' lang='lat' dir='ltr'><strong>majesta-</strong></span> 
     </span>
    </p>
   </div>
   <div class='ocr_carea' id='block_1_74' title="bbox 2246 3791 3841 3867">
    <p class='ocr_par' dir='ltr' id='par_1_74' title="bbox 2246 3791 3841 3867">
     <span class='ocr_line' id='line_1_74' title="bbox 2246 3791 3841 3867; baseline 0.001 -19"><span class='ocrx_word' id='word_1_632' title='bbox 2246 3791 2320 3848; x_wconf 84' lang='lat' dir='ltr'><strong>tis</strong></span> <span class='ocrx_word' id='word_1_633' title='bbox 2353 3791 2770 3859; x_wconf 88' lang='lat' dir='ltr'><strong>sublimitatem,</strong></span> <span class='ocrx_word' id='word_1_634' title='bbox 2819 3792 2873 3848; x_wconf 87' lang='lat' dir='ltr'><strong>in</strong></span> <span class='ocrx_word' id='word_1_635' title='bbox 2921 3808 3028 3864; x_wconf 89' lang='lat' dir='ltr'><strong>qua</strong></span> <span class='ocrx_word' id='word_1_636' title='bbox 3064 3801 3220 3865; x_wconf 86' lang='lat' dir='ltr'><strong>parte</strong></span> <span class='ocrx_word' id='word_1_637' title='bbox 3244 3794 3479 3866; x_wconf 88' lang='lat' dir='ltr'><strong>ponendi</strong></span> <span class='ocrx_word' id='word_1_638' title='bbox 3508 3803 3660 3863; x_wconf 86' lang='lat' dir='ltr'><strong>sunt,</strong></span> <span class='ocrx_word' id='word_1_639' title='bbox 3688 3796 3781 3867; x_wconf 83' lang='lat' dir='ltr'><strong>qui</strong></span> <span class='ocrx_word' id='word_1_640' title='bbox 3808 3810 3841 3850; x_wconf 88' lang='lat' dir='ltr'><strong>a</strong></span> 
     </span>
    </p>
   </div>
   <div class='ocr_carea' id='block_1_75' title="bbox 2245 3881 3837 3962">
    <p class='ocr_par' dir='ltr' id='par_1_75' title="bbox 2245 3881 3837 3962">
     <span class='ocr_line' id='line_1_75' title="bbox 2245 3881 3837 3962; baseline 0.006 -26"><span class='ocrx_word' id='word_1_641' title='bbox 2245 3881 2490 3954; x_wconf 87' lang='lat' dir='ltr'><strong>perﬁdis,</strong></span> <span class='ocrx_word' id='word_1_642' title='bbox 2538 3881 2779 3953; x_wconf 81' lang='lat' dir='ltr'><strong>ejusdem</strong></span> <span class='ocrx_word' id='word_1_643' title='bbox 2827 3884 3123 3943; x_wconf 84' lang='lat' dir='ltr'><strong>Salvatoris</strong></span> <span class='ocrx_word' id='word_1_644' title='bbox 3170 3901 3421 3955; x_wconf 88' lang='lat' dir='ltr'><strong>munere,</strong></span> <span class='ocrx_word' id='word_1_645' title='bbox 3463 3895 3837 3962; x_wconf 83' lang='lat' dir='ltr'><strong>segregantur.</strong></span> 
     </span>
    </p>
   </div>
   <div class='ocr_carea' id='block_1_76' title="bbox 2250 3972 3840 4053">
    <p class='ocr_par' dir='ltr' id='par_1_76' title="bbox 2250 3972 3840 4053">
     <span class='ocr_line' id='line_1_76' title="bbox 2250 3972 3840 4053; baseline 0.009 -25"><span class='ocrx_word' id='word_1_646' title='bbox 2250 3972 2438 4047; x_wconf 73' lang='lat' dir='ltr'><strong>(Vens.</strong></span> <span class='ocrx_word' id='word_1_647' title='bbox 2471 3974 2550 4048; x_wconf 76' lang='grc'><strong>5.)</strong></span> <span class='ocrx_word' id='word_1_648' title='bbox 2584 3975 2769 4032; x_wconf 83' lang='lat' dir='ltr'><strong>Omnis</strong></span> <span class='ocrx_word' id='word_1_649' title='bbox 2797 3977 2939 4033; x_wconf 86' lang='lat' dir='ltr'><strong>enim</strong></span> <span class='ocrx_word' id='word_1_650' title='bbox 2958 3980 3195 4052; x_wconf 71' lang='lat' dir='ltr'><strong>pontifex</strong></span> <span class='ocrx_word' id='word_1_651' title='bbox 3217 3981 3291 4037; x_wconf 89' lang='lat' dir='ltr'><strong>ad</strong></span> <span class='ocrx_word' id='word_1_652' title='bbox 3312 3983 3581 4053; x_wconf 84' lang='lat' dir='ltr'><strong>offerenda</strong></span> <span class='ocrx_word' id='word_1_653' title='bbox 3617 4002 3840 4042; x_wconf 73' lang='lat' dir='ltr'><strong>munera</strong></span> 
     </span>
    </p>
   </div>
   <div class='ocr_carea' id='block_1_77' title="bbox 2248 4067 3840 4135">
    <p class='ocr_par' dir='ltr' id='par_1_77' title="bbox 2248 4067 3840 4135">
     <span class='ocr_line' id='line_1_77' title="bbox 2248 4067 3840 4135; baseline 0.008 -13"><span class='ocrx_word' id='word_1_654' title='bbox 2248 4076 2299 4122; x_wconf 91' lang='lat' dir='ltr'><strong>et</strong></span> <span class='ocrx_word' id='word_1_655' title='bbox 2324 4067 2522 4123; x_wconf 79' lang='lat' dir='ltr'><strong>hostias</strong></span> <span class='ocrx_word' id='word_1_656' title='bbox 2557 4069 2930 4127; x_wconf 78' lang='lat' dir='ltr'><strong>constituitur:</strong></span> <span class='ocrx_word' id='word_1_657' title='bbox 2968 4072 3107 4129; x_wconf 87' lang='lat' dir='ltr'><strong>unde</strong></span> <span class='ocrx_word' id='word_1_658' title='bbox 3140 4088 3345 4130; x_wconf 87' lang='lat' dir='ltr'><strong>necesse</strong></span> <span class='ocrx_word' id='word_1_659' title='bbox 3387 4085 3462 4131; x_wconf 86' lang='lat' dir='ltr'><strong>est</strong></span> <span class='ocrx_word' id='word_1_660' title='bbox 3497 4085 3551 4131; x_wconf 88' lang='lat' dir='ltr'><strong>et</strong></span> <span class='ocrx_word' id='word_1_661' title='bbox 3576 4078 3717 4133; x_wconf 75' lang='lat' dir='ltr'><strong>hanc</strong></span> <span class='ocrx_word' id='word_1_662' title='bbox 3740 4079 3840 4135; x_wconf 66' lang='lat' dir='ltr'><strong>ka-</strong></span> 
     </span>
    </p>
   </div>
   <div class='ocr_carea' id='block_1_78' title="bbox 2250 4161 3839 4238">
    <p class='ocr_par' dir='ltr' id='par_1_78' title="bbox 2250 4161 3839 4238">
     <span class='ocr_line' id='line_1_78' title="bbox 2250 4161 3839 4238; baseline 0.008 -21"><span class='ocrx_word' id='word_1_663' title='bbox 2250 4161 2368 4218; x_wconf 86' lang='lat' dir='ltr'><strong>bere</strong></span> <span class='ocrx_word' id='word_1_664' title='bbox 2396 4163 2595 4237; x_wconf 84' lang='lat' dir='ltr'><strong>aliquid</strong></span> <span class='ocrx_word' id='word_1_665' title='bbox 2631 4166 2773 4237; x_wconf 87' lang='lat' dir='ltr'><strong>quod</strong></span> <span class='ocrx_word' id='word_1_666' title='bbox 2796 4167 3005 4238; x_wconf 70' lang='lat' dir='ltr'><strong>offerat.</strong></span> <span class='ocrx_word' id='word_1_667' title='bbox 3040 4167 3330 4226; x_wconf 88' lang='lat' dir='ltr'><strong>Pontiﬁces</strong></span> <span class='ocrx_word' id='word_1_668' title='bbox 3361 4185 3493 4226; x_wconf 84' lang='lat' dir='ltr'><strong>vero</strong></span> <span class='ocrx_word' id='word_1_669' title='bbox 3522 4174 3729 4228; x_wconf 83' lang='lat' dir='ltr'><strong>veteris</strong></span> <span class='ocrx_word' id='word_1_670' title='bbox 3749 4174 3839 4230; x_wconf 85' lang='lat' dir='ltr'><strong>in-</strong></span> 
     </span>
    </p>
   </div>
   <div class='ocr_carea' id='block_1_79' title="bbox 2249 4240 3838 4332">
    <p class='ocr_par' dir='ltr' id='par_1_79' title="bbox 2249 4240 3838 4332">
     <span class='ocr_line' id='line_1_79' title="bbox 2249 4240 3838 4332; baseline 0.006 -21"><span class='ocrx_word' id='word_1_671' title='bbox 2249 4256 2538 4312; x_wconf 87' lang='lat' dir='ltr'><strong>strumenti</strong></span> <span class='ocrx_word' id='word_1_672' title='bbox 2567 4259 2695 4313; x_wconf 87' lang='lat' dir='ltr'><strong>stati</strong></span> <span class='ocrx_word' id='word_1_673' title='bbox 2724 4267 2848 4314; x_wconf 89' lang='lat' dir='ltr'><strong>sunt</strong></span> <span class='ocrx_word' id='word_1_674' title='bbox 2886 4259 3076 4332; x_wconf 77' lang='lat' dir='ltr'><strong>legalis</strong></span> <span class='ocrx_word' id='word_1_675' title='bbox 3108 4240 3307 4319; x_wconf 70' lang='grc' dir='ltr'>σπειτὲ</span> <span class='ocrx_word' id='word_1_676' title='bbox 3333 4278 3585 4330; x_wconf 86' lang='lat' dir='ltr'><strong>munera,</strong></span> <span class='ocrx_word' id='word_1_677' title='bbox 3625 4264 3838 4322; x_wconf 83' lang='lat' dir='ltr'><strong>hostias</strong></span> 
     </span>
    </p>
   </div>
   <div class='ocr_carea' id='block_1_80' title="bbox 2248 4351 3840 4431">
    <p class='ocr_par' dir='ltr' id='par_1_80' title="bbox 2248 4351 3840 4431">
     <span class='ocr_line' id='line_1_80' title="bbox 2248 4351 3840 4431; baseline 0.009 -29"><span class='ocrx_word' id='word_1_678' title='bbox 2248 4363 2348 4420; x_wconf 86' lang='lat' dir='ltr'><strong>pro</strong></span> <span class='ocrx_word' id='word_1_679' title='bbox 2380 4351 2508 4414; x_wconf 89' lang='lat' dir='ltr'><strong>suis,</strong></span> <span class='ocrx_word' id='word_1_680' title='bbox 2543 4351 2683 4408; x_wconf 89' lang='lat' dir='ltr'><strong>sicut</strong></span> <span class='ocrx_word' id='word_1_681' title='bbox 2720 4353 2967 4425; x_wconf 88' lang='lat' dir='ltr'><strong>superius</strong></span> <span class='ocrx_word' id='word_1_682' title='bbox 3000 4354 3170 4423; x_wconf 85' lang='lat' dir='ltr'><strong>dixit,</strong></span> <span class='ocrx_word' id='word_1_683' title='bbox 3199 4355 3285 4411; x_wconf 84' lang='lat' dir='ltr'><strong>vel</strong></span> <span class='ocrx_word' id='word_1_684' title='bbox 3312 4358 3478 4413; x_wconf 85' lang='lat' dir='ltr'><strong>etiam</strong></span> <span class='ocrx_word' id='word_1_685' title='bbox 3519 4373 3622 4431; x_wconf 89' lang='lat' dir='ltr'><strong>pro</strong></span> <span class='ocrx_word' id='word_1_686' title='bbox 3655 4359 3840 4431; x_wconf 84' lang='lat' dir='ltr'><strong>populi</strong></span> 
     </span>
    </p>
   </div>
   <div class='ocr_carea' id='block_1_81' title="bbox 2249 4441 3840 4510">
    <p class='ocr_par' dir='ltr' id='par_1_81' title="bbox 2249 4441 3840 4510">
     <span class='ocr_line' id='line_1_81' title="bbox 2249 4441 3840 4510; baseline 0.008 -15"><span class='ocrx_word' id='word_1_687' title='bbox 2249 4443 2504 4510; x_wconf 87' lang='lat' dir='ltr'><strong>peccatis.</strong></span> <span class='ocrx_word' id='word_1_688' title='bbox 2541 4441 2693 4501; x_wconf 90' lang='lat' dir='ltr'><strong>Unde</strong></span> <span class='ocrx_word' id='word_1_689' title='bbox 2730 4458 2953 4502; x_wconf 89' lang='lat' dir='ltr'><strong>necesse</strong></span> <span class='ocrx_word' id='word_1_690' title='bbox 2991 4454 3074 4502; x_wconf 86' lang='lat' dir='ltr'><strong>est</strong></span> <span class='ocrx_word' id='word_1_691' title='bbox 3112 4444 3447 4506; x_wconf 88' lang='lat' dir='ltr'><strong>Salvatorem</strong></span> <span class='ocrx_word' id='word_1_692' title='bbox 3487 4458 3736 4506; x_wconf 87' lang='lat' dir='ltr'><strong>nostrum</strong></span> <span class='ocrx_word' id='word_1_693' title='bbox 3782 4451 3840 4507; x_wconf 86' lang='lat' dir='ltr'><strong>in</strong></span> 
     </span>
    </p>
   </div>
   <div class='ocr_carea' id='block_1_82' title="bbox 560 4511 3840 4616">
    <p class='ocr_par' dir='ltr' id='par_1_82' title="bbox 560 4511 3840 4616">
     <span class='ocr_line' id='line_1_82' title="bbox 560 4511 3840 4616; baseline 0.011 -52"><span class='ocrx_word' id='word_1_694' title='bbox 560 4511 688 4616; x_wconf 77' lang='lat' dir='ltr'><strong>quia</strong></span> <span class='ocrx_word' id='word_1_695' title='bbox 715 4511 971 4616; x_wconf 76' lang='lat' dir='ltr'><strong>mortales</strong></span> <span class='ocrx_word' id='word_1_696' title='bbox 995 4520 1172 4615; x_wconf 74' lang='lat' dir='ltr'><strong>erant.</strong></span> <span class='ocrx_word' id='word_1_697' title='bbox 1204 4512 1272 4566; x_wconf 88' lang='lat' dir='ltr'><strong>Et</strong></span> <span class='ocrx_word' id='word_1_698' title='bbox 1303 4513 1447 4616; x_wconf 70' lang='lat' dir='ltr'><strong>hunc</strong></span> <span class='ocrx_word' id='word_1_699' title='bbox 1464 4515 1678 4616; x_wconf 44' lang='lat' dir='ltr'><strong>Filium</strong></span> <span class='ocrx_word' id='word_1_700' title='bbox 1704 4518 2003 4616; x_wconf 81' lang='lat' dir='ltr'><strong>perfectum</strong></span> <span class='ocrx_word' id='word_1_701' title='bbox 2026 4536 2146 4579; x_wconf 89' lang='lat' dir='ltr'><strong>esse</strong></span> <span class='ocrx_word' id='word_1_702' title='bbox 2172 4528 2439 4616; x_wconf 58' lang='lat' dir='ltr'><strong>Ddiebus</strong></span> <span class='ocrx_word' id='word_1_703' title='bbox 2464 4533 2644 4589; x_wconf 88' lang='lat' dir='ltr'><strong>carnis</strong></span> <span class='ocrx_word' id='word_1_704' title='bbox 2671 4550 2783 4591; x_wconf 70' lang='lat' dir='ltr'><strong>sum</strong></span> <span class='ocrx_word' id='word_1_705' title='bbox 2807 4535 3008 4608; x_wconf 89' lang='lat' dir='ltr'><strong>aliquid</strong></span> <span class='ocrx_word' id='word_1_706' title='bbox 3047 4538 3247 4593; x_wconf 88' lang='lat' dir='ltr'><strong>habere</strong></span> <span class='ocrx_word' id='word_1_707' title='bbox 3285 4540 3350 4595; x_wconf 89' lang='lat' dir='ltr'><strong>ad</strong></span> <span class='ocrx_word' id='word_1_708' title='bbox 3371 4538 3709 4597; x_wconf 84' lang='lat' dir='ltr'><strong>oﬁ&#39;erendum</strong></span> <span class='ocrx_word' id='word_1_709' title='bbox 3736 4557 3840 4614; x_wconf 86' lang='lat' dir='ltr'><strong>pro</strong></span> 
     </span>
    </p>
   </div>
   <div class='ocr_carea' id='block_1_83' title="bbox 562 4601 2145 4687">
    <p class='ocr_par' dir='ltr' id='par_1_83' title="bbox 562 4601 2145 4687">
     <span class='ocr_line' id='line_1_83' title="bbox 562 4601 2145 4687; baseline 0.009 -29"><span class='ocrx_word' id='word_1_710' title='bbox 562 4601 921 4666; x_wconf 79' lang='lat' dir='ltr'><strong>demonstrat,</strong></span> <span class='ocrx_word' id='word_1_711' title='bbox 955 4603 1080 4672; x_wconf 86' lang='lat' dir='ltr'><strong>quia</strong></span> <span class='ocrx_word' id='word_1_712' title='bbox 1120 4618 1333 4677; x_wconf 86' lang='lat' dir='ltr'><strong>semper</strong></span> <span class='ocrx_word' id='word_1_713' title='bbox 1371 4607 1521 4673; x_wconf 89' lang='lat' dir='ltr'><strong>vivit,</strong></span> <span class='ocrx_word' id='word_1_714' title='bbox 1554 4617 1609 4664; x_wconf 89' lang='lat' dir='ltr'><strong>et</strong></span> <span class='ocrx_word' id='word_1_715' title='bbox 1634 4624 1849 4682; x_wconf 83' lang='lat' dir='ltr'><strong>semper</strong></span> <span class='ocrx_word' id='word_1_716' title='bbox 1876 4614 1993 4670; x_wconf 90' lang='lat' dir='ltr'><strong>sine</strong></span> <span class='ocrx_word' id='word_1_717' title='bbox 2017 4631 2145 4687; x_wconf 90' lang='lat' dir='ltr'><strong>pec-</strong></span> 
     </span>
    </p>
   </div>
   <div class='ocr_carea' id='block_1_84' title="bbox 558 4690 2143 4767">
    <p class='ocr_par' dir='ltr' id='par_1_84' title="bbox 558 4690 2143 4767">
     <span class='ocr_line' id='line_1_84' title="bbox 558 4690 2143 4767; baseline 0.01 -19"><span class='ocrx_word' id='word_1_718' title='bbox 558 4697 686 4748; x_wconf 85' lang='lat' dir='ltr'><strong>cato</strong></span> <span class='ocrx_word' id='word_1_719' title='bbox 712 4697 815 4747; x_wconf 87' lang='lat' dir='ltr'><strong>est.</strong></span> <span class='ocrx_word' id='word_1_720' title='bbox 846 4690 1149 4764; x_wconf 81' lang='lat' dir='ltr'><strong>Utrumque</strong></span> <span class='ocrx_word' id='word_1_721' title='bbox 1169 4696 1443 4767; x_wconf 89' lang='lat' dir='ltr'><strong>apostolus</strong></span> <span class='ocrx_word' id='word_1_722' title='bbox 1470 4698 1565 4766; x_wconf 88' lang='lat' dir='ltr'><strong>ait,</strong></span> <span class='ocrx_word' id='word_1_723' title='bbox 1597 4706 1653 4755; x_wconf 92' lang='lat' dir='ltr'><strong>et</strong></span> <span class='ocrx_word' id='word_1_724' title='bbox 1690 4702 1917 4761; x_wconf 88' lang='lat' dir='ltr'><strong>miriﬁce</strong></span> <span class='ocrx_word' id='word_1_725' title='bbox 1952 4721 2143 4763; x_wconf 84' lang='lat' dir='ltr'><strong>conso-</strong></span> 
     </span>
    </p>
   </div>
   <div class='ocr_carea' id='block_1_85' title="bbox 555 4778 2145 4866">
    <p class='ocr_par' dir='ltr' id='par_1_85' title="bbox 555 4778 2145 4866">
     <span class='ocr_line' id='line_1_85' title="bbox 555 4778 2145 4866; baseline 0.011 -30"><span class='ocrx_word' id='word_1_726' title='bbox 555 4778 703 4837; x_wconf 85' lang='lat' dir='ltr'><strong>latur</strong></span> <span class='ocrx_word' id='word_1_727' title='bbox 728 4780 1028 4849; x_wconf 88' lang='lat' dir='ltr'><strong>audientes,</strong></span> <span class='ocrx_word' id='word_1_728' title='bbox 1052 4790 1108 4838; x_wconf 89' lang='lat' dir='ltr'><strong>et</strong></span> <span class='ocrx_word' id='word_1_729' title='bbox 1131 4784 1417 4843; x_wconf 87' lang='lat' dir='ltr'><strong>minaciter</strong></span> <span class='ocrx_word' id='word_1_730' title='bbox 1438 4796 1609 4845; x_wconf 87' lang='lat' dir='ltr'><strong>terret</strong></span> <span class='ocrx_word' id='word_1_731' title='bbox 1627 4792 1987 4866; x_wconf 83' lang='lat' dir='ltr'><strong>negligentes:</strong></span> <span class='ocrx_word' id='word_1_732' title='bbox 2018 4812 2145 4853; x_wconf 91' lang='lat' dir='ltr'><strong>con-</strong></span> 
     </span>
    </p>
   </div>
   <div class='ocr_carea' id='block_1_86' title="bbox 561 4870 2142 4955">
    <p class='ocr_par' dir='ltr' id='par_1_86' title="bbox 561 4870 2142 4955">
     <span class='ocr_line' id='line_1_86' title="bbox 561 4870 2142 4955; baseline 0.009 -26"><span class='ocrx_word' id='word_1_733' title='bbox 561 4870 777 4929; x_wconf 82' lang='lat' dir='ltr'><strong>solatur</strong></span> <span class='ocrx_word' id='word_1_734' title='bbox 798 4873 853 4928; x_wconf 90' lang='lat' dir='ltr'><strong>in</strong></span> <span class='ocrx_word' id='word_1_735' title='bbox 882 4888 971 4940; x_wconf 84' lang='lat' dir='ltr'><strong>eo,</strong></span> <span class='ocrx_word' id='word_1_736' title='bbox 1002 4875 1129 4944; x_wconf 88' lang='lat' dir='ltr'><strong>quia</strong></span> <span class='ocrx_word' id='word_1_737' title='bbox 1154 4877 1230 4931; x_wconf 90' lang='lat' dir='ltr'><strong>ait</strong></span> <span class='ocrx_word' id='word_1_738' title='bbox 1256 4896 1268 4932; x_wconf 92' lang='lat'><strong>:</strong></span> <span class='ocrx_word' id='word_1_739' title='bbox 1290 4878 1635 4937; x_wconf 89' lang='lat' dir='ltr'><strong>Sacerdotem</strong></span> <span class='ocrx_word' id='word_1_740' title='bbox 1661 4881 1772 4955; x_wconf 87' lang='lat' dir='ltr'><strong>[Ita</strong></span> <span class='ocrx_word' id='word_1_741' title='bbox 1802 4886 1943 4954; x_wconf 90' lang='lat' dir='ltr'><strong>cod.,</strong></span> <span class='ocrx_word' id='word_1_742' title='bbox 1968 4905 2142 4942; x_wconf 82' lang='lat' dir='ltr'><strong>corru-</strong></span> 
     </span>
    </p>
   </div>
   <div class='ocr_carea' id='block_1_87' title="bbox 557 4961 2145 5043">
    <p class='ocr_par' dir='ltr' id='par_1_87' title="bbox 557 4961 2145 5043">
     <span class='ocr_line' id='line_1_87' title="bbox 557 4961 2145 5043; baseline 0.013 -26"><span class='ocrx_word' id='word_1_743' title='bbox 557 4961 667 5036; x_wconf 85' lang='lat' dir='ltr'><strong>pte]</strong></span> <span class='ocrx_word' id='word_1_744' title='bbox 702 4965 883 5035; x_wconf 86' lang='lat' dir='ltr'><strong>magni</strong></span> <span class='ocrx_word' id='word_1_745' title='bbox 915 4967 1125 5037; x_wconf 85' lang='lat' dir='ltr'><strong>potenti</strong></span> <span class='ocrx_word' id='word_1_746' title='bbox 1164 4972 1431 5027; x_wconf 87' lang='lat' dir='ltr'><strong>sacriﬁcio</strong></span> <span class='ocrx_word' id='word_1_747' title='bbox 1466 4974 1756 5043; x_wconf 85' lang='lat' dir='ltr'><strong>proximati</strong></span> <span class='ocrx_word' id='word_1_748' title='bbox 1782 4986 1926 5032; x_wconf 89' lang='lat' dir='ltr'><strong>sunt.</strong></span> <span class='ocrx_word' id='word_1_749' title='bbox 1956 4978 2145 5037; x_wconf 89' lang='lat' dir='ltr'><strong>Terret</strong></span> 
     </span>
    </p>
   </div>
   <div class='ocr_carea' id='block_1_88' title="bbox 555 5054 2143 5143">
    <p class='ocr_par' dir='ltr' id='par_1_88' title="bbox 555 5054 2143 5143">
     <span class='ocr_line' id='line_1_88' title="bbox 555 5054 2143 5143; baseline 0.013 -34"><span class='ocrx_word' id='word_1_750' title='bbox 555 5054 613 5110; x_wconf 88' lang='lat' dir='ltr'><strong>in</strong></span> <span class='ocrx_word' id='word_1_751' title='bbox 640 5068 727 5122; x_wconf 86' lang='lat' dir='ltr'><strong>eo,</strong></span> <span class='ocrx_word' id='word_1_752' title='bbox 751 5066 1111 5129; x_wconf 81' lang='lat' dir='ltr'><strong>nepeccent;</strong></span> <span class='ocrx_word' id='word_1_753' title='bbox 1154 5062 1279 5131; x_wconf 87' lang='lat' dir='ltr'><strong>quia</strong></span> <span class='ocrx_word' id='word_1_754' title='bbox 1324 5062 1454 5119; x_wconf 86' lang='lat' dir='ltr'><strong>illud</strong></span> <span class='ocrx_word' id='word_1_755' title='bbox 1494 5064 1819 5122; x_wconf 87' lang='lat' dir='ltr'><strong>sacriﬁcium</strong></span> <span class='ocrx_word' id='word_1_756' title='bbox 1867 5085 2143 5143; x_wconf 88' lang='lat' dir='ltr'><strong>nunquam</strong></span> 
     </span>
    </p>
   </div>
   <div class='ocr_carea' id='block_1_89' title="bbox 554 5149 2143 5222">
    <p class='ocr_par' dir='ltr' id='par_1_89' title="bbox 554 5149 2143 5222">
     <span class='ocr_line' id='line_1_89' title="bbox 554 5149 2143 5222; baseline 0.009 -16"><span class='ocrx_word' id='word_1_757' title='bbox 554 5160 656 5218; x_wconf 75' lang='lat' dir='ltr'><strong>pro</strong></span> <span class='ocrx_word' id='word_1_758' title='bbox 676 5149 918 5219; x_wconf 75' lang='lat' dir='ltr'><strong>peccatis</strong></span> <span class='ocrx_word' id='word_1_759' title='bbox 943 5151 1141 5208; x_wconf 86' lang='lat' dir='ltr'><strong>iterum</strong></span> <span class='ocrx_word' id='word_1_760' title='bbox 1163 5153 1402 5208; x_wconf 87' lang='lat' dir='ltr'><strong>oblatum</strong></span> <span class='ocrx_word' id='word_1_761' title='bbox 1428 5156 1552 5211; x_wconf 88' lang='lat' dir='ltr'><strong>erit.</strong></span> <span class='ocrx_word' id='word_1_762' title='bbox 1588 5175 1609 5209; x_wconf 70' lang='grc' dir='ltr'><strong><em>ι</em></strong></span> <span class='ocrx_word' id='word_1_763' title='bbox 1642 5158 1759 5214; x_wconf 88' lang='lat' dir='ltr'><strong>Non</strong></span> <span class='ocrx_word' id='word_1_764' title='bbox 1783 5169 1867 5216; x_wconf 91' lang='lat' dir='ltr'><strong>est</strong></span> <span class='ocrx_word' id='word_1_765' title='bbox 1890 5163 2034 5220; x_wconf 90' lang='lat' dir='ltr'><strong>aliud</strong></span> <span class='ocrx_word' id='word_1_766' title='bbox 2056 5180 2143 5222; x_wconf 88' lang='lat' dir='ltr'><strong>sa-</strong></span> 
     </span>
    </p>
   </div>
   <div class='ocr_carea' id='block_1_90' title="bbox 556 5236 2143 5328">
    <p class='ocr_par' dir='ltr' id='par_1_90' title="bbox 556 5236 2143 5328">
     <span class='ocr_line' id='line_1_90' title="bbox 556 5236 2143 5328; baseline 0.014 -36"><span class='ocrx_word' id='word_1_767' title='bbox 556 5236 824 5293; x_wconf 86' lang='lat' dir='ltr'><strong>criﬁcium</strong></span> <span class='ocrx_word' id='word_1_768' title='bbox 852 5255 869 5306; x_wconf 90' lang='lat'><strong>;</strong></span> <span class='ocrx_word' id='word_1_769' title='bbox 906 5255 1075 5297; x_wconf 89' lang='lat' dir='ltr'><strong>unum</strong></span> <span class='ocrx_word' id='word_1_770' title='bbox 1098 5258 1231 5300; x_wconf 89' lang='lat' dir='ltr'><strong>vero</strong></span> <span class='ocrx_word' id='word_1_771' title='bbox 1267 5259 1369 5300; x_wconf 89' lang='lat' dir='ltr'><strong>nos</strong></span> <span class='ocrx_word' id='word_1_772' title='bbox 1398 5248 1688 5317; x_wconf 89' lang='lat' dir='ltr'><strong>purgavit;</strong></span> <span class='ocrx_word' id='word_1_773' title='bbox 1728 5262 1850 5324; x_wconf 84' lang='lat' dir='ltr'><strong>post</strong></span> <span class='ocrx_word' id='word_1_774' title='bbox 1874 5256 1977 5311; x_wconf 90' lang='lat' dir='ltr'><strong>hoc</strong></span> <span class='ocrx_word' id='word_1_775' title='bbox 1999 5257 2143 5328; x_wconf 88' lang='lat' dir='ltr'><strong>judi-</strong></span> 
     </span>
    </p>
   </div>
   <div class='ocr_carea' id='block_1_91' title="bbox 555 5332 2142 5415">
    <p class='ocr_par' dir='ltr' id='par_1_91' title="bbox 555 5332 2142 5415">
     <span class='ocr_line' id='line_1_91' title="bbox 555 5332 2142 5415; baseline 0.016 -27"><span class='ocrx_word' id='word_1_776' title='bbox 555 5332 709 5390; x_wconf 78' lang='lat' dir='ltr'><strong>cium</strong></span> <span class='ocrx_word' id='word_1_777' title='bbox 737 5334 862 5390; x_wconf 82' lang='lat' dir='ltr'><strong>erit.</strong></span> <span class='ocrx_word' id='word_1_778' title='bbox 889 5333 1164 5408; x_wconf 71' lang='lat' dir='ltr'><strong>Quotquot</strong></span> <span class='ocrx_word' id='word_1_779' title='bbox 1203 5341 1468 5413; x_wconf 77' lang='lat' dir='ltr'><strong>redempti</strong></span> <span class='ocrx_word' id='word_1_780' title='bbox 1509 5359 1716 5415; x_wconf 88' lang='lat' dir='ltr'><strong>sumus,</strong></span> <span class='ocrx_word' id='word_1_781' title='bbox 1740 5350 1845 5407; x_wconf 87' lang='lat' dir='ltr'><strong>isto</strong></span> <span class='ocrx_word' id='word_1_782' title='bbox 1878 5354 2142 5413; x_wconf 88' lang='lat' dir='ltr'><strong>sacriﬁcio</strong></span> 
     </span>
    </p>
   </div>
   <div class='ocr_carea' id='block_1_92' title="bbox 556 5426 2139 5571">
    <p class='ocr_par' dir='ltr' id='par_1_92' title="bbox 556 5426 2139 5571">
     <span class='ocr_line' id='line_1_92' title="bbox 556 5426 2139 5509; baseline 0.017 -30"><span class='ocrx_word' id='word_1_783' title='bbox 556 5434 979 5495; x_wconf 63' lang='lat' dir='ltr'><strong>[mammam</strong></span> <span class='ocrx_word' id='word_1_784' title='bbox 1004 5426 1412 5508; x_wconf 84' lang='lat' dir='ltr'><strong>[custodientes]</strong></span> <span class='ocrx_word' id='word_1_785' title='bbox 1448 5438 1865 5509; x_wconf 86' lang='lat' dir='ltr'><strong>generositatem</strong></span> <span class='ocrx_word' id='word_1_786' title='bbox 1900 5453 2139 5506; x_wconf 86' lang='lat' dir='ltr'><strong>nostram</strong></span> 
     </span>
     <span class='ocr_line' id='line_1_93' title="bbox 556 5516 1347 5571; baseline 0.003 -1"><span class='ocrx_word' id='word_1_787' title='bbox 556 5522 615 5570; x_wconf 89' lang='lat' dir='ltr'><strong>et</strong></span> <span class='ocrx_word' id='word_1_788' title='bbox 636 5516 923 5571; x_wconf 74' lang='lat' dir='ltr'><strong>honorem.</strong></span> <span class='ocrx_word' id='word_1_789' title='bbox 958 5537 985 5571; x_wconf 74' lang='grc' dir='ltr'><strong><em>ι</em></strong></span> <span class='ocrx_word' id='word_1_790' title='bbox 1344 5562 1347 5563; x_wconf 44' lang='grc' dir='ltr'><em>ν</em></span> 
     </span>
    </p>
   </div>
   <div class='ocr_carea' id='block_1_93' title="bbox 1146 5655 1547 5729">
    <p class='ocr_par' dir='ltr' id='par_1_93' title="bbox 1146 5655 1547 5729">
     <span class='ocr_line' id='line_1_94' title="bbox 1146 5655 1547 5729; baseline 0.01 -13"><span class='ocrx_word' id='word_1_791' title='bbox 1146 5655 1375 5729; x_wconf 80' lang='lat' dir='ltr'><strong>CAPUT</strong></span> <span class='ocrx_word' id='word_1_792' title='bbox 1412 5660 1547 5719; x_wconf 75' lang='lat' dir='ltr'><strong>Vill.</strong></span> 
     </span>
    </p>
   </div>
   <div class='ocr_carea' id='block_1_94' title="bbox 631 5784 2139 5876">
    <p class='ocr_par' dir='ltr' id='par_1_94' title="bbox 631 5784 2139 5876">
     <span class='ocr_line' id='line_1_95' title="bbox 631 5784 2139 5876; baseline 0.016 -37"><span class='ocrx_word' id='word_1_793' title='bbox 631 5784 795 5843; x_wconf 74' lang='lat' dir='ltr'><strong>Vens.</strong></span> <span class='ocrx_word' id='word_1_794' title='bbox 827 5788 878 5853; x_wconf 84' lang='lat' dir='ltr'><strong>l,</strong></span> <span class='ocrx_word' id='word_1_795' title='bbox 906 5789 959 5844; x_wconf 74' lang='lat'><strong>2.</strong></span> <span class='ocrx_word' id='word_1_796' title='bbox 985 5822 1058 5835; x_wconf 93' lang='grc'><strong><em>--</em></strong></span> <span class='ocrx_word' id='word_1_797' title='bbox 1079 5791 1379 5865; x_wconf 76' lang='lat' dir='ltr'><strong>Capitulum</strong></span> <span class='ocrx_word' id='word_1_798' title='bbox 1416 5803 1595 5854; x_wconf 75' lang='lat' dir='ltr'><strong>autem</strong></span> <span class='ocrx_word' id='word_1_799' title='bbox 1629 5814 1788 5872; x_wconf 80' lang='lat' dir='ltr'><strong>super</strong></span> <span class='ocrx_word' id='word_1_800' title='bbox 1817 5817 1879 5858; x_wconf 82' lang='lat' dir='ltr'><strong>ea</strong></span> <span class='ocrx_word' id='word_1_801' title='bbox 1912 5818 2030 5876; x_wconf 60' lang='lat' dir='ltr'><strong>qua:</strong></span> <span class='ocrx_word' id='word_1_802' title='bbox 2055 5801 2139 5863; x_wconf 61' lang='lat' dir='ltr'><strong>dii</strong></span> 
     </span>
    </p>
   </div>
   <div class='ocr_carea' id='block_1_95' title="bbox 2247 4623 3834 4698">
    <p class='ocr_par' dir='ltr' id='par_1_95' title="bbox 2247 4623 3834 4698">
     <span class='ocr_line' id='line_1_96' title="bbox 2247 4623 3834 4698; baseline 0.008 -20"><span class='ocrx_word' id='word_1_803' title='bbox 2247 4623 2441 4679; x_wconf 88' lang='lat' dir='ltr'><strong>nobis:</strong></span> <span class='ocrx_word' id='word_1_804' title='bbox 2492 4624 2618 4679; x_wconf 90' lang='lat' dir='ltr'><strong>dum</strong></span> <span class='ocrx_word' id='word_1_805' title='bbox 2658 4625 2714 4680; x_wconf 88' lang='lat' dir='ltr'><strong>in</strong></span> <span class='ocrx_word' id='word_1_806' title='bbox 2762 4628 3088 4698; x_wconf 89' lang='lat' dir='ltr'><strong>sempiterna</strong></span> <span class='ocrx_word' id='word_1_807' title='bbox 3139 4628 3436 4689; x_wconf 79' lang='lat' dir='ltr'><strong>divinitatis</strong></span> <span class='ocrx_word' id='word_1_808' title='bbox 3479 4648 3592 4688; x_wconf 78' lang='lat' dir='ltr'><strong>sua:</strong></span> <span class='ocrx_word' id='word_1_809' title='bbox 3636 4642 3834 4690; x_wconf 88' lang='lat' dir='ltr'><strong>natura</strong></span> 
     </span>
    </p>
   </div>
   <div class='ocr_carea' id='block_1_96' title="bbox 2243 4720 3839 4803">
    <p class='ocr_par' dir='ltr' id='par_1_96' title="bbox 2243 4720 3839 4803">
     <span class='ocr_line' id='line_1_97' title="bbox 2243 4720 3839 4803; baseline 0.006 -27"><span class='ocrx_word' id='word_1_810' title='bbox 2243 4732 2352 4776; x_wconf 84' lang='lat' dir='ltr'><strong>non</strong></span> <span class='ocrx_word' id='word_1_811' title='bbox 2392 4720 2579 4777; x_wconf 89' lang='lat' dir='ltr'><strong>habuit</strong></span> <span class='ocrx_word' id='word_1_812' title='bbox 2610 4722 2756 4794; x_wconf 88' lang='lat' dir='ltr'><strong>quod</strong></span> <span class='ocrx_word' id='word_1_813' title='bbox 2792 4721 3041 4792; x_wconf 79' lang='lat' dir='ltr'><strong>oﬁ&#39;erret,</strong></span> <span class='ocrx_word' id='word_1_814' title='bbox 3080 4726 3312 4798; x_wconf 81' lang='lat' dir='ltr'><strong>sumpsit</strong></span> <span class='ocrx_word' id='word_1_815' title='bbox 3350 4742 3419 4783; x_wconf 79' lang='lat' dir='ltr'><strong>ex</strong></span> <span class='ocrx_word' id='word_1_816' title='bbox 3466 4729 3626 4784; x_wconf 85' lang='lat' dir='ltr'><strong>nobis</strong></span> <span class='ocrx_word' id='word_1_817' title='bbox 3669 4728 3839 4803; x_wconf 72' lang='lat'><strong>690</strong></span> 
     </span>
    </p>
   </div>
   <div class='ocr_carea' id='block_1_97' title="bbox 2244 4813 3839 4889">
    <p class='ocr_par' dir='ltr' id='par_1_97' title="bbox 2244 4813 3839 4889">
     <span class='ocr_line' id='line_1_98' title="bbox 2244 4813 3839 4889; baseline 0.006 -22"><span class='ocrx_word' id='word_1_818' title='bbox 2244 4814 2389 4883; x_wconf 92' lang='lat' dir='ltr'><strong>quod</strong></span> <span class='ocrx_word' id='word_1_819' title='bbox 2416 4828 2517 4885; x_wconf 91' lang='lat' dir='ltr'><strong>pro</strong></span> <span class='ocrx_word' id='word_1_820' title='bbox 2543 4813 2700 4871; x_wconf 87' lang='lat' dir='ltr'><strong>nobis</strong></span> <span class='ocrx_word' id='word_1_821' title='bbox 2724 4813 2920 4872; x_wconf 79' lang='lat' dir='ltr'><strong>oﬁ‘erre</strong></span> <span class='ocrx_word' id='word_1_822' title='bbox 2943 4817 3227 4889; x_wconf 89' lang='lat' dir='ltr'><strong>potuisset,</strong></span> <span class='ocrx_word' id='word_1_823' title='bbox 3266 4819 3317 4875; x_wconf 87' lang='lat' dir='ltr'><strong>id</strong></span> <span class='ocrx_word' id='word_1_824' title='bbox 3348 4829 3454 4888; x_wconf 91' lang='lat' dir='ltr'><strong>est,</strong></span> <span class='ocrx_word' id='word_1_825' title='bbox 3479 4835 3701 4878; x_wconf 82' lang='lat' dir='ltr'><strong>carnem</strong></span> <span class='ocrx_word' id='word_1_826' title='bbox 3730 4823 3839 4877; x_wconf 77' lang='lat' dir='ltr'><strong>hu-</strong></span> 
     </span>
    </p>
   </div>
   <div class='ocr_carea' id='block_1_98' title="bbox 2244 4904 3840 4986">
    <p class='ocr_par' dir='ltr' id='par_1_98' title="bbox 2244 4904 3840 4986">
     <span class='ocr_line' id='line_1_99' title="bbox 2244 4904 3840 4986; baseline 0.009 -27"><span class='ocrx_word' id='word_1_827' title='bbox 2244 4918 2481 4959; x_wconf 89' lang='lat' dir='ltr'><strong>manam.</strong></span> <span class='ocrx_word' id='word_1_828' title='bbox 2526 4904 2666 4972; x_wconf 84' lang='lat' dir='ltr'><strong>Quid</strong></span> <span class='ocrx_word' id='word_1_829' title='bbox 2708 4915 2819 4963; x_wconf 90' lang='lat' dir='ltr'><strong>tam</strong></span> <span class='ocrx_word' id='word_1_830' title='bbox 2864 4919 3050 4981; x_wconf 88' lang='lat' dir='ltr'><strong>aptum</strong></span> <span class='ocrx_word' id='word_1_831' title='bbox 3095 4910 3452 4983; x_wconf 81' lang='lat' dir='ltr'><strong>immolationi</strong></span> <span class='ocrx_word' id='word_1_832' title='bbox 3494 4931 3664 4986; x_wconf 85' lang='lat' dir='ltr'><strong>quam</strong></span> <span class='ocrx_word' id='word_1_833' title='bbox 3704 4930 3840 4973; x_wconf 80' lang='lat' dir='ltr'><strong>caro</strong></span> 
     </span>
    </p>
   </div>
   <div class='ocr_carea' id='block_1_99' title="bbox 2243 4994 3841 5079">
    <p class='ocr_par' dir='ltr' id='par_1_99' title="bbox 2243 4994 3841 5079">
     <span class='ocr_line' id='line_1_100' title="bbox 2243 4994 3841 5079; baseline 0.01 -29"><span class='ocrx_word' id='word_1_834' title='bbox 2243 4994 2489 5050; x_wconf 86' lang='lat' dir='ltr'><strong>mortalis</strong></span> <span class='ocrx_word' id='word_1_835' title='bbox 2518 5011 2614 5066; x_wconf 92' lang='lat' dir='ltr'><strong>pro</strong></span> <span class='ocrx_word' id='word_1_836' title='bbox 2641 4998 2997 5056; x_wconf 84' lang='lat' dir='ltr'><strong>mortalibus?</strong></span> <span class='ocrx_word' id='word_1_837' title='bbox 3036 5000 3106 5059; x_wconf 84' lang='lat' dir='ltr'><strong>Et</strong></span> <span class='ocrx_word' id='word_1_838' title='bbox 3128 5004 3261 5076; x_wconf 89' lang='lat' dir='ltr'><strong>quid</strong></span> <span class='ocrx_word' id='word_1_839' title='bbox 3285 5012 3397 5062; x_wconf 88' lang='lat' dir='ltr'><strong>tam</strong></span> <span class='ocrx_word' id='word_1_840' title='bbox 3435 5007 3700 5073; x_wconf 87' lang='lat' dir='ltr'><strong>mundum</strong></span> <span class='ocrx_word' id='word_1_841' title='bbox 3732 5022 3841 5079; x_wconf 80' lang='lat' dir='ltr'><strong>pro</strong></span> 
     </span>
    </p>
   </div>
   <div class='ocr_carea' id='block_1_100' title="bbox 2241 5087 3832 5169">
    <p class='ocr_par' dir='ltr' id='par_1_100' title="bbox 2241 5087 3832 5169">
     <span class='ocr_line' id='line_1_101' title="bbox 2241 5087 3832 5169; baseline 0.013 -26"><span class='ocrx_word' id='word_1_842' title='bbox 2241 5087 2566 5145; x_wconf 79' lang='lat' dir='ltr'><strong>mandandis</strong></span> <span class='ocrx_word' id='word_1_843' title='bbox 2589 5091 2735 5149; x_wconf 88' lang='lat' dir='ltr'><strong>vitiis</strong></span> <span class='ocrx_word' id='word_1_844' title='bbox 2779 5094 3100 5153; x_wconf 88' lang='lat' dir='ltr'><strong>mortalibus</strong></span> <span class='ocrx_word' id='word_1_845' title='bbox 3128 5112 3292 5169; x_wconf 91' lang='lat' dir='ltr'><strong>quam</strong></span> <span class='ocrx_word' id='word_1_846' title='bbox 3336 5099 3454 5156; x_wconf 88' lang='lat' dir='ltr'><strong>sine</strong></span> <span class='ocrx_word' id='word_1_847' title='bbox 3485 5099 3597 5157; x_wconf 88' lang='lat' dir='ltr'><strong>ulla</strong></span> <span class='ocrx_word' id='word_1_848' title='bbox 3642 5110 3832 5163; x_wconf 77' lang='lat' dir='ltr'><strong>cont-n-</strong></span> 
     </span>
    </p>
   </div>
   <div class='ocr_carea' id='block_1_101' title="bbox 2242 5177 3835 5259">
    <p class='ocr_par' dir='ltr' id='par_1_101' title="bbox 2242 5177 3835 5259">
     <span class='ocr_line' id='line_1_102' title="bbox 2242 5177 3835 5259; baseline 0.014 -28"><span class='ocrx_word' id='word_1_849' title='bbox 2242 5177 2400 5249; x_wconf 91' lang='lat' dir='ltr'><strong>gione</strong></span> <span class='ocrx_word' id='word_1_850' title='bbox 2426 5180 2660 5238; x_wconf 88' lang='lat' dir='ltr'><strong>carnalis</strong></span> <span class='ocrx_word' id='word_1_851' title='bbox 2680 5185 3132 5259; x_wconf 65' lang='lat' dir='ltr'><strong>concupiscentiae</strong></span> <span class='ocrx_word' id='word_1_852' title='bbox 3167 5205 3297 5246; x_wconf 88' lang='lat' dir='ltr'><strong>caro</strong></span> <span class='ocrx_word' id='word_1_853' title='bbox 3325 5198 3450 5249; x_wconf 80' lang='lat' dir='ltr'><strong>nata</strong></span> <span class='ocrx_word' id='word_1_854' title='bbox 3473 5191 3530 5247; x_wconf 87' lang='lat' dir='ltr'><strong>in</strong></span> <span class='ocrx_word' id='word_1_855' title='bbox 3554 5200 3736 5259; x_wconf 80' lang='lat' dir='ltr'><strong>utem,</strong></span> <span class='ocrx_word' id='word_1_856' title='bbox 3764 5207 3835 5253; x_wconf 76' lang='lat' dir='ltr'><strong>ex</strong></span> 
     </span>
    </p>
   </div>
   <div class='ocr_carea' id='block_1_102' title="bbox 2240 5273 3835 5359">
    <p class='ocr_par' dir='ltr' id='par_1_102' title="bbox 2240 5273 3835 5359">
     <span class='ocr_line' id='line_1_103' title="bbox 2240 5273 3835 5359; baseline 0.012 -34"><span class='ocrx_word' id='word_1_857' title='bbox 2240 5278 2398 5328; x_wconf 90' lang='lat' dir='ltr'><strong>utero</strong></span> <span class='ocrx_word' id='word_1_858' title='bbox 2421 5273 2709 5344; x_wconf 88' lang='lat' dir='ltr'><strong>virginali?</strong></span> <span class='ocrx_word' id='word_1_859' title='bbox 2744 5275 2811 5330; x_wconf 86' lang='lat' dir='ltr'><strong>Et</strong></span> <span class='ocrx_word' id='word_1_860' title='bbox 2830 5278 2960 5351; x_wconf 88' lang='lat' dir='ltr'><strong>quid</strong></span> <span class='ocrx_word' id='word_1_861' title='bbox 2992 5287 3104 5336; x_wconf 85' lang='lat' dir='ltr'><strong>tam</strong></span> <span class='ocrx_word' id='word_1_862' title='bbox 3132 5290 3286 5354; x_wconf 79' lang='lat' dir='ltr'><strong>grate</strong></span> <span class='ocrx_word' id='word_1_863' title='bbox 3323 5281 3508 5343; x_wconf 63' lang='grc' dir='ltr'><strong>(λαθιτὶ</strong></span> <span class='ocrx_word' id='word_1_864' title='bbox 3541 5292 3599 5340; x_wconf 87' lang='lat' dir='ltr'><strong>et</strong></span> <span class='ocrx_word' id='word_1_865' title='bbox 3627 5284 3835 5359; x_wconf 83' lang='lat' dir='ltr'><strong>suscipi</strong></span> 
     </span>
    </p>
   </div>
   <div class='ocr_carea' id='block_1_103' title="bbox 2238 5363 3834 5451">
    <p class='ocr_par' dir='ltr' id='par_1_103' title="bbox 2238 5363 3834 5451">
     <span class='ocr_line' id='line_1_104' title="bbox 2238 5363 3834 5451; baseline 0.011 -35"><span class='ocrx_word' id='word_1_866' title='bbox 2238 5363 2411 5433; x_wconf 90' lang='lat' dir='ltr'><strong>possit</strong></span> <span class='ocrx_word' id='word_1_867' title='bbox 2451 5379 2614 5436; x_wconf 83' lang='lat' dir='ltr'><strong>quam</strong></span> <span class='ocrx_word' id='word_1_868' title='bbox 2644 5382 2773 5423; x_wconf 89' lang='lat' dir='ltr'><strong>caro</strong></span> <span class='ocrx_word' id='word_1_869' title='bbox 2802 5369 3055 5426; x_wconf 85' lang='lat' dir='ltr'><strong>sacriﬁcii</strong></span> <span class='ocrx_word' id='word_1_870' title='bbox 3099 5374 3309 5451; x_wconf 74' lang='lat' dir='ltr'><strong>nostri,</strong></span> <span class='ocrx_word' id='word_1_871' title='bbox 3346 5390 3545 5447; x_wconf 87' lang='lat' dir='ltr'><strong>corpus</strong></span> <span class='ocrx_word' id='word_1_872' title='bbox 3573 5376 3834 5437; x_wconf 72' lang='lat' dir='ltr'><strong>eﬂ&#39;cdnm</strong></span> 
     </span>
    </p>
   </div>
   <div class='ocr_carea' id='block_1_104' title="bbox 2242 5451 3833 5545">
    <p class='ocr_par' dir='ltr' id='par_1_104' title="bbox 2242 5451 3833 5545">
     <span class='ocr_line' id='line_1_105' title="bbox 2242 5451 3833 5545; baseline 0.012 -37"><span class='ocrx_word' id='word_1_873' title='bbox 2242 5451 2396 5527; x_wconf 74' lang='grc' dir='ltr'><strong>[ϐοά.</strong></span> <span class='ocrx_word' id='word_1_874' title='bbox 2424 5497 2440 5522; x_wconf 88' lang='grc'><em>,</em></span> <span class='ocrx_word' id='word_1_875' title='bbox 2477 5454 2751 5533; x_wconf 78' lang='lat' dir='ltr'><strong>affectum]</strong></span> <span class='ocrx_word' id='word_1_876' title='bbox 2800 5463 3101 5521; x_wconf 85' lang='lat' dir='ltr'><strong>sacerdotis</strong></span> <span class='ocrx_word' id='word_1_877' title='bbox 3146 5468 3365 5529; x_wconf 84' lang='lat' dir='ltr'><strong>nostri?</strong></span> <span class='ocrx_word' id='word_1_878' title='bbox 3402 5469 3469 5526; x_wconf 88' lang='lat' dir='ltr'><strong>Et</strong></span> <span class='ocrx_word' id='word_1_879' title='bbox 3512 5469 3833 5545; x_wconf 75' lang='lat' dir='ltr'><strong>quomodo!</strong></span> 
     </span>
    </p>
   </div>
   <div class='ocr_carea' id='block_1_105' title="bbox 2239 5545 3834 5636">
    <p class='ocr_par' dir='ltr' id='par_1_105' title="bbox 2239 5545 3834 5636">
     <span class='ocr_line' id='line_1_106' title="bbox 2239 5545 3834 5636; baseline 0.016 -37"><span class='ocrx_word' id='word_1_880' title='bbox 2239 5545 2485 5613; x_wconf 86' lang='lat' dir='ltr'><strong>Quatuor</strong></span> <span class='ocrx_word' id='word_1_881' title='bbox 2511 5551 2923 5636; x_wconf 78' lang='lat' dir='ltr'><strong>considerantur</strong></span> <span class='ocrx_word' id='word_1_882' title='bbox 2952 5556 3007 5611; x_wconf 91' lang='lat' dir='ltr'><strong>in</strong></span> <span class='ocrx_word' id='word_1_883' title='bbox 3046 5559 3196 5614; x_wconf 91' lang='lat' dir='ltr'><strong>omni</strong></span> <span class='ocrx_word' id='word_1_884' title='bbox 3228 5560 3532 5618; x_wconf 84' lang='lat' dir='ltr'><strong>sacriﬁcio:</strong></span> <span class='ocrx_word' id='word_1_885' title='bbox 3574 5564 3670 5620; x_wconf 88' lang='lat' dir='ltr'><strong>cui</strong></span> <span class='ocrx_word' id='word_1_886' title='bbox 3695 5560 3834 5623; x_wconf 69' lang='grc' dir='ltr'><strong>ασθ-</strong></span> 
     </span>
    </p>
   </div>
   <div class='ocr_carea' id='block_1_106' title="bbox 2239 5643 3843 5728">
    <p class='ocr_par' dir='ltr' id='par_1_106' title="bbox 2239 5643 3843 5728">
     <span class='ocr_line' id='line_1_107' title="bbox 2239 5643 3843 5728; baseline 0.016 -37"><span class='ocrx_word' id='word_1_887' title='bbox 2239 5646 2412 5728; x_wconf 84' lang='lat' dir='ltr'><strong>ratnr,</strong></span> <span class='ocrx_word' id='word_1_888' title='bbox 2449 5656 2479 5695; x_wconf 89' lang='lat' dir='ltr'><strong>a</strong></span> <span class='ocrx_word' id='word_1_889' title='bbox 2508 5657 2615 5713; x_wconf 87' lang='lat' dir='ltr'><strong>quo</strong></span> <span class='ocrx_word' id='word_1_890' title='bbox 2656 5643 2945 5715; x_wconf 75' lang='lat' dir='ltr'><strong>offeratur,</strong></span> <span class='ocrx_word' id='word_1_891' title='bbox 2988 5650 3121 5721; x_wconf 88' lang='lat' dir='ltr'><strong>quid</strong></span> <span class='ocrx_word' id='word_1_892' title='bbox 3152 5650 3448 5722; x_wconf 88' lang='lat' dir='ltr'><strong>oﬁ‘eratur,</strong></span> <span class='ocrx_word' id='word_1_893' title='bbox 3488 5670 3592 5728; x_wconf 90' lang='lat' dir='ltr'><strong>pro</strong></span> <span class='ocrx_word' id='word_1_894' title='bbox 3630 5656 3843 5728; x_wconf 79' lang='lat' dir='ltr'><strong>quibus-</strong></span> 
     </span>
    </p>
   </div>
   <div class='ocr_carea' id='block_1_107' title="bbox 2236 5727 3831 5820">
    <p class='ocr_par' dir='ltr' id='par_1_107' title="bbox 2236 5727 3831 5820">
     <span class='ocr_line' id='line_1_108' title="bbox 2236 5727 3831 5820; baseline 0.013 -35"><span class='ocrx_word' id='word_1_895' title='bbox 2236 5727 2515 5820; x_wconf 68' lang='lat' dir='ltr'><strong>oﬁ&#39;eratur.</strong></span> <span class='ocrx_word' id='word_1_896' title='bbox 2540 5732 2684 5808; x_wconf 88' lang='lat' dir='ltr'><strong>Ergo</strong></span> <span class='ocrx_word' id='word_1_897' title='bbox 2724 5753 2827 5796; x_wconf 89' lang='lat' dir='ltr'><strong>nec</strong></span> <span class='ocrx_word' id='word_1_898' title='bbox 2851 5739 3013 5799; x_wconf 89' lang='lat' dir='ltr'><strong>alicui</strong></span> <span class='ocrx_word' id='word_1_899' title='bbox 3041 5741 3370 5803; x_wconf 85' lang='lat' dir='ltr'><strong>sacriﬁcium</strong></span> <span class='ocrx_word' id='word_1_900' title='bbox 3412 5727 3671 5815; x_wconf 83' lang='lat' dir='ltr'><strong>debetur,</strong></span> <span class='ocrx_word' id='word_1_901' title='bbox 3719 5745 3831 5804; x_wconf 86' lang='lat' dir='ltr'><strong>nisi</strong></span> 
     </span>
    </p>
   </div>
   <div class='ocr_carea' id='block_1_108' title="bbox 2235 5820 3827 5910">
    <p class='ocr_par' dir='ltr' id='par_1_108' title="bbox 2235 5820 3827 5910">
     <span class='ocr_line' id='line_1_109' title="bbox 2235 5820 3827 5910; baseline 0.009 -33"><span class='ocrx_word' id='word_1_902' title='bbox 2235 5820 2336 5877; x_wconf 90' lang='lat' dir='ltr'><strong>soli</strong></span> <span class='ocrx_word' id='word_1_903' title='bbox 2359 5837 2489 5880; x_wconf 88' lang='lat' dir='ltr'><strong>vero</strong></span> <span class='ocrx_word' id='word_1_904' title='bbox 2513 5822 2642 5882; x_wconf 90' lang='lat' dir='ltr'><strong>Deo.</strong></span> <span class='ocrx_word' id='word_1_905' title='bbox 2670 5826 2902 5887; x_wconf 87' lang='lat' dir='ltr'><strong>Proinde</strong></span> <span class='ocrx_word' id='word_1_906' title='bbox 2930 5831 3174 5901; x_wconf 77' lang='lat' dir='ltr'><strong>pontifex</strong></span> <span class='ocrx_word' id='word_1_907' title='bbox 3198 5842 3385 5892; x_wconf 85' lang='lat' dir='ltr'><strong>noster</strong></span> <span class='ocrx_word' id='word_1_908' title='bbox 3403 5851 3507 5910; x_wconf 81' lang='lat' dir='ltr'><strong>pro</strong></span> <span class='ocrx_word' id='word_1_909' title='bbox 3530 5836 3713 5905; x_wconf 87' lang='lat' dir='ltr'><strong>nobis,</strong></span> <span class='ocrx_word' id='word_1_910' title='bbox 3733 5850 3827 5891; x_wconf 77' lang='lat' dir='ltr'><strong>se-</strong></span> 
     </span>
    </p>
   </div>
  </div>
