4088 6330
237 396 371 457 1069

936 392 1343 453 EXEGETICA.
1383 424 1456 437 -
1489 390 1735 450 uxros.
1774 387 1844 446 1N
1879 374 2096 445 EPIST.
2136 384 2195 445 s.
2235 374 2443 444 manu
2473 386 2571 442 AD
2603 383 2804 442 nues.

3341 382 3480 444 1070

237 514 519 583 metipsum
548 508 828 577 offerebat,
857 509 1001 566 idem
1063 510 1315 566 sacerdos
1369 516 1424 565 et
1451 504 1795 564 sacriﬁcium.
1828 505 1881 566 Δ
1905 508 2062 572 aptus
2086 501 2305 558 secundi
2327 501 2675 566 testamenti;
2715 499 2853 555 sicut
2887 508 2984 569 per
3000 486 3327 570 Prophetani
3353 488 3485 557 dicit

308 604 466 663 Vsus.
492 604 549 669 4,
575 603 629 658 5.
651 634 720 676 -τ-
753 602 814 659 Si
836 618 956 672 ergo
977 610 1105 656 esset
1141 617 1296 671 super
1322 608 1537 665 terram,
1569 615 1660 653 nec
1687 612 1809 667 ergo

237 706 365 757 ἅδοι
391 696 669 753 sacerdos:
699 710 816 751 eum
843 703 1011 749 essent
1039 694 1128 766 qui
1156 695 1400 764 o/ferrent
1426 689 1710 748 secundum
1738 688 1811 744 le—

237 804 349 865 gem
377 800 613 854 munera,
637 788 725 860 qui
746 786 1032 858 exentplari
1055 792 1105 840 et
1131 785 1327 840 umbra:
1352 785 1647 865 deserviunt
1666 781 1813 837 acele-

238 862 415 942 stium.
447 883 505 939 Si
539 884 700 955 igitur
728 888 872 938 essm
894 882 1140 937 terrenus
1162 879 1426 951 pontifex,
1450 862 1589 934 sicut
1608 877 1810 943 Aaron,

238 991 345 1032 non
389 982 535 1030 esset
576 975 763 1043 utique
810 974 893 1030 sie
937 970 1191 1030 sacerdOs
1230 971 1523 1026 secundum
1568 968 1814 1024 ordinem

239 1064 630 1120 Melchisedech
649 1064 705 1118 in
728 1068 1008 1119 aeternum.
1030 1061 1211 1118 Aaron
1231 1061 1425 1132 quippe
1446 1071 1688 1115 mortuus
1709 1064 1812 1124 est,

236 1167 289 1215 et
313 1170 425 1213 non
450 1166 533 1214 est
555 1157 841 1213 sacerdos:
860 1156 1110 1213 Christus
1132 1168 1263 1212 vero
1283 1156 1409 1225 quia
1432 1155 1566 1209 vivit
1582 1154 1639 1208 in
1664 1158 1816 1208 aeter-

235 1264 387 1315 num,
422 1250 676 1306 sacerdos
710 1255 795 1306 est
815 1250 1213 1321 sempiternus:
1254 1262 1361 1303 non
1387 1246 1509 1302 talis
1534 1246 1718 1316 quales
1739 1244 1817 1299 illi

235 1340 459 1396 fuerunt
485 1342 576 1412 qui
600 1341 887 1414 σκεπιρέαή
911 1350 961 1396 et
979 1340 1175 1396 umbra:
1203 1340 1497 1394 deserviunt
1515 1337 1813 1393 calestium.

235 1432 443 1490 Omnes
467 1445 598 1487 vero
631 1433 942 1487 sacerdotes
970 1433 1027 1486 in
1052 1431 1170 1502 lege
1200 1428 1477 1486 constituti
1514 1427 1819 1498 exemplare

234 1533 291 1581 et
317 1524 609 1579 umbratile
636 1523 997 1579 sacerdotium
1024 1524 1281 1593 gerebant
1301 1520 1624 1582 cmlestium,
1642 1516 1696 1573 id
1715 1523 1818 1583 est,

233 1615 585 1688 spiritalium,
618 1615 983 1686 signiﬁcantes
1010 1624 1199 1669 verum
1225 1622 1281 1669 et
1312 1614 1695 1684 sempiternum
1729 1625 1819 1666 sa-

232 1709 542 1765 cerdotium
583 1708 803 1763 Christi.
853 1706 1040 1763 Nonne
1076 1707 1244 1762 altare
1275 1704 1464 1779 [ϐαίη
1507 1703 1709 1775 altera]
1739 1710 1825 1760 est

234 1798 463 1856 caeleste
490 1798 623 1855 ﬁdes
664 1807 871 1865 nostra,
914 1800 966 1852 in
998 1814 1104 1869 quo
1129 1796 1406 1853 offerimus
1435 1797 1674 1868 quotidie
1702 1811 1822 1851 ora-

1913 590 2210 647 Dominus:
2250 590 2387 646 Ecce
2414 589 2524 645 dies
2544 589 2767 656 venient,
2797 588 2921 643 dicit
2957 589 3233 656 Dominus,
3272 597 3322 643 et
3357 598 3493 646 con-3

1912 683 2184 740 summabo
2203 694 2359 755 super
2383 680 2596 737 domum
2622 679 2794 736 Israel
2833 688 2885 735 et
2926 694 3081 751 super
3107 682 3320 736 domum
3343 676 3489 739 Iuda

1914 783 2279 831 testamentum
2323 790 2511 831 novum
2556 773 2688 847 (Jer.
2730 786 2883 840 xxxi,
2926 772 3037 848 55).
3076 771 3260 846 (Vens.
3298 764 3375 849 9.)
3418 770 3493 832 Et

1915 880 2019 924 non
2052 866 2338 923 secundum
2368 870 2729 922 testamentum
2760 865 2901 937 quod
2932 866 3032 936 feci
3056 866 3291 938 patribus
3313 872 3499 922 eorum:

1913 960 1973 1015 in
1997 961 2102 1027 die,
2150 977 2257 1032 qua
2280 956 2596 1030 apprehendi
2625 972 2838 1012 manum
2885 965 3062 1013 eorum
3082 999 3098 1024 ,
3137 965 3195 1011 ut
3222 957 3493 1015 educerent

1915 1067 2001 1106 eos
2025 1050 2090 1105 de
2110 1060 2249 1106 terra
2274 1050 2348 1105 1E
2352 1049 2499 1122 σω)ιὶ
2510 1092 2524 1116 ,
2560 1051 2808 1122 quoniam
2834 1051 2936 1120 ipsi
2967 1064 3072 1104 non
3099 1054 3499 1119 permanserunt

1916 1144 1974 1197 in
2002 1150 2309 1196 testamento
2328 1154 2462 1208 Meo,
2499 1150 2549 1197 et
2571 1158 2663 1213 ego
2701 1140 2905 1213 neglexi
2923 1156 3035 1206 eos,
3062 1142 3191 1196 dicit
3214 1139 3492 1197 Dominus.

1917 1231 2018 1288 Hic
2045 1240 2223 1287 autem
2246 1231 2476 1287 discreta
2504 1231 2711 1302 posuit,
2757 1230 2824 1286 de
2849 1242 2955 1301 quo
2982 1229 3186 1287 dictum
3212 1237 3316 1298 est,
3355 1231 3499 1304 quod

1920 1341 2023 1379 non
2044 1330 2443 1395 permanserunt
2465 1325 2521 1377 in
2550 1332 2852 1377 testamento
2874 1332 3007 1377 meo.
3048 1324 3184 1379 Dum
3216 1320 3387 1379 dixit:
3428 1312 3499 1379 In

1920 1414 2022 1479 die,
2047 1431 2151 1484 qua
2180 1408 2496 1485 apprehendi
2524 1430 2737 1467 manum
2762 1413 2997 1481 illorum,
3027 1423 3085 1469 ut
3114 1416 3381 1471 educerem
3410 1434 3498 1472 eos

1920 1503 1986 1559 de
2014 1513 2155 1558 terra
2181 1502 2435 1574 Egypti;
2473 1504 2539 1559 de
2562 1503 2679 1574 lege
2705 1505 2807 1560 hoc
2836 1504 2971 1559 dixit
2991 1502 3169 1577 [Cod.,
3200 1518 3308 1560 non
3340 1505 3500 1573 dixit,

1921 1594 2184 1668 mendose]
2215 1595 2321 1649 lata
2366 1596 2421 1649 in
2466 1605 2649 1650 monte
2697 1593 2878 1662 Sinai,
2906 1602 3026 1667 quae
3062 1596 3507 1668 quinquagesima

1924 1686 2010 1743 die
2037 1688 2163 1743 data
2191 1702 2310 1743 esse
2341 1695 2571 1756 constat,
2602 1688 2658 1743 in
2693 1696 2798 1759 qua
2827 1694 2932 1744 non
2965 1696 3378 1761 permanserunt
3404 1706 3503 1761 pa-

1898 1787 2038 1861 tres
2066 1794 2275 1845 eorum,
2307 1778 2399 1833 sed
2424 1778 2668 1834 fecerunt
2692 1780 2917 1834 vitulum
2944 1781 2998 1835 in
3027 1780 3204 1836 Horeb
3233 1789 3288 1836 et
3315 1782 3504 1837 adora-

236 1892 416 1947 tiones
442 1891 467 1944 ?
507 1907 526 1941 ι
561 1890 705 1945 Nihil
735 1904 863 1946 vero
892 1866 1097 1947 habens
1121 1891 1352 1946 carnalis
1376 1866 1650 1951 sacriﬁcii,
1680 1887 1823 1957 quod
1851 1868 1903 1929 Β
1928 1882 2123 1925 verum
2152 1869 2301 1924 “md-
2332 1868 2449 1924 Non
2476 1869 2619 1923 θηῖῐη
2656 1869 2722 1924 de
2756 1866 2845 1924 mo
2870 1869 3015 1939 ίῐυοδ
3047 1871 3291 1941 [mribus
3316 1886 3506 1926 60mm

237 1982 295 2038 in
324 1984 538 2038 eineres
582 1983 883 2038 resolvatur
906 2024 920 2049 ,
968 1997 1067 2038 nec
1104 1984 1159 2037 in
1191 1980 1339 2037 fumo
1374 1991 1685 2037 extensetur
1712 1980 1822 2053 [Ita

238 2077 415 2146 Cod.;
444 2080 600 2150 forte,
626 2079 990 2152 extenuetur],
1016 2093 1115 2134 nec
1137 2080 1191 2133 in
1220 2092 1449 2149 vapores
1473 2075 1821 2132 diffundatur.

239 2171 373 2229 Haec
415 2186 545 2228 vero
591 2173 857 2247 sacriﬁcia
905 2173 1048 2229 clara
1093 2179 1147 2226 et
1190 2170 1465 2227 festiviora
1499 2169 1823 2225 efﬁciuntur.

240 2263 523 2332 Quomodo
556 2264 797 2320 cmicstia
823 2280 930 2319 non
971 2264 1247 2318 celebrant
1289 2260 1594 2325 sacriﬁcia,
1634 2259 1829 2329 quibus

241 2354 445 2410 dicitur
469 2368 483 2407 :
513 2354 742 2424 Accipite
769 2353 1023 2425 Spiritum
1052 2361 1291 2408 sanctum
1312 2367 1331 2406 .'
1367 2369 1590 2424 quorum
1620 2353 1831 2406 remise-

242 2448 365 2503 ritis
390 2454 622 2517 peccata,
648 2447 986 2503 remittuntur
1008 2448 1081 2503 eis
1106 2466 1123 2514 ;
1161 2454 1209 2503 et
1234 2464 1455 2520 quorum
1490 2446 1829 2515 retinueritis,

244 2543 451 2591 retenta
474 2546 596 2593 sunt
622 2536 804 2611 (Joan.
833 2554 1031 2607 XXVIII,
1051 2538 1186 2612 23)?
1217 2560 1235 2592 ι
1270 2538 1473 2594 Horum
1496 2540 1639 2594 enim
1669 2537 1833 2594 sacri-

244 2628 729 2696 ﬁciorummmnia
774 2630 1000 2687 Levitici
1041 2630 1327 2686 sacerdotii
1383 2630 1649 2685 sacriﬁcia
1679 2630 1832 2702 signa

245 2719 509 2776 fuerunt:
552 2720 690 2787 Quia
719 2721 802 2777 (ea:
828 2739 921 2793 per
942 2720 1160 2793 Moysen
1182 2723 1307 2775 data
1333 2729 1443 2786 est;
1481 2720 1653 2790 gratia
1682 2728 1731 2773 et
1753 2732 1834 2774 ve-

245 2815 382 2869 ritas
396 2830 489 2886 per
506 2810 690 2869 Iesum
701 2813 965 2869 Christum
986 2814 1128 2885 facta
1148 2822 1223 2871 est
1247 2814 1427 2888 (Joan.
1450 2834 1492 2882 ι,
1512 2816 1619 2889 l7).
1652 2833 1670 2865 ι
1683 2813 1836 2871 Sicut

246 2914 570 2974 responsum
608 2912 691 2959 est
718 2900 907 2977 Moysi,
939 2921 1062 2960 cum
1091 2916 1492 2963 consummaret
1520 2908 1833 2963 tabernacu-

244 2995 357 3050 lum
392 3015 405 3050 :
448 2993 598 3062 Vide,
627 2994 820 3066 inquit,
851 3000 1027 3052 omnia
1055 2996 1213 3067 facito
1236 2997 1519 3052 secundant
1550 2995 1835 3068 exemplar,

242 3085 394 3158 quod
439 3086 533 3140 tibi
575 3097 835 3142 ostensum
885 3097 962 3142 est
1007 3088 1061 3142 in
1094 3097 1266 3143 monte
1312 3088 1508 3161 (Exod.
1556 3105 1683 3155 xxv,
1722 3086 1833 3161 40).

1922 1966 2219 2037 proposuit,
2249 1960 2409 2035 691
2448 1964 2501 2018 id
2531 1973 2613 2018 est
2640 1962 2934 2041 Abraham,
2964 1965 3111 2020 Isaac
3141 1974 3196 2021 et
3220 1964 3406 2021 Jacob.
3442 1967 3511 2021 Et

1925 2072 2114 2114 omnes
2142 2055 2239 2111 ﬁlii
2270 2048 2414 2121 ﬁdei,
2440 2046 2539 2110 lilii
2562 2053 2836 2111 Abraham
2865 2056 2970 2111 dici
2998 2065 3241 2127 possunt,
3274 2057 3416 2114 sicut
3442 2057 3509 2113 de

1927 2150 2046 2221 ipso
2079 2148 2306 2203 Domino
2333 2148 2386 2202 in
2413 2146 2703 2218 Evangelio
2730 2147 3019 2203 scribitur:
3060 2146 3191 2203 Dico
3220 2159 3391 2203 autem
3419 2166 3509 2204 vo-

1929 2239 2027 2305 bis,
2068 2237 2208 2310 q‘uod
2244 2247 2422 2309 potens
2452 2246 2527 2292 est
2552 2237 2694 2291 Deus
2732 2236 2795 2290 de
2829 2234 3087 2307 lapidibus
3113 2238 3227 2293 istis
3260 2234 3529 2294 suscitare

1930 2330 2068 2398 ﬁlios
2091 2327 2314 2383 Abraha’
2339 2326 2553 2398 (Matth.
2581 2342 2664 2392 ιη,
2689 2324 2763 2398 9).
2789 2322 2862 2380 Et
2876 2326 2981 2381 hoc
3002 2333 3084 2381 est
3106 2334 3511 2394 testamentum,

1932 2419 2080 2491 quod
2102 2417 2498 2473 consummabit
2522 2416 2683 2482 Deus,
2710 2416 2765 2472 id
2796 2423 2899 2482 est,
2930 2415 3177 2486 perﬁciet
3197 2433 3358 2489 super
3393 2434 3513 2474 om-

1932 2524 2031 2566 nes
2057 2517 2264 2581 gentes,
2302 2515 2363 2562 ut
2409 2507 2715 2578 quicunque
2760 2506 3089 2563 crediderint
3129 2507 3181 2563 in
3216 2507 3518 2575 Christum,

1931 2600 2035 2656 ﬁlii
2048 2598 2299 2665 Abrahae,
2316 2598 2609 2653 secundum
2631 2597 2926 2668 spiritalem
2948 2600 3368 2670 generationem,
3384 2617 3513 2658 vere

1934 2693 2063 2748 sint.
2097 2690 2282 2763 (Vens.
2314 2687 2529 2761 10-12.)
2556 2684 2691 2754 Quia
2727 2689 2824 2743 hoc
2857 2699 2931 2744 est
2976 2698 3340 2746 testamentum
3375 2687 3518 2763 quod

1935 2782 2209 2853 disponam
2234 2780 2415 2835 domui
2442 2778 2612 2834 Israel
2639 2789 2753 2850 post
2775 2778 2883 2835 dies
2903 2779 3044 2848 illos,
3066 2780 3192 2836 dicit
3220 2781 3476 2838 Dominus
3499 2796 3520 2835 :

1935 2869 2126 2928 Danda
2154 2869 2290 2941 leges
2325 2884 2469 2923 meas
2490 2870 2547 2923 in
2581 2878 2776 2924 mentes
2802 2884 2981 2925 eorum
3009 2880 3056 2924 et
3086 2871 3143 2924 in
3165 2869 3409 2926 cordibus
3436 2887 3522 2926 eo-

1936 2976 2055 3019 rum
2096 2962 2475 3035 superscribam
2519 2979 2627 3017 eas.
2660 2958 2731 3016 Et
2771 2974 2860 3017 ero
2890 2960 2963 3017 eis
3000 2962 3054 3018 in
3097 2962 3290 3030 Deum,
3333 2972 3385 3018 et
3424 2958 3523 3034 ipsi

1937 3064 2092 3111 erant
2119 3052 2253 3108 mihi
2271 3055 2329 3108 in
2368 3053 2635 3126 populum.
2674 3052 2747 3107 Et
2784 3066 2887 3109 non
2933 3054 3133 3109 docebit
3174 3056 3524 3127 unusquisque

243 3146 523 3245 Quoniam
550 3177 764 3232 auditus
790 3176 969 3233 minus
1003 3185 1159 3248 aptus
1195 3146 1331 3234 esse‘
1341 3179 1552 3235 videtur
1585 3179 1653 3235 ad
1671 3146 1840 3233 (disci-
1869 3222 1923 3248 η.
1938 3148 2235 3248 {mximum
2257 3158 2411 3248 81mm
2419 3188 2433 3214 ’
2454 3155 2505 3248 εξ
2526 3146 2875 3248 ξ’ξηδίῖίίίδᾳῗθ
2895 3147 3113 3248 ῙΨῘΤΒΜ
3136 3164 3289 3248 ⁸²⁴Ῐ⁸¹⁷²
3311 3147 3487 3203 diem”
3504 3161 3525 3200 ⁵

239 3270 461 3341 plinam
504 3268 943 3340 percipiendam,
994 3284 1156 3339 quam
1198 3271 1382 3335 visus;
1423 3286 1531 3325 non
1578 3271 1721 3325 enim
1762 3270 1841 3324 ita

240 3362 441 3418 animo
459 3363 898 3417 commendamus
918 3375 1251 3432 quiscunque
1280 3362 1547 3429 audimus,
1572 3362 1842 3433 quomodo

239 3451 332 3508 illa
363 3465 500 3523 qua:
528 3451 645 3521 ipso
673 3452 793 3506 visu
814 3453 1160 3522 percipimus.
1199 3472 1219 3505 ι
1253 3451 1377 3508 Ideo
1408 3452 1569 3507 dicit:
1616 3451 1760 3518 Vide,
1783 3460 1845 3507 ut

238 3547 445 3604 omnia
470 3542 639 3600 facias
668 3545 808 3599 sicut
848 3546 941 3600 tibi
970 3546 1022 3599 in
1064 3553 1246 3601 monte
1286 3546 1710 3600 demonstratum
1739 3553 1840 3601 est.

240 3640 357 3697 Sed
386 3639 490 3696 hic
519 3638 686 3709 quaeri
711 3640 911 3709 potest,
957 3639 1025 3694 de
1073 3639 1269 3709 quibus
1315 3639 1574 3695 dixisset:
1629 3638 1844 3706 Omnia,

241 3727 362 3787 sive
388 3734 470 3788 de
492 3731 826 3787 tabernaculi
861 3730 1297 3796 constructione;
1333 3730 1445 3786 sive
1478 3731 1544 3785 de
1574 3730 1765 3786 hostiis
1793 3737 1850 3785 et

243 3821 567 3887 sacriﬁciis,
598 3834 718 3891 qum
746 3822 801 3875 in
825 3834 890 3876 eo
919 3821 1150 3877 oblaturi
1175 3820 1386 3877 essent?
1415 3820 1509 3876 sed
1530 3819 1596 3876 de
1616 3830 1847 3891 utroque

243 3919 460 3974 melius
483 3916 818 3987 intelligitur.
853 3915 1038 3989 (Vens.
1072 3916 1147 3988 6.)
1195 3935 1214 3967 ¢
1259 3912 1417 3969 Nunc
1446 3924 1621 3969 autem
1663 3911 1848 3967 melius

250 4007 483 4064 sortitus
515 4013 589 4058 est
618 4006 985 4070 ministerium,
1004 4015 1200 4076 quanto
1227 4013 1275 4057 et
1300 4003 1528 4058 melioris
1555 4001 1849 4056 testamenti

249 4098 525 4157 mediator
543 4104 640 4163 est,
658 4097 801 4169 quod
823 4096 1122 4151 melioribus
1150 4093 1630 4167 repromissionibus
1655 4094 1852 4147 sancti-

249 4196 487 4267 ﬁcatum
515 4188 615 4263 [lta
646 4189 776 4246 Cod.
805 4208 818 4257 ;
860 4191 954 4257 al.,
996 4187 1277 4261 sancitum]
1308 4197 1402 4242 est.
1431 4184 1613 4254 Vides,
1655 4185 1851 4257 inquit,

250 4292 471 4357 quanto
495 4281 687 4338 melior
715 4279 875 4356 [haec]
905 4281 996 4337 illa
1024 4279 1406 4337 celebratione.
1455 4278 1733 4349 Siquidem
1759 4277 1853 4332 illa

249 4373 546 4445 exemplar
572 4380 626 4428 et
651 4370 824 4428 forma
849 4390 863 4439 ;
900 4374 1005 4428 ista
1024 4387 1154 4428 vero
1180 4370 1405 4438 veritas,
1441 4390 1461 4423 ι
1494 4370 1633 4426 sicut
1656 4369 1855 4425 dicitur

248 4468 313 4525 in
342 4464 645 4536 Evangelio
670 4483 682 4517 :
724 4463 833 4518 Leo;
855 4481 946 4536 per
974 4460 1191 4534 Moysen
1214 4462 1340 4515 data
1376 4470 1475 4528 est,
1500 4460 1672 4533 gratia
1698 4468 1747 4515 et
1773 4476 1856 4515 ve-

1866 3226 2208 3310 GCognosce
2259 3239 2428 3294 Deum
2482 3237 2626 3311 [Al.,
2677 3237 3303 3313 Dominum]:quoniam
3351 3256 3526 3296 omnes

1941 3333 2103 3389 scient
2134 3349 2214 3387 me
2238 3348 2271 3386 a
2298 3332 2498 3387 minore
2524 3348 2687 3403 usque
2708 3332 2778 3385 ad
2807 3331 3081 3403 majorem.
3108 3330 3245 3396 Quia
3271 3331 3528 3404 propitius

1943 3442 2030 3481 ero
2064 3421 2426 3495 iniquitatibus
2457 3438 2659 3489 eorum,
2681 3432 2730 3477 et
2759 3431 2971 3494 peccata
2992 3438 3171 3475 eorum
3201 3438 3305 3476 non
3334 3437 3529 3476 memo-

1944 3519 2104 3573 rabor
2124 3517 2369 3588 amplius.
2394 3517 2461 3571 Et
2484 3516 2573 3571 hic
2594 3531 2788 3588 magna
2810 3514 3063 3571 distantia
3090 3523 3174 3570 est
3196 3514 3338 3570 inter
3354 3513 3528 3584 legem

1944 3621 2000 3668 et
2029 3612 2221 3683 legem,
2258 3611 2403 3665 inter
2433 3608 2771 3680 Scripturam
2799 3615 2857 3663 et
2878 3607 3239 3677 Scripturam,
3271 3606 3413 3663 inter
3443 3606 3531 3663 ιιι-

1945 3712 2118 3759 teram
2142 3709 2198 3759 et
2226 3701 2479 3774 gratiam.
2511 3699 2646 3756 Nam
2670 3701 2851 3758 littera
2869 3700 3003 3772 legis
3030 3700 3233 3772 scripta
3254 3711 3337 3756 est
3363 3701 3419 3756 in
3446 3708 3534 3755 ta-

1945 3795 2088 3851 bulis
2112 3795 2355 3864 lapideis,
2384 3808 2520 3863 quas
2546 3792 2757 3863 Moyses
2780 3792 2894 3861 ipse
2918 3791 3100 3861 fregit,
3129 3790 3257 3846 dum
3283 3790 3416 3847 vidit
3438 3806 3534 3862 po-

1946 3885 2134 3957 pulum
2173 3890 2298 3937 ante
2322 3883 2549 3937 vitulum
2577 3882 2889 3936 ludentem:
2929 3882 3102 3951 gratia
3130 3896 3259 3936 vero
3296 3881 3419 3936 data
3453 3890 3534 3938 est

1948 3976 2005 4030 in
2028 3973 2190 4028 corda
2210 3973 2546 4027 credentium
2572 3987 2670 4042 per
2692 3970 2949 4042 Spiritum
2972 3978 3238 4039 sanctum,
3251 3986 3349 4043 per
3367 3989 3534 4043 quem

1951 4065 2188 4123 Charitas
2230 4062 2423 4121 diﬁ‘usa
2460 4071 2542 4119 est
2586 4063 2641 4118 in
2677 4062 2927 4120 cordibus
2974 4062 3330 4118 credentium.
3380 4057 3541 4130 Quod

1950 4170 2081 4213 vero
2111 4159 2167 4213 in
2194 4156 2376 4211 littera
2402 4156 2605 4211 latebat
2630 4163 2686 4211 et
2708 4153 2988 4223 legebatur
3015 4169 3045 4207 a
3070 4154 3269 4225 populo
3297 4170 3394 4226 per
3421 4168 3535 4210 ma-

1953 4251 2244 4324 gistrorum
2275 4248 2613 4314 traditiones,
2632 4248 2735 4303 hoc
2756 4246 2987 4317 Spiritus
3008 4254 3227 4302 sanctus
3246 4247 3537 4307 adveniens

1954 4343 2182 4399 docebat
2210 4342 2498 4414 apostolos.
2529 4340 2599 4397 Et
2630 4341 2735 4397 hoc
2761 4340 3004 4410 estquod
3029 4339 3104 4394 ait
3127 4338 3398 4412 Propheta
3423 4359 3435 4395 :
3463 4341 3535 4396 Et

1954 4451 2059 4490 non
2087 4434 2298 4490 docebit
2315 4434 2669 4506 unusquisque
2696 4432 2993 4504 proximum
3013 4448 3166 4485 suum
3192 4441 3241 4486 et
3261 4434 3540 4503 unusquis-

249 4563 395 4617 ritas
440 4523 538 4629 pe;
572 4556 749 4611 Jesum
791 4523 1241 4625 Cliristum'facta
1288 4561 1384 4609 est.
1429 4523 1522 4608 Der
1546 4567 1653 4622 qua
1679 4551 1838 4623 gratia

1954 4544 2054 4600 que
2079 4528 2295 4600 fratrem
2322 4545 2497 4594 suum,
2522 4527 2697 4582 dicens
2720 4540 2739 4577 .'
2780 4523 3041 4594 Cognosce
3071 4524 3392 4592 Dominum;
3429 4541 3540 4580 om-

1935 4619 1936 4633 ‘
1959 4638 2048 4657 nae
2069 4620 2202 4657 anim
2229 4621 2385 4657 orion!
2406 4636 2487 4657 ma
2506 4636 2536 4657 η
2559 4618 2757 4657 minnrp
2774 4632 2935 4657 sunt“!
2956 4613 3025 4657 nd
3050 4614 3303 4657 strains-m1
3323 4630 3502 4657 pnrum
3518 4628 3539 4657 ξ

251 4655 663 4721 subsequenter
689 4649 780 4705 hic
805 4646 1074 4720 signiﬁcat
1107 4645 1421 4719 Apostolus,
1451 4645 1668 4701 dicens:
1699 4642 1854 4710 Quod

248 4749 312 4806 in
382 4742 692 4801 melioribus
758 4739 1245 4813 repromissionibus
1310 4734 1695 4808 sanctiﬁcatum
1756 4743 1853 4791 est.

251 4840 488 4909 Quanto
516 4834 738 4890 meliora
775 4842 900 4890 sunt
925 4831 1168 4890 coelestia
1206 4830 1458 4895 terrenis,
1485 4836 1686 4884 aeterna
1717 4834 1855 4881 tem-

245 4931 578 5008 paralibus;
622 4938 769 4984 tanto
795 4926 1024 4983 melioris
1051 4934 1130 4981 est
1150 4923 1408 4980 mediator
1431 4921 1682 4977 sacerdos
1702 4918 1861 4976 Chri—

249 5034 380 5083 stus
411 5024 564 5078 Deus
589 5019 900 5075 testamenti.
924 5038 943 5070 c
967 5016 1260 5073 Transiens
1280 5015 1347 5071 de
1376 5012 1516 5080 loco,
1543 5019 1598 5070 et
1622 5027 1653 5067 a
1673 5026 1857 5067 sacer-

252 5118 416 5181 dote,
439 5118 499 5167 et
528 5126 559 5165 a
586 5109 872 5173 sacriﬁcio,
907 5114 1033 5161 tunc
1058 5105 1276 5161 demum
1299 5111 1354 5159 et
1376 5103 1682 5159 testamenti
1705 5098 1857 5156 diﬁ‘e-

250 5206 509 5265 rentiam
547 5198 717 5271 ponit.
764 5197 865 5253 Hic
894 5205 1076 5251 autem
1103 5194 1170 5249 ad
1200 5194 1395 5251 coelum
1435 5210 1534 5249 nos
1562 5194 1777 5251 elevans
1804 5201 1860 5251 et

252 5295 592 5360 ostendens,
641 5291 766 5363 quia
792 5306 894 5362 pro
924 5286 1271 5345 tabernaculo
1310 5285 1509 5344 omium
1535 5286 1797 5343 habemus
1830 5308 1855 5345 ι

253 5394 317 5450 in
347 5384 814 5465 promissionibus
841 5382 957 5438 Dei.

332 5482 517 5540 Vens.
555 5478 609 5544 7,
634 5478 686 5534 8.
712 5506 784 5517 --
810 5475 953 5530 Nam
986 5474 1032 5528 si
1069 5472 1205 5529 illud
1244 5472 1390 5545 prius
1420 5471 1576 5543 culpa
1606 5478 1862 5538 vacasset,

254 5595 373 5634 non
436 5574 620 5645 utique
671 5569 885 5626 secundi
932 5568 1077 5623 locus
1124 5567 1492 5639 inquireretur.
1546 5562 1864 5636 Vituperans

257 5667 414 5724 enim
442 5680 532 5718 eos
560 5663 725 5718 dicit:
755 5661 869 5717 Hoc
902 5665 1009 5725 est,
1030 5660 1072 5715 si
1106 5656 1457 5729 iuculpabilcs
1481 5664 1662 5713 essent
1681 5657 1865 5715 obser-

255 5768 503 5818 vatores
545 5757 650 5824 sui,
679 5771 955 5827 nunquam
1000 5752 1219 5810 secundi
1262 5752 1413 5807 locus
1450 5752 1865 5821 relinqueretur.

259 5853 382 5913 Sed
409 5847 545 5920 quia
572 5848 701 5907 illud
724 5865 833 5906 non
855 5847 958 5905 fuit
986 5844 1310 5917 perfectura,
1337 5844 1587 5901 inventus
1618 5849 1702 5900 est
1720 5842 1869 5899 locus

1959 4638 2048 4675 nes
2069 4620 2205 4675 enim
2225 4621 2385 4674 scient
2406 4636 2487 4673 me
2505 4636 2537 4671 a
2559 4618 2757 4672 minore
2774 4632 2935 4687 usque
2956 4613 3025 4669 ad
3050 4614 3303 4686 majorem
3323 4630 3502 4669 eorum
3518 4628 3539 4667 :

1959 4712 2100 4766 sicut
2136 4711 2190 4764 in
2232 4709 2522 4780 Evangelia
2551 4709 2617 4763 de
2646 4708 2871 4762 Domino
2897 4704 3130 4778 legitur:
3166 4704 3311 4760 Tunc
3335 4705 3540 4778 aperuit

1955 4803 2064 4858 illis
2087 4820 2316 4870 sensum,
2337 4812 2390 4857 ut
2410 4800 2755 4873 intelligerent
2773 4798 3069 4869 scripturas
3094 4796 3244 4873 (Luc.
3261 4815 3409 4864 xxxv,
3424 4796 3539 4868 45).

1960 4893 2148 4966 (Vnus.
2201 4893 2313 4966 15.)
2361 4888 2593 4948 Dicenda
2641 4899 2814 4945 autem
2858 4908 3046 4946 novum
3087 4878 3328 4946 veteravit
3367 4889 3540 4958 prius.

1963 4982 2117 5051 Quod
2160 4991 2335 5038 autem
2374 4983 2682 5053 antiquetur
2713 4988 2763 5035 et
2800 4981 3048 5045 senescit,
3079 4994 3236 5049 prope
3274 4972 3544 5032 interitum

1962 5083 2057 5129 est.
2089 5092 2109 5125 ι
2138 5072 2367 5129 Sumens
2385 5087 2413 5126 a
2434 5071 2701 5143 Propheta
2723 5069 2972 5128 ﬁduciam
2997 5066 3215 5131 Paulus,
3232 5061 3460 5137 amplius
3486 5066 3547 5129 in

1963 5166 2092 5221 illud
2134 5170 2516 5222 testamentum
2563 5164 2863 5228 invehitur,
2913 5158 3191 5217 commode
3227 5159 3542 5225 ostendens,

1964 5257 2219 5329 quoniam
2272 5265 2457 5312 nostra
2490 5272 2634 5312 nunc
2676 5254 2905 5317 ﬂorent;
2949 5252 3038 5307 illa
3083 5257 3296 5306 vetusta
3331 5258 3456 5306 sunt
3489 5257 3548 5307 et

1964 5366 2133 5424 prope
2160 5350 2439 5405 interitum
2469 5368 2482 5404 :
2525 5368 2546 5404 ι
2591 5347 2698 5405 Sed
2722 5344 3069 5402 renovabitur
3094 5344 3234 5403 sicut
3258 5342 3440 5415 aquila
3460 5340 3546 5411 ju-

1966 5450 2161 5500 ventus
2184 5450 2391 5509 nostra,
2420 5441 2463 5497 si
2503 5441 2570 5495 ad
2608 5439 2813 5495 fontem
2853 5437 2976 5492 vitae
3001 5432 3310 5504 currimus;
3350 5433 3399 5492 si
3434 5431 3547 5497 ala

1970 5543 2026 5594 et
2052 5535 2239 5594 oculos
2267 5536 2336 5592 ad
2362 5534 2529 5593 solem
2547 5532 2771 5606 justitia:
2799 5526 3153 5587 extendimus.

2574 5685 2803 5744 CAPUT
2838 5684 2929 5745 ΡΧ.

2052 5842 2217 5897 Vens.
2251 5839 2302 5905 l,
2332 5835 2389 5890 ‘2.
2416 5864 2486 5878 -—
2516 5833 2715 5891 Habuit
2744 5832 2951 5907 quidem
2986 5831 3130 5904 prius
3148 5823 3554 5899 iustiﬁcationes
