4090 6512
518 422 651 480 1071

1346 418 1407 471 Β.
1446 415 1509 472 F.
1548 413 1773 470 ALBINI
1810 411 1940 469 SEU
1966 410 2253 470 ιΑιλαυιΝι
2289 407 2573 468 OPERUM
2608 406 2789 463 PARS
2819 405 2881 461 ll.

3629 408 3793 471 ιοτε

514 538 742 597 cultura:
762 547 807 594 et
827 547 1065 593 sanctum
1090 534 1362 591 swculare.
1391 531 1804 588 Tabernaculum
1822 531 1958 586 enim
1983 529 2091 601 pri-
2118 535 2168 595 Α
2190 527 2340 601 prior
2389 527 2608 582 intravit
2653 541 2762 581 non
2817 525 2934 580 sine
2981 523 3265 597 sanguine,
3308 524 3451 581 sicut
3499 524 3815 598 Propheta,

513 649 661 691 mum
688 631 886 702 factum
934 641 1028 695 est,
1070 631 1125 683 in
1153 644 1254 700 quo
1285 636 1435 681 erant
1478 624 1813 689 candelabra,
1839 639 2017 677 mensa
2044 630 2093 675 et

514 724 803 798 propositio
824 738 1037 803 panum,
1065 719 1203 791 quod
1232 719 1427 773 dicitur
1447 727 1649 773 sancta.
1673 715 1925 787 Legimus
1947 714 2093 770 enim

516 815 576 871 in
614 813 869 885 Josepbo,
921 809 1323 866 tabernaculum
1374 810 1442 865 ad
1493 809 1663 864 instar
1699 806 1860 877 hujus
1907 804 2093 861 mundi

516 906 719 963 factum
751 922 764 959 :
789 902 1063 960 exteriora
1085 916 1217 957 vero
1244 901 1405 973 hujus
1453 899 1636 956 saeculi
1665 899 1892 972 ﬁguram
1922 898 2091 953 habe-

513 996 666 1052 bant.
702 994 907 1050 Idcirco
935 993 1177 1064 quotidie
1204 992 1516 1047 ministrant
1540 990 1712 1046 sancti
1760 990 2089 1055 sacerdotes,

512 1087 832 1143 accedentes
862 1082 1067 1157 [Forte,
1105 1081 1481 1155 accendentes]
1508 1081 1689 1136 lumen
1712 1080 1986 1144 doctrina},
2039 1088 2096 1135 et

511 1185 797 1249 pascentes
836 1176 1092 1248 populum
1126 1176 1242 1231 Dei.
1272 1174 1505 1240 Panum,
1534 1174 1626 1245 qui
1655 1189 1817 1245 super
1846 1188 2093 1228 mensam

510 1287 543 1327 a
575 1271 801 1327 sabbato
821 1286 992 1340 usque
1018 1271 1087 1326 ad
1108 1270 1393 1326 sabbatum
1412 1275 1614 1339 praesto
1639 1267 1838 1323 debent
1864 1282 2014 1332 esse;
2040 1266 2094 1322 id

509 1367 613 1425 est,
643 1375 675 1413 a
718 1360 945 1415 sabbato
965 1359 1078 1431 spei
1103 1366 1326 1423 nostra,
1358 1358 1413 1412 in
1443 1372 1549 1428 qua
1574 1356 1730 1427 quasi
1773 1356 1830 1411 in
1854 1353 2092 1419 Christo,

510 1459 568 1507 et
607 1452 675 1507 ab
708 1450 871 1521 hujus
903 1450 1089 1506 mundi
1118 1450 1423 1505 turbinibus
1447 1447 1646 1513 securi,
1673 1460 1844 1516 usque
1880 1445 1936 1499 in
1965 1443 2095 1499 illud

511 1543 816 1608 sabbatum,
848 1543 990 1612 quod
1021 1540 1231 1615 [Forte,
1263 1538 1391 1612 quo]
1427 1539 1758 1613 retineamus
1798 1552 1919 1606 quzc
1950 1549 2096 1590 nunc

511 1635 567 1689 in
612 1650 707 1705 spe
753 1634 1035 1689 habemus.
1065 1631 1399 1688 Candelabra
1424 1645 1554 1686 vero
1585 1630 1724 1685 dona
1764 1635 1891 1684 sunt
1917 1625 2092 1697 Spiri-

509 1732 601 1780 tus
630 1724 822 1790 sancti,
851 1738 971 1793 quae
999 1724 1052 1777 in
1080 1722 1321 1778 Ecclesia
1347 1720 1533 1790 lucent
1551 1718 1971 1791 intelligentibus
1997 1731 2096 1787 per

509 1829 656 1879 eum,
700 1831 801 1885 per
843 1829 1004 1884 quem
1032 1811 1337 1882 requiescet
1376 1812 1599 1883 spiritus
1636 1810 1914 1881 sapientiae
1938 1816 1993 1863 ct
2018 1808 2096 1862 in-

2195 618 2443 690 przedixit
2470 636 2484 672 :
2514 617 2644 684 Quis
2691 626 2767 672 est
2811 617 2931 682 istc,
2979 616 3071 687 qui
3100 616 3236 671 venit
3280 615 3345 671 de
3371 616 3546 672 Edom
3597 619 3791 675 tinctis

2195 710 2415 764 vestibus
2469 709 2534 763 de
2582 708 2751 763 Bosra
2802 705 2984 779 (Isaia:
3026 723 3183 771 uin,
3234 705 3465 779 i)?Sed
3505 709 3794 779 patienter

2195 809 2567 871 exspectamus
2611 809 2825 870 tempus
2867 797 3286 854 resurrectionis
3306 806 3526 864 nostrae,
3556 800 3615 855 in
3649 816 3793 871 quo,

2196 908 2320 948 cum
2368 893 2703 963 apparuerit,
2752 892 2883 963 quid
2917 892 3156 958 erimus;
3216 892 3419 950 scimus
3471 893 3625 951 enim
3652 896 3791 967 quia

2196 987 2399 1044 similes
2441 987 2517 1042 illi
2544 988 2771 1054 erimus,
2819 987 2924 1043 hoc
2967 993 3071 1051 est,
3096 984 3476 1044 immortales:
3508 990 3663 1046 sicut
3703 991 3789 1048 illi

2195 1093 2343 1133 mors
2371 1078 2513 1134 ultra
2538 1093 2647 1133 non
2672 1076 3061 1144 dominabitur,
3092 1092 3193 1133 nec
3216 1085 3403 1133 nostra
3441 1094 3576 1135 caro
3603 1081 3789 1136 domi-

2195 1178 2321 1226 nata
2358 1172 2484 1226 erit.
2520 1171 2651 1237 Qua:
2685 1187 2791 1226 non
2812 1178 3029 1242 possunt
3051 1170 3215 1244 juxta
3254 1173 3636 1228 conscientiam
3666 1191 3791 1244 per-

2196 1262 2386 1333 fectum
2430 1263 2602 1334 facere
2627 1263 2954 1330 servientem,
2976 1261 3308 1318 solummodo
3345 1263 3401 1319 in
3422 1264 3550 1319 cibis
3570 1274 3624 1319 et
3649 1266 3788 1336 poti-

2197 1352 2315 1423 bus,
2357 1353 2554 1426 (Vens.
2600 1353 2701 1426 10)
2753 1354 2824 1409 Et
2876 1355 3034 1411 uariis
3082 1355 3407 1433 baptismatis
3459 1367 3511 1411 et
3548 1358 3788 1428 justitiis

2196 1449 2373 1504 carnis
2423 1465 2583 1519 usque
2625 1448 2695 1502 ad
2726 1457 2930 1520 tempus
2977 1449 3313 1504 correctionis
3354 1449 3637 1521 impositis.
3689 1449 3787 1506 Ha

2195 1556 2326 1597 vero
2344 1539 2575 1610 iustitia:
2621 1540 2891 1609 carnales,
2933 1540 2990 1596 in
3017 1541 3155 1598 cibis
3189 1551 3246 1598 et
3267 1542 3511 1613 potibus,
3536 1552 3597 1599 et
3615 1545 3785 1602 variis

2194 1633 2611 1703 haptismatibus
2648 1647 2821 1703 usque
2848 1633 2918 1689 ad
2936 1640 3150 1704 tempus
3196 1635 3556 1691 correctionis
3606 1636 3783 1707 impo-

2196 1724 2313 1779 sitae
2339 1730 2482 1779 sunt.
2516 1723 2745 1778 Attende
2786 1723 2914 1793 quid
2955 1725 3060 1779 hoc
3087 1732 3202 1791 est;
3232 1725 3362 1780 nihil
3387 1727 3531 1780 enim
3560 1727 3638 1781 ad
3663 1744 3783 1798 per-

2198 1814 2392 1884 fectum
2413 1812 2630 1868 deduxit
2678 1812 2799 1879 lex;
2828 1813 2926 1869 sed
2967 1814 3261 1869 secundum
3288 1813 3509 1888 [legem]
3546 1816 3781 1874 carnalis

508 1903 776 1970 tellectus,
830 1903 1052 1974 spiritus
1097 1901 1307 1958 consilii
1362 1911 1419 1956 et
1464 1900 1814 1964 fortitudinis,
1872 1899 2093 1968 spiritus
2123 1901 2169 1962 Β
2194 1905 2434 1960 mundati
2476 1905 2662 1960 sordes
2711 1915 2767 1959 et
2809 1905 3165 1976 ignorantiam
3214 1906 3390 1976 potuit
3437 1908 3777 1966 emundare;

507 1995 752 2050 scientia:
786 2001 840 2047 et
865 1993 1102 2063 pietatis,
1144 2000 1201 2046 et
1247 1991 1468 2062 spiritus
1494 1990 1704 2045 timoris
1732 1989 1967 2044 Domini.
2008 1989 2094 2043 In-

509 2086 680 2140 terius
725 2099 853 2138 vero
905 2082 1329 2147 tabernaculum,
1388 2081 1530 2151 quod
1577 2079 1776 2137 dicitur
1830 2098 1849 2131 t
1904 2088 2091 2135 sancta

509 2185 845 2241 sanctorum,
900 2177 1074 2247 ipsum
1124 2175 1320 2230 caelum
1361 2173 1650 2246 signiﬁcat,
1704 2172 1893 2245 (Vens.
1949 2170 2091 2243 5-5.)

516 2270 878 2325 Velamentum
914 2277 1093 2323 autem
1123 2266 1319 2323 cmlum
1349 2277 1453 2332 est,
1491 2287 1510 2319 ι
1565 2266 1708 2321 intra
1743 2268 1888 2335 quod
1917 2281 2095 2321 sacer-

482 2368 607 2421 rdos
630 2372 814 2419 noster
833 2362 1083 2418 Christus
1102 2377 1211 2417 non
1233 2361 1348 2416 sine
1373 2360 1634 2439 sanguine
1669 2360 1913 2415 intravit.
1948 2359 2090 2413 Thu-

507 2454 737 2510 ribulum
777 2454 973 2509 habens
1004 2469 1244 2517 aureum,
1278 2453 1331 2507 in
1355 2468 1462 2522 quo
1490 2450 1795 2507 oﬁ‘eruntur
1820 2451 2094 2506 orationes

507 2553 838 2602 sanctorum.
891 2545 949 2599 ln
1003 2560 1109 2614 quo
1157 2543 1453 2598 Cherubin
1508 2542 1678 2614 gloria
1735 2541 2095 2598 obumbratile

505 2634 1106 2708 [Leg.,obumbrantia]
1155 2634 1603 2705 propitiatorium,
1636 2635 1740 2689 hoc
1785 2633 2096 2689 est—multi—

506 2730 638 2785 tudo
666 2728 923 2783 scientiae.
955 2727 1093 2798 Apte
1116 2727 1553 2797 propitiatorium
1582 2741 1745 2796 super
1789 2740 1968 2781 arcam
1998 2739 2095 2797 po-

506 2822 671 2875 situm
711 2836 831 2875 esse
857 2820 1076 2884 dicitur,
1101 2820 1227 2888 quia
1252 2812 1355 2888 ipsi
1382 2817 1668 2873 mediatori
1700 2816 1881 2872 Dei-et
1918 2817 2093 2872 homi—

506 2928 635 2966 num
673 2911 979 2980 specialiter
1026 2926 1056 2964 a
1095 2910 1207 2965 Deo
1236 2908 1398 2963 Patre
1431 2909 1690 2983 donatum
1743 2914 1844 2970 est,
1880 2916 1937 2960 ut
1963 2915 2095 2961 esset

504 3003 806 3073 propitiatio
832 3018 927 3073 pro
955 3002 1177 3070 peccatis
1214 3001 1408 3055 nostris
1452 2998 1505 3071 (I
1549 2998 1711 3074 Joan.
1736 3015 1802 3064 ιι,
1828 2996 1906 3069 2).
1940 2996 2094 3053 Unde

503 3096 671 3150 etiam
699 3093 898 3150 Paulus
927 3093 1058 3148 dicit
1088 3110 1100 3146 :
1130 3090 1287 3147 Iesus
1314 3091 1575 3157 Christus,
1606 3092 1696 3162 qui
1728 3100 1964 3165 mortuus
1994 3098 2089 3157 est,

504 3186 610 3239 imo
635 3186 723 3255 qui
754 3193 800 3238 et
826 3184 1125 3247 resurrexit,
1172 3183 1262 3254 qui
1290 3191 1337 3236 et
1366 3191 1440 3236 est
1470 3182 1540 3236 ad
1566 3180 1833 3235 dexteram
1858 3179 1978 3246 Dei,
2001 3181 2092 3252 qui

2195 1994 2261 2050 de
2297 1994 2561 2050 adulterio
2601 2010 2752 2060 vero,
2801 1995 3122 2064 capitalibus
3149 1996 3470 2053 criminibus
3499 1998 3636 2054 nihil
3682 2016 3779 2072 po-

2193 2087 2298 2142 tuit
2333 2086 2589 2158 purgari;
2637 2088 2732 2141 sed
2760 2087 3016 2142 damnare
3043 2094 3288 2157 paratam
3318 2088 3523 2158 absque
3564 2092 3779 2147 miseri.

2193 2180 2393 2236 cordia.
2431 2179 2553 2235 Ideo
2607 2179 2909 2235 adulteram
2954 2179 3233 2235 mulierem
3274 2178 3525 2235 Pharismi
3567 2198 3766 2253 propo-

2193 2278 2416 2324 suerunt
2467 2267 2593 2324 Iesu
2647 2267 2831 2341 (Joan.
2879 2286 3002 2335 vni,
3050 2270 3129 2343 '5),
3189 2278 3251 2324 ut
3295 2271 3590 2340 potuissent
3630 2288 3757 2329 eum

2194 2376 2472 2427 accusare,
2522 2360 2567 2416 si
2610 2369 2800 2416 contra
2851 2362 3024 2433 legem
3066 2362 3348 2419 absolvere
3384 2362 3633 2431 iuberet;
3684 2372 3777 2419 aut

2193 2450 2519 2508 laudabilem
2561 2436 3028 2509 mansuetudinem
3048 2438 3354 2523 amitteret,
3406 2456 3455 2511 si
3489 2456 3629 2527 legis
3667 2455 3778 2525 jus-

2196 2543 2405 2599 sionem
2427 2544 2704 2599 custodire
2730 2545 3067 2616 pmciperet.
3102 2544 3209 2601 Sed
3238 2556 3533 2619 utrumque
3560 2550 3781 2604 cavebat

2194 2633 2460 2704 sapientia
2482 2633 2601 2700 Dei,
2631 2634 2788 2705 quasi
2818 2634 3044 2693 dixisset
3074 2653 3087 2689 :
3117 2633 3269 2691 Justa
3295 2645 3381 2693 est
3414 2637 3640 2707 quidem
3669 2637 3777 2704 lex,

2192 2722 2435 2792 sijustos
2463 2724 2691 2780 haberet
2729 2725 3027 2783 ministros.
3070 2726 3173 2794 Qui
3210 2727 3479 2785 festucam
3513 2730 3586 2785 de
3627 2730 3782 2786 oculo

2193 2814 2419 2870 alterius
2451 2814 2636 2869 tollere
2679 2814 2880 2880 videat,
2912 2813 3119 2882 justum
3155 2825 3259 2882 est,
3298 2826 3360 2871 ut
3386 2818 3543 2887 prius
3572 2819 3779 2872 trabem

2192 2912 2261 2965 de
2291 2909 2511 2980 proprio
2564 2909 2716 2964 tollat
2769 2910 2946 2966 oculo.
2976 2908 3052 2964 De
3084 2908 3427 2980 baptismatis
3467 2906 3784 2963 Iudaeorum

2190 3002 2403 3074 plenius
2448 3003 2502 3057 in
2530 3003 2818 3074 Evangelio
2853 3012 2972 3056 cata
3001 3001 3243 3057 Marcum
3270 3000 3490 3072 legitur,
3511 2998 3610 3054 ubi
3635 2999 3780 3054 Pha-

2193 3094 2338 3150 risaei
2367 3094 2751 3165 vituperabant
2789 3093 3074 3148 Dominum
3097 3101 3152 3148 et
3181 3090 3493 3160 discipulos,
3518 3105 3633 3145 non
3658 3088 3786 3145 lotis

2191 3185 2448 3241 manibus
2499 3185 2827 3240 manducare
2890 3182 3085 3255 (Marc.
3144 3181 3266 3253 vn).
3321 3181 3550 3237 Frustra
3600 3189 3784 3239 autem

503 3275 663 3329 etiam
704 3272 1000 3345 interpellat
1040 3289 1134 3343 pro
1180 3272 1328 3327 nobis
1357 3271 1529 3343 (Rom.
1562 3283 1681 3337 vm,
1723 3269 1835 3344 54).
1867 3268 1938 3325 Et
1965 3286 2091 3325 arca
2119 3268 2168 3331 C
2193 3277 2477 3341 Pharisazi,
2506 3275 2710 3331 frustra
2735 3285 2913 3331 autem
2943 3291 3132 3331 omnes
3152 3274 3323 3331 Judaei
3350 3276 3537 3330 lavant
3564 3291 3780 3344 manus,

504 3368 821 3421 testamenti.
868 3365 995 3421 Haec
1035 3373 1119 3421 est
1165 3381 1294 3420 caro
1324 3365 1620 3421 Salvatoris
1657 3365 1850 3432 nostri,
1885 3366 1940 3420 in
1986 3381 2093 3436 qua

508 3473 706 3513 manna
738 3457 1038 3512 divinitatis
1063 3465 1120 3512 et
1167 3457 1362 3511 tabulae
1387 3458 1618 3512 duorum
1644 3464 2094 3512 testamentorum

505 3559 553 3604 et
584 3550 733 3621 virga
783 3548 982 3616 Aaron,
1031 3565 1152 3620 quae
1193 3548 1374 3604 ﬂoruit
1422 3549 1477 3603 in
1508 3549 1809 3604 sacerdotio
1854 3547 2090 3614 Christi;

506 3642 571 3696 de
591 3641 777 3711 quibus
800 3657 904 3694 non
932 3650 1008 3695 est
1035 3642 1190 3694 modo
1220 3657 1312 3710 per
1341 3639 1552 3710 singula
1582 3640 1773 3694 dicere.

577 3732 743 3787 Vsns.
766 3732 819 3785 6.
838 3730 1011 3785 —His
1040 3748 1156 3786 vero
1176 3732 1252 3785 ita
1274 3731 1592 3802 compositis,
1616 3732 1670 3785 in
1700 3730 1864 3802 priori
1887 3730 2097 3802 quidem

506 3821 845 3877 tabernaculo
903 3838 1106 3892 semper
1156 3821 1441 3876 introibant
1500 3820 1817 3885 sacerdotes,
1885 3819 2096 3888 sacriﬁ-

508 3913 711 3968 ciorum
750 3914 913 3985 oﬁicia
943 3925 1387 3980 consummantes,
1419 3916 1561 3985 quod
1605 3930 1738 3970 vero
1764 3929 1927 3984 supra
1957 3914 2098 3969 dixit

508 4014 750 4059 sanctum
803 4006 1056 4061 swculare
1095 4021 1235 4072 esse,
1261 4006 1363 4062 hoc
1393 4005 1553 4061 modo
1576 4004 1808 4061 lucidius
1834 4004 2094 4068 ostendit,

510 4094 567 4149 id
594 4103 697 4159 est,
729 4096 783 4149 in
813 4112 919 4166 quo
967 4095 1317 4151 tabernaculo
1364 4094 1632 4151 sacriﬁcia
1670 4094 1891 4149 fuerunt
1928 4108 2099 4149 saecu-

509 4184 670 4252 laria,
720 4186 854 4241 nihil
897 4186 963 4242 ad
986 4187 1285 4258 perfectum
1327 4186 1654 4242 deducentes
1680 4185 2006 4241 servientem
2041 4185 2097 4239 in

508 4278 609 4334 eis.
646 4277 831 4351 (Vens.
865 4279 943 4352 7.)
990 4279 1057 4334 In
1080 4280 1307 4334 secundo
1333 4289 1507 4333 autem
1533 4278 1691 4332 semel
1716 4278 1770 4332 in
1794 4293 1934 4332 anno
1954 4275 2097 4331 solus

508 4369 745 4440 pontifex
779 4388 883 4425 non
903 4371 1012 4425 sine
1034 4370 1308 4441 sanguine,
1334 4386 1488 4440 quem
1517 4370 1668 4438 oﬂ'ert
1696 4385 1789 4439 pro
1818 4384 1916 4422 sua
1935 4376 1983 4422 et
2002 4383 2099 4438 pro

508 4460 689 4529 populi
716 4460 1035 4530 ignorantia.
1065 4460 1228 4530 692
1255 4459 1363 4513 Iste
1388 4474 1517 4513 vero
1566 4443 1809 4528 pontifex
1847 4473 1914 4513 ex
1942 4465 2100 4528 parte

511 4549 804 4619 significat,
844 4550 967 4619 quia
1008 4549 1175 4603 semel
1222 4550 1501 4619 ingressus
1550 4556 1633 4603 est
1682 4548 1902 4614 malum,
1951 4548 2097 4602 intra

2194 3373 2251 3421 et
2292 3381 2323 3420 a
2368 3365 2488 3421 foro
2532 3366 2660 3420 dum
2705 3365 2951 3432 veniunt,
2981 3366 3344 3435 haptizantur,
3373 3367 3614 3435 quandiu
3648 3383 3781 3424 eon-

2196 3464 2445 3511 temnunt
2468 3455 2618 3511 fonte
2647 3454 2946 3511 Salvatoris
2966 3455 3131 3511 ablui.
3171 3452 3279 3512 Sed
3317 3455 3577 3512 Pharisaei
3624 3457 3784 3529 spiri-

2199 3549 2325 3604 talia
2365 3549 2751 3619 prophetarum
2778 3548 2942 3604 verba
2972 3547 3265 3603 carnaliter
3284 3548 3637 3619 accipientes,
3659 3564 3782 3620 qua

2197 3639 2273 3694 illi
2296 3641 2361 3696 de
2390 3641 2571 3697 cordis
2597 3649 2653 3695 et
2677 3640 2856 3710 operis
2883 3639 3237 3710 castigatione
3262 3641 3673 3711 praecipiebant,
3702 3641 3783 3696 di-

2196 3739 2383 3786 centes
2418 3744 2433 3783 :
2472 3728 2767 3796 Lavamini,
2816 3730 2999 3784 mundi
3050 3738 3211 3785 estote
3242 3728 3423 3801 (Isaia
3459 3747 3501 3797 ι,
3532 3730 3644 3805 16).
3669 3731 3779 3788 Et:

2196 3818 2542 3884 mundamini,
2573 3819 2664 3891 qui
2700 3819 2847 3888 fertis
2891 3836 3018 3874 vasa
3062 3818 3279 3875 Domini
3308 3819 3472 3893 (Ibid.
3501 3838 3601 3887 ur,
3656 3821 3777 3894 il);

2197 3909 2286 3965 isti
2318 3910 2383 3965 de
2409 3923 2636 3979 corpore
2657 3907 2991 3965 solummodo
3019 3908 3247 3966 lavando
3271 3920 3554 3981 Sperantes
3575 3908 3779 3984 [For-te,

2198 4000 2459 4073 sperant].
2492 4001 2629 4057 Cum
2664 4009 2873 4056 certum
2905 4001 2978 4056 sit
3014 4000 3234 4073 Moysen
3270 4010 3326 4058 et
3345 4002 3660 4072 prophetas,
3689 4003 3781 4073 qui

2196 4110 2325 4149 vasa
2349 4095 2531 4165 populi
2556 4094 2653 4149 Dei
2676 4093 2761 4149 vel
2784 4093 2939 4163 aquis
2964 4093 3112 4159 dilui,
3155 4093 3242 4149 vel
3267 4094 3390 4167 igne
3412 4096 3658 4166 purgari,
3694 4094 3781 4150 vel

2196 4186 2317 4242 oleo
2363 4185 2710 4251 sanctiﬁcari,
2760 4200 3078 4256 quacunque
3109 4199 3177 4241 ex
3228 4202 3415 4254 causa,
3467 4186 3774 4256 jusserunt,

2197 4292 2306 4332 non
2346 4277 2403 4331 in
2431 4277 2535 4332 hac
2585 4277 2948 4332 materialium
2985 4291 3168 4332 rerum
3215 4278 3635 4344 emundatione;
3687 4279 3783 4334 sed

2197 4370 2463 4424 mentium
2481 4368 2663 4439 potius
2688 4376 2743 4423 et
2764 4383 2990 4439 operum
3012 4368 3366 4440 castigatione
3398 4384 3463 4423 ac
3485 4370 3769 4425 sanctimo-

2199 4465 2291 4520 nia
2317 4473 2477 4534 atque
2501 4464 2805 4518 animarum
2834 4462 2991 4518 nobis
3019 4462 3281 4516 mandare
3301 4461 3496 4516 salute.

2272 4556 2434 4610 Vens.
2467 4555 2551 4608 ll.
2580 4584 2652 4594 —
2674 4552 2915 4607 Christus
2949 4552 3199 4606 assistens
3219 4551 3454 4622 pontifex
3483 4551 3787 4621 futurorum

510 4616 689 4695 velum
719 4641 772 4693 in
821 4616 1006 4694 sancta
1045 4616 1379 4704 sanctorum,
1425 4649 1485 4694 ut
1523 4640 1744 4693 assistat
1784 4638 1954 4693 vultui
1997 4639 2094 4694 Dei
2123 4616 2176 4677 Ῑ)
2199 4645 2450 4699 bonorum
2473 4662 2564 4716 per
2590 4642 2813 4715 amplius
2853 4652 2900 4697 et
2929 4616 3653 4714 perfectius-tabernaculum,
3679 4658 3787 4697 non

508 4746 610 4800 pro
657 4730 831 4785 nobis.
883 4728 1035 4796 Quod
1062 4744 1191 4784 vero
1223 4730 1295 4784 ait
1325 4747 1339 4785 :
1369 4726 1435 4784 Ut
1462 4731 1650 4811 offerat
1672 4746 1766 4801 pro
1796 4746 1893 4783 sua
1917 4738 1965 4783 et
2004 4746 2098 4800 po-

510 4823 623 4895 puli
669 4823 990 4895 ignorantia,
1034 4823 1141 4878 hoc
1177 4830 1284 4889 est,
1323 4824 1467 4895 quod
1518 4823 1634 4894 ipse
1683 4823 1739 4878 in
1770 4839 1932 4880 cruce
1975 4823 2095 4881 ait:

512 4915 654 4969 Deus
705 4914 848 4969 Deus
902 4931 1069 4980 meus,
1135 4931 1297 4985 quare
1361 4932 1442 4970 me
1504 4914 1829 4987 dereliquisti
1878 4913 2093 4987 (Matth.

444 5034 454 5040 -
513 5020 688 5070 xxvn,
742 5004 883 5076 46)?
924 5001 1087 5059 Verba
1123 5004 1431 5060 delictorum
1483 5023 1749 5071 meorum;
1800 5021 1921 5076 qua:
1972 5012 2099 5060 sunt

514 5096 681 5153 verba
726 5093 1072 5159 delictorum,
1110 5094 1213 5149 nisi
1256 5096 1500 5165 corporis
1546 5096 1665 5150 sui?
1692 5095 1878 5166 (Vens.
1930 5096 1985 5158 8,
2016 5093 2096 5166 9.)

520 5183 635 5240 Hoc
674 5185 1001 5257 signiﬁcante
1027 5184 1233 5256 Spiritu
1269 5195 1472 5250 sancto,
1500 5186 1731 5240 nondum
1768 5184 2100 5256 propalatam

515 5293 625 5332 esse
644 5286 951 5349 sanctorum
971 5277 1129 5331 vitam
1152 5275 1303 5348 [Leg.
1317 5316 1330 5342 ,
1348 5273 1531 5347 viam],
1547 5277 1719 5330 adhuc
1738 5277 1912 5347 priore
1928 5276 2101 5331 taber-

517 5356 707 5448 naculo
730 5369 960 5431 habente
1004 5378 1231 5434 statum;
1277 5384 1394 5439 qua:
1420 5368 1673 5438 parabola
1718 5379 1795 5424 est
1850 5371 2100 5441 temporis

517 5454 782 5525 instantis,
825 5460 987 5530 juxta
1009 5476 1168 5531 quam
1206 5477 1422 5515 munera
1464 5469 1513 5514 et
1558 5459 1740 5515 hostia:
1779 5462 2093 5532 offeruntur.

522 5567 546 5603 ι
570 5534 893 5623 Propterea,
923 5551 1117 5620 inquit,
1156 5551 1262 5606 ista
1298 5553 1374 5607 ita
1399 5560 1710 5608 constructa
1735 5560 1883 5617 sunt,
1905 5560 1967 5608 ut
1988 5553 2110 5609 dis?

519 5631 708 5699 camus
730 5644 856 5714 quia
880 5653 1067 5700 sancta
1096 5653 1428 5712 sanctorum,
1453 5646 1555 5702 hoc
1572 5652 1678 5711 est,
1701 5644 1898 5700 caelum
1924 5645 2101 5701 adhuc

521 5728 895 5809 inaccessibile
937 5733 1258 5790 mortalibus
1302 5734 1436 5790 solet
1461 5749 1601 5791 esse.
1641 5753 1661 5787 ›
1713 5732 1825 5789 Nec
1848 5741 2102 5805 putemus

2198 4753 2360 4791 manu
2385 4736 2605 4807 factum,
2632 4734 2687 4789 id
2713 4743 2811 4802 est,
2852 4752 2956 4790 non
2993 4735 3153 4805 hujus
3182 4734 3481 4789 creationis.
3518 4734 3790 4791 Taberna-

2198 4827 2376 4882 culum
2398 4843 2503 4882 non
2526 4842 2688 4880 manu
2714 4826 2914 4896 factum
2938 4824 3134 4882 coelum
3182 4823 3471 4895 signiﬁcat,
3500 4825 3643 4880 unde
3689 4839 3791 4881 nos

2198 4918 2379 4974 futura
2428 4917 2569 4972 bona
2611 4932 2893 4986 speramus
2932 4917 3090 4972 nobis
3135 4917 3274 4982 dari,
3309 4917 3362 4972 id
3408 4924 3513 4983 est,
3558 4924 3786 4983 aeterna,

2200 5023 2321 5078 quae
2351 5024 2461 5063 non
2489 5015 2795 5063 transeunt.
2828 5007 3014 5080 Neque
3041 5008 3203 5078 hujus
3227 5007 3527 5073 creationis,
3555 5007 3661 5063 hoc
3683 5015 3787 5072 est,

2199 5114 2309 5155 non
2349 5099 2510 5170 hujus
2548 5100 2886 5155 tabernaculi
2917 5102 3149 5179 species,
3181 5102 3325 5171 quod
3366 5101 3419 5154 in
3442 5115 3629 5156 eremo
3668 5099 3790 5154 ﬁxit

2200 5190 2383 5256 homo,
2416 5190 2512 5245 sed
2532 5191 2637 5247 hoc
2656 5189 2812 5262 longe
2836 5192 2996 5247 aliter
3020 5193 3090 5248 ab
3116 5192 3236 5262 ipso
3271 5191 3382 5247 Deo
3409 5198 3652 5247 creatum
3682 5198 3788 5257 est,

2201 5280 2537 5352 spiritaliter,
2561 5298 2669 5338 non
2692 5282 3001 5339 carnaliter.
3026 5283 3087 5338 In
3116 5298 3223 5354 quo
3247 5280 3601 5338 tabernaculo
3627 5280 3790 5337 modo

2203 5380 2329 5428 sunt
2372 5373 2565 5429 animae
2598 5373 2871 5445 iustorum
2896 5383 2953 5430 et
2981 5375 3160 5446 angeli
3193 5390 3383 5430 earum
3414 5375 3663 5446 spiritus,
3697 5390 3792 5431 ex-

2203 5471 2509 5533 spectantes
2534 5466 2704 5519 donec
2736 5465 3072 5535 compleatur
3114 5481 3373 5522 numerus
3398 5480 3791 5523 conservorum

2202 5568 2442 5609 suorum.
2470 5552 2654 5625 (Vens.
2681 5554 2792 5626 12.)
2856 5554 3038 5627 Neque
3075 5573 3169 5627 per
3187 5546 3496 5629 sanguinem
3520 5557 3791 5613 hircorum

2203 5652 2253 5698 et
2283 5643 2588 5710 vitulorum,
2630 5645 2721 5699 sed
2761 5661 2853 5716 per
2892 5648 3164 5720 proprium
3206 5648 3519 5720 sanguinem
3558 5646 3789 5704 introivit

2203 5736 2361 5792 semel
2392 5738 2447 5792 in
2470 5748 2676 5805 sancta,
2701 5750 2897 5795 aeterna
2924 5742 3272 5815 redemptione
3294 5742 3529 5798 inventa.
3586 5741 3787 5799 Omnia

522 5823 581 5873 et
627 5817 760 5879 illud
809 5821 1020 5894 ingredi
1073 5836 1180 5877 non
1238 5835 1416 5891 posse,
1470 5822 1564 5878 ubi
1614 5818 1858 5894 pontifex
1919 5826 2105 5876 noster
2204 5829 2401 5908 Quippe
2442 5840 2750 5904 permutata
2780 5842 2923 5890 sum,
2956 5832 3035 5895 tbi
3062 5833 3282 5908 sanguis
3303 5833 3588 5915 hii-comm
3630 5832 3786 5909 diluit
