4088 6330
291 411 424 468 10⁸15

989 407 1394 467 EXEGETICA.
1417 412 1748 470 —-EXPOS.
1790 413 1856 468 IN
1895 413 2110 470 EPIST.
2155 414 2212 468 S.
2248 413 2451 470 PAULI
2485 414 2576 468 AD
2613 413 2813 470 HEBR.

3391 419 3530 477 1074

287 533 500 598 peccata
546 522 765 580 carnis:
794 523 883 579 hic
918 525 1136 595 sanguis
1176 524 1380 580 Christi
1410 525 1578 580 abluit
1623 532 1845 594 peccata
1875 527 1925 588 Α
1949 540 2070 579 rum
2107 525 2380 591 hominum
2418 525 2784 580 testimonium
2833 537 3019 580 verum
3046 537 3150 583 est.
3194 528 3251 582 Si
3288 529 3529 592 duorum

285 618 520 689 spiritus.
574 615 678 682 Qui
724 624 918 671 (eterna
964 616 1312 687 redemptione
1364 617 1572 671 inventa
1617 617 1846 673 introivit

284 709 435 767 semel
467 711 522 765 in
543 717 746 775 sancta,
767 709 822 764 id
848 716 953 775 est,
984 709 1198 774 caelum,
1229 718 1289 763 ut
1316 710 1534 765 assistat
1563 710 1730 765 vultui
1752 711 1847 766 Dei

283 819 379 875 pro
419 802 595 858 nobis.
633 800 787 869 Quod
835 801 970 859 dixit
1017 811 1213 856 (eterna
1243 802 1586 873 redemptione
1613 803 1845 869 inventa,

284 895 518 950 ostendit
559 894 614 950 in
641 893 912 964 prioribus
933 892 1212 948 sacriﬁciis
1232 901 1286 948 et
1313 894 1570 964 legalibus
1594 910 1849 950 caeremo-

281 989 384 1044 niis
405 1003 513 1042 non
547 1001 666 1042 esse
705 994 965 1041 teter-nam
1002 985 1444 1055 redemptionem.
1498 985 1683 1057 (Vsus.
1736 985 1848 1059 15.)

281 1079 341 1136 Si
364 1079 502 1134 enim
540 1078 752 1149 sanguis
775 1078 1039 1132 hircorum
1063 1086 1111 1131 et
1137 1086 1413 1132 taurorum
1438 1087 1486 1131 et
1515 1078 1644 1133 cinis
1673 1077 1848 1134 vitulce

276 1187 518 1241 aspersus
573 1170 870 1240 inquinatos
934 1168 1227 1237 sanctiﬁcat
1300 1168 1370 1221 ad
1429 1169 1849 1224 emundationem

277 1248 516 1338 [carnis].
547 1263 756 1329 Quanto
783 1263 946 1334 magis
991 1263 1202 1334 sanguis
1243 1260 1460 1328 Christi,
1488 1261 1577 1332 qui
1612 1278 1705 1333 per
1730 1259 1849 1332 Spi-

273 1356 433 1409 ritum
453 1363 691 1409 sanctum
713 1353 1041 1424 semetipsum
1084 1351 1269 1407 obtulit
1293 1350 1688 1405 immaculatum
1715 1350 1845 1405 Deo.

278 1465 296 1500 ‹
333 1447 390 1502 Si
432 1446 576 1501 enim
612 1461 851 1509 carnem,
884 1445 1304 1517 inquittpotuit
1328 1445 1590 1500 mundare
1633 1445 1850 1515 sanguis

272 1548 574 1603 taurorum,
604 1537 773 1592 multo
799 1537 1030 1606 amplius
1055 1537 1248 1590 animae
1277 1536 1493 1590 sordem
1523 1535 1690 1590 diluet
1720 1550 1846 1590 san-

269 1631 386 1702 guis
426 1629 648 1685 Christi.
680 1627 759 1684 Ne
788 1629 932 1683 enim
960 1628 1184 1683 audiens
1211 1628 1526 1696 sanctiﬁcat,
1555 1627 1848 1698 perfectam

268 1734 384 1776 esse
408 1720 738 1776 ablutionem
752 1726 983 1774 aestimet
1007 1719 1150 1788 quis,
1179 1735 1304 1774 mox
1334 1721 1607 1791 subjungit
1628 1736 1850 1776 causam

268 1811 588 1868 differentia:
627 1811 814 1866 dicens
840 1829 854 1864 :
891 1810 994 1876 Qui
1033 1827 1124 1882 per
1151 1809 1403 1881 Spiritum
1426 1811 1586 1883 693
1611 1821 1850 1866 sanctum

1952 617 2314 672 testimonium
2340 633 2448 673 non
2469 626 2553 671 est
2579 617 2960 688 spernendum,
2995 629 3197 688 quanto
3215 621 3388 691 magis
3419 621 3527 676 Pa-

1948 711 2048 766 tris
2075 719 2128 766 et
2149 709 2294 776 Filii,
2322 711 2483 765 etiam
2509 719 2563 765 et
2586 709 2820 782 Spiritus
2842 713 3036 776 sancti,
3061 713 3127 767 de
3147 727 3254 782 quo
3279 712 3480 768 dicitur
3507 730 3522 768 :

1950 803 2050 858 Ille
2087 804 2438 858 testimonium
2464 803 2692 874 perhibet
2729 803 2794 856 de
2849 819 2949 857 me.
2988 802 3056 858 Et
3105 801 3173 858 de
3213 802 3471 873 apostolis
3511 818 3525 854 :

1949 892 2020 946 Et
2046 910 2133 948 vos
2169 893 2374 964 quidem
2403 894 2754 947 testimonium
2782 893 3058 966 perhibetis
3088 893 3152 948 de
3179 909 3280 959 me,
3309 893 3435 964 quia
3462 893 3528 948 ab

1946 985 2097 1038 initio
2129 1002 2329 1039 mecum
2379 986 2502 1038 estis
2540 984 2722 1057 (Joan.
2778 1000 2835 1051 ν,
2894 984 3008 1058 56).
3057 1002 3075 1034 ι
3132 983 3189 1038 In
3237 984 3533 1041 oﬂ'ensione

1948 1075 2144 1146 quippe
2165 1091 2398 1142 eramus,
2431 1076 2570 1131 mori
2612 1092 2711 1132 nos
2750 1077 3052 1148 oportebat.
3095 1095 3113 1129 ›
3156 1076 3300 1131 Misit
3328 1076 3529 1143 Filium

1949 1183 2104 1223 suum
2134 1167 2334 1222 factum
2360 1183 2427 1223 ex
2450 1168 2698 1233 muliere,
2740 1169 2832 1237 qui
2854 1168 2990 1222 mori
3020 1167 3284 1236 potuisset
3307 1181 3409 1238 pro
3439 1168 3535 1224 de-

1948 1259 2214 1314 bitoribus
2261 1259 2480 1324 mortis;
2529 1259 2619 1328 qui
2645 1267 2890 1316 mortuus
2919 1269 3002 1315 est
3031 1275 3128 1330 pro
3165 1259 3321 1315 nobis
3347 1259 3532 1315 debita

1951 1352 2153 1426 [Forte,
2179 1355 2359 1410 debita
2384 1353 2560 1426 nobis]
2587 1362 2778 1409 morte.
2816 1372 2835 1405 ‹
2868 1352 3060 1409 Eﬁ‘ecit
3090 1369 3190 1408 nos
3237 1353 3428 1425 dignos
3449 1362 3531 1409 te-

1949 1448 2200 1503 stamenti
2225 1458 2280 1502 et
2300 1447 2632 1503 hzereditatis
2656 1447 2956 1516 promissae.
2989 1445 3104 1501 Hoc
3130 1445 3290 1500 modo
3313 1444 3531 1501 ﬁrmum

1948 1538 2151 1594 factum
2191 1548 2275 1595 est
2324 1548 2725 1596 testamentum.
2755 1538 2816 1594 In
2847 1547 3053 1594 tantum
3097 1538 3215 1594 fuit.
3246 1549 3533 1610 peccatum

1949 1646 2212 1700 nostrum,
2250 1644 2310 1691 ut
2359 1637 2556 1692 salvari
2601 1651 2708 1691 non
2746 1637 3010 1706 potuisset
3064 1634 3374 1704 aliquando,
3423 1631 3533 1690 nisi

1948 1728 2259 1798 unigenitus
2288 1727 2458 1783 Filius
2505 1727 2598 1782 Dei
2642 1743 2743 1798 pro
2771 1727 2926 1782 nobis
2953 1734 3274 1782 moreretur.
3331 1746 3349 1778 ι
3377 1723 3535 1792 Quod

1950 1833 2079 1873 vero
2105 1819 2180 1872 ait
2220 1819 2492 1872 inﬁrmum
2522 1833 2641 1873 esse
2682 1827 3082 1884 testamentum,
3128 1818 3342 1872 vivente
3369 1824 3540 1871 testa-

268 1905 600 1976 semetipsum
631 1903 814 1958 obtulit
833 1902 1230 1956 immaculatum
1284 1901 1395 1956 Deo
1423 1919 1440 1956 :
1472 1903 1574 1957 hoc
1621 1910 1725 1968 est,
1759 1919 1846 1958 sa-
1874 1891 1921 1950 Β
1952 1918 2085 1975 tore,
2117 1910 2222 1964 hoc
2245 1910 2513 1980 signiﬁcat
2537 1910 2680 1979 quod
2711 1911 2948 1979 quandiu
2975 1910 3111 1964 vivit
3156 1917 3403 1974 testator,
3430 1923 3536 1978 po—

268 1996 535 2052 criﬁcium
568 1994 991 2049 immaculatum.
1009 1981 1151 2047 'Erat
1172 1993 1366 2063 quippe
1392 1994 1648 2048 mundum
1670 2010 1700 2049 a
1722 2008 1847 2064 peo-

268 2087 404 2142 catis
423 2087 528 2141 hoc
553 2085 900 2150 sacriﬁcium,
928 2085 1032 2139 hoc
1056 2091 1159 2147 est,
1186 2099 1284 2154 per
1307 2082 1570 2153 Spiritum
1593 2092 1839 2139 sanctum

266 2185 549 2242 aeternum,
581 2192 686 2231 non
715 2192 810 2246 per
838 2175 1040 2245 ignem,
1069 2191 1174 2229 non
1199 2188 1298 2245 per
1339 2173 1441 2227 alia
1472 2174 1735 2242 quaedam.

341 2270 413 2324 Et
434 2270 703 2324 mundabit
725 2268 1096 2323 conscientiam
1115 2276 1347 2320 nostram
1369 2266 1433 2318 ab
1452 2267 1690 2336 operibus
1707 2282 1846 2319 mor-

265 2361 371 2414 tuis
395 2359 463 2412 ad
488 2347 814 2412 serviendum
855 2357 964 2410 Deo
987 2356 1196 2410 viventi.
1227 2357 1372 2410 Bene
1401 2356 1536 2410 dixit
1567 2356 1631 2409 ab
1672 2357 1846 2426 operi-

267 2453 364 2505 bus
403 2451 664 2515 mortuis;
695 2451 739 2504 si
770 2450 891 2518 quis
918 2449 1061 2504 enim
1103 2449 1355 2518 tangebat
1391 2457 1687 2516 mortuum,
1732 2449 1849 2520 pol-

263 2540 518 2595 luebatur
551 2558 564 2593 :
603 2541 670 2594 Et
706 2540 794 2594 hic
822 2540 864 2594 si
903 2541 1024 2610 quis
1074 2539 1315 2609 tetigerit
1361 2553 1494 2607 opus
1549 2546 1842 2606 mortuum,

263 2634 667 2690 contaminatur
707 2649 805 2704 per
835 2632 1239 2701 conscientiam.
1289 2630 1464 2701 Opera
1489 2640 1698 2686 mortua
1723 2640 1848 2687 sunt

259 2733 509 2796 peccata.
559 2723 663 2790 Qui
691 2725 827 2778 enim
869 2724 1092 2794 tetigerit
1135 2725 1321 2794 picem,
1378 2722 1734 2794 inquinabitur
1780 2723 1845 2778 ab

259 2835 348 2885 ea,
394 2820 474 2874 sic
501 2820 594 2889 qui
617 2835 715 2889 per
739 2820 1112 2890 paenitentiam
1147 2819 1361 2876 ablutus
1392 2827 1474 2875 est
1499 2821 1567 2876 ab
1592 2819 1846 2889 operibus

258 2913 520 2978 mortuis,
545 2913 591 2968 si
613 2913 800 2968 eadem
824 2915 1020 2968 iterum
1042 2915 1174 2985 agit,
1198 2915 1350 2986 pejus
1370 2915 1842 2969 contaminabitur.

261 3007 426 3063 Sicut
453 3007 648 3062 Petrus
679 3007 954 3078 apostolus
984 3024 996 3060 :
1033 3005 1192 3062 Canis
1224 3024 1457 3062 reversus
1499 3007 1568 3061 ad
1597 3007 1845 3061 vomitum

258 3099 353 3174 (II
406 3096 556 3154 Petr.
605 3116 669 3166 ιι,
723 3099 836 3171 22),
875 3101 946 3154 ita
997 3102 1088 3171 qui
1135 3101 1294 3156 iterat
1340 3099 1619 3157 stultitiam
1668 3115 1840 3154 suam.

255 3195 343 3249 Ad
392 3194 745 3260 serviendum,
795 3193 988 3263 inquit,
1023 3193 1133 3248 Deo
1171 3193 1379 3248 viventi.
1409 3193 1508 3247 Hic
1535 3190 1846 3247 manifestat

1947 2008 2052 2055 test
2075 2000 2364 2055 immutare
2389 2001 2732 2064 sententiam,
2765 2009 2820 2055 et
2848 2001 2982 2056 alios
3010 2008 3173 2070 atque
3201 2000 3337 2058 alios
3363 2002 3538 2058 addu-

1946 2106 2070 2148 cere
2093 2091 2334 2146 hzeredes
2363 2092 2416 2145 in
2447 2093 2818 2148 haereditatem
2854 2109 3026 2148 suam.

2021 2181 2179 2236 Vens.
2219 2182 2302 2236 l8.
2331 2211 2402 2220 —
2440 2179 2586 2236 Unde
2620 2199 2710 2236 nec
2743 2183 2970 2254 primum
3018 2185 3226 2253 quidem
3262 2186 3378 2252 sine
3407 2199 3535 2239 san-

1945 2275 2101 2346 guine
2140 2274 2436 2328 dedicatum
2461 2283 2554 2328 est.
2606 2293 2624 2325 ‹
2665 2273 2832 2341 Unde,
2868 2276 3023 2342 dixit,
3054 2294 3145 2331 nec
3181 2279 3407 2348 primum
3458 2284 3535 2332 te-

1946 2373 2271 2442 stamentum
2299 2365 2410 2420 sine
2433 2367 2689 2436 sanguine
2715 2366 3012 2420 dedicatum
3044 2378 3147 2433 est,
3180 2368 3232 2422 id
3282 2377 3386 2433 est,
3413 2415 3416 2417 .
3442 2367 3542 2422 ﬁr-

1945 2473 2092 2512 mum
2123 2455 2323 2512 factum
2359 2464 2461 2522 est,
2500 2457 2811 2511 rohoratum
2833 2465 2934 2512 est.
2963 2457 3116 2524 Quod
3151 2465 3331 2512 autem
3376 2457 3537 2524 dixit,

1945 2549 2102 2613 unde,
2128 2548 2236 2603 tale
2259 2557 2361 2613 est,
2409 2547 2566 2618 quale
2595 2548 2641 2602 si
2669 2547 2896 2612 diceret,
2927 2555 3212 2618 prapterea
3247 2547 3537 2616 oportebat

1949 2627 2252 2697 testamenti
2269 2640 2663 2696 solemnitatem
2679 2640 2933 2710 compleri
2950 2641 3110 2695 etiam
3134 2655 3233 2709 per
3253 2649 3486 2694 mortem
3507 2659 3528 2690 ι

1946 2731 2166 2787 Christi.
2229 2732 2414 2802 (Vens.
2467 2731 2676 2804 49-22.)
2725 2731 2877 2786 Lecto
2908 2733 3044 2786 enim
3090 2731 3230 2785 omni
3279 2730 3536 2785 mandato

1946 2822 2071 2894 legis
2088 2842 2120 2877 a
2133 2821 2316 2893 Moyse
2333 2824 2570 2878 universo
2586 2822 2796 2895 popuio,
2815 2825 3122 2895 accipientes
3149 2822 3251 2895 [ita
3269 2823 3402 2879 Cod.
3427 2823 3535 2896 leg.

1945 2913 2227 2986 accipiens]
2258 2916 2564 2985 sanguinem
2590 2915 2869 2970 vitulorum
2892 2925 2940 2970 et
2967 2917 3234 2971 hircorum
3253 2931 3373 2970 cum
3394 2932 3534 2986 aqua

1945 3014 1994 3059 et
2043 3006 2167 3059 lana
2212 3007 2453 3060 coccinea
2489 3016 2536 3060 et
2563 3006 2801 3078 hyssopo,
2832 3008 3002 3078 ipsum
3029 3023 3230 3079 quoque
3259 3005 3451 3062 librum
3479 3017 3528 3062 ot

1947 3113 2150 3151 omnem
2189 3097 2438 3170 populum
2469 3101 2706 3170 aspersit,
2759 3100 2936 3154 dicens
2991 3117 3027 3157 :.
3058 3098 3160 3154 Hic
3188 3109 3265 3155 est
3316 3101 3538 3171 sanguis

1945 3188 2264 3254 testamenti,
2315 3188 2452 3258 quod
2495 3190 2762 3243 mandavit
2807 3190 2876 3244 ad
2908 3207 2992 3245 vos
3029 3189 3186 3245 Deus.
3217 3190 3397 3245 Etiam
3445 3201 3534 3246 ta.—

251 3286 387 3356 quia
423 3299 593 3356 opera
637 3292 848 3338 mortua
909 3284 1170 3339 habentes
1215 3299 1322 3339 non
1374 3292 1602 3354 possunt
1639 3283 1845 3338 servire
1869 3247 1919 3314 c
1949 3275 2282 3332 bernaculum
2332 3287 2382 3332 et
2413 3281 2588 3335 omnia
2619 3297 2742 3335 vasa
2789 3281 3062 3335 ministerii
3089 3283 3344 3352 sanguine
3392 3281 3538 3337 simi-

250 3391 390 3431 vero
421 3383 479 3430 et
504 3375 628 3430 vivo
668 3374 802 3440 Deo,
845 3373 969 3443 quia
997 3372 1087 3427 illa
1113 3381 1326 3428 mortua
1362 3383 1487 3429 sunt
1511 3383 1564 3428 et
1593 3373 1748 3430 falsa.
1779 3372 1848 3427 Et

250 3467 460 3523 merito
506 3465 686 3520 nullus
727 3479 892 3534 opera
938 3473 1151 3520 mortua
1179 3465 1383 3520 habens
1413 3465 1710 3536 ingreditur
1734 3464 1842 3519 hic.

250 3561 309 3616 Si
367 3561 523 3616 enim
566 3574 688 3614 eum
737 3560 827 3628 qui
872 3573 1068 3629 corpus
1121 3565 1390 3614 mortuum
1420 3559 1687 3630 tangebat,
1739 3573 1846 3613 non

246 3653 554 3724 oportebat
597 3651 804 3706 intrare
833 3651 888 3704 in
937 3650 1217 3720 templum,
1273 3659 1474 3720 quanto
1517 3649 1690 3718 magis
1720 3663 1846 3704 eum

246 3746 346 3816 qui
389 3757 564 3815 Opera
590 3750 804 3797 mortua
841 3739 1048 3814 [habet]
1088 3757 1195 3796 non
1217 3748 1396 3812 potest
1423 3741 1630 3796 intrare
1657 3739 1713 3794 in
1736 3753 1848 3796 cm-

243 3838 406 3896 lum?
461 3835 672 3892 Mortua
695 3835 898 3906 quippe
948 3841 1074 3889 sunt
1101 3834 1280 3889 omnia
1321 3849 1482 3903 opera
1532 3848 1653 3903 quae
1676 3831 1846 3886 vitam

241 3947 361 3986 non
392 3930 621 3983 habent.
645 3947 663 3979 ι
694 3926 878 3997 (Vens.
903 3925 1118 3995 15-17.)
1146 3925 1216 3978 Et
1239 3925 1354 3979 ideo
1381 3925 1517 3980 Novi
1544 3924 1844 3978 Testamen-

241 4024 288 4077 ti
315 4020 588 4074 mediator
631 4027 727 4082 est,
751 4027 808 4070 ut
838 4027 1002 4070 morte
1029 4016 1398 4079 intercedente,
1421 4016 1475 4068 in
1498 4016 1846 4084 redemptione

240 4126 445 4169 earum
486 4107 1001 4180 prtevaricationum,
1028 4123 1145 4177 qua:
1178 4115 1326 4160 erant
1369 4105 1464 4160 sub
1491 4106 1663 4177 priore
1687 4115 1844 4162 testa-

239 4212 434 4260 mento
468 4199 888 4271 repromissiones
916 4199 1198 4269 accipiant,
1221 4199 1310 4269 qui
1335 4198 1502 4252 vocati
1523 4207 1668 4265 sunt,
1694 4208 1846 4254 aeter-

238 4311 331 4350 na:
363 4290 714 4348 hwreditatis.
750 4288 849 4343 Ubi
875 4288 1012 4343 enim
1057 4295 1421 4342 testamentum
1462 4296 1561 4355 est,
1586 4305 1727 4344 mors
1755 4305 1846 4345 ne-

239 4401 395 4441 cesse
425 4390 507 4438 est
548 4380 834 4435 intercedat
875 4379 1156 4434 testatoris.
1195 4377 1580 4433 Testamentum
1624 4380 1760 4434 enim
1789 4380 1846 4434 in

236 4474 488 4532 mortuis
537 4471 903 4541 conﬁrmatum
964 4478 1060 4535 est,
1113 4468 1348 4540 alioquin
1391 4470 1622 4524 nondum
1686 4468 1844 4537 valet,

235 4572 377 4626 dum
427 4564 554 4621 vivit
597 4565 685 4635 qui
717 4571 932 4618 testatus
960 4571 1055 4616 est.
1092 4579 1109 4612 ι
1145 4560 1412 4617 Fortassis
1452 4562 1595 4617 enim
1623 4569 1844 4632 possent

1945 3367 2066 3424 liter
2112 3372 2333 3442 aspersit
2363 3387 2381 3426 :
2411 3381 2458 3426 et
2509 3375 2684 3428 omnia
2710 3390 2837 3444 pene
2881 3375 2934 3428 in
2958 3375 3211 3445 sanguine
3255 3373 3531 3428 mundavit

1945 3465 2232 3518 secundum
2259 3464 2456 3536 legem;
2503 3475 2550 3521 et
2581 3467 2691 3521 sine
2721 3467 2990 3539 sanguinis
3020 3467 3276 3541 e/fusione
3302 3483 3404 3521 non
3432 3467 3536 3536 fuit

1947 3553 2120 3626 [Leg.,
2151 3572 2253 3610 non
2281 3556 2363 3627 ﬁt]
2404 3557 2657 3612 remissio.
2687 3557 2826 3624 Quid
2875 3569 2956 3614 cst
3003 3557 3146 3628 quod
3190 3557 3328 3614 liber
3364 3566 3420 3612 et
3440 3572 3537 3626 po-

1943 3649 2104 3718 pulus
2143 3657 2198 3703 et
2249 3649 2658 3706 tabernaculum
2687 3653 2948 3722 sanguine
2991 3667 3246 3722 aspersus
3274 3659 3377 3715 est,
3427 3650 3535 3705 nisi

1943 3739 2216 3808 pretiosus
2262 3740 2483 3809 sanguis
2507 3740 2707 3795 Christi
2737 3741 3035 3799 Salvatoris
3063 3743 3234 3797 nostri
3257 3742 3324 3797 ah
3350 3741 3531 3805 initio,

1946 3831 2041 3886 illo
2089 3832 2384 3897 schemate,
2423 3832 2816 3902 praenuntiatus
2864 3833 2980 3886 est?
3027 3831 3204 3898 Quare
3248 3830 3530 3900 hyssopo?

1947 3919 2224 3990 Hyssopus
2269 3920 2414 3974 enim
2455 3919 2619 3974 herba
2659 3920 2880 3974 humilis
2917 3927 3000 3975 est
3029 3928 3082 3974 et
3117 3920 3170 3974 in
3195 3920 3364 3990 petris
3407 3933 3533 3974 nas:-

1945 4026 2076 4066 cens
2107 4024 2121 4064 :
2158 4009 2439 4065 humilitas
2486 4008 2690 4065 Christi
2725 4011 3060 4080 signiﬁcatur
3098 4025 3196 4081 per
3230 4011 3370 4065 hanc
3397 4010 3532 4066 heb-

1946 4103 2075 4159 bam
2100 4109 2154 4157 et
2194 4101 2472 4168 fortitudo,
2500 4117 2608 4171 qua
2652 4101 2908 4157 interiora
2959 4111 3144 4156 nostra
3205 4108 3532 4174 purgantur.

1945 4195 2082 4252 Nam
2109 4197 2213 4252 hoc
2245 4210 2443 4266 genere
2474 4195 2657 4250 herba:
2683 4194 2995 4265 pulmonum
3036 4193 3176 4273 vitia.
3194 4194 3416 4265 purgari
3439 4209 3531 4250 so-

1945 4287 2078 4343 lent.
2106 4286 2282 4355 Quare
2319 4286 2549 4356 aquam?
2574 4284 2824 4341 Ostendit
2851 4285 3255 4343 mundationem
3287 4285 3527 4341 futuram

1943 4395 2043 4450 per
2073 4393 2268 4448 aquam
2294 4377 2569 4448 baptismi.
2596 4376 2773 4444 Quare
2811 4375 2934 4430 lana
2962 4375 3256 4432 coccinea?
3286 4375 3357 4431 Ut
3401 4375 3530 4430 reti-

1945 4478 2100 4526 neret
2146 4470 2482 4540 sanguinem.
2515 4467 2765 4524 Ostendit
2811 4469 2912 4523 hoc
2959 4467 3076 4524 loco
3119 4467 3265 4523 idem
3312 4482 3432 4522 esse
3467 4476 3524 4522 et

1952 4577 2149 4632 aquam
2171 4569 2225 4616 et
2245 4561 2585 4632 sanguinem,
2613 4559 2778 4632 694
2796 4560 3066 4630 Baptisma
3091 4559 3257 4614 etiam
3282 4569 3528 4632 nostrum

234 4621 437 4726 inulti,
477 4659 570 4728 qui
600 4621 865 4711 inﬁrmius
901 4653 1271 4710 adiciebantur
1314 4670 1380 4710 ex
1411 4669 1476 4709 eo
1507 4621 1650 4725 quod
1689 4670 1838 4710 mor-
1869 4621 1919 4681 D
1948 4621 2182 4725 [C-hrgsq
2205 4621 2470 4724 baptisma
2515 4621 2831 4724 enim'ejus]
2860 4621 3040 4723 passio
3091 4649 3208 4720 ejus
3245 4659 3349 4719 est,
3381 4627 3526 4709 ideo

236 4764 378 4810 tuus
415 4757 508 4807 est
550 4748 819 4812 Christus,
856 4747 1094 4800 maxime
1119 4761 1225 4800 non
1254 4745 1474 4800 credere
1517 4745 1838 4815 promissio-

231 4863 342 4904 nes
375 4843 526 4914 ejus.
557 4839 758 4895 Paulus
786 4838 951 4910 igitur
984 4852 1052 4892 ex
1081 4836 1409 4910 abundantia
1451 4836 1555 4892 hoc
1582 4837 1754 4906 ponit,
1787 4844 1842 4891 et

231 4933 511 5004 exempla
555 4946 622 4985 ex
663 4929 932 4987 communi
962 4943 1242 4984 assumens
1291 4929 1680 4984 consuetudine
1709 4928 1842 4984 dicit

231 5025 410 5099 quasi
445 5019 720 5077 dubitanti
751 5019 901 5074 cordi
937 5020 1317 5088 responderet;
1352 5027 1640 5089 propterea
1678 5019 1842 5090 igitur

229 5113 551 5189 oportebat
581 5109 943 5165 conﬁteri.....
975 5109 1100 5178 quia
1129 5126 1257 5175 non,
1287 5109 1522 5182 [διετρίβη
1559 5113 1844 5181 oportebat

227 5209 556 5268 conﬁdere.
587 5202 797 5269 Quare?
823 5202 956 5269 Quia
987 5217 1112 5267 non,
1135 5201 1266 5274 etc.]
1294 5202 1598 5258 viventibus
1626 5211 1845 5260 testato-

227 5302 428 5363 rihus,
467 5297 566 5350 sed
596 5294 847 5360 mortuis,
885 5303 1014 5349 tunc
1051 5294 1207 5348 ﬁrma
1243 5302 1371 5349 sunt
1415 5302 1760 5363 testamenta,
1788 5303 1845 5351 et

225 5388 635 5449 fortitudinem
689 5386 978 5455 accipiunt.
1036 5386 1441 5441 Testamentum
1503 5388 1648 5442 enim
1695 5387 1842 5443 circa

226 5481 615 5540 novissimum
647 5477 788 5532 diem
829 5477 892 5532 ﬁt
923 5476 1284 5533 defunctionis
1311 5493 1326 5532 :
1349 5479 1405 5533 iu
1443 5478 1602 5534 simul
1625 5478 1838 5552 [testes]

226 5576 409 5635 debet
461 5573 672 5628 habere
698 5578 1099 5626 testamentum.
1130 5570 1364 5626 Adverte
1389 5585 1510 5627 eum
1533 5571 1798 5628 dicentem
1824 5591 1837 5627 :

223 5667 358 5738 Ego
383 5679 542 5735 sum,
563 5664 654 5733 qui
678 5662 1027 5717 testimonium
1053 5662 1298 5732 prohibeo
1345 5664 1408 5717 de
1435 5665 1651 5734 meipso,
1678 5675 1724 5719 et
1764 5673 1840 5718 te-

221 5755 565 5816 stimonium
602 5754 827 5824 perhibet
881 5755 946 5808 de
1001 5770 1102 5818 me,
1153 5755 1242 5824 qui
1300 5756 1438 5807 misit
1504 5771 1584 5808 me
1656 5755 1836 5826 (Joan.

222 5867 330 5919 xx,
365 5847 495 5919 18).
531 5863 551 5898 ι
583 5845 653 5902 Et
674 5847 730 5903 in
759 5847 877 5921 lege
897 5855 1076 5904 vestra
1101 5845 1405 5920 [scriptum]
1429 5855 1531 5915 est,
1554 5849 1677 5918 quia
1706 5850 1837 5905 duo-

1946 4743 2086 4798 idem
2109 4743 2310 4799 Paulus
2333 4743 2466 4798 dicit
2487 4743 2594 4796 alio
2615 4743 2733 4798 loco
2755 4761 2768 4797 :
2794 4740 3092 4814 Consepulti
3111 4745 3246 4799 enim
3267 4743 3388 4799 estis
3409 4761 3527 4798 cum

1944 4833 2035 4888 illo
2075 4835 2129 4888 in
2173 4835 2424 4905 baptismo
2453 4833 2624 4906 (Rom.
2655 4849 2730 4899 v1,
2769 4833 2846 4905 4).
2873 4834 3028 4902 Quod
3057 4851 3188 4891 vero
3209 4837 3307 4900 ait,
3335 4829 3524 4906 [quod]

1945 4926 2063 4981 sine
2096 4927 2372 4996 sanguinis
2410 4924 2669 4982 eﬁ‘usione
2700 4942 2806 4982 non
2844 4927 3010 4984 fuerit
3036 4929 3305 4993 remissio,
3355 4937 3528 4996 quare

1945 5021 2050 5076 hoc
2081 5019 2252 5074 dixit?
2282 5018 2418 5086 Quia
2451 5018 2505 5072 in
2531 5018 2636 5073 illis
2677 5019 2835 5089 plena
2860 5036 2966 5076 non
2991 5019 3092 5077 fuit
3119 5018 3387 5082 remissio,
3428 5015 3525 5072 sed

1945 5111 2080 5165 semi
2118 5110 2297 5179 plena,
2324 5110 2378 5164 in
2409 5110 2630 5164 minima
2665 5119 2848 5180 parte;
2901 5126 3044 5166 nunc
3080 5120 3259 5165 autem
3308 5111 3392 5163 hic
3422 5117 3523 5175 est,

1943 5199 2138 5269 inquit,
2167 5199 2379 5268 sanguis
2401 5199 2519 5253 novi
2559 5201 2872 5265 testamenti,
2913 5201 3001 5271 qui
3027 5216 3121 5270 pro
3148 5200 3294 5254 nobis
3323 5200 3522 5269 effusus

1945 5302 2019 5347 est
2067 5294 2122 5346 in
2168 5293 2521 5347 remissionem
2557 5305 2904 5364 peccatorum.
2947 5294 3077 5362 Quis
3121 5303 3205 5350 est
3245 5294 3382 5349 liber
3426 5295 3522 5366 qui

1947 5400 2198 5456 aspersus
2227 5394 2310 5440 est
2332 5387 2589 5457 sanguine
2617 5386 2865 5455 mystico,
2889 5394 2944 5465 et
2973 5403 3094 5456 quae
3116 5395 3247 5455 sunt
3265 5401 3396 5441 vasa
3421 5400 3522 5442 uu-

1946 5479 2162 5545 ctionis,
2215 5486 2270 5534 et
2307 5481 2451 5551 quod
2497 5479 2918 5543 tabernaculum,
2962 5479 3064 5535 nisi
3110 5479 3370 5551 populus?
3414 5477 3523 5548 ipsi

1946 5571 2090 5626 enim
2121 5578 2245 5626 sunt
2272 5570 2429 5637 liber,
2455 5585 2602 5633 vasa,
2640 5578 2696 5624 et
2733 5571 3159 5626 tabernaculum.
3189 5569 3312 5627 ideo
3340 5568 3522 5624 Domi-

1947 5679 2047 5718 nus
2113 5663 2243 5718 dicit
2302 5681 2315 5717 :
2392 5660 2702 5716 Inhabitabo
2760 5662 2815 5741 in
2880 5661 3005 5727 illis,
3076 5671 3122 5716 et
3183 5659 3520 5715 inambulabo

1947 5754 2033 5815 (II
2065 5754 2184 5809 Cor.
2218 5771 2290 5818 vr,
2351 5752 2458 5822 15).
2490 5751 2598 5806 Sed
2627 5760 2740 5807 tota
2774 5753 2915 5808 illius
2942 5753 3153 5809 Veteris
3190 5750 3519 5808 Testamenti

1947 5848 2046 5906 fuit
2074 5845 2369 5918 corporalis
2394 5844 2703 5914 mundatio;
2750 5861 2890 5904 nunc
2919 5861 3047 5903 vero
3075 5845 3332 5917 spiritalis
3358 5851 3438 5900 est
3460 5842 3519 5903 in
