4090 6448
574 428 722 490 40πῦ

1431 424 1494 481 Β.
1531 425 1598 482 ιτ.
1637 426 1867 485 ALIINI
1902 423 2037 483 SEU
2070 422 2348 482 ΔΙΕΗΙΝΙ
2378 425 2666 485 OPEBUM
2701 423 2881 482 PARS
2916 424 2981 481 Il.

3706 431 3850 491 {076

580 557 789 612 animo,
816 543 1091 615 sanguinis
1114 540 1335 599 Christi.
1363 540 1488 597 Ideo
1518 541 1651 598 dicit
1672 561 1686 596 :
1711 541 1816 597 Hic
1841 550 1915 597 est
1940 539 2155 613 sanguis
2179 542 2234 602 Α
2255 537 2513 609 ﬂuebant,
2562 541 2702 596 sicut
2728 541 2785 596 in
2812 540 3035 597 Actibus
3059 539 3443 610 Apostolorum
3473 542 3676 615 legitur
3700 545 3844 618 (Act.

584 639 705 696 noui
740 636 1038 693 testamenti
1091 635 1147 688 in
1193 634 1545 689 missionem
1583 644 1909 706 peccatorum
1956 633 2151 707 (Marc.

584 746 699 798 xlv,
727 728 844 802 Ωιι).
880 747 902 781 ι
951 728 1011 783 in
1050 727 1157 783 illis
1183 726 1451 798 siquidem
1487 727 1543 782 in
1583 728 1867 797 superﬁcie
1905 738 2158 798 asperge—

579 821 828 880 haturet
876 822 1074 876 iterum
1114 819 1420 876 diluebatur
1441 834 1719 889 aspersus;
1781 835 1959 890 neque
2012 819 2159 875 enim

584 919 900 973 cruentatus
928 926 1143 981 semper
1167 912 1548 987 deambulabat
1568 912 1798 983 populus
1828 930 1841 965 :
1874 911 1929 966 in
1977 912 2158 967 anima

580 1014 717 1060 tuo
738 1016 848 1058 non
874 1002 952 1058 ita
984 1010 1090 1068 est,
1111 1002 1206 1058 sed
1227 1002 1330 1071 ipsi
1349 1004 1598 1058 essentia
1632 1002 2014 1058 commiscetur
2034 1016 2159 1057 san-

574 1093 723 1167 guis,
768 1092 965 1151 fortem
1005 1094 1155 1149 illam
1197 1093 1405 1153 faciens
1425 1101 1482 1149 et
1507 1094 1783 1158 mundam,
1824 1100 1882 1149 et
1916 1094 1983 1148 ad
2012 1092 2159 1149 illam

574 1184 1000 1247 inamabilem
1028 1187 1481 1258 pulchritudinem
1526 1188 1847 1258 perducens.
1887 1206 1905 1239 ι
1932 1186 2160 1267 Propter

576 1276 687 1334 hoc
707 1279 834 1351 agni
852 1280 1057 1339 occisia
1078 1279 1203 1347 fuit,
1244 1288 1302 1336 et
1344 1280 1564 1351 sanguis
1591 1278 1706 1348 ejus
1731 1277 2160 1349 superliminari-

575 1366 685 1425 ius
714 1369 1118 1433 liberandorum
1160 1370 1358 1437 itlitus;
1387 1378 1607 1442 propter
1634 1372 1738 1426 hoc
1782 1371 1949 1425 etiam
1974 1368 2159 1423 omnia

571 1459 846 1517 sacrificia
876 1463 1076 1519 ueteris
1130 1462 1444 1518 testamenti
1471 1461 1743 1533 leguntur,
1764 1468 1826 1514 ut
1851 1461 1954 1516 hoc
1990 1474 2159 1515 unum

571 1551 910 1620 “ilicium
965 1554 1275 1625 designaret
1314 1552 1524 1626 [Fat-te,
1580 1551 1998 1624 designaretur],
2059 1565 2159 1621 per

569 1647 722 1716 ιιιιοά
744 1663 871 1705 vera
892 1658 980 1711 est
999 1649 1251 1706 remissio
1268 1659 1640 1722 peccatorum,
1665 1649 2016 1706 etmundatio
2038 1648 2158 1705 ani-

570 1749 681 1801 m
706 1739 761 1794 in
796 1748 1081 1797 atomum.

646 1830 812 1889 Vens.
841 1833 1030 1891 $3424.
1060 1865 1134 1879 -—-
1168 1834 1390 1891 Necesse
1435 1844 1514 1891 est
1543 1850 1666 1906 ergo
1694 1833 2156 1905 eaanpleria’qui—

2254 646 2317 698 ιι,
2363 628 2442 701 5),
2495 631 2583 687 die
2641 639 2828 687 sancto
2882 631 3263 701 Pentecosten,
3330 636 3548 706 quando
3607 636 3851 706 Spiritus

2255 731 2474 780 sanctus
2495 725 2652 780 datus
2672 735 2757 780 est
2779 725 3034 796 apostolis
3053 727 3109 781 in
3129 726 3379 783 omnibus
3399 727 3600 800 linguis
3620 729 3848 801 loquen-

2255 815 2420 881 tibus,
2451 817 2816 882 constituisse,
2857 825 2917 872 ut
2943 832 3009 872 ex
3035 818 3263 876 diversis
3296 820 3545 889 partibus
3569 825 3766 879 mundi
3794 834 3849 881 et

2254 905 2478 961 calcate
2520 908 2736 964 audisse
2775 908 3096 964 miraculum
3146 918 3202 965 et
3243 912 3459 969 vidisse.
3519 932 3537 964 ι
3571 910 3682 971 Sed
3722 917 3847 973 huic

2256 996 2457 1068 templo
2486 1004 2656 1053 totum
2681 1001 2931 1070 opposuit
2961 1001 3159 1057 omium
3203 1002 3418 1067 Paulus,
3467 1012 3524 1060 et
3549 1021 3659 1061 non
3707 1007 3848 1064 hanc

2256 1088 2428 1144 sdam
2479 1089 2835 1146 diﬁ‘erentiam
2885 1094 3139 1159 ostendit,
3189 1097 3282 1151 sed
3307 1097 3471 1152 etiam
3520 1098 3843 1167 pontiﬁcem

2252 1195 2531 1252 magnum,
2562 1191 2621 1237 ut
2665 1185 2883 1240 assistat
2922 1186 3091 1242 vultui
3118 1187 3212 1243 Dei
3261 1188 3485 1260 (Sensus
3518 1192 3842 1263 comptus).

2256 1270 2489 1328 Proinde
2516 1289 2624 1330 non
2647 1288 2715 1330 ex
2740 1277 2880 1331 omlo
2907 1285 3138 1345 tantum,
3165 1279 3261 1335 sed
3284 1281 3449 1335 etiam
3494 1298 3562 1337 ex
3590 1283 3845 1353 ingressu

2256 1380 2373 1420 rem
2399 1368 2843 1424 venerabiliorem
2874 1369 3023 1426 facit.
3052 1370 3169 1426 Non
3195 1373 3342 1428 enim
3372 1374 3718 1444 simpliciter,
3743 1376 3845 1431 sic-

2257 1460 2318 1508 ut
2362 1454 2484 1521 bic,
2529 1471 2629 1527 per
2669 1458 2821 1531 signa
2846 1462 3113 1530 quaedam,
3151 1482 3170 1515 ι
3225 1464 3321 1519 sed
3349 1464 3453 1535 ipsi
3499 1466 3613 1520 Deo
3638 1467 3847 1524 assistit

2256 1559 2473 1616 semper
2504 1548 2661 1603 vivus
2712 1550 2780 1604 ad
2828 1551 3274 1621 interpellandum
3309 1570 3412 1626 pro
3460 1557 3643 1612 nobis.
3682 1575 3703 1609 s
3763 1557 3843 1613 ln-

2254 1646 2430 1703 tuem,
2457 1648 2674 1709 quantae
2707 1640 3053 1699 differentia)!
3100 1660 3244 1716 swpe
3269 1655 3327 1701 et
3371 1648 3573 1715 semel;
3631 1648 3691 1703 in
3723 1665 3843 1708 san-

2253 1732 2416 1801 guine
2450 1733 2644 1799 alieno.
2681 1742 2737 1789 et
2778 1737 2831 1791 in
2874 1738 3136 1809 sanguine
3164 1741 3406 1811 proprio.
3449 1741 3679 1797 Multum
3716 1758 3840 1815 ergo

2254 1823 2502 1881 interest.
2523 1826 2642 1897 ipse
2666 1835 2721 1883 et
2742 1829 3088 1901 sacriﬁcium,
3117 1841 3173 1888 et
3211 1833 3484 1902 sacerdos,
3506 1844 3563 1890 et
3585 1836 3782 1891 hostia.
3812 1856 3833 1890 ›

570 1922 690 1991 dum
712 1924 999 1983 antestium
1027 1929 1109 1983 his
1133 1928 1421 1989 mandari:
1450 1930 1564 1999 ipsa
1591 1900 1762 1983 autem
1794 1900 2019 1981 caelestia
2046 1900 2155 1981 me-

2324 1915 2653 1986 695Vsns.
2669 1919 3174 1996 26-28.—Alioquin
3185 1924 3451 1996 oportebat
3469 1900 3588 1981 eum
3601 1927 3841 1998 frequen-

568 2013 797 2072 lt'on'bas
828 2017 1010 2078 hostiis
1055 2036 1217 2091 quam
1238 2021 1374 2075 istis.
1418 2018 1545 2074 Non
1582 2020 1717 2074 enim
1748 2020 1805 2073 in
1834 2016 2155 2086 manufactis

572 2108 772 2175 sanctis
808 2105 938 2180 [Al.,
986 2110 1044 2163 in
1095 2111 1401 2181 manufacta
1449 2109 1655 2182 sancta]
1714 2110 1870 2164 Jesus
1922 2107 2155 2161 introivit

564 2197 897 2269 adaptatis
942 2216 1185 2261 urorum
1214 2219 1234 2259 :
1262 2204 1354 2259 sed
1381 2205 1438 2258 in
1471 2204 1643 2275 ipsum
1672 2202 1874 2266 cretum,
1910 2211 1967 2255 ut
1988 2217 2155 2272 appar

566 2299 687 2346 nat
716 2307 860 2347 nunc
884 2292 1055 2355 vultui
1080 2293 1177 2349 Dei
1204 2313 1300 2366 pro
1322 2297 1490 2351 nobis.
1519 2296 1799 2363 Quomodo
1824 2294 2155 2365 exemplaria

566 2389 697 2439 sunt
712 2398 925 2451 eorum,
957 2401 1077 2456 qua:
1102 2387 1155 2442 in
1177 2388 1330 2443 cmlis
1351 2391 1510 2444 sunt?
1528 2386 1784 2444 Caelestis
1806 2389 2025 2459 quidem
2052 2400 2155 2441 no-

569 2474 799 2531 minavit
823 2476 965 2533 hanc
1014 2479 1485 2537 conversationem
1526 2489 1789 2545 nostram,
1838 2478 1993 2548 cujus
2022 2490 2155 2532 con-

569 2565 897 2623 versationis
922 2570 1202 2641 exemplar
1228 2570 1333 2625 ibit
1356 2578 1411 2626 et
1444 2570 1792 2641 signiﬁcatio,
1825 2581 2158 2639 quaedam

569 2656 861 2726 gerebatur
892 2658 950 2723 in
979 2662 1151 2715 veteri
1191 2670 1533 2720 testamento.
1565 2662 1718 2719 Unde
1738 2670 1797 2718 ct
1822 2660 2111 2732 Apostolus
2137 2678 2151 2714 :

564 2741 909 2806 Caesenatis
964 2760 1144 2807 nostra
1193 2753 1251 2808 in
1297 2754 1438 2810 caelis
1481 2762 1557 2809 est
1606 2753 1829 2827 (Philip.
1888 2769 1974 2821 ιη,
2035 2753 2152 2826 20),

570 2853 600 2909 s
636 2836 700 2895 In
738 2841 894 2898 cretis
919 2855 1049 2913 ergo
1077 2852 1208 2903 sunt
1245 2844 1373 2911 ista,
1395 2860 1518 2916 quae
1550 2853 1738 2902 nostra
1763 2852 1910 2911 sunt,
1936 2854 1992 2900 et
2037 2844 2157 2901 haec

568 2942 761 2997 nostra
776 2938 1046 3007 cmlestia,
1070 2941 1321 3012 quamvis
1338 2941 1396 2997 in
1418 2949 1565 2997 terra
1589 2941 1949 2997 celebrentur.
1980 2959 2000 2994 ι
2025 2938 2156 3007 Qua:

569 3035 657 3083 est
698 3028 807 3084 ista
848 3032 1199 3090 conversatio
1224 3032 1454 3090 nostra?
1480 3031 1609 3088 Haec
1649 3040 1734 3088 est
1767 3045 1897 3087 vera
1921 3029 2157 3101 philoso-

564 3117 720 3189 phia,
765 3134 930 3192 quam
956 3121 1212 3181 Christus
1258 3123 1458 3189 docuit,
1508 3138 1673 3195 quam
1710 3122 1939 3193 apostoli
1984 3121 2156 3177 secuti

563 3219 714 3276 aunt,
760 3226 885 3283 quae
929 3214 1082 3271 ducit
1134 3215 1205 3271 ad
1244 3214 1505 3273 caelestia.
1544 3215 1699 3272 Unde
1730 3224 1787 3271 et
1815 3214 2103 3286 Apostolus
2135 3234 2149 3269 :

2256 2017 2339 2063 ter
2368 2009 2477 2079 pati
2505 2010 2570 2063 ab
2597 2013 2797 2083 origine
2824 2016 3009 2070 mundi
3031 2032 3050 2070 :
3076 2033 3213 2071 nunc
3244 2026 3418 2073 autem
3449 2019 3605 2073 semel
3627 2021 3686 2075 in
3720 2037 3840 2073 con-

2255 2103 2598 2155 summatione
2643 2103 2955 2161 circulorum
2974 2148 2989 2173 ,
3018 2108 3087 2162 ad
3112 2106 3493 2163 destitutionem
3514 2110 3720 2181 peccati
3744 2126 3843 2179 per

2258 2192 2480 2245 hostium
2500 2208 2649 2249 suam
2673 2198 2936 2265 apparuit.
2954 2195 3022 2252 Et
3037 2198 3465 2269 quemadmodum
3483 2208 3731 2254 statutum
3753 2208 3832 2253 at

2255 2284 2455 2338 homini
2481 2286 2638 2341 semet
2663 2290 2817 2351 mori,
2850 2300 2964 2361 post
3007 2292 3102 2346 hoc
3142 2301 3319 2347 autem
3348 2293 3642 2363 judicium:
3672 2293 3746 2345 sic
3786 2300 3834 2345 et

2256 2371 2497 2433 Christus
2526 2378 2682 2432 semel
2719 2380 2921 2437 oblatus
2967 2392 3041 2438 est
3078 2384 3147 2438 ad
3177 2384 3463 2440 multorum
3485 2384 3843 2438 exhauriendo

2255 2476 2500 2536 peccata;
2525 2470 2754 2525 secundo
2775 2475 3042 2544 apparebit
3064 2476 3177 2530 sine
3197 2486 3408 2547 peccato
3427 2474 3842 2547 exspectantibus

2254 2575 2311 2615 se
2347 2560 2416 2614 ad
2443 2561 2685 2619 salutem.
2712 2565 2960 2623 Christus
2994 2583 3127 2624 vero
3162 2583 3356 2640 passus
3396 2575 3842 2639 est,-postquam

2258 2655 2425 2710 multa
2474 2668 2630 2714 erant
2680 2670 2921 2732 peccata.
2958 2663 3148 2720 Merito
3190 2672 3319 2720 tunc
3372 2663 3659 2735 apparuit.
3706 2659 3844 2732 φ’οά

2254 2749 2423 2804 etiam
2448 2751 2576 2808 alibi
2598 2755 2765 2811 dicit:
2793 2754 2897 2811 Ubi
2924 2758 3210 2813 abundavit
3232 2768 3503 2830 peccatum
3520 2756 3845 2829 superabu-

2257 2838 2402 2895 daait
2440 2846 2614 2914 gratia
2639 2846 2812 2920 (Rom.
2839 2866 2894 2916 ν,
2919 2849 3033 2923 20).
3066 2849 3127 2906 Si
3154 2851 3321 2908 semel
3347 2851 3567 2908 oblatus
3594 2866 3705 2907 non
3733 2847 3843 2906 suf-

2258 2931 2448 2989 ﬁceret
2491 2939 2734 2994 omnium
2781 2942 2838 2998 in
2880 2959 2941 2999 se
2980 2943 3317 3001 credentium
3359 2956 3593 3016 peccata
3636 2945 3840 3001 exhau-

2256 3022 2389 3091 rire,
2420 3029 2748 3096 oportuisset
2773 3047 2898 3089 eum
2926 3034 3120 3106 saepius
3143 3036 3259 3107 pati
3299 3037 3369 3093 ab
3395 3038 3613 3108 origine
3637 3035 3842 3103 mundi,

2258 3117 2402 3184 quod
2449 3134 2518 3174 ne
2563 3120 2747 3192 ﬁeret,
2798 3127 2966 3181 semel
3025 3127 3083 3181 in
3135 3129 3607 3185 consummatione
3654 3127 3842 3185 mtmdi

2255 3219 2450 3275 passus
2476 3218 2560 3267 est
2585 3214 2656 3267 ad
2677 3215 2959 3272 multorum
2981 3203 3336 3276 exhauriendo
3367 3219 3605 3292 peccata.
3630 3240 3651 3273 ι
3671 3223 3843 3290 Quare

566 3300 785 3360 Primus
827 3308 982 3365 homo
1021 3308 1086 3364 de
1118 3317 1260 3364 terra
1306 3319 1564 3376 terrenus,
1594 3303 1856 3365 secundus
1906 3308 1971 3363 de
2018 3306 2145 3363 caelo
2169 3286 2221 3354 (ι’
2247 3303 2539 3363 multorum
2585 3316 2642 3365 et
2688 3327 2798 3368 non
2845 3313 3117 3377 omnium?
3160 3315 3296 3383 Quia
3340 3332 3454 3374 non
3500 3332 3697 3373 omnes
3735 3332 3833 3373 cre-

562 3392 786 3451 satestis
824 3396 880 3470 (1
931 3397 1054 3455 Cor.
1106 3415 1200 3467 xv,
1247 3399 1363 3474 4'1).
1399 3388 1590 3469 Qualis'
1632 3407 1903 3467 terrenus,
1940 3398 2074 3455 tales
2094 3406 2151 3453 et

568 3488 778 3543 terreni
809 3503 826 3543 :
858 3496 916 3546 et
938 3490 1118 3561 qualis
1145 3492 1406 3559 cmlestis,
1427 3492 1565 3548 tales
1600 3500 1655 3548 et
1681 3492 1951 3558 cmlcstes,
1980 3509 2001 3543 ι
2037 3491 2150 3546 Me-

562 3576 810 3647 lior-ibus,
835 3576 1035 3653 inquit,
1059 3583 1337 3654 sacriﬁciis
1365 3600 1524 3657 quam
1549 3584 1659 3639 htec
1693 3594 1833 3640 sunt.
1857 3583 2014 3652 Quod
2034 3598 2150 3639 me-

563 3664 674 3723 lius
722 3678 824 3736 est,
877 3672 1022 3729 bono
1057 3673 1240 3744 aliquo
1288 3674 1503 3733 melius.
1558 3675 1705 3731 Bona
1751 3690 1880 3747 ergo
1928 3675 2149 3731 fuerunt

558 3759 813 3830 ﬂempla
858 3758 1096 3835 [Chrgs.,
1148 3765 1398 3837 exempla
1447 3764 1677 3839 eorum],
1720 3782 1840 3837 quae
1881 3767 1940 3823 in
1994 3766 2147 3824 caelis

561 3857 718 3918 sunt;
763 3869 785 3907 ι
818 3853 918 3910 sed
944 3855 1061 3926 ipsa
1096 3856 1339 3914 cmlestia
1389 3857 1546 3932 longe
1581 3860 1854 3917 excellunt
1903 3860 2149 3934 exempla

554 3949 897 4011 murum,
924 3946 1121 4017 quibus
1167 3947 1560 4020 signiﬁcantur.
1591 3967 1612 4003 ι
1648 3950 1707 4007 Si
1742 3966 1873 4024 ergo
1894 3952 2148 4010 caelestes

560 4048 753 4098 mus
785 4050 908 4107 nos,
937 4046 994 4096 et
1017 4049 1230 4099 tantum
1256 4043 1585 4101 sacriﬁcium
1613 4046 1797 4117 adepti
1829 4062 2038 4113 sumus,
2081 4048 2149 4103 ti-

556 4140 808 4188 meamus
852 4142 1175 4204 permanere
1202 4133 1257 4191 in
1278 4142 1444 4192 terra.
1476 4135 1612 4193 Esse
1634 4144 1818 4193 autem
1841 4136 1898 4192 in
1922 4144 2067 4192 terra
2089 4145 2148 4193 et

559 4233 675 4275 non
710 4234 833 4282 esse
872 4225 1277 4295 quodammodo
1302 4227 1571 4295 videmur,
1596 4228 1729 4284 dum
1771 4228 2050 4285 voluntate
2087 4229 2147 4284 in
2176 4224 2179 4227 ’

556 4311 704 4369 caelo
726 4324 934 4383 sumus,
956 4316 1085 4373 licet
1114 4332 1340 4388 corpore
1360 4317 1416 4372 in
1438 4318 1624 4375 terris.
1653 4317 1712 4374 Si
1736 4332 1867 4391 ergo
1904 4334 2007 4376 nos
2031 4318 2147 4374 ani~

556 4415 653 4459 mo
691 4405 1181 4477 appropinquemus
1234 4407 1368 4475 Deo,
1426 4408 1486 4463 in
1548 4409 1687 4466 caelo
1739 4424 1948 4467 sumus.
2004 4409 2148 4479 Quid

559 4494 709 4549 enim
749 4495 886 4551 mihi
926 4511 1059 4552 cura
1097 4506 1186 4552 est
1220 4498 1437 4565 omium,
1482 4514 1607 4555 cum
1651 4500 1809 4558 video
1858 4502 2145 4560 Dominum

557 4582 706 4649 ccli,
752 4596 879 4638 eum
898 4596 1000 4655 ego
1046 4584 1252 4642 eﬁcior
1304 4588 1540 4645 cretum?
1600 4589 1899 4660 Veniemus,
1946 4593 2142 4663 inquit,

558 4672 676 4745 Ego
715 4681 772 4730 et
814 4651 996 4745 Pater,
1053 4686 1103 4732 et
1159 4680 1484 4735 mansionem
1522 4682 1666 4753 apud
1716 4700 1835 4739 eum
2168 4651 2228 4717 Β

554 4763 743 4838 (locu.
786 4780 900 4833 xlv,
922 4767 1038 4842 25).
1068 4767 1278 4826 Caelum
1306 4771 1523 4841 quidem
1549 4788 1649 4844 per
1694 4789 1752 4831 se
1779 4790 2030 4831 serenum
2055 4784 2141 4833 est

555 4866 616 4916 et
641 4857 934 4928 modum;
964 4875 1075 4917 non
1115 4862 1171 4917 in
1198 4863 1400 4931 hieme,
1440 4880 1548 4921 non
1575 4865 1633 4921 in
1672 4875 1832 4923 nocte
1872 4875 2135 4924 mutatur.

554 4945 793 5009 Proinde
850 4957 908 5005 et
949 4964 1071 5019 nos,
1127 4966 1303 5024 omne
1348 4954 1404 5009 in
1446 4954 1884 5015 tribulationibus
1931 4960 2136 5026 saeculi,

553 5051 732 5108 neque
758 5038 816 5094 in
851 5041 1272 5113 adversitatibus
1301 5044 1500 5101 diaboli
1535 5045 1639 5102 hoc
1681 5048 1795 5117 pati
1832 5048 2134 5115 timeamus,

555 5132 653 5190 sed
681 5146 996 5191 maneamus
1032 5135 1363 5193 lmmaculati
1412 5145 1471 5193 et
1513 5140 1718 5196 mundi.
1755 5160 1776 5195 ι
1816 5139 1990 5196 Habet
2023 5142 2143 5212 qui-

558 5222 686 5279 dem
725 5224 922 5282 calum
951 5226 1153 5295 solem;
1182 5228 1480 5284 habeamus
1505 5238 1559 5285 et
1600 5245 1701 5287 nos
1740 5231 2017 5289 Christum
2045 5248 2139 5291 so-

556 5312 663 5377 lem
680 5316 926 5389 iustitiae,
955 5335 1170 5392 semper
1198 5321 1467 5378 lucentem
1486 5322 1543 5378 in
1569 5325 1823 5382 cordibus
1843 5327 2063 5384 nostris.

630 5408 796 5467 Vsus.
823 5410 913 5466 25.
952 5443 1026 5454 —
1050 5413 1235 5486 Neque
1272 5426 1331 5470 ut
1368 5432 1505 5489 saepe
1553 5419 1741 5487 oﬁ’erat
1781 5423 2135 5495 semetipsum,

552 5500 993 5576 mummium
1016 5505 1253 5577 pontifex
1278 5505 1443 5561 intrat
1490 5507 1548 5561 in
1573 5518 1755 5565 sancta
1786 5528 1878 5582 per
1901 5514 2134 5585 singulos

554 5609 723 5650 annos
750 5594 807 5650 in
832 5598 1087 5667 sanguine
1119 5597 1311 5653 alieno.
1344 5598 1607 5671 Superius
1630 5602 1785 5671 dixit,
1814 5609 2133 5678 exemplaria

555 5698 816 5752 carorum,
844 5689 1171 5759 exemplaria
1210 5691 1388 5746 omnia
1437 5695 1753 5763 nominans;
1814 5699 1930 5754 haec
1964 5702 2132 5758 etiam

554 5785 704 5841 aera,
734 5792 856 5847 quae
895 5778 1064 5833 intrat
1085 5780 1345 5850 pontifex.
1378 5782 1493 5841 Hoc
1519 5801 1648 5843 vero
1671 5804 1840 5844 unum
1872 5792 2132 5862 templum

557 5863 662 5923 mit
678 5864 734 5923 in
751 5873 869 5927 tcto
886 5871 1085 5931 mundo
1097 5874 1476 5948 venerabilius,
1498 5879 1567 5938 ad
1581 5881 1723 5951 quod
1742 5882 1981 5957 undique
2001 5901 2132 5946 cons

2150 6003 2209 6028 κνῆ

2251 3396 2406 3451 dunt.
2433 3397 2540 3454 Pro
2582 3403 2831 3461 omnibus
2876 3414 3122 3462 mortuus
3160 3415 3273 3476 est,
3295 3408 3400 3464 hoc
3444 3416 3553 3474 est,
3581 3415 3843 3482 quantum

2251 3485 2306 3543 in
2336 3487 2453 3557 ipso
2492 3497 2594 3547 est.
2636 3492 2767 3562 Ejus
2807 3497 3064 3551 momenti
3092 3505 3176 3553 est
3212 3499 3374 3554 unius
3402 3514 3554 3555 mors
3602 3498 3831 3571 [Clarqs.,

2246 3577 2367 3647 ejus
2392 3585 2653 3640 momenti
2693 3597 2776 3643 est
2801 3588 2891 3642 illa
2921 3589 3108 3663 mors],
3136 3592 3291 3663 cujus
3313 3592 3577 3649 momenti
3607 3600 3693 3648 est
3718 3606 3837 3648 om-

2248 3670 2401 3726 nium
2443 3676 2696 3742 perditio.
2722 3677 2841 3735 Non
2865 3680 3011 3736 enim
3055 3683 3297 3739 omnium
3339 3694 3564 3754 peccata
3595 3683 3840 3756 abstulit,

2246 3771 2472 3834 propter
2511 3769 2655 3837 quod
2682 3773 2904 3831 credere
2942 3775 3250 3833 noluerunt.
3273 3798 3293 3830 ι
3328 3777 3599 3834 Statutnm
3641 3780 3836 3851 quippe

2246 3864 2327 3910 est
2353 3860 2591 3915 omnibus
2620 3863 2777 3918 semel
2815 3867 2971 3935 mori,
2995 3876 3050 3924 et
3075 3876 3198 3940 post
3232 3877 3465 3925 mortem
3504 3870 3836 3942 judicabitur

2240 3950 2626 4023 unusquisque
2658 3956 2953 4013 secundum
2983 3961 3180 4015 merita
3224 3977 3341 4017 sua.
3367 3960 3460 4017 Sic
3504 3969 3561 4018 et
3591 3962 3836 4018 Christus

2246 4040 2417 4096 semel
2448 4053 2695 4101 mortuus
2717 4055 2800 4103 est
2821 4064 2920 4121 pro
2946 4052 3186 4121 peccatis
3214 4052 3435 4121 alienis;
3464 4061 3523 4109 et
3548 4054 3678 4110 ideo
3716 4054 3837 4125 quia

2246 4132 2571 4203 voluntarie,
2610 4146 2665 4195 et
2695 4156 2803 4197 non
2831 4146 3134 4201 necessarie
3160 4155 3410 4202 mortuus
3446 4155 3553 4203 est.
3591 4146 3833 4202 Secundo

2246 4224 2447 4297 quippe
2483 4228 2712 4285 adventu
2748 4233 3015 4304 apparebit
3035 4237 3147 4291 sine
3172 4246 3382 4308 peccato
3419 4236 3621 4309 (omnis
3641 4236 3835 4307 quippe

2244 4318 2425 4375 bestia
2452 4334 2553 4390 pro
2576 4334 2804 4395 peccato
2830 4326 3027 4384 dicitur
3052 4329 3388 4402 peccatum);
3417 4345 3529 4385 non
3555 4328 3705 4385 enim
3730 4326 3833 4383 erit

2245 4414 2379 4466 tunc
2423 4411 2599 4469 hostia
2635 4431 2734 4485 pro
2769 4427 3019 4493 peccato;
3058 4420 3184 4490 quia
3220 4428 3503 4491 peccatum
3547 4434 3660 4476 non
3695 4418 3833 4486 erit,

2244 4501 2343 4556 sed
2358 4500 2601 4572 iustitia;
2629 4506 2742 4563 sive
2781 4508 2838 4563 in
2864 4512 3295 4568 remuneratione
3311 4510 3610 4583 iustorum,
3636 4511 3754 4568 sive
3776 4507 3833 4566 in

2246 4592 2609 4655 retributione
2627 4608 2999 4670 peccatorum.

2860 4698 3089 4794 CAPUT
3125 4736 3195 4793 x.

2318 4862 2480 4921 Vitas.
2518 4865 2667 4920 1.-
2691 4864 2942 4924 Umbram
2984 4870 3122 4925 enim
3164 4869 3362 4926 habens
3395 4870 3482 4927 te:
3527 4870 3833 4941 futurorum

2243 4956 2518 5026 bonorum,
2551 4978 2655 5017 non
2678 4965 2845 5035 ipsam
2868 4966 3148 5038 imaginem
3174 4985 3370 5025 rerum.
3407 4987 3427 5021 ι
3455 4968 3570 5025 Hoc
3596 4979 3702 5035 est,
3722 4985 3834 5026 non

2244 5049 2418 5120 ipsam
2456 5053 2760 5111 veritatem.
2804 5055 3095 5130 Usquequo
3135 5060 3281 5115 enim
3321 5061 3489 5118 veluti
3534 5062 3589 5118 in
3618 5062 3832 5135 pictura

2249 5142 2477 5212 aspiciat
2497 5146 2618 5216 quis
2644 5146 2969 5204 lineamenta
3002 5151 3337 5219 umbrarum,
3365 5153 3680 5223 signiﬁcans
3699 5153 3831 5224 quid

2244 5235 2469 5309 pingere
2494 5238 2643 5307 velit,
2673 5241 2865 5297 umbra
2889 5244 3134 5312 quaedam
3175 5252 3279 5311 est,
3308 5253 3363 5300 et
3385 5260 3496 5300 non
3525 5245 3745 5316 imago:
3781 5243 3831 5299 si

2244 5328 2393 5384 enim
2427 5328 2592 5388 ﬂores
2637 5333 2781 5402 ipsos
2810 5333 2933 5404 quis
2962 5335 3204 5392 colorum
3240 5336 3544 5403 intinxerit,
3573 5347 3629 5392 et
3655 5338 3830 5407 impo-

2244 5422 2418 5477 suerit
2449 5439 2611 5495 super
2652 5424 2999 5493 lineamenta,
3030 5436 3161 5484 tunc
3198 5429 3377 5501 imago
3412 5428 3661 5486 efﬁcitur.
3694 5429 3833 5488 Tale

2244 5513 2496 5582 quiddam
2513 5521 2634 5570 erat
2651 5516 2813 5583 etiam
2830 5517 2937 5584 lex,
2955 5518 3145 5573 umbra
3158 5521 3420 5575 veritatis.
3435 5540 3452 5573 ι
3474 5519 3580 5573 Per
3590 5520 3829 5590 singulos

2241 5621 2408 5660 annos
2436 5607 2629 5661 eisdem
2664 5609 2791 5680 ipsis
2816 5610 3018 5677 hostiis,
3042 5628 3172 5682 quas
3193 5613 3421 5682 offerunt
3450 5612 3826 5678 indesinenter,

2242 5714 2509 5771 nunquam
2544 5710 2711 5772 potest
2754 5702 3052 5759 accedentes
3096 5706 3350 5777 perfectos
3391 5707 3564 5777 facere
3584 5719 3604 5756 :
3631 5704 3826 5775 (Vena.

2240 5791 2359 5863 2-4)
2403 5791 2648 5864 Alioquin
2694 5807 2975 5850 cessassent
3014 5798 3201 5866 oﬂ‘errc
3244 5796 3377 5871 (AL,
3434 5796 3636 5871 offerri]
3662 5816 3676 5851 :
3703 5797 3829 5854 ideo

2240 5884 2383 5958 quod
2412 5884 2612 5941 nudam
2635 5887 2877 5945 habentes
2897 5888 3037 5945 ultra
3065 5893 3435 5949 conscientiam
3456 5890 3678 5966 peccati,
3708 5887 3831 5948 oll-
