  <div class='ocr_page' id='page_1' title='image "/cluster/home/n/w/nwhite01/storage/ocr_20150623/100/hvd.32044024239972/544.png"; bbox 0 0 4088 6330; ppageno 0'>
   <div class='ocr_carea' id='block_1_1' title="bbox 250 320 1864 399">
    <p class='ocr_par' dir='ltr' id='par_1_1' title="bbox 250 326 1848 399">
     <span class='ocr_line' id='line_1_1' title="bbox 250 326 1848 399; baseline -0.007 -1"><span class='ocrx_word' id='word_1_1' title='bbox 250 335 380 399; x_wconf 70' lang='grc'><strong><em>1971</em></strong></span> <span class='ocrx_word' id='word_1_2' title='bbox 931 332 1344 395; x_wconf 71' lang='lat' dir='ltr'><strong><em>EXEGETICA.</em></strong></span> <span class='ocrx_word' id='word_1_3' title='bbox 1380 360 1454 379; x_wconf 81' lang='grc'><strong><em>--</em></strong></span> <span class='ocrx_word' id='word_1_4' title='bbox 1484 328 1736 391; x_wconf 77' lang='lat' dir='ltr'><strong><em>EXPOS.</em></strong></span> <span class='ocrx_word' id='word_1_5' title='bbox 1776 326 1848 387; x_wconf 82' lang='lat' dir='ltr'><strong><em>IN</em></strong></span> 
     </span>
    </p>
   </div>
   <div class='ocr_carea' id='block_1_2' title="bbox 1897 320 3511 399">
    <p class='ocr_par' dir='ltr' id='par_1_2' title="bbox 1897 320 3511 391">
     <span class='ocr_line' id='line_1_2' title="bbox 1897 320 3511 391; baseline -0.007 0"><span class='ocrx_word' id='word_1_6' title='bbox 1897 326 2100 391; x_wconf 76' lang='lat' dir='ltr'><strong><em>EPIST.</em></strong></span> <span class='ocrx_word' id='word_1_7' title='bbox 2132 327 2198 389; x_wconf 75' lang='lat' dir='ltr'><strong><em>S.</em></strong></span> <span class='ocrx_word' id='word_1_8' title='bbox 2234 320 2443 387; x_wconf 79' lang='lat' dir='ltr'><strong><em>PAULI</em></strong></span> <span class='ocrx_word' id='word_1_9' title='bbox 2478 327 2572 385; x_wconf 81' lang='lat' dir='ltr'><strong><em>AD</em></strong></span> <span class='ocrx_word' id='word_1_10' title='bbox 2604 326 2811 385; x_wconf 81' lang='lat' dir='ltr'><strong><em>HEBR.</em></strong></span> <span class='ocrx_word' id='word_1_11' title='bbox 3368 323 3511 385; x_wconf 81' lang='grc'><strong><em>1078</em></strong></span> 
     </span>
    </p>
   </div>
   <div class='ocr_carea' id='block_1_3' title="bbox 250 441 3519 520">
    <p class='ocr_par' dir='ltr' id='par_1_3' title="bbox 250 441 3519 520">
     <span class='ocr_line' id='line_1_3' title="bbox 250 441 3519 520; baseline -0.003 -10"><span class='ocrx_word' id='word_1_12' title='bbox 250 464 381 511; x_wconf 88' lang='lat' dir='ltr'><strong><em>tores</em></strong></span> <span class='ocrx_word' id='word_1_13' title='bbox 403 443 561 504; x_wconf 81' lang='lat' dir='ltr'><strong><em>semei</em></strong></span> <span class='ocrx_word' id='word_1_14' title='bbox 588 444 859 514; x_wconf 76' lang='lat' dir='ltr'><strong><em>mandati;</em></strong></span> <span class='ocrx_word' id='word_1_15' title='bbox 882 447 973 503; x_wconf 87' lang='lat' dir='ltr'><strong><em>sed</em></strong></span> <span class='ocrx_word' id='word_1_16' title='bbox 998 449 1056 503; x_wconf 83' lang='lat' dir='ltr'><strong><em>in</em></strong></span> <span class='ocrx_word' id='word_1_17' title='bbox 1095 448 1225 520; x_wconf 86' lang='lat' dir='ltr'><strong><em>ipsis</em></strong></span> <span class='ocrx_word' id='word_1_18' title='bbox 1263 447 1686 504; x_wconf 77' lang='lat' dir='ltr'><strong><em>commemoratio</em></strong></span> <span class='ocrx_word' id='word_1_19' title='bbox 1713 458 1831 515; x_wconf 86' lang='lat' dir='ltr'><strong><em>pec—</em></strong></span> <span class='ocrx_word' id='word_1_20' title='bbox 1852 441 1910 504; x_wconf 81' lang='grc' dir='ltr'><strong>Δ</strong></span> <span class='ocrx_word' id='word_1_21' title='bbox 1931 442 2147 514; x_wconf 73' lang='lat' dir='ltr'><strong><em>generis</em></strong></span> <span class='ocrx_word' id='word_1_22' title='bbox 2169 442 2362 514; x_wconf 77' lang='lat' dir='ltr'><strong><em>legalia</em></strong></span> <span class='ocrx_word' id='word_1_23' title='bbox 2382 441 2647 499; x_wconf 83' lang='lat' dir='ltr'><strong><em>sacriﬁcia</em></strong></span> <span class='ocrx_word' id='word_1_24' title='bbox 2671 457 2782 499; x_wconf 89' lang='lat' dir='ltr'><strong><em>non</em></strong></span> <span class='ocrx_word' id='word_1_25' title='bbox 2800 448 3094 514; x_wconf 90' lang='lat' dir='ltr'><strong><em>potuerunt</em></strong></span> <span class='ocrx_word' id='word_1_26' title='bbox 3117 441 3366 515; x_wconf 75' lang='lat' dir='ltr'><strong><em>expiare;</em></strong></span> <span class='ocrx_word' id='word_1_27' title='bbox 3392 443 3519 499; x_wconf 85' lang='lat' dir='ltr'><strong><em>Cor-</em></strong></span> 
     </span>
    </p>
   </div>
   <div class='ocr_carea' id='block_1_4' title="bbox 252 528 3519 613">
    <p class='ocr_par' dir='ltr' id='par_1_4' title="bbox 252 528 3519 613">
     <span class='ocr_line' id='line_1_4' title="bbox 252 528 3519 613; baseline -0.002 -12"><span class='ocrx_word' id='word_1_28' title='bbox 252 552 483 601; x_wconf 81' lang='lat' dir='ltr'><strong><em>catorum</em></strong></span> <span class='ocrx_word' id='word_1_29' title='bbox 505 555 601 613; x_wconf 88' lang='lat' dir='ltr'><strong><em>per</em></strong></span> <span class='ocrx_word' id='word_1_30' title='bbox 626 534 861 612; x_wconf 81' lang='lat' dir='ltr'><strong><em>singulos</em></strong></span> <span class='ocrx_word' id='word_1_31' title='bbox 890 556 1057 595; x_wconf 83' lang='lat' dir='ltr'><strong><em>annos</em></strong></span> <span class='ocrx_word' id='word_1_32' title='bbox 1096 538 1180 611; x_wconf 68' lang='lat' dir='ltr'><strong><em>ﬁt.</em></strong></span> <span class='ocrx_word' id='word_1_33' title='bbox 1210 536 1540 613; x_wconf 84' lang='lat' dir='ltr'><strong><em>Impossibite</em></strong></span> <span class='ocrx_word' id='word_1_34' title='bbox 1567 546 1645 594; x_wconf 88' lang='lat' dir='ltr'><strong><em>est</em></strong></span> <span class='ocrx_word' id='word_1_35' title='bbox 1687 535 1825 591; x_wconf 84' lang='lat' dir='ltr'><strong><em>enim</em></strong></span> <span class='ocrx_word' id='word_1_36' title='bbox 1929 549 2026 606; x_wconf 87' lang='lat' dir='ltr'><strong><em>pus</em></strong></span> <span class='ocrx_word' id='word_1_37' title='bbox 2074 540 2250 590; x_wconf 86' lang='lat' dir='ltr'><strong><em>autem</em></strong></span> <span class='ocrx_word' id='word_1_38' title='bbox 2294 532 2488 606; x_wconf 85' lang='lat' dir='ltr'><strong><em>optasti</em></strong></span> <span class='ocrx_word' id='word_1_39' title='bbox 2515 533 2660 589; x_wconf 87' lang='lat' dir='ltr'><strong><em>mihi.</em></strong></span> <span class='ocrx_word' id='word_1_40' title='bbox 2688 528 2804 590; x_wconf 83' lang='lat' dir='ltr'><strong><em>Hoc</em></strong></span> <span class='ocrx_word' id='word_1_41' title='bbox 2846 549 2915 590; x_wconf 83' lang='lat' dir='ltr'><strong><em>ex</em></strong></span> <span class='ocrx_word' id='word_1_42' title='bbox 2948 548 3182 607; x_wconf 83' lang='lat' dir='ltr'><strong><em>persona</em></strong></span> <span class='ocrx_word' id='word_1_43' title='bbox 3229 532 3365 592; x_wconf 84' lang='lat' dir='ltr'><strong><em>dixit</em></strong></span> <span class='ocrx_word' id='word_1_44' title='bbox 3403 534 3519 606; x_wconf 84' lang='lat' dir='ltr'><strong><em>ejus</em></strong></span> 
     </span>
    </p>
   </div>
   <div class='ocr_carea' id='block_1_5' title="bbox 251 616 3521 707">
    <p class='ocr_par' dir='ltr' id='par_1_5' title="bbox 251 616 3521 707">
     <span class='ocr_line' id='line_1_5' title="bbox 251 616 3521 707; baseline -0.003 -15"><span class='ocrx_word' id='word_1_45' title='bbox 251 632 499 707; x_wconf 81' lang='lat' dir='ltr'><strong><em>sanguine</em></strong></span> <span class='ocrx_word' id='word_1_46' title='bbox 556 641 832 687; x_wconf 87' lang='lat' dir='ltr'><strong><em>taurorum</em></strong></span> <span class='ocrx_word' id='word_1_47' title='bbox 896 636 948 687; x_wconf 87' lang='lat' dir='ltr'><strong><em>et</em></strong></span> <span class='ocrx_word' id='word_1_48' title='bbox 999 629 1266 686; x_wconf 78' lang='lat' dir='ltr'><strong><em>hircorum</em></strong></span> <span class='ocrx_word' id='word_1_49' title='bbox 1322 629 1523 703; x_wconf 78' lang='lat' dir='ltr'><strong><em>auferri</em></strong></span> <span class='ocrx_word' id='word_1_50' title='bbox 1589 636 1823 700; x_wconf 87' lang='lat' dir='ltr'><strong><em>peccata.</em></strong></span> <span class='ocrx_word' id='word_1_51' title='bbox 1930 625 2025 697; x_wconf 87' lang='lat' dir='ltr'><strong><em>qui</em></strong></span> <span class='ocrx_word' id='word_1_52' title='bbox 2055 639 2251 696; x_wconf 89' lang='lat' dir='ltr'><strong><em>corpus</em></strong></span> <span class='ocrx_word' id='word_1_53' title='bbox 2271 620 2509 697; x_wconf 77' lang='lat' dir='ltr'><strong><em>suscepit</em></strong></span> <span class='ocrx_word' id='word_1_54' title='bbox 2534 633 2736 681; x_wconf 81' lang='lat' dir='ltr'><strong><em>nostrae</em></strong></span> <span class='ocrx_word' id='word_1_55' title='bbox 2758 616 3128 696; x_wconf 87' lang='lat' dir='ltr'><strong><em>mortalitatis,</em></strong></span> <span class='ocrx_word' id='word_1_56' title='bbox 3154 632 3216 683; x_wconf 87' lang='lat' dir='ltr'><strong><em>ut</em></strong></span> <span class='ocrx_word' id='word_1_57' title='bbox 3241 640 3343 698; x_wconf 90' lang='lat' dir='ltr'><strong><em>pro</em></strong></span> <span class='ocrx_word' id='word_1_58' title='bbox 3365 624 3521 683; x_wconf 85' lang='lat' dir='ltr'><strong><em>nobis</em></strong></span> 
     </span>
    </p>
   </div>
   <div class='ocr_carea' id='block_1_6' title="bbox 258 708 3523 799">
    <p class='ocr_par' dir='ltr' id='par_1_6' title="bbox 258 708 3523 799">
     <span class='ocr_line' id='line_1_6' title="bbox 258 708 3523 799; baseline -0.002 -18"><span class='ocrx_word' id='word_1_59' title='bbox 258 747 276 781; x_wconf 75' lang='grc' dir='ltr'>ι</span> <span class='ocrx_word' id='word_1_60' title='bbox 312 724 430 784; x_wconf 86' lang='lat' dir='ltr'><strong><em>Una</em></strong></span> <span class='ocrx_word' id='word_1_61' title='bbox 473 732 590 796; x_wconf 86' lang='lat' dir='ltr'><strong><em>est,</em></strong></span> <span class='ocrx_word' id='word_1_62' title='bbox 637 724 844 799; x_wconf 90' lang='lat' dir='ltr'><strong><em>inquit,</em></strong></span> <span class='ocrx_word' id='word_1_63' title='bbox 887 723 990 780; x_wconf 86' lang='lat' dir='ltr'><strong><em>ista</em></strong></span> <span class='ocrx_word' id='word_1_64' title='bbox 1022 722 1231 792; x_wconf 87' lang='lat' dir='ltr'><strong><em>hostia;</em></strong></span> <span class='ocrx_word' id='word_1_65' title='bbox 1277 721 1382 780; x_wconf 73' lang='lat' dir='ltr'><strong><em>illa:</em></strong></span> <span class='ocrx_word' id='word_1_66' title='bbox 1428 728 1610 777; x_wconf 88' lang='lat' dir='ltr'><strong><em>autem</em></strong></span> <span class='ocrx_word' id='word_1_67' title='bbox 1646 717 1829 774; x_wconf 66' lang='lat' dir='ltr'><strong><em>multa:</em></strong></span> <span class='ocrx_word' id='word_1_68' title='bbox 1930 708 2155 771; x_wconf 82' lang='lat' dir='ltr'><strong><em>haberet</em></strong></span> <span class='ocrx_word' id='word_1_69' title='bbox 2186 715 2317 787; x_wconf 89' lang='lat' dir='ltr'><strong><em>quid</em></strong></span> <span class='ocrx_word' id='word_1_70' title='bbox 2361 710 2599 773; x_wconf 78' lang='lat' dir='ltr'><strong><em>offerret.</em></strong></span> <span class='ocrx_word' id='word_1_71' title='bbox 2639 714 2791 771; x_wconf 81' lang='lat' dir='ltr'><strong><em>Tunc</em></strong></span> <span class='ocrx_word' id='word_1_72' title='bbox 2819 716 2933 771; x_wconf 74' lang='lat' dir='ltr'><strong><em>dixi</em></strong></span> <span class='ocrx_word' id='word_1_73' title='bbox 2964 730 2982 769; x_wconf 91' lang='lat'><strong><em>:</em></strong></span> <span class='ocrx_word' id='word_1_74' title='bbox 3013 712 3149 771; x_wconf 83' lang='lat' dir='ltr'><strong><em>Ecce</em></strong></span> <span class='ocrx_word' id='word_1_75' title='bbox 3177 718 3346 772; x_wconf 78' lang='lat' dir='ltr'><strong><em>uenio.</em></strong></span> <span class='ocrx_word' id='word_1_76' title='bbox 3380 714 3523 773; x_wconf 86' lang='lat' dir='ltr'><strong><em>Dum</em></strong></span> 
     </span>
    </p>
   </div>
   <div class='ocr_carea' id='block_1_7' title="bbox 252 802 3525 891">
    <p class='ocr_par' dir='ltr' id='par_1_7' title="bbox 252 802 3525 891">
     <span class='ocr_line' id='line_1_7' title="bbox 252 802 3525 891; baseline -0.003 -14"><span class='ocrx_word' id='word_1_77' title='bbox 252 828 391 877; x_wconf 90' lang='lat' dir='ltr'><strong><em>sunt.</em></strong></span> <span class='ocrx_word' id='word_1_78' title='bbox 421 818 712 891; x_wconf 74' lang='lat' dir='ltr'><strong><em>Propterea</em></strong></span> <span class='ocrx_word' id='word_1_79' title='bbox 741 817 888 874; x_wconf 89' lang='lat' dir='ltr'><strong><em>enim</em></strong></span> <span class='ocrx_word' id='word_1_80' title='bbox 915 830 1019 873; x_wconf 90' lang='lat' dir='ltr'><strong><em>nec</em></strong></span> <span class='ocrx_word' id='word_1_81' title='bbox 1041 812 1214 872; x_wconf 84' lang='lat' dir='ltr'><strong><em>fortes</em></strong></span> <span class='ocrx_word' id='word_1_82' title='bbox 1241 821 1427 884; x_wconf 82' lang='lat' dir='ltr'><strong><em>erant,</em></strong></span> <span class='ocrx_word' id='word_1_83' title='bbox 1456 813 1583 886; x_wconf 85' lang='lat' dir='ltr'><strong><em>quia</em></strong></span> <span class='ocrx_word' id='word_1_84' title='bbox 1621 802 1826 866; x_wconf 64' lang='lat' dir='ltr'><strong><em>multae.</em></strong></span> <span class='ocrx_word' id='word_1_85' title='bbox 1930 814 2146 883; x_wconf 80' lang='lat' dir='ltr'><strong><em>tempus</em></strong></span> <span class='ocrx_word' id='word_1_86' title='bbox 2184 806 2311 879; x_wconf 88' lang='lat' dir='ltr'><strong><em>fuit,</em></strong></span> <span class='ocrx_word' id='word_1_87' title='bbox 2342 819 2404 866; x_wconf 90' lang='lat' dir='ltr'><strong><em>ut</em></strong></span> <span class='ocrx_word' id='word_1_88' title='bbox 2444 806 2621 868; x_wconf 89' lang='lat' dir='ltr'><strong><em>ablata</em></strong></span> <span class='ocrx_word' id='word_1_89' title='bbox 2650 820 2835 867; x_wconf 90' lang='lat' dir='ltr'><strong><em>essent</em></strong></span> <span class='ocrx_word' id='word_1_90' title='bbox 2861 812 3038 883; x_wconf 79' lang='lat' dir='ltr'><strong><em>signa,</em></strong></span> <span class='ocrx_word' id='word_1_91' title='bbox 3077 817 3132 866; x_wconf 91' lang='lat' dir='ltr'><strong><em>et</em></strong></span> <span class='ocrx_word' id='word_1_92' title='bbox 3159 811 3365 867; x_wconf 81' lang='lat' dir='ltr'><strong><em>veritas</em></strong></span> <span class='ocrx_word' id='word_1_93' title='bbox 3396 827 3525 883; x_wconf 90' lang='lat' dir='ltr'><strong><em>pro-</em></strong></span> 
     </span>
    </p>
   </div>
   <div class='ocr_carea' id='block_1_8' title="bbox 252 898 3528 991">
    <p class='ocr_par' dir='ltr' id='par_1_8' title="bbox 252 898 3528 991">
     <span class='ocr_line' id='line_1_8' title="bbox 252 898 3528 991; baseline -0.002 -23"><span class='ocrx_word' id='word_1_94' title='bbox 252 908 387 983; x_wconf 87' lang='lat' dir='ltr'><strong><em>Quid</em></strong></span> <span class='ocrx_word' id='word_1_95' title='bbox 428 920 609 969; x_wconf 88' lang='lat' dir='ltr'><strong><em>autem</em></strong></span> <span class='ocrx_word' id='word_1_96' title='bbox 650 898 803 987; x_wconf 28' lang='lat' dir='ltr'><strong><em>opus,</em></strong></span> <span class='ocrx_word' id='word_1_97' title='bbox 825 923 945 967; x_wconf 89' lang='lat' dir='ltr'><strong><em>erat</em></strong></span> <span class='ocrx_word' id='word_1_98' title='bbox 973 911 1176 979; x_wconf 88' lang='lat' dir='ltr'><strong><em>multis,</em></strong></span> <span class='ocrx_word' id='word_1_99' title='bbox 1220 910 1309 967; x_wconf 90' lang='lat' dir='ltr'><strong><em>dic</em></strong></span> <span class='ocrx_word' id='word_1_100' title='bbox 1347 909 1513 975; x_wconf 91' lang='lat' dir='ltr'><strong><em>mihi,</em></strong></span> <span class='ocrx_word' id='word_1_101' title='bbox 1550 922 1658 964; x_wconf 89' lang='lat' dir='ltr'><strong><em>una</em></strong></span> <span class='ocrx_word' id='word_1_102' title='bbox 1685 902 1831 991; x_wconf 61' lang='lat' dir='ltr'><strong><em>sufﬂ-</em></strong></span> <span class='ocrx_word' id='word_1_103' title='bbox 1929 904 2098 961; x_wconf 75' lang='lat' dir='ltr'><strong><em>inissa</em></strong></span> <span class='ocrx_word' id='word_1_104' title='bbox 2124 904 2356 972; x_wconf 84' lang='lat' dir='ltr'><strong><em>veniret,</em></strong></span> <span class='ocrx_word' id='word_1_105' title='bbox 2385 912 2508 960; x_wconf 87' lang='lat' dir='ltr'><strong><em>tunc</em></strong></span> <span class='ocrx_word' id='word_1_106' title='bbox 2534 902 2675 960; x_wconf 72' lang='lat' dir='ltr'><strong><em>dixi:</em></strong></span> <span class='ocrx_word' id='word_1_107' title='bbox 2701 902 2837 961; x_wconf 85' lang='lat' dir='ltr'><strong><em>Ecce</em></strong></span> <span class='ocrx_word' id='word_1_108' title='bbox 2861 906 3026 961; x_wconf 83' lang='lat' dir='ltr'><strong><em>venio.</em></strong></span> <span class='ocrx_word' id='word_1_109' title='bbox 3058 900 3156 961; x_wconf 90' lang='lat' dir='ltr'><strong><em>Illa</em></strong></span> <span class='ocrx_word' id='word_1_110' title='bbox 3188 905 3389 974; x_wconf 87' lang='lat' dir='ltr'><strong><em>ablata,</em></strong></span> <span class='ocrx_word' id='word_1_111' title='bbox 3410 904 3528 963; x_wconf 67' lang='lat' dir='ltr'><strong><em>haec</em></strong></span> 
     </span>
    </p>
   </div>
   <div class='ocr_carea' id='block_1_9' title="bbox 250 992 3526 1076">
    <p class='ocr_par' dir='ltr' id='par_1_9' title="bbox 250 992 3526 1076">
     <span class='ocr_line' id='line_1_9' title="bbox 250 992 3526 1076; baseline -0.004 -12"><span class='ocrx_word' id='word_1_112' title='bbox 250 1004 457 1064; x_wconf 86' lang='lat' dir='ltr'><strong><em>ciente?</em></strong></span> <span class='ocrx_word' id='word_1_113' title='bbox 478 1002 712 1061; x_wconf 83' lang='lat' dir='ltr'><strong><em>Proinde</em></strong></span> <span class='ocrx_word' id='word_1_114' title='bbox 735 1001 878 1076; x_wconf 92' lang='lat' dir='ltr'><strong><em>quod</em></strong></span> <span class='ocrx_word' id='word_1_115' title='bbox 904 1003 1087 1061; x_wconf 80' lang='lat' dir='ltr'><strong><em>multae</em></strong></span> <span class='ocrx_word' id='word_1_116' title='bbox 1115 1012 1171 1060; x_wconf 91' lang='lat' dir='ltr'><strong><em>et</em></strong></span> <span class='ocrx_word' id='word_1_117' title='bbox 1199 1019 1412 1075; x_wconf 87' lang='lat' dir='ltr'><strong><em>semper</em></strong></span> <span class='ocrx_word' id='word_1_118' title='bbox 1443 1002 1828 1067; x_wconf 79' lang='lat' dir='ltr'><strong><em>offerebantur,</em></strong></span> <span class='ocrx_word' id='word_1_119' title='bbox 1930 994 2171 1069; x_wconf 88' lang='lat' dir='ltr'><strong><em>impleta.</em></strong></span> <span class='ocrx_word' id='word_1_120' title='bbox 2200 992 2305 1053; x_wconf 86' lang='lat' dir='ltr'><strong><em>Ubi</em></strong></span> <span class='ocrx_word' id='word_1_121' title='bbox 2333 1002 2460 1054; x_wconf 88' lang='lat' dir='ltr'><strong><em>sunt</em></strong></span> <span class='ocrx_word' id='word_1_122' title='bbox 2499 994 2767 1053; x_wconf 82' lang='lat' dir='ltr'><strong><em>sacriﬁcia</em></strong></span> <span class='ocrx_word' id='word_1_123' title='bbox 2793 995 3137 1053; x_wconf 66' lang='lat' dir='ltr'><strong><em>Iudaeorum?</em></strong></span> <span class='ocrx_word' id='word_1_124' title='bbox 3166 996 3526 1053; x_wconf 86' lang='lat' dir='ltr'><strong><em>Transierunt</em></strong></span> 
     </span>
    </p>
   </div>
   <div class='ocr_carea' id='block_1_10' title="bbox 249 1087 3528 1168">
    <p class='ocr_par' dir='ltr' id='par_1_10' title="bbox 249 1087 3528 1168">
     <span class='ocr_line' id='line_1_10' title="bbox 249 1087 3528 1168; baseline -0.003 -13"><span class='ocrx_word' id='word_1_125' title='bbox 249 1098 485 1155; x_wconf 86' lang='lat' dir='ltr'><strong><em>ostendit</em></strong></span> <span class='ocrx_word' id='word_1_126' title='bbox 508 1112 786 1168; x_wconf 87' lang='lat' dir='ltr'><strong><em>nunquam</em></strong></span> <span class='ocrx_word' id='word_1_127' title='bbox 828 1111 923 1153; x_wconf 90' lang='lat' dir='ltr'><strong><em>eos</em></strong></span> <span class='ocrx_word' id='word_1_128' title='bbox 963 1096 1203 1168; x_wconf 82' lang='lat' dir='ltr'><strong><em>purgari.</em></strong></span> <span class='ocrx_word' id='word_1_129' title='bbox 1234 1095 1388 1152; x_wconf 90' lang='lat' dir='ltr'><strong><em>Sicut</em></strong></span> <span class='ocrx_word' id='word_1_130' title='bbox 1419 1095 1564 1151; x_wconf 90' lang='lat' dir='ltr'><strong><em>enim</em></strong></span> <span class='ocrx_word' id='word_1_131' title='bbox 1593 1093 1831 1150; x_wconf 87' lang='lat' dir='ltr'><strong><em>medica—</em></strong></span> <span class='ocrx_word' id='word_1_132' title='bbox 1933 1094 2121 1146; x_wconf 90' lang='lat' dir='ltr'><strong><em>etnon</em></strong></span> <span class='ocrx_word' id='word_1_133' title='bbox 2150 1097 2277 1146; x_wconf 91' lang='lat' dir='ltr'><strong><em>sunt</em></strong></span> <span class='ocrx_word' id='word_1_134' title='bbox 2310 1089 2366 1144; x_wconf 91' lang='lat' dir='ltr'><strong><em>in</em></strong></span> <span class='ocrx_word' id='word_1_135' title='bbox 2392 1087 2637 1145; x_wconf 81' lang='lat' dir='ltr'><strong><em>Ecclesia</em></strong></span> <span class='ocrx_word' id='word_1_136' title='bbox 2668 1087 2906 1158; x_wconf 84' lang='lat' dir='ltr'><strong><em>Christi;</em></strong></span> <span class='ocrx_word' id='word_1_137' title='bbox 2944 1090 3075 1160; x_wconf 83' lang='lat' dir='ltr'><strong><em>quia</em></strong></span> <span class='ocrx_word' id='word_1_138' title='bbox 3121 1089 3271 1145; x_wconf 86' lang='lat' dir='ltr'><strong><em>venit</em></strong></span> <span class='ocrx_word' id='word_1_139' title='bbox 3313 1088 3404 1143; x_wconf 91' lang='lat' dir='ltr'><strong><em>ille</em></strong></span> <span class='ocrx_word' id='word_1_140' title='bbox 3436 1090 3528 1160; x_wconf 88' lang='lat' dir='ltr'><strong><em>qui</em></strong></span> 
     </span>
    </p>
   </div>
   <div class='ocr_carea' id='block_1_11' title="bbox 246 1176 3530 1260">
    <p class='ocr_par' dir='ltr' id='par_1_11' title="bbox 246 1176 3530 1260">
     <span class='ocr_line' id='line_1_11' title="bbox 246 1176 3530 1260; baseline -0.004 -13"><span class='ocrx_word' id='word_1_141' title='bbox 246 1196 510 1257; x_wconf 81' lang='lat' dir='ltr'><strong><em>mentum,</em></strong></span> <span class='ocrx_word' id='word_1_142' title='bbox 535 1189 754 1260; x_wconf 78' lang='lat' dir='ltr'><strong><em>quando</em></strong></span> <span class='ocrx_word' id='word_1_143' title='bbox 772 1188 940 1244; x_wconf 59' lang='lat' dir='ltr'><strong><em>tueri</em></strong></span> <span class='ocrx_word' id='word_1_144' title='bbox 964 1187 1105 1245; x_wconf 80' lang='lat' dir='ltr'><strong><em>fbrte</em></strong></span> <span class='ocrx_word' id='word_1_145' title='bbox 1127 1195 1183 1244; x_wconf 91' lang='lat' dir='ltr'><strong><em>et</em></strong></span> <span class='ocrx_word' id='word_1_146' title='bbox 1206 1186 1398 1244; x_wconf 88' lang='lat' dir='ltr'><strong><em>salutis</em></strong></span> <span class='ocrx_word' id='word_1_147' title='bbox 1423 1185 1633 1253; x_wconf 73' lang='lat' dir='ltr'><strong><em>efﬁcax,</em></strong></span> <span class='ocrx_word' id='word_1_148' title='bbox 1656 1191 1712 1241; x_wconf 90' lang='lat' dir='ltr'><strong><em>et</em></strong></span> <span class='ocrx_word' id='word_1_149' title='bbox 1741 1200 1833 1240; x_wconf 83' lang='lat' dir='ltr'><strong><em>va—</em></strong></span> <span class='ocrx_word' id='word_1_150' title='bbox 1932 1178 2270 1254; x_wconf 82' lang='lat' dir='ltr'><strong><em>ﬁgurabatur</em></strong></span> <span class='ocrx_word' id='word_1_151' title='bbox 2306 1176 2413 1237; x_wconf 85' lang='lat' dir='ltr'><strong><em>illis</em></strong></span> <span class='ocrx_word' id='word_1_152' title='bbox 2446 1180 2751 1247; x_wconf 88' lang='lat' dir='ltr'><strong><em>sacriﬁciis,</em></strong></span> <span class='ocrx_word' id='word_1_153' title='bbox 2781 1179 2848 1235; x_wconf 88' lang='lat' dir='ltr'><strong><em>de</em></strong></span> <span class='ocrx_word' id='word_1_154' title='bbox 2887 1196 2994 1251; x_wconf 92' lang='lat' dir='ltr'><strong><em>quo</em></strong></span> <span class='ocrx_word' id='word_1_155' title='bbox 3018 1180 3073 1234; x_wconf 86' lang='lat' dir='ltr'><strong><em>in</em></strong></span> <span class='ocrx_word' id='word_1_156' title='bbox 3108 1180 3298 1251; x_wconf 83' lang='lat' dir='ltr'><strong><em>capite,</em></strong></span> <span class='ocrx_word' id='word_1_157' title='bbox 3329 1181 3442 1236; x_wconf 72' lang='lat' dir='ltr'><strong><em>sive</em></strong></span> <span class='ocrx_word' id='word_1_158' title='bbox 3473 1178 3530 1233; x_wconf 91' lang='lat' dir='ltr'><strong><em>in</em></strong></span> 
     </span>
    </p>
   </div>
   <div class='ocr_carea' id='block_1_12' title="bbox 246 1267 3530 1352">
    <p class='ocr_par' dir='ltr' id='par_1_12' title="bbox 246 1267 3530 1352">
     <span class='ocr_line' id='line_1_12' title="bbox 246 1267 3530 1352; baseline -0.005 -13"><span class='ocrx_word' id='word_1_159' title='bbox 246 1283 361 1339; x_wconf 86' lang='lat' dir='ltr'><strong><em>lens</em></strong></span> <span class='ocrx_word' id='word_1_160' title='bbox 401 1288 654 1339; x_wconf 77' lang='lat' dir='ltr'><strong><em>cunctam</em></strong></span> <span class='ocrx_word' id='word_1_161' title='bbox 684 1280 1046 1337; x_wconf 77' lang='lat' dir='ltr'><strong><em>valetudinem</em></strong></span> <span class='ocrx_word' id='word_1_162' title='bbox 1084 1280 1365 1352; x_wconf 84' lang='lat' dir='ltr'><strong><em>repellere,</em></strong></span> <span class='ocrx_word' id='word_1_163' title='bbox 1393 1277 1564 1336; x_wconf 87' lang='lat' dir='ltr'><strong><em>semel</em></strong></span> <span class='ocrx_word' id='word_1_164' title='bbox 1606 1276 1831 1348; x_wconf 86' lang='lat' dir='ltr'><strong><em>imposi—</em></strong></span> <span class='ocrx_word' id='word_1_165' title='bbox 1933 1272 2171 1345; x_wconf 90' lang='lat' dir='ltr'><strong><em>capitulo</em></strong></span> <span class='ocrx_word' id='word_1_166' title='bbox 2195 1272 2318 1327; x_wconf 85' lang='lat' dir='ltr'><strong><em>libri</em></strong></span> <span class='ocrx_word' id='word_1_167' title='bbox 2358 1273 2610 1344; x_wconf 88' lang='lat' dir='ltr'><strong><em>scriptum</em></strong></span> <span class='ocrx_word' id='word_1_168' title='bbox 2640 1280 2736 1327; x_wconf 89' lang='lat' dir='ltr'><strong><em>est.</em></strong></span> <span class='ocrx_word' id='word_1_169' title='bbox 2764 1269 2928 1342; x_wconf 88' lang='lat' dir='ltr'><strong><em>Cujus</em></strong></span> <span class='ocrx_word' id='word_1_170' title='bbox 2968 1270 3129 1326; x_wconf 84' lang='lat' dir='ltr'><strong><em>libri?</em></strong></span> <span class='ocrx_word' id='word_1_171' title='bbox 3155 1270 3353 1343; x_wconf 84' lang='lat' dir='ltr'><strong><em>Utique</em></strong></span> <span class='ocrx_word' id='word_1_172' title='bbox 3376 1267 3530 1325; x_wconf 89' lang='lat' dir='ltr'><strong><em>Psal-</em></strong></span> 
     </span>
    </p>
   </div>
   <div class='ocr_carea' id='block_1_13' title="bbox 244 1360 3528 1445">
    <p class='ocr_par' dir='ltr' id='par_1_13' title="bbox 244 1360 3528 1445">
     <span class='ocr_line' id='line_1_13' title="bbox 244 1360 3528 1445; baseline -0.004 -16"><span class='ocrx_word' id='word_1_173' title='bbox 244 1380 358 1430; x_wconf 89' lang='lat' dir='ltr'><strong><em>tum</em></strong></span> <span class='ocrx_word' id='word_1_174' title='bbox 386 1379 567 1429; x_wconf 86' lang='lat' dir='ltr'><strong><em>totum</em></strong></span> <span class='ocrx_word' id='word_1_175' title='bbox 609 1371 903 1445; x_wconf 87' lang='lat' dir='ltr'><strong><em>[operatur.</em></strong></span> <span class='ocrx_word' id='word_1_176' title='bbox 934 1370 994 1428; x_wconf 77' lang='lat' dir='ltr'><strong><em>Si</em></strong></span> <span class='ocrx_word' id='word_1_177' title='bbox 1030 1386 1159 1443; x_wconf 79' lang='lat' dir='ltr'><strong><em>ergo</em></strong></span> <span class='ocrx_word' id='word_1_178' title='bbox 1190 1370 1355 1428; x_wconf 87' lang='lat' dir='ltr'><strong><em>semel</em></strong></span> <span class='ocrx_word' id='word_1_179' title='bbox 1392 1369 1709 1442; x_wconf 82' lang='lat' dir='ltr'><strong><em>impositum</em></strong></span> <span class='ocrx_word' id='word_1_180' title='bbox 1744 1374 1831 1423; x_wconf 79' lang='lat' dir='ltr'><strong><em>to-</em></strong></span> <span class='ocrx_word' id='word_1_181' title='bbox 1933 1364 2081 1431; x_wconf 89' lang='lat' dir='ltr'><strong><em>terii,</em></strong></span> <span class='ocrx_word' id='word_1_182' title='bbox 2109 1363 2202 1420; x_wconf 88' lang='lat' dir='ltr'><strong><em>ubi</em></strong></span> <span class='ocrx_word' id='word_1_183' title='bbox 2231 1363 2468 1420; x_wconf 88' lang='lat' dir='ltr'><strong><em>dicitur:</em></strong></span> <span class='ocrx_word' id='word_1_184' title='bbox 2495 1361 2691 1419; x_wconf 79' lang='lat' dir='ltr'><strong><em>Beatus</em></strong></span> <span class='ocrx_word' id='word_1_185' title='bbox 2720 1364 2799 1419; x_wconf 78' lang='lat' dir='ltr'><strong><em>uir</em></strong></span> <span class='ocrx_word' id='word_1_186' title='bbox 2818 1362 2910 1435; x_wconf 84' lang='lat' dir='ltr'><strong><em>qui</em></strong></span> <span class='ocrx_word' id='word_1_187' title='bbox 2935 1380 3038 1418; x_wconf 85' lang='lat' dir='ltr'><strong><em>non</em></strong></span> <span class='ocrx_word' id='word_1_188' title='bbox 3070 1361 3197 1418; x_wconf 85' lang='lat' dir='ltr'><strong><em>abiit</em></strong></span> <span class='ocrx_word' id='word_1_189' title='bbox 3227 1363 3282 1417; x_wconf 84' lang='lat' dir='ltr'><strong><em>in</em></strong></span> <span class='ocrx_word' id='word_1_190' title='bbox 3308 1360 3528 1417; x_wconf 80' lang='lat' dir='ltr'><strong><em>consilio</em></strong></span> 
     </span>
    </p>
   </div>
   <div class='ocr_carea' id='block_1_14' title="bbox 241 1456 3530 1538">
    <p class='ocr_par' dir='ltr' id='par_1_14' title="bbox 241 1456 3530 1538">
     <span class='ocr_line' id='line_1_14' title="bbox 241 1456 3530 1538; baseline -0.003 -17"><span class='ocrx_word' id='word_1_191' title='bbox 241 1463 377 1538; x_wconf 85' lang='lat' dir='ltr'><strong><em>tum]</em></strong></span> <span class='ocrx_word' id='word_1_192' title='bbox 403 1471 691 1535; x_wconf 83' lang='lat' dir='ltr'><strong><em>operatum</em></strong></span> <span class='ocrx_word' id='word_1_193' title='bbox 716 1463 901 1530; x_wconf 73' lang='lat' dir='ltr'><strong><em>fuerit,</em></strong></span> <span class='ocrx_word' id='word_1_194' title='bbox 926 1462 1165 1519; x_wconf 78' lang='lat' dir='ltr'><strong><em>ostendit</em></strong></span> <span class='ocrx_word' id='word_1_195' title='bbox 1187 1460 1309 1532; x_wconf 81' lang='lat' dir='ltr'><strong><em>ejus</em></strong></span> <span class='ocrx_word' id='word_1_196' title='bbox 1328 1461 1609 1529; x_wconf 77' lang='lat' dir='ltr'><strong><em>virtutem,</em></strong></span> <span class='ocrx_word' id='word_1_197' title='bbox 1634 1465 1832 1515; x_wconf 84' lang='lat' dir='ltr'><strong><em>utnon</em></strong></span> <span class='ocrx_word' id='word_1_198' title='bbox 1932 1457 2212 1529; x_wconf 81' lang='lat' dir='ltr'><strong><em>impiorum</em></strong></span> <span class='ocrx_word' id='word_1_199' title='bbox 2229 1499 2244 1526; x_wconf 92' lang='lat'><strong><em>,</em></strong></span> <span class='ocrx_word' id='word_1_200' title='bbox 2274 1462 2323 1512; x_wconf 89' lang='lat' dir='ltr'><strong><em>et</em></strong></span> <span class='ocrx_word' id='word_1_201' title='bbox 2356 1457 2413 1512; x_wconf 85' lang='lat' dir='ltr'><strong><em>in</em></strong></span> <span class='ocrx_word' id='word_1_202' title='bbox 2457 1456 2541 1513; x_wconf 83' lang='lat' dir='ltr'><strong><em>via</em></strong></span> <span class='ocrx_word' id='word_1_203' title='bbox 2568 1466 2902 1531; x_wconf 86' lang='lat' dir='ltr'><strong><em>peccatorum</em></strong></span> <span class='ocrx_word' id='word_1_204' title='bbox 2940 1473 3046 1512; x_wconf 85' lang='lat' dir='ltr'><strong><em>non</em></strong></span> <span class='ocrx_word' id='word_1_205' title='bbox 3074 1457 3245 1523; x_wconf 83' lang='lat' dir='ltr'><strong><em>stetit,</em></strong></span> <span class='ocrx_word' id='word_1_206' title='bbox 3273 1464 3324 1511; x_wconf 89' lang='lat' dir='ltr'><strong><em>et</em></strong></span> <span class='ocrx_word' id='word_1_207' title='bbox 3360 1473 3417 1511; x_wconf 71' lang='grc' dir='ltr'><strong><em>ιη</em></strong></span> <span class='ocrx_word' id='word_1_208' title='bbox 3442 1473 3530 1511; x_wconf 90' lang='lat' dir='ltr'><strong><em>ca-</em></strong></span> 
     </span>
    </p>
   </div>
   <div class='ocr_carea' id='block_1_15' title="bbox 240 1544 3529 1629">
    <p class='ocr_par' dir='ltr' id='par_1_15' title="bbox 240 1544 3529 1629">
     <span class='ocr_line' id='line_1_15' title="bbox 240 1544 3529 1629; baseline -0.004 -15"><span class='ocrx_word' id='word_1_209' title='bbox 240 1557 474 1614; x_wconf 84' lang='lat' dir='ltr'><strong><em>ulterius</em></strong></span> <span class='ocrx_word' id='word_1_210' title='bbox 518 1561 835 1628; x_wconf 82' lang='lat' dir='ltr'><strong><em>apponatur.</em></strong></span> <span class='ocrx_word' id='word_1_211' title='bbox 879 1550 981 1629; x_wconf 83' lang='lat' dir='ltr'><strong><em>[Et</em></strong></span> <span class='ocrx_word' id='word_1_212' title='bbox 1006 1555 1112 1611; x_wconf 91' lang='lat' dir='ltr'><strong><em>hoc</em></strong></span> <span class='ocrx_word' id='word_1_213' title='bbox 1152 1560 1237 1611; x_wconf 86' lang='lat' dir='ltr'><strong><em>est</em></strong></span> <span class='ocrx_word' id='word_1_214' title='bbox 1279 1554 1397 1627; x_wconf 82' lang='lat' dir='ltr'><strong><em>ejus</em></strong></span> <span class='ocrx_word' id='word_1_215' title='bbox 1424 1566 1585 1625; x_wconf 86' lang='lat' dir='ltr'><strong><em>opus,</em></strong></span> <span class='ocrx_word' id='word_1_216' title='bbox 1618 1558 1681 1607; x_wconf 86' lang='lat' dir='ltr'><strong><em>ut</em></strong></span> <span class='ocrx_word' id='word_1_217' title='bbox 1715 1550 1832 1622; x_wconf 82' lang='lat' dir='ltr'><strong><em>jam</em></strong></span> <span class='ocrx_word' id='word_1_218' title='bbox 1933 1549 2120 1608; x_wconf 85' lang='lat' dir='ltr'><strong><em>thedra</em></strong></span> <span class='ocrx_word' id='word_1_219' title='bbox 2150 1544 2461 1622; x_wconf 71' lang='lat' dir='ltr'><strong><em>pestilentior</em></strong></span> <span class='ocrx_word' id='word_1_220' title='bbox 2490 1566 2595 1605; x_wconf 87' lang='lat' dir='ltr'><strong><em>non</em></strong></span> <span class='ocrx_word' id='word_1_221' title='bbox 2634 1548 2797 1615; x_wconf 83' lang='lat' dir='ltr'><strong><em>sedit,</em></strong></span> <span class='ocrx_word' id='word_1_222' title='bbox 2827 1547 2916 1604; x_wconf 88' lang='lat' dir='ltr'><strong><em>sed</em></strong></span> <span class='ocrx_word' id='word_1_223' title='bbox 2952 1547 3008 1602; x_wconf 88' lang='lat' dir='ltr'><strong><em>in</em></strong></span> <span class='ocrx_word' id='word_1_224' title='bbox 3048 1546 3157 1620; x_wconf 81' lang='lat' dir='ltr'><strong><em>lege</em></strong></span> <span class='ocrx_word' id='word_1_225' title='bbox 3193 1544 3407 1602; x_wconf 77' lang='lat' dir='ltr'><strong><em>Domini</em></strong></span> <span class='ocrx_word' id='word_1_226' title='bbox 3442 1564 3529 1601; x_wconf 85' lang='lat' dir='ltr'><strong><em>vo-</em></strong></span> 
     </span>
    </p>
   </div>
   <div class='ocr_carea' id='block_1_16' title="bbox 240 1641 3530 1723">
    <p class='ocr_par' dir='ltr' id='par_1_16' title="bbox 240 1641 3530 1723">
     <span class='ocr_line' id='line_1_16' title="bbox 240 1641 3530 1723; baseline -0.004 -15"><span class='ocrx_word' id='word_1_227' title='bbox 240 1664 348 1709; x_wconf 86' lang='lat' dir='ltr'><strong><em>non</em></strong></span> <span class='ocrx_word' id='word_1_228' title='bbox 387 1648 738 1723; x_wconf 83' lang='lat' dir='ltr'><strong><em>apponatur.]</em></strong></span> <span class='ocrx_word' id='word_1_229' title='bbox 778 1647 840 1705; x_wconf 78' lang='lat' dir='ltr'><strong><em>Si</em></strong></span> <span class='ocrx_word' id='word_1_230' title='bbox 883 1657 1016 1704; x_wconf 70' lang='lat' dir='ltr'><strong><em>vero</em></strong></span> <span class='ocrx_word' id='word_1_231' title='bbox 1045 1658 1258 1717; x_wconf 83' lang='lat' dir='ltr'><strong><em>semper</em></strong></span> <span class='ocrx_word' id='word_1_232' title='bbox 1298 1646 1605 1718; x_wconf 87' lang='lat' dir='ltr'><strong><em>apponitur,</em></strong></span> <span class='ocrx_word' id='word_1_233' title='bbox 1657 1643 1833 1718; x_wconf 51' lang='lat' dir='ltr'><strong><em>mani-</em></strong></span> <span class='ocrx_word' id='word_1_234' title='bbox 1933 1644 2110 1700; x_wconf 85' lang='lat' dir='ltr'><strong><em>luntas</em></strong></span> <span class='ocrx_word' id='word_1_235' title='bbox 2142 1644 2256 1716; x_wconf 83' lang='lat' dir='ltr'><strong><em>ejus</em></strong></span> <span class='ocrx_word' id='word_1_236' title='bbox 2281 1643 2454 1717; x_wconf 86' lang='lat' dir='ltr'><strong><em>(Psal.</em></strong></span> <span class='ocrx_word' id='word_1_237' title='bbox 2482 1660 2524 1711; x_wconf 85' lang='grc' dir='ltr'><strong><em>ι,</em></strong></span> <span class='ocrx_word' id='word_1_238' title='bbox 2554 1644 2628 1717; x_wconf 84' lang='grc'><strong><em>1).</em></strong></span> <span class='ocrx_word' id='word_1_239' title='bbox 2684 1643 2787 1712; x_wconf 86' lang='lat' dir='ltr'><strong><em>Qui</em></strong></span> <span class='ocrx_word' id='word_1_240' title='bbox 2837 1643 3079 1716; x_wconf 88' lang='lat' dir='ltr'><strong><em>psalmus</em></strong></span> <span class='ocrx_word' id='word_1_241' title='bbox 3119 1642 3388 1714; x_wconf 85' lang='lat' dir='ltr'><strong><em>capitulus</em></strong></span> <span class='ocrx_word' id='word_1_242' title='bbox 3416 1641 3530 1715; x_wconf 87' lang='lat' dir='ltr'><strong><em>[Ita</em></strong></span> 
     </span>
    </p>
   </div>
   <div class='ocr_carea' id='block_1_17' title="bbox 238 1731 3530 1810">
    <p class='ocr_par' dir='ltr' id='par_1_17' title="bbox 238 1731 3530 1810">
     <span class='ocr_line' id='line_1_17' title="bbox 238 1731 3530 1810; baseline -0.004 -10"><span class='ocrx_word' id='word_1_243' title='bbox 238 1744 445 1800; x_wconf 86' lang='lat' dir='ltr'><strong><em>festum</em></strong></span> <span class='ocrx_word' id='word_1_244' title='bbox 487 1741 746 1799; x_wconf 87' lang='lat' dir='ltr'><strong><em>indicium</em></strong></span> <span class='ocrx_word' id='word_1_245' title='bbox 789 1749 875 1797; x_wconf 84' lang='lat' dir='ltr'><strong><em>est</em></strong></span> <span class='ocrx_word' id='word_1_246' title='bbox 901 1740 1083 1796; x_wconf 87' lang='lat' dir='ltr'><strong><em>minus</em></strong></span> <span class='ocrx_word' id='word_1_247' title='bbox 1116 1738 1247 1796; x_wconf 89' lang='lat' dir='ltr'><strong><em>illud</em></strong></span> <span class='ocrx_word' id='word_1_248' title='bbox 1282 1737 1631 1810; x_wconf 68' lang='lat' dir='ltr'><strong><em>prtevaluisse</em></strong></span> <span class='ocrx_word' id='word_1_249' title='bbox 1659 1737 1830 1793; x_wconf 89' lang='lat' dir='ltr'><strong><em>medi-</em></strong></span> <span class='ocrx_word' id='word_1_250' title='bbox 1862 1808 1876 1810; x_wconf 28' lang='grc' dir='ltr'><strong><em>Α</em></strong></span> <span class='ocrx_word' id='word_1_251' title='bbox 1934 1732 2094 1809; x_wconf 85' lang='lat' dir='ltr'><strong><em>Cod.]</em></strong></span> <span class='ocrx_word' id='word_1_252' title='bbox 2126 1735 2251 1791; x_wconf 89' lang='lat' dir='ltr'><strong><em>libri</em></strong></span> <span class='ocrx_word' id='word_1_253' title='bbox 2291 1736 2457 1792; x_wconf 85' lang='lat' dir='ltr'><strong><em>totius</em></strong></span> <span class='ocrx_word' id='word_1_254' title='bbox 2484 1735 2683 1791; x_wconf 85' lang='lat' dir='ltr'><strong><em>dicitur</em></strong></span> <span class='ocrx_word' id='word_1_255' title='bbox 2706 1750 2737 1790; x_wconf 89' lang='lat' dir='ltr'><strong><em>a</em></strong></span> <span class='ocrx_word' id='word_1_256' title='bbox 2766 1734 3124 1806; x_wconf 82' lang='lat' dir='ltr'><strong><em>quibusdam;</em></strong></span> <span class='ocrx_word' id='word_1_257' title='bbox 3156 1734 3279 1790; x_wconf 90' lang='lat' dir='ltr'><strong><em>ideo</em></strong></span> <span class='ocrx_word' id='word_1_258' title='bbox 3306 1740 3362 1789; x_wconf 88' lang='lat' dir='ltr'><strong><em>et</em></strong></span> <span class='ocrx_word' id='word_1_259' title='bbox 3387 1731 3530 1803; x_wconf 86' lang='lat' dir='ltr'><strong><em>Apo-</em></strong></span> 
     </span>
    </p>
   </div>
   <div class='ocr_carea' id='block_1_18' title="bbox 238 1808 3528 1905">
    <p class='ocr_par' dir='ltr' id='par_1_18' title="bbox 238 1808 3528 1905">
     <span class='ocr_line' id='line_1_18' title="bbox 238 1808 3528 1905; baseline -0.004 -15"><span class='ocrx_word' id='word_1_260' title='bbox 238 1840 573 1890; x_wconf 85' lang='lat' dir='ltr'><strong><em>eamentum.</em></strong></span> <span class='ocrx_word' id='word_1_261' title='bbox 601 1832 810 1903; x_wconf 83' lang='lat' dir='ltr'><strong><em>Quippe</em></strong></span> <span class='ocrx_word' id='word_1_262' title='bbox 832 1832 1004 1887; x_wconf 73' lang='lat' dir='ltr'><strong><em>virtus</em></strong></span> <span class='ocrx_word' id='word_1_263' title='bbox 1030 1829 1174 1887; x_wconf 87' lang='lat' dir='ltr'><strong><em>illius</em></strong></span> <span class='ocrx_word' id='word_1_264' title='bbox 1197 1808 1372 1905; x_wconf 18' lang='lat' dir='ltr'><strong><em>est—[ut</em></strong></span> <span class='ocrx_word' id='word_1_265' title='bbox 1396 1828 1564 1886; x_wconf 87' lang='lat' dir='ltr'><strong><em>semel</em></strong></span> <span class='ocrx_word' id='word_1_266' title='bbox 1593 1844 1833 1901; x_wconf 88' lang='lat' dir='ltr'><strong><em>appona-</em></strong></span> <span class='ocrx_word' id='word_1_267' title='bbox 1857 1808 1907 1872; x_wconf 65' lang='grc' dir='ltr'><strong><em>Β</em></strong></span> <span class='ocrx_word' id='word_1_268' title='bbox 1935 1808 2110 1886; x_wconf 89' lang='lat' dir='ltr'><strong><em>stolus</em></strong></span> <span class='ocrx_word' id='word_1_269' title='bbox 2134 1827 2386 1893; x_wconf 81' lang='lat' dir='ltr'><strong><em>hicdicit</em></strong></span> <span class='ocrx_word' id='word_1_270' title='bbox 2411 1845 2424 1880; x_wconf 91' lang='lat'>:</span> <span class='ocrx_word' id='word_1_271' title='bbox 2458 1826 2525 1881; x_wconf 82' lang='lat' dir='ltr'><strong><em>In</em></strong></span> <span class='ocrx_word' id='word_1_272' title='bbox 2555 1826 2723 1897; x_wconf 90' lang='lat' dir='ltr'><strong><em>capite</em></strong></span> <span class='ocrx_word' id='word_1_273' title='bbox 2753 1825 2873 1880; x_wconf 81' lang='lat' dir='ltr'><strong><em>libri</em></strong></span> <span class='ocrx_word' id='word_1_274' title='bbox 2913 1826 3167 1896; x_wconf 85' lang='lat' dir='ltr'><strong><em>scriptum</em></strong></span> <span class='ocrx_word' id='word_1_275' title='bbox 3196 1834 3271 1880; x_wconf 87' lang='lat' dir='ltr'><strong><em>est</em></strong></span> <span class='ocrx_word' id='word_1_276' title='bbox 3317 1824 3381 1879; x_wconf 88' lang='lat' dir='ltr'><strong><em>de</em></strong></span> <span class='ocrx_word' id='word_1_277' title='bbox 3423 1840 3528 1890; x_wconf 87' lang='lat' dir='ltr'><strong><em>me,</em></strong></span> 
     </span>
    </p>
   </div>
   <div class='ocr_carea' id='block_1_19' title="bbox 238 1910 3534 1996">
    <p class='ocr_par' dir='ltr' id='par_1_19' title="bbox 238 1910 3534 1996">
     <span class='ocr_line' id='line_1_19' title="bbox 238 1910 3534 1996; baseline -0.005 -14"><span class='ocrx_word' id='word_1_278' title='bbox 238 1932 327 1983; x_wconf 86' lang='lat' dir='ltr'><strong><em>tur</em></strong></span> <span class='ocrx_word' id='word_1_279' title='bbox 362 1933 424 1982; x_wconf 84' lang='lat' dir='ltr'><strong><em>et</em></strong></span> <span class='ocrx_word' id='word_1_280' title='bbox 462 1938 573 1984; x_wconf 89' lang='lat' dir='ltr'><strong><em>non</em></strong></span> <span class='ocrx_word' id='word_1_281' title='bbox 614 1924 930 1996; x_wconf 87' lang='lat' dir='ltr'><strong><em>frequenter</em></strong></span> <span class='ocrx_word' id='word_1_282' title='bbox 961 1941 976 1979; x_wconf 90' lang='lat'><strong>:</strong></span> <span class='ocrx_word' id='word_1_283' title='bbox 1011 1924 1092 1981; x_wconf 85' lang='lat' dir='ltr'><strong><em>sic</em></strong></span> <span class='ocrx_word' id='word_1_284' title='bbox 1125 1924 1289 1980; x_wconf 90' lang='lat' dir='ltr'><strong><em>etiam</em></strong></span> <span class='ocrx_word' id='word_1_285' title='bbox 1320 1920 1428 1980; x_wconf 89' lang='lat' dir='ltr'><strong><em>hic.</em></strong></span> <span class='ocrx_word' id='word_1_286' title='bbox 1456 1920 1574 1990; x_wconf 88' lang='lat' dir='ltr'><strong><em>Qua</em></strong></span> <span class='ocrx_word' id='word_1_287' title='bbox 1615 1921 1829 1977; x_wconf 87' lang='lat' dir='ltr'><strong><em>ratione</em></strong></span> <span class='ocrx_word' id='word_1_288' title='bbox 1935 1925 1995 1973; x_wconf 89' lang='lat' dir='ltr'><strong><em>ut</em></strong></span> <span class='ocrx_word' id='word_1_289' title='bbox 2028 1916 2221 1987; x_wconf 80' lang='lat' dir='ltr'><strong><em>faciam</em></strong></span> <span class='ocrx_word' id='word_1_290' title='bbox 2268 1916 2409 1970; x_wconf 85' lang='lat' dir='ltr'><strong><em>Deus</em></strong></span> <span class='ocrx_word' id='word_1_291' title='bbox 2448 1914 2767 1971; x_wconf 84' lang='lat' dir='ltr'><strong><em>voluntatem</em></strong></span> <span class='ocrx_word' id='word_1_292' title='bbox 2793 1921 2960 1968; x_wconf 81' lang='lat' dir='ltr'><strong><em>tuam.</em></strong></span> <span class='ocrx_word' id='word_1_293' title='bbox 2995 1913 3110 1969; x_wconf 82' lang='lat' dir='ltr'><strong><em>Hoc</em></strong></span> <span class='ocrx_word' id='word_1_294' title='bbox 3150 1921 3256 1981; x_wconf 87' lang='lat' dir='ltr'><strong><em>est,</em></strong></span> <span class='ocrx_word' id='word_1_295' title='bbox 3291 1910 3436 1984; x_wconf 91' lang='lat' dir='ltr'><strong><em>quod</em></strong></span> <span class='ocrx_word' id='word_1_296' title='bbox 3476 1914 3534 1967; x_wconf 89' lang='lat' dir='ltr'><strong><em>in</em></strong></span> 
     </span>
    </p>
   </div>
   <div class='ocr_carea' id='block_1_20' title="bbox 239 2004 3535 2086">
    <p class='ocr_par' dir='ltr' id='par_1_20' title="bbox 239 2004 3535 2086">
     <span class='ocr_line' id='line_1_20' title="bbox 239 2004 3535 2086; baseline -0.004 -14"><span class='ocrx_word' id='word_1_297' title='bbox 239 2014 450 2072; x_wconf 86' lang='lat' dir='ltr'><strong><em>eisdem</em></strong></span> <span class='ocrx_word' id='word_1_298' title='bbox 492 2013 776 2072; x_wconf 75' lang='lat' dir='ltr'><strong><em>sacriﬁciis</em></strong></span> <span class='ocrx_word' id='word_1_299' title='bbox 818 2022 1035 2086; x_wconf 84' lang='lat' dir='ltr'><strong><em>semper</em></strong></span> <span class='ocrx_word' id='word_1_300' title='bbox 1076 2013 1442 2069; x_wconf 84' lang='lat' dir='ltr'><strong><em>curabantur?</em></strong></span> <span class='ocrx_word' id='word_1_301' title='bbox 1482 2011 1542 2067; x_wconf 84' lang='lat' dir='ltr'><strong><em>Si</em></strong></span> <span class='ocrx_word' id='word_1_302' title='bbox 1587 2009 1733 2066; x_wconf 88' lang='lat' dir='ltr'><strong><em>enim</em></strong></span> <span class='ocrx_word' id='word_1_303' title='bbox 1763 2006 1832 2066; x_wconf 86' lang='lat' dir='ltr'><strong><em>ab</em></strong></span> <span class='ocrx_word' id='word_1_304' title='bbox 1936 2008 2230 2080; x_wconf 79' lang='lat' dir='ltr'><strong><em>Evangelio</em></strong></span> <span class='ocrx_word' id='word_1_305' title='bbox 2256 2007 2455 2063; x_wconf 88' lang='lat' dir='ltr'><strong><em>dicitur</em></strong></span> <span class='ocrx_word' id='word_1_306' title='bbox 2480 2025 2492 2059; x_wconf 87' lang='lat'><strong>:</strong></span> <span class='ocrx_word' id='word_1_307' title='bbox 2521 2005 2648 2062; x_wconf 83' lang='lat' dir='ltr'><strong><em>Non</em></strong></span> <span class='ocrx_word' id='word_1_308' title='bbox 2680 2004 2817 2074; x_wconf 79' lang='lat' dir='ltr'><strong><em>ueni,</em></strong></span> <span class='ocrx_word' id='word_1_309' title='bbox 2852 2004 3049 2077; x_wconf 86' lang='lat' dir='ltr'><strong><em>inquit,</em></strong></span> <span class='ocrx_word' id='word_1_310' title='bbox 3085 2006 3256 2076; x_wconf 78' lang='lat' dir='ltr'><strong><em>facere</em></strong></span> <span class='ocrx_word' id='word_1_311' title='bbox 3294 2004 3535 2061; x_wconf 80' lang='lat' dir='ltr'><strong><em>volunta-</em></strong></span> 
     </span>
    </p>
   </div>
   <div class='ocr_carea' id='block_1_21' title="bbox 237 2094 3575 2176">
    <p class='ocr_par' dir='ltr' id='par_1_21' title="bbox 237 2094 3575 2176">
     <span class='ocr_line' id='line_1_21' title="bbox 237 2094 3575 2176; baseline -0.004 -13"><span class='ocrx_word' id='word_1_312' title='bbox 237 2105 496 2164; x_wconf 81' lang='lat' dir='ltr'><strong><em>omnibus</em></strong></span> <span class='ocrx_word' id='word_1_313' title='bbox 541 2114 725 2163; x_wconf 84' lang='lat' dir='ltr'><strong><em>essent</em></strong></span> <span class='ocrx_word' id='word_1_314' title='bbox 773 2094 990 2163; x_wconf 84' lang='lat' dir='ltr'><strong><em>liberati</em></strong></span> <span class='ocrx_word' id='word_1_315' title='bbox 1033 2105 1307 2176; x_wconf 81' lang='lat' dir='ltr'><strong><em>peccatis,</em></strong></span> <span class='ocrx_word' id='word_1_316' title='bbox 1352 2113 1695 2173; x_wconf 82' lang='lat' dir='ltr'><strong><em>nequaquam</em></strong></span> <span class='ocrx_word' id='word_1_317' title='bbox 1736 2112 1836 2171; x_wconf 87' lang='lat' dir='ltr'><strong><em>per</em></strong></span> <span class='ocrx_word' id='word_1_318' title='bbox 1936 2108 2041 2155; x_wconf 88' lang='lat' dir='ltr'><strong><em>tem</em></strong></span> <span class='ocrx_word' id='word_1_319' title='bbox 2069 2113 2262 2164; x_wconf 86' lang='lat' dir='ltr'><strong><em>meam,</em></strong></span> <span class='ocrx_word' id='word_1_320' title='bbox 2284 2096 2377 2152; x_wconf 87' lang='lat' dir='ltr'><strong><em>sed</em></strong></span> <span class='ocrx_word' id='word_1_321' title='bbox 2415 2095 2734 2152; x_wconf 78' lang='lat' dir='ltr'><strong><em>uoluntatem</em></strong></span> <span class='ocrx_word' id='word_1_322' title='bbox 2760 2096 2900 2167; x_wconf 82' lang='lat' dir='ltr'><strong><em>ejus,</em></strong></span> <span class='ocrx_word' id='word_1_323' title='bbox 2924 2096 3014 2167; x_wconf 85' lang='lat' dir='ltr'><strong><em>qui</em></strong></span> <span class='ocrx_word' id='word_1_324' title='bbox 3042 2095 3183 2150; x_wconf 82' lang='lat' dir='ltr'><strong><em>misit</em></strong></span> <span class='ocrx_word' id='word_1_325' title='bbox 3224 2111 3305 2151; x_wconf 88' lang='lat' dir='ltr'><strong><em>me</em></strong></span> <span class='ocrx_word' id='word_1_326' title='bbox 3347 2094 3529 2168; x_wconf 85' lang='lat' dir='ltr'><strong><em>(Joan.</em></strong></span> <span class='ocrx_word' id='word_1_327' title='bbox 3566 2120 3575 2126; x_wconf 86' lang='lat'><strong><em>-</em></strong></span> 
     </span>
    </p>
   </div>
   <div class='ocr_carea' id='block_1_22' title="bbox 236 2184 3531 2268">
    <p class='ocr_par' dir='ltr' id='par_1_22' title="bbox 236 2184 3531 2268">
     <span class='ocr_line' id='line_1_22' title="bbox 236 2184 3531 2268; baseline -0.004 -14"><span class='ocrx_word' id='word_1_328' title='bbox 236 2197 487 2268; x_wconf 72' lang='lat' dir='ltr'><strong><em>singulos</em></strong></span> <span class='ocrx_word' id='word_1_329' title='bbox 509 2195 627 2254; x_wconf 84' lang='lat' dir='ltr'><strong><em>dies</em></strong></span> <span class='ocrx_word' id='word_1_330' title='bbox 648 2195 869 2253; x_wconf 72' lang='lat' dir='ltr'><strong><em>oﬁ‘erret</em></strong></span> <span class='ocrx_word' id='word_1_331' title='bbox 887 2195 1012 2268; x_wconf 86' lang='lat' dir='ltr'><strong><em>quis</em></strong></span> <span class='ocrx_word' id='word_1_332' title='bbox 1037 2192 1573 2252; x_wconf 77' lang='lat' dir='ltr'><strong><em>saeriiicia.Pr&#39;oinde</em></strong></span> <span class='ocrx_word' id='word_1_333' title='bbox 1595 2205 1835 2249; x_wconf 88' lang='lat' dir='ltr'><strong><em>comme-</em></strong></span> <span class='ocrx_word' id='word_1_334' title='bbox 1937 2184 2157 2259; x_wconf 49' lang='lat' dir='ltr'><strong><em>v1,&#39;38).</em></strong></span> <span class='ocrx_word' id='word_1_335' title='bbox 2188 2185 2377 2255; x_wconf 77' lang='lat' dir='ltr'><strong><em>Aufert</em></strong></span> <span class='ocrx_word' id='word_1_336' title='bbox 2416 2184 2666 2256; x_wconf 83' lang='lat' dir='ltr'><strong><em>primum,</em></strong></span> <span class='ocrx_word' id='word_1_337' title='bbox 2709 2194 2768 2241; x_wconf 86' lang='lat' dir='ltr'><strong><em>ut</em></strong></span> <span class='ocrx_word' id='word_1_338' title='bbox 2813 2203 3032 2257; x_wconf 84' lang='lat' dir='ltr'><strong><em>sequens</em></strong></span> <span class='ocrx_word' id='word_1_339' title='bbox 3072 2194 3293 2241; x_wconf 82' lang='lat' dir='ltr'><strong><em>statuat.</em></strong></span> <span class='ocrx_word' id='word_1_340' title='bbox 3333 2185 3392 2241; x_wconf 87' lang='lat' dir='ltr'><strong><em>Id</em></strong></span> <span class='ocrx_word' id='word_1_341' title='bbox 3419 2196 3531 2253; x_wconf 88' lang='lat' dir='ltr'><strong><em>est,</em></strong></span> 
     </span>
    </p>
   </div>
   <div class='ocr_carea' id='block_1_23' title="bbox 237 2274 3531 2358">
    <p class='ocr_par' dir='ltr' id='par_1_23' title="bbox 237 2274 3531 2358">
     <span class='ocr_line' id='line_1_23' title="bbox 237 2274 3531 2358; baseline -0.003 -14"><span class='ocrx_word' id='word_1_342' title='bbox 237 2287 481 2344; x_wconf 81' lang='lat' dir='ltr'><strong><em>moratio</em></strong></span> <span class='ocrx_word' id='word_1_343' title='bbox 506 2288 715 2358; x_wconf 80' lang='lat' dir='ltr'><strong><em>peccati</em></strong></span> <span class='ocrx_word' id='word_1_344' title='bbox 758 2286 884 2354; x_wconf 84' lang='lat' dir='ltr'><strong><em>fuit,</em></strong></span> <span class='ocrx_word' id='word_1_345' title='bbox 923 2298 1033 2343; x_wconf 90' lang='lat' dir='ltr'><strong><em>non</em></strong></span> <span class='ocrx_word' id='word_1_346' title='bbox 1063 2284 1351 2354; x_wconf 78' lang='lat' dir='ltr'><strong><em>absolutio,</em></strong></span> <span class='ocrx_word' id='word_1_347' title='bbox 1372 2302 1391 2339; x_wconf 72' lang='grc' dir='ltr'><strong><em>ι</em></strong></span> <span class='ocrx_word' id='word_1_348' title='bbox 1423 2285 1551 2357; x_wconf 86' lang='lat' dir='ltr'><strong><em>quia</em></strong></span> <span class='ocrx_word' id='word_1_349' title='bbox 1596 2283 1836 2355; x_wconf 86' lang='lat' dir='ltr'><strong><em>quotidie</em></strong></span> <span class='ocrx_word' id='word_1_350' title='bbox 1934 2274 2178 2352; x_wconf 85' lang='lat' dir='ltr'><strong><em>primum</em></strong></span> <span class='ocrx_word' id='word_1_351' title='bbox 2227 2283 2645 2343; x_wconf 87' lang='lat' dir='ltr'><strong><em>testamentum,</em></strong></span> <span class='ocrx_word' id='word_1_352' title='bbox 2692 2275 2838 2348; x_wconf 91' lang='lat' dir='ltr'><strong><em>quod</em></strong></span> <span class='ocrx_word' id='word_1_353' title='bbox 2880 2275 3052 2349; x_wconf 87' lang='lat' dir='ltr'><strong><em>Moysi</em></strong></span> <span class='ocrx_word' id='word_1_354' title='bbox 3108 2276 3294 2333; x_wconf 91' lang='lat' dir='ltr'><strong><em>datum</em></strong></span> <span class='ocrx_word' id='word_1_355' title='bbox 3338 2284 3423 2333; x_wconf 91' lang='lat' dir='ltr'><strong><em>est</em></strong></span> <span class='ocrx_word' id='word_1_356' title='bbox 3472 2278 3531 2333; x_wconf 91' lang='lat' dir='ltr'><strong><em>in</em></strong></span> 
     </span>
    </p>
   </div>
   <div class='ocr_carea' id='block_1_24' title="bbox 235 2365 3534 2451">
    <p class='ocr_par' dir='ltr' id='par_1_24' title="bbox 235 2365 3534 2451">
     <span class='ocr_line' id='line_1_24' title="bbox 235 2365 3534 2451; baseline -0.005 -13"><span class='ocrx_word' id='word_1_357' title='bbox 235 2381 451 2438; x_wconf 80' lang='lat' dir='ltr'><strong><em>eisdem</em></strong></span> <span class='ocrx_word' id='word_1_358' title='bbox 478 2378 852 2451; x_wconf 73' lang='lat' dir='ltr'><strong><em>purgabantur</em></strong></span> <span class='ocrx_word' id='word_1_359' title='bbox 878 2376 1075 2436; x_wconf 76' lang='lat' dir='ltr'><strong><em>hostiis</em></strong></span> <span class='ocrx_word' id='word_1_360' title='bbox 1096 2378 1266 2435; x_wconf 83' lang='lat' dir='ltr'><strong><em>etiam</em></strong></span> <span class='ocrx_word' id='word_1_361' title='bbox 1300 2386 1357 2435; x_wconf 90' lang='lat' dir='ltr'><strong><em>et</em></strong></span> <span class='ocrx_word' id='word_1_362' title='bbox 1380 2375 1485 2449; x_wconf 85' lang='lat' dir='ltr'><strong><em>ipsi</em></strong></span> <span class='ocrx_word' id='word_1_363' title='bbox 1528 2375 1837 2433; x_wconf 87' lang='lat' dir='ltr'><strong><em>sacerdotes</em></strong></span> <span class='ocrx_word' id='word_1_364' title='bbox 1937 2377 2124 2427; x_wconf 87' lang='lat' dir='ltr'><strong><em>monte</em></strong></span> <span class='ocrx_word' id='word_1_365' title='bbox 2151 2365 2323 2424; x_wconf 90' lang='lat' dir='ltr'><strong><em>Sinai.</em></strong></span> <span class='ocrx_word' id='word_1_366' title='bbox 2349 2365 2420 2424; x_wconf 89' lang='lat' dir='ltr'><strong><em>Ut</em></strong></span> <span class='ocrx_word' id='word_1_367' title='bbox 2442 2382 2661 2440; x_wconf 80' lang='lat' dir='ltr'><strong><em>sequens</em></strong></span> <span class='ocrx_word' id='word_1_368' title='bbox 2687 2375 2917 2435; x_wconf 83' lang='lat' dir='ltr'><strong><em>statuat;</em></strong></span> <span class='ocrx_word' id='word_1_369' title='bbox 2942 2367 3049 2425; x_wconf 92' lang='lat' dir='ltr'><strong><em>hoc</em></strong></span> <span class='ocrx_word' id='word_1_370' title='bbox 3073 2375 3155 2424; x_wconf 89' lang='lat' dir='ltr'><strong><em>est</em></strong></span> <span class='ocrx_word' id='word_1_371' title='bbox 3183 2366 3534 2440; x_wconf 83' lang='lat' dir='ltr'><strong><em>Evangelium</em></strong></span> 
     </span>
    </p>
   </div>
   <div class='ocr_carea' id='block_1_25' title="bbox 234 2459 3573 2544">
    <p class='ocr_par' dir='ltr' id='par_1_25' title="bbox 234 2459 3573 2544">
     <span class='ocr_line' id='line_1_25' title="bbox 234 2459 3573 2544; baseline -0.004 -15"><span class='ocrx_word' id='word_1_372' title='bbox 234 2476 296 2529; x_wconf 85' lang='lat' dir='ltr'><strong><em>et</em></strong></span> <span class='ocrx_word' id='word_1_373' title='bbox 336 2471 574 2544; x_wconf 84' lang='lat' dir='ltr'><strong><em>populus</em></strong></span> <span class='ocrx_word' id='word_1_374' title='bbox 615 2471 844 2543; x_wconf 80' lang='lat' dir='ltr'><strong><em>pariter.</em></strong></span> <span class='ocrx_word' id='word_1_375' title='bbox 876 2486 898 2525; x_wconf 72' lang='grc' dir='ltr'><strong><em>ι</em></strong></span> <span class='ocrx_word' id='word_1_376' title='bbox 926 2471 985 2528; x_wconf 84' lang='lat' dir='ltr'><strong><em>In</em></strong></span> <span class='ocrx_word' id='word_1_377' title='bbox 1020 2470 1242 2529; x_wconf 77' lang='lat' dir='ltr'><strong><em>Christo</em></strong></span> <span class='ocrx_word' id='word_1_378' title='bbox 1282 2486 1314 2528; x_wconf 88' lang='lat' dir='ltr'><strong><em>e</em></strong></span> <span class='ocrx_word' id='word_1_379' title='bbox 1350 2468 1624 2528; x_wconf 85' lang='lat' dir='ltr'><strong><em>contrario</em></strong></span> <span class='ocrx_word' id='word_1_380' title='bbox 1668 2467 1837 2526; x_wconf 86' lang='lat' dir='ltr'><strong><em>semel</em></strong></span> <span class='ocrx_word' id='word_1_381' title='bbox 1939 2462 2085 2536; x_wconf 86' lang='lat' dir='ltr'><strong><em>quod</em></strong></span> <span class='ocrx_word' id='word_1_382' title='bbox 2108 2476 2207 2534; x_wconf 87' lang='lat' dir='ltr'><strong><em>per</em></strong></span> <span class='ocrx_word' id='word_1_383' title='bbox 2231 2459 2510 2519; x_wconf 84' lang='lat' dir='ltr'><strong><em>Christum</em></strong></span> <span class='ocrx_word' id='word_1_384' title='bbox 2535 2460 2759 2518; x_wconf 86' lang='lat' dir='ltr'><strong><em>allatum</em></strong></span> <span class='ocrx_word' id='word_1_385' title='bbox 2784 2468 2891 2530; x_wconf 91' lang='lat' dir='ltr'><strong><em>est,</em></strong></span> <span class='ocrx_word' id='word_1_386' title='bbox 2916 2460 3135 2518; x_wconf 82' lang='lat' dir='ltr'><strong><em>ﬁrmum</em></strong></span> <span class='ocrx_word' id='word_1_387' title='bbox 3162 2468 3365 2518; x_wconf 86' lang='lat' dir='ltr'><strong><em>statuat</em></strong></span> <span class='ocrx_word' id='word_1_388' title='bbox 3567 2484 3573 2489; x_wconf 89' lang='lat'><strong><em>-</em></strong></span> 
     </span>
    </p>
   </div>
   <div class='ocr_carea' id='block_1_26' title="bbox 237 2562 3530 2647">
    <p class='ocr_par' dir='ltr' id='par_1_26' title="bbox 237 2562 3530 2647">
     <span class='ocr_line' id='line_1_26' title="bbox 237 2562 3530 2647; baseline -0 -25"><span class='ocrx_word' id='word_1_389' title='bbox 237 2563 428 2622; x_wconf 82' lang='lat' dir='ltr'><strong><em>oblata</em></strong></span> <span class='ocrx_word' id='word_1_390' title='bbox 451 2571 539 2622; x_wconf 85' lang='lat' dir='ltr'><strong><em>est</em></strong></span> <span class='ocrx_word' id='word_1_391' title='bbox 576 2564 777 2633; x_wconf 84' lang='lat' dir='ltr'><strong><em>hostia,</em></strong></span> <span class='ocrx_word' id='word_1_392' title='bbox 817 2570 1014 2638; x_wconf 81' lang='lat' dir='ltr'><strong><em>potens</em></strong></span> <span class='ocrx_word' id='word_1_393' title='bbox 1054 2566 1125 2622; x_wconf 87' lang='lat' dir='ltr'><strong><em>ad</em></strong></span> <span class='ocrx_word' id='word_1_394' title='bbox 1154 2562 1385 2621; x_wconf 82' lang='lat' dir='ltr'><strong><em>salutem</em></strong></span> <span class='ocrx_word' id='word_1_395' title='bbox 1430 2562 1830 2635; x_wconf 87' lang='lat' dir='ltr'><strong><em>sempiternam.</em></strong></span> <span class='ocrx_word' id='word_1_396' title='bbox 2013 2576 2177 2634; x_wconf 58' lang='grc' dir='ltr'><strong><em>γης,</em></strong></span> <span class='ocrx_word' id='word_1_397' title='bbox 2210 2572 2300 2631; x_wconf 66' lang='grc' dir='ltr'><strong><em>ιο,</em></strong></span> <span class='ocrx_word' id='word_1_398' title='bbox 2326 2603 2399 2616; x_wconf 93' lang='lat'>_</span> <span class='ocrx_word' id='word_1_399' title='bbox 2418 2573 2491 2630; x_wconf 78' lang='grc' dir='ltr'><strong><em>ιη</em></strong></span> <span class='ocrx_word' id='word_1_400' title='bbox 2521 2591 2630 2647; x_wconf 66' lang='grc' dir='ltr'><strong><em>φη</em></strong></span> <span class='ocrx_word' id='word_1_401' title='bbox 2670 2573 2937 2631; x_wconf 57' lang='lat' dir='ltr'><strong><em>“(unum</em></strong></span> <span class='ocrx_word' id='word_1_402' title='bbox 2982 2573 3299 2644; x_wconf 56' lang='lat' dir='ltr'><strong><em>sanctiﬁcat;</em></strong></span> <span class='ocrx_word' id='word_1_403' title='bbox 3344 2589 3530 2630; x_wconf 59' lang='lat' dir='ltr'><strong><em>sumus</em></strong></span> 
     </span>
    </p>
   </div>
   <div class='ocr_carea' id='block_1_27' title="bbox 234 2652 3535 2741">
    <p class='ocr_par' dir='ltr' id='par_1_27' title="bbox 234 2652 3535 2741">
     <span class='ocr_line' id='line_1_27' title="bbox 234 2652 3535 2741; baseline -0 -29"><span class='ocrx_word' id='word_1_404' title='bbox 234 2654 386 2725; x_wconf 82' lang='lat' dir='ltr'><strong><em>Quid</em></strong></span> <span class='ocrx_word' id='word_1_405' title='bbox 427 2666 559 2730; x_wconf 74' lang='lat' dir='ltr'><strong><em>ergo</em></strong></span> <span class='ocrx_word' id='word_1_406' title='bbox 583 2658 717 2714; x_wconf 88' lang='lat' dir='ltr'><strong><em>nos?</em></strong></span> <span class='ocrx_word' id='word_1_407' title='bbox 755 2652 943 2714; x_wconf 76' lang='lat' dir='ltr'><strong><em>Nonne</em></strong></span> <span class='ocrx_word' id='word_1_408' title='bbox 970 2664 1070 2730; x_wconf 83' lang='lat' dir='ltr'><strong><em>per</em></strong></span> <span class='ocrx_word' id='word_1_409' title='bbox 1111 2655 1349 2730; x_wconf 84' lang='lat' dir='ltr'><strong><em>singulos</em></strong></span> <span class='ocrx_word' id='word_1_410' title='bbox 1375 2653 1490 2713; x_wconf 89' lang='lat' dir='ltr'><strong><em>dies</em></strong></span> <span class='ocrx_word' id='word_1_411' title='bbox 1523 2653 1837 2712; x_wconf 68' lang='lat' dir='ltr'><strong><em>offerimus?</em></strong></span> <span class='ocrx_word' id='word_1_412' title='bbox 1934 2684 2034 2741; x_wconf 67' lang='grc' dir='ltr'><strong><em>ρετ</em></strong></span> <span class='ocrx_word' id='word_1_413' title='bbox 2054 2666 2371 2724; x_wconf 63' lang='grc' dir='ltr'><strong><em>υιιαιεοηεηι</em></strong></span> <span class='ocrx_word' id='word_1_414' title='bbox 2397 2667 2630 2740; x_wconf 64' lang='grc' dir='ltr'><strong><em>ουτ-ροώ</em></strong></span> <span class='ocrx_word' id='word_1_415' title='bbox 2658 2666 2856 2723; x_wconf 60' lang='lat' dir='ltr'><strong><em>om,“</em></strong></span> <span class='ocrx_word' id='word_1_416' title='bbox 2876 2665 3010 2723; x_wconf 63' lang='grc' dir='ltr'><strong><em>,νεα</em></strong></span> <span class='ocrx_word' id='word_1_417' title='bbox 3037 2667 3214 2723; x_wconf 59' lang='lat' dir='ltr'><strong><em>mer,</em></strong></span> <span class='ocrx_word' id='word_1_418' title='bbox 3235 2665 3363 2723; x_wconf 45' lang='lat' dir='ltr'><strong><em>Haec</em></strong></span> <span class='ocrx_word' id='word_1_419' title='bbox 3383 2667 3535 2724; x_wconf 65' lang='lat' dir='ltr'><strong><em>obh-</em></strong></span> 
     </span>
    </p>
   </div>
   <div class='ocr_carea' id='block_1_28' title="bbox 236 2744 1850 2832">
    <p class='ocr_par' dir='ltr' id='par_1_28' title="bbox 236 2744 1835 2819">
     <span class='ocr_line' id='line_1_28' title="bbox 236 2744 1835 2819; baseline -0.003 -14"><span class='ocrx_word' id='word_1_420' title='bbox 236 2744 539 2805; x_wconf 68' lang='lat' dir='ltr'><strong><em>Oderimus</em></strong></span> <span class='ocrx_word' id='word_1_421' title='bbox 566 2748 803 2819; x_wconf 87' lang='lat' dir='ltr'><strong><em>quidem,</em></strong></span> <span class='ocrx_word' id='word_1_422' title='bbox 833 2748 931 2806; x_wconf 84' lang='lat' dir='ltr'><strong><em>sed</em></strong></span> <span class='ocrx_word' id='word_1_423' title='bbox 965 2750 1033 2805; x_wconf 87' lang='lat' dir='ltr'><strong><em>ad</em></strong></span> <span class='ocrx_word' id='word_1_424' title='bbox 1062 2748 1492 2806; x_wconf 84' lang='lat' dir='ltr'><strong><em>recordationem</em></strong></span> <span class='ocrx_word' id='word_1_425' title='bbox 1524 2744 1835 2803; x_wconf 81' lang='lat' dir='ltr'><strong><em>faciendam</em></strong></span> 
     </span>
    </p>
   </div>
   <div class='ocr_carea' id='block_1_29' title="bbox 1918 2744 3532 2832">
    <p class='ocr_par' dir='ltr' id='par_1_29' title="bbox 1940 2759 3532 2832">
     <span class='ocr_line' id='line_1_29' title="bbox 1940 2759 3532 2832; baseline 0.003 -16"><span class='ocrx_word' id='word_1_426' title='bbox 1940 2761 2023 2818; x_wconf 83' lang='lat' dir='ltr'><strong><em>tio</em></strong></span> <span class='ocrx_word' id='word_1_427' title='bbox 2054 2760 2224 2817; x_wconf 82' lang='lat' dir='ltr'><strong><em>semel</em></strong></span> <span class='ocrx_word' id='word_1_428' title='bbox 2262 2759 2448 2816; x_wconf 82' lang='lat' dir='ltr'><strong><em>oblata</em></strong></span> <span class='ocrx_word' id='word_1_429' title='bbox 2479 2766 2586 2827; x_wconf 86' lang='lat' dir='ltr'><strong><em>est,</em></strong></span> <span class='ocrx_word' id='word_1_430' title='bbox 2614 2760 2711 2817; x_wconf 82' lang='lat' dir='ltr'><strong><em>sed</em></strong></span> <span class='ocrx_word' id='word_1_431' title='bbox 2742 2773 2959 2831; x_wconf 81' lang='lat' dir='ltr'><strong><em>semper</em></strong></span> <span class='ocrx_word' id='word_1_432' title='bbox 2982 2768 3175 2832; x_wconf 84' lang='lat' dir='ltr'><strong><em>potens</em></strong></span> <span class='ocrx_word' id='word_1_433' title='bbox 3200 2767 3286 2816; x_wconf 86' lang='lat' dir='ltr'><strong><em>est</em></strong></span> <span class='ocrx_word' id='word_1_434' title='bbox 3313 2759 3532 2820; x_wconf 82' lang='lat' dir='ltr'><strong><em>abluere</em></strong></span> 
     </span>
    </p>
   </div>
   <div class='ocr_carea' id='block_1_30' title="bbox 237 2838 3531 2926">
    <p class='ocr_par' dir='ltr' id='par_1_30' title="bbox 237 2838 3531 2926">
     <span class='ocr_line' id='line_1_30' title="bbox 237 2838 3531 2926; baseline 0.002 -29"><span class='ocrx_word' id='word_1_435' title='bbox 237 2838 442 2898; x_wconf 82' lang='lat' dir='ltr'><strong><em>mortis</em></strong></span> <span class='ocrx_word' id='word_1_436' title='bbox 468 2842 605 2914; x_wconf 83' lang='lat' dir='ltr'><strong><em>ejus.</em></strong></span> <span class='ocrx_word' id='word_1_437' title='bbox 633 2841 702 2897; x_wconf 87' lang='lat' dir='ltr'><strong><em>Et</em></strong></span> <span class='ocrx_word' id='word_1_438' title='bbox 723 2850 833 2898; x_wconf 87' lang='lat' dir='ltr'><strong><em>una</em></strong></span> <span class='ocrx_word' id='word_1_439' title='bbox 858 2850 941 2899; x_wconf 89' lang='lat' dir='ltr'><strong><em>est</em></strong></span> <span class='ocrx_word' id='word_1_440' title='bbox 968 2838 1085 2900; x_wconf 70' lang='lat' dir='ltr'><strong><em>haec</em></strong></span> <span class='ocrx_word' id='word_1_441' title='bbox 1107 2842 1304 2911; x_wconf 88' lang='lat' dir='ltr'><strong><em>hostia,</em></strong></span> <span class='ocrx_word' id='word_1_442' title='bbox 1333 2856 1441 2898; x_wconf 90' lang='lat' dir='ltr'><strong><em>non</em></strong></span> <span class='ocrx_word' id='word_1_443' title='bbox 1465 2841 1664 2900; x_wconf 67' lang='lat' dir='ltr'><strong><em>multae.</em></strong></span> <span class='ocrx_word' id='word_1_444' title='bbox 1694 2839 1838 2909; x_wconf 87' lang='lat' dir='ltr'><strong><em>Quo-</em></strong></span> <span class='ocrx_word' id='word_1_445' title='bbox 1940 2866 2133 2912; x_wconf 66' lang='grc' dir='ltr'><strong><em>οωηα</em></strong></span> <span class='ocrx_word' id='word_1_446' title='bbox 2163 2852 2451 2911; x_wconf 57' lang='lat' dir='ltr'><strong><em>credentes</em></strong></span> <span class='ocrx_word' id='word_1_447' title='bbox 2472 2860 2533 2911; x_wconf 59' lang='lat' dir='ltr'><strong><em>et</em></strong></span> <span class='ocrx_word' id='word_1_448' title='bbox 2559 2868 2751 2910; x_wconf 67' lang='lat' dir='ltr'><strong><em>omnes</em></strong></span> <span class='ocrx_word' id='word_1_449' title='bbox 2781 2861 3033 2926; x_wconf 63' lang='lat' dir='ltr'><strong><em>optantes</em></strong></span> <span class='ocrx_word' id='word_1_450' title='bbox 3057 2852 3115 2909; x_wconf 74' lang='lat' dir='ltr'><strong><em>in</em></strong></span> <span class='ocrx_word' id='word_1_451' title='bbox 3153 2866 3218 2909; x_wconf 78' lang='lat' dir='ltr'><strong><em>ea</em></strong></span> <span class='ocrx_word' id='word_1_452' title='bbox 3247 2852 3531 2918; x_wconf 67' lang='lat' dir='ltr'><strong><em>inundari;</em></strong></span> 
     </span>
    </p>
   </div>
   <div class='ocr_carea' id='block_1_31' title="bbox 228 2930 3533 3017">
    <p class='ocr_par' dir='ltr' id='par_1_31' title="bbox 228 2930 3533 3017">
     <span class='ocr_line' id='line_1_31' title="bbox 228 2930 3533 3017; baseline 0.002 -26"><span class='ocrx_word' id='word_1_453' title='bbox 228 2933 402 2991; x_wconf 77' lang='lat' dir='ltr'><strong><em>modo</em></strong></span> <span class='ocrx_word' id='word_1_454' title='bbox 427 2938 541 2989; x_wconf 76' lang='lat' dir='ltr'><strong><em>una</em></strong></span> <span class='ocrx_word' id='word_1_455' title='bbox 564 2942 667 3001; x_wconf 85' lang='lat' dir='ltr'><strong><em>est,</em></strong></span> <span class='ocrx_word' id='word_1_456' title='bbox 691 2942 748 2992; x_wconf 90' lang='lat' dir='ltr'><strong><em>et</em></strong></span> <span class='ocrx_word' id='word_1_457' title='bbox 779 2944 886 2992; x_wconf 88' lang='lat' dir='ltr'><strong><em>non</em></strong></span> <span class='ocrx_word' id='word_1_458' title='bbox 913 2930 1130 2992; x_wconf 64' lang='lat' dir='ltr'><strong><em>multae?</em></strong></span> <span class='ocrx_word' id='word_1_459' title='bbox 1158 2933 1295 3005; x_wconf 86' lang='lat' dir='ltr'><strong><em>Quia</em></strong></span> <span class='ocrx_word' id='word_1_460' title='bbox 1325 2934 1491 2992; x_wconf 87' lang='lat' dir='ltr'><strong><em>semel</em></strong></span> <span class='ocrx_word' id='word_1_461' title='bbox 1522 2934 1702 2992; x_wconf 86' lang='lat' dir='ltr'><strong><em>oblata</em></strong></span> <span class='ocrx_word' id='word_1_462' title='bbox 1730 2941 1833 2991; x_wconf 91' lang='lat' dir='ltr'><strong><em>est.</em></strong></span> <span class='ocrx_word' id='word_1_463' title='bbox 1940 2943 2069 3002; x_wconf 74' lang='lat' dir='ltr'><strong><em>ideo</em></strong></span> <span class='ocrx_word' id='word_1_464' title='bbox 2121 2944 2429 3017; x_wconf 62' lang='lat' dir='ltr'><strong><em>summm,</em></strong></span> <span class='ocrx_word' id='word_1_465' title='bbox 2471 2951 2530 3001; x_wconf 77' lang='lat' dir='ltr'><strong><em>et</em></strong></span> <span class='ocrx_word' id='word_1_466' title='bbox 2568 2944 2780 3015; x_wconf 77' lang='lat' dir='ltr'><strong><em>plenius</em></strong></span> <span class='ocrx_word' id='word_1_467' title='bbox 2825 2959 3099 3016; x_wconf 73' lang='lat' dir='ltr'><strong><em>exponens</em></strong></span> <span class='ocrx_word' id='word_1_468' title='bbox 3151 2945 3297 3002; x_wconf 85' lang='lat' dir='ltr'><strong><em>idem</em></strong></span> <span class='ocrx_word' id='word_1_469' title='bbox 3343 2946 3533 3002; x_wconf 85' lang='lat' dir='ltr'><strong><em>beatus</em></strong></span> 
     </span>
    </p>
   </div>
   <div class='ocr_carea' id='block_1_32' title="bbox 222 3018 1836 3111">
    <p class='ocr_par' dir='ltr' id='par_1_32' title="bbox 222 3018 1836 3095">
     <span class='ocr_line' id='line_1_32' title="bbox 222 3018 1836 3095; baseline 0 -14"><span class='ocrx_word' id='word_1_470' title='bbox 222 3021 323 3081; x_wconf 74' lang='lat' dir='ltr'><strong><em>Ilia</em></strong></span> <span class='ocrx_word' id='word_1_471' title='bbox 366 3018 564 3081; x_wconf 81' lang='lat' dir='ltr'><strong><em>oblata</em></strong></span> <span class='ocrx_word' id='word_1_472' title='bbox 592 3032 677 3082; x_wconf 90' lang='lat' dir='ltr'><strong><em>est</em></strong></span> <span class='ocrx_word' id='word_1_473' title='bbox 702 3024 759 3081; x_wconf 91' lang='lat' dir='ltr'><strong><em>in</em></strong></span> <span class='ocrx_word' id='word_1_474' title='bbox 788 3033 976 3083; x_wconf 84' lang='lat' dir='ltr'><strong><em>sancta</em></strong></span> <span class='ocrx_word' id='word_1_475' title='bbox 1003 3032 1343 3095; x_wconf 87' lang='lat' dir='ltr'><strong><em>sanctorum;</em></strong></span> <span class='ocrx_word' id='word_1_476' title='bbox 1373 3024 1478 3083; x_wconf 88' lang='lat' dir='ltr'><strong><em>hoc</em></strong></span> <span class='ocrx_word' id='word_1_477' title='bbox 1519 3034 1701 3082; x_wconf 89' lang='lat' dir='ltr'><strong><em>autem</em></strong></span> <span class='ocrx_word' id='word_1_478' title='bbox 1746 3039 1836 3081; x_wconf 86' lang='lat' dir='ltr'><strong><em>sa-</em></strong></span> 
     </span>
    </p>
   </div>
   <div class='ocr_carea' id='block_1_33' title="bbox 1919 3018 3533 3111">
    <p class='ocr_par' dir='ltr' id='par_1_33' title="bbox 1940 3034 3533 3111">
     <span class='ocr_line' id='line_1_33' title="bbox 1940 3034 3533 3111; baseline -0.001 -17"><span class='ocrx_word' id='word_1_479' title='bbox 1940 3034 2142 3094; x_wconf 86' lang='lat' dir='ltr'><strong><em>Paulus</em></strong></span> <span class='ocrx_word' id='word_1_480' title='bbox 2184 3039 2442 3095; x_wconf 75' lang='lat' dir='ltr'><strong><em>virtutem</em></strong></span> <span class='ocrx_word' id='word_1_481' title='bbox 2489 3034 2653 3106; x_wconf 69' lang='lat' dir='ltr'><strong><em>huius</em></strong></span> <span class='ocrx_word' id='word_1_482' title='bbox 2696 3038 2889 3095; x_wconf 61' lang='lat' dir='ltr'><strong><em>hostia</em></strong></span> <span class='ocrx_word' id='word_1_483' title='bbox 2920 3057 2938 3093; x_wconf 86' lang='lat'><strong>:</strong></span> <span class='ocrx_word' id='word_1_484' title='bbox 2985 3040 3174 3111; x_wconf 73' lang='lat' dir='ltr'><strong><em>(Vens.</em></strong></span> <span class='ocrx_word' id='word_1_485' title='bbox 3220 3037 3409 3111; x_wconf 60' lang='lat'><strong><em>“45)</em></strong></span> <span class='ocrx_word' id='word_1_486' title='bbox 3461 3037 3533 3093; x_wconf 90' lang='lat' dir='ltr'><strong><em>Et</em></strong></span> 
     </span>
    </p>
   </div>
   <div class='ocr_carea' id='block_1_34' title="bbox 227 3116 1841 3235">
    <p class='ocr_par' dir='ltr' id='par_1_34' title="bbox 227 3116 1834 3195">
     <span class='ocr_line' id='line_1_34' title="bbox 227 3116 1834 3195; baseline -0.002 -16"><span class='ocrx_word' id='word_1_487' title='bbox 227 3118 516 3179; x_wconf 74' lang='lat' dir='ltr'><strong><em>oriﬁcium</em></strong></span> <span class='ocrx_word' id='word_1_488' title='bbox 535 3118 813 3191; x_wconf 75' lang='lat' dir='ltr'><strong><em>exemplar</em></strong></span> <span class='ocrx_word' id='word_1_489' title='bbox 832 3118 977 3177; x_wconf 87' lang='lat' dir='ltr'><strong><em>illius</em></strong></span> <span class='ocrx_word' id='word_1_490' title='bbox 995 3129 1101 3188; x_wconf 87' lang='lat' dir='ltr'><strong><em>est,</em></strong></span> <span class='ocrx_word' id='word_1_491' title='bbox 1120 3121 1351 3192; x_wconf 88' lang='lat' dir='ltr'><strong><em>idipsum</em></strong></span> <span class='ocrx_word' id='word_1_492' title='bbox 1373 3116 1526 3194; x_wconf 76' lang='lat' dir='ltr'><strong><em>[Ms.,</em></strong></span> <span class='ocrx_word' id='word_1_493' title='bbox 1544 3119 1612 3178; x_wconf 90' lang='lat' dir='ltr'><strong><em>ad</em></strong></span> <span class='ocrx_word' id='word_1_494' title='bbox 1634 3117 1834 3195; x_wconf 88' lang='lat' dir='ltr'><strong><em>ipsum]</em></strong></span> 
     </span>
    </p>
   </div>
   <div class='ocr_carea' id='block_1_35' title="bbox 1917 3116 3531 3235">
    <p class='ocr_par' dir='ltr' id='par_1_35' title="bbox 1944 3128 3531 3202">
     <span class='ocr_line' id='line_1_35' title="bbox 1944 3128 3531 3202; baseline -0.002 -14"><span class='ocrx_word' id='word_1_495' title='bbox 1944 3130 2117 3189; x_wconf 83' lang='lat' dir='ltr'><strong><em>omnis</em></strong></span> <span class='ocrx_word' id='word_1_496' title='bbox 2139 3130 2350 3202; x_wconf 77' lang='lat' dir='ltr'><strong><em>quidem</em></strong></span> <span class='ocrx_word' id='word_1_497' title='bbox 2368 3128 2613 3185; x_wconf 79' lang='lat' dir='ltr'><strong><em>sacerdos</em></strong></span> <span class='ocrx_word' id='word_1_498' title='bbox 2631 3139 2824 3200; x_wconf 64' lang='lat' dir='ltr'><strong><em>prauo</em></strong></span> <span class='ocrx_word' id='word_1_499' title='bbox 2838 3138 2943 3197; x_wconf 82' lang='lat' dir='ltr'><strong><em>est,</em></strong></span> <span class='ocrx_word' id='word_1_500' title='bbox 2957 3130 3190 3201; x_wconf 76' lang='lat' dir='ltr'><strong><em>quotidie</em></strong></span> <span class='ocrx_word' id='word_1_501' title='bbox 3204 3129 3531 3197; x_wconf 80' lang='lat' dir='ltr'><strong><em>ministram,</em></strong></span> 
     </span>
    </p>
   </div>
   <div class='ocr_carea' id='block_1_36' title="bbox 230 3210 1844 3296">
    <p class='ocr_par' dir='ltr' id='par_1_36' title="bbox 230 3210 1837 3287">
     <span class='ocr_line' id='line_1_36' title="bbox 230 3210 1837 3287; baseline -0.002 -15"><span class='ocrx_word' id='word_1_502' title='bbox 230 3222 462 3287; x_wconf 66' lang='lat' dir='ltr'><strong><em>aetnper</em></strong></span> <span class='ocrx_word' id='word_1_503' title='bbox 492 3210 807 3272; x_wconf 64' lang='lat' dir='ltr'><strong><em>oderimus:</em></strong></span> <span class='ocrx_word' id='word_1_504' title='bbox 838 3228 939 3271; x_wconf 90' lang='lat' dir='ltr'><strong><em>nec</em></strong></span> <span class='ocrx_word' id='word_1_505' title='bbox 980 3228 1123 3270; x_wconf 90' lang='lat' dir='ltr'><strong><em>nunc</em></strong></span> <span class='ocrx_word' id='word_1_506' title='bbox 1168 3213 1384 3285; x_wconf 89' lang='lat' dir='ltr'><strong><em>quidem</em></strong></span> <span class='ocrx_word' id='word_1_507' title='bbox 1425 3214 1591 3271; x_wconf 89' lang='lat' dir='ltr'><strong><em>alium</em></strong></span> <span class='ocrx_word' id='word_1_508' title='bbox 1637 3226 1837 3286; x_wconf 82' lang='lat' dir='ltr'><strong><em>agnum</em></strong></span> 
     </span>
    </p>
   </div>
   <div class='ocr_carea' id='block_1_37' title="bbox 1920 3210 3534 3296">
    <p class='ocr_par' dir='ltr' id='par_1_37' title="bbox 1940 3223 3534 3296">
     <span class='ocr_line' id='line_1_37' title="bbox 1940 3223 3534 3296; baseline -0.001 -16"><span class='ocrx_word' id='word_1_509' title='bbox 1940 3232 1998 3280; x_wconf 83' lang='lat' dir='ltr'><strong><em>et</em></strong></span> <span class='ocrx_word' id='word_1_510' title='bbox 2036 3223 2243 3280; x_wconf 83' lang='lat' dir='ltr'><strong><em>easdem</em></strong></span> <span class='ocrx_word' id='word_1_511' title='bbox 2265 3240 2403 3296; x_wconf 65' lang='lat' dir='ltr'><strong><em>stupe</em></strong></span> <span class='ocrx_word' id='word_1_512' title='bbox 2430 3223 2651 3293; x_wconf 66' lang='lat' dir='ltr'><strong><em>oﬁ‘erens</em></strong></span> <span class='ocrx_word' id='word_1_513' title='bbox 2693 3224 2916 3291; x_wconf 76' lang='lat' dir='ltr'><strong><em>hostias,</em></strong></span> <span class='ocrx_word' id='word_1_514' title='bbox 2955 3238 3074 3295; x_wconf 74' lang='lat' dir='ltr'><strong><em>qua:</em></strong></span> <span class='ocrx_word' id='word_1_515' title='bbox 3105 3239 3374 3295; x_wconf 78' lang='lat' dir='ltr'><strong><em>nunquam</em></strong></span> <span class='ocrx_word' id='word_1_516' title='bbox 3414 3239 3534 3294; x_wconf 76' lang='lat' dir='ltr'><strong><em>pos-</em></strong></span> 
     </span>
    </p>
   </div>
   <div class='ocr_carea' id='block_1_38' title="bbox 230 3300 3529 3387">
    <p class='ocr_par' dir='ltr' id='par_1_38' title="bbox 230 3300 3529 3387">
     <span class='ocr_line' id='line_1_38' title="bbox 230 3300 3529 3387; baseline 0.002 -26"><span class='ocrx_word' id='word_1_517' title='bbox 230 3312 383 3371; x_wconf 78' lang='lat' dir='ltr'><strong><em>cras,</em></strong></span> <span class='ocrx_word' id='word_1_518' title='bbox 428 3302 602 3360; x_wconf 88' lang='lat' dir='ltr'><strong><em>alium</em></strong></span> <span class='ocrx_word' id='word_1_519' title='bbox 645 3300 841 3375; x_wconf 84' lang='lat' dir='ltr'><strong><em>hodie,</em></strong></span> <span class='ocrx_word' id='word_1_520' title='bbox 885 3300 981 3360; x_wconf 88' lang='lat' dir='ltr'><strong><em>sed</em></strong></span> <span class='ocrx_word' id='word_1_521' title='bbox 1027 3319 1240 3378; x_wconf 87' lang='lat' dir='ltr'><strong><em>semper</em></strong></span> <span class='ocrx_word' id='word_1_522' title='bbox 1299 3305 1549 3377; x_wconf 88' lang='lat' dir='ltr'><strong><em>idipsum.</em></strong></span> <span class='ocrx_word' id='word_1_523' title='bbox 1595 3304 1836 3363; x_wconf 87' lang='lat' dir='ltr'><strong><em>Proinde</em></strong></span> <span class='ocrx_word' id='word_1_524' title='bbox 1936 3326 2067 3374; x_wconf 67' lang='grc' dir='ltr'><strong><em>συηι</em></strong></span> <span class='ocrx_word' id='word_1_525' title='bbox 2110 3315 2323 3387; x_wconf 66' lang='lat' dir='ltr'><strong><em>auferre</em></strong></span> <span class='ocrx_word' id='word_1_526' title='bbox 2364 3324 2612 3387; x_wconf 63' lang='lat' dir='ltr'><strong><em>pacm;</em></strong></span> <span class='ocrx_word' id='word_1_527' title='bbox 2651 3315 2735 3371; x_wconf 75' lang='lat' dir='ltr'><strong><em>hic</em></strong></span> <span class='ocrx_word' id='word_1_528' title='bbox 2766 3324 2943 3371; x_wconf 65' lang='lat' dir='ltr'><strong><em>autem</em></strong></span> <span class='ocrx_word' id='word_1_529' title='bbox 2976 3326 3140 3370; x_wconf 64' lang='lat' dir='ltr'><strong><em>unum</em></strong></span> <span class='ocrx_word' id='word_1_530' title='bbox 3165 3326 3262 3385; x_wconf 83' lang='lat' dir='ltr'><strong><em>pro</em></strong></span> <span class='ocrx_word' id='word_1_531' title='bbox 3301 3314 3529 3384; x_wconf 81' lang='lat' dir='ltr'><strong><em>peccatis</em></strong></span> 
     </span>
    </p>
   </div>
   <div class='ocr_carea' id='block_1_39' title="bbox 230 3390 1844 3481">
    <p class='ocr_par' dir='ltr' id='par_1_39' title="bbox 230 3390 1834 3467">
     <span class='ocr_line' id='line_1_39' title="bbox 230 3390 1834 3467; baseline 0.001 -13"><span class='ocrx_word' id='word_1_532' title='bbox 230 3405 412 3454; x_wconf 83' lang='lat' dir='ltr'><strong><em>unum</em></strong></span> <span class='ocrx_word' id='word_1_533' title='bbox 458 3401 549 3453; x_wconf 87' lang='lat' dir='ltr'><strong><em>est</em></strong></span> <span class='ocrx_word' id='word_1_534' title='bbox 592 3395 698 3452; x_wconf 89' lang='lat' dir='ltr'><strong><em>hoc</em></strong></span> <span class='ocrx_word' id='word_1_535' title='bbox 746 3390 1073 3451; x_wconf 77' lang='lat' dir='ltr'><strong><em>Sacriﬁcium</em></strong></span> <span class='ocrx_word' id='word_1_536' title='bbox 1115 3412 1129 3451; x_wconf 90' lang='lat'><strong>:</strong></span> <span class='ocrx_word' id='word_1_537' title='bbox 1177 3396 1413 3467; x_wconf 87' lang='lat' dir='ltr'><strong><em>alioquin</em></strong></span> <span class='ocrx_word' id='word_1_538' title='bbox 1454 3396 1557 3454; x_wconf 88' lang='lat' dir='ltr'><strong><em>hac</em></strong></span> <span class='ocrx_word' id='word_1_539' title='bbox 1605 3398 1834 3467; x_wconf 86' lang='lat' dir='ltr'><strong><em>ratione,</em></strong></span> 
     </span>
    </p>
   </div>
   <div class='ocr_carea' id='block_1_40' title="bbox 1920 3390 3534 3481">
    <p class='ocr_par' dir='ltr' id='par_1_40' title="bbox 1936 3404 3534 3481">
     <span class='ocr_line' id='line_1_40' title="bbox 1936 3404 3534 3481; baseline -0.004 -16"><span class='ocrx_word' id='word_1_540' title='bbox 1936 3410 2169 3481; x_wconf 55' lang='lat' dir='ltr'><strong><em>sistens</em></strong></span> <span class='ocrx_word' id='word_1_541' title='bbox 2211 3407 2436 3465; x_wconf 83' lang='lat' dir='ltr'><strong><em>hostiam</em></strong></span> <span class='ocrx_word' id='word_1_542' title='bbox 2478 3409 2536 3464; x_wconf 88' lang='lat' dir='ltr'><strong><em>in</em></strong></span> <span class='ocrx_word' id='word_1_543' title='bbox 2561 3416 2932 3480; x_wconf 65' lang='lat' dir='ltr'><strong><em>sempiternum:</em></strong></span> <span class='ocrx_word' id='word_1_544' title='bbox 2968 3405 3111 3462; x_wconf 81' lang='lat' dir='ltr'><strong><em>sedet</em></strong></span> <span class='ocrx_word' id='word_1_545' title='bbox 3151 3405 3221 3461; x_wconf 87' lang='lat' dir='ltr'><strong><em>ad</em></strong></span> <span class='ocrx_word' id='word_1_546' title='bbox 3265 3404 3534 3460; x_wconf 64' lang='lat' dir='ltr'><strong><em>deateram</em></strong></span> 
     </span>
    </p>
   </div>
   <div class='ocr_carea' id='block_1_41' title="bbox 230 3480 3535 3574">
    <p class='ocr_par' dir='ltr' id='par_1_41' title="bbox 230 3480 3535 3574">
     <span class='ocr_line' id='line_1_41' title="bbox 230 3480 3535 3574; baseline -0.002 -30"><span class='ocrx_word' id='word_1_547' title='bbox 230 3487 507 3563; x_wconf 86' lang='lat' dir='ltr'><strong><em>quoniam</em></strong></span> <span class='ocrx_word' id='word_1_548' title='bbox 531 3485 589 3541; x_wconf 88' lang='lat' dir='ltr'><strong><em>in</em></strong></span> <span class='ocrx_word' id='word_1_549' title='bbox 623 3484 808 3543; x_wconf 89' lang='lat' dir='ltr'><strong><em>multis</em></strong></span> <span class='ocrx_word' id='word_1_550' title='bbox 830 3484 966 3543; x_wconf 90' lang='lat' dir='ltr'><strong><em>locis</em></strong></span> <span class='ocrx_word' id='word_1_551' title='bbox 992 3480 1233 3555; x_wconf 81' lang='lat' dir='ltr'><strong><em>offertur,</em></strong></span> <span class='ocrx_word' id='word_1_552' title='bbox 1262 3487 1417 3543; x_wconf 88' lang='lat' dir='ltr'><strong><em>multi</em></strong></span> <span class='ocrx_word' id='word_1_553' title='bbox 1443 3485 1648 3545; x_wconf 88' lang='lat' dir='ltr'><strong><em>Christi</em></strong></span> <span class='ocrx_word' id='word_1_554' title='bbox 1674 3490 1836 3545; x_wconf 85' lang='lat' dir='ltr'><strong><em>sunt?</em></strong></span> <span class='ocrx_word' id='word_1_555' title='bbox 1939 3480 2065 3571; x_wconf 47' lang='lat' dir='ltr'><strong><em>pg,</em></strong></span> <span class='ocrx_word' id='word_1_556' title='bbox 2108 3503 2173 3558; x_wconf 64' lang='lat' dir='ltr'><strong><em>de</em></strong></span> <span class='ocrx_word' id='word_1_557' title='bbox 2214 3512 2402 3559; x_wconf 56' lang='grc' dir='ltr'><strong><em>σείετο</em></strong></span> <span class='ocrx_word' id='word_1_558' title='bbox 2439 3511 2764 3574; x_wconf 53' lang='lat' dir='ltr'><strong><em>mrum”,</em></strong></span> <span class='ocrx_word' id='word_1_559' title='bbox 2807 3502 2974 3558; x_wconf 60' lang='lat' dir='ltr'><strong><em>donec</em></strong></span> <span class='ocrx_word' id='word_1_560' title='bbox 3018 3508 3289 3574; x_wconf 71' lang='grc' dir='ltr'><strong><em>ροηαηηη</em></strong></span> <span class='ocrx_word' id='word_1_561' title='bbox 3334 3498 3535 3556; x_wconf 57' lang='lat' dir='ltr'><strong><em>inimici</em></strong></span> 
     </span>
    </p>
   </div>
   <div class='ocr_carea' id='block_1_42' title="bbox 230 3580 1844 3666">
    <p class='ocr_par' dir='ltr' id='par_1_42' title="bbox 230 3580 1838 3653">
     <span class='ocr_line' id='line_1_42' title="bbox 230 3580 1838 3653; baseline 0.001 -15"><span class='ocrx_word' id='word_1_562' title='bbox 230 3580 641 3653; x_wconf 83' lang='lat' dir='ltr'><strong><em>Nequaquam:</em></strong></span> <span class='ocrx_word' id='word_1_563' title='bbox 668 3581 764 3637; x_wconf 90' lang='lat' dir='ltr'><strong><em>sed</em></strong></span> <span class='ocrx_word' id='word_1_564' title='bbox 806 3597 949 3638; x_wconf 89' lang='lat' dir='ltr'><strong><em>unus</em></strong></span> <span class='ocrx_word' id='word_1_565' title='bbox 988 3581 1186 3652; x_wconf 88' lang='lat' dir='ltr'><strong><em>ubique</em></strong></span> <span class='ocrx_word' id='word_1_566' title='bbox 1222 3589 1306 3637; x_wconf 89' lang='lat' dir='ltr'><strong><em>est</em></strong></span> <span class='ocrx_word' id='word_1_567' title='bbox 1334 3580 1606 3651; x_wconf 79' lang='lat' dir='ltr'><strong><em>Christus,</em></strong></span> <span class='ocrx_word' id='word_1_568' title='bbox 1644 3589 1701 3637; x_wconf 89' lang='lat' dir='ltr'><strong><em>et</em></strong></span> <span class='ocrx_word' id='word_1_569' title='bbox 1747 3583 1838 3640; x_wconf 91' lang='lat' dir='ltr'><strong><em>hic</em></strong></span> 
     </span>
    </p>
   </div>
   <div class='ocr_carea' id='block_1_43' title="bbox 1921 3580 3535 3666">
    <p class='ocr_par' dir='ltr' id='par_1_43' title="bbox 1940 3589 3535 3666">
     <span class='ocr_line' id='line_1_43' title="bbox 1940 3589 3535 3666; baseline -0.003 -17"><span class='ocrx_word' id='word_1_570' title='bbox 1940 3595 2057 3666; x_wconf 86' lang='lat' dir='ltr'><strong><em>ejus</em></strong></span> <span class='ocrx_word' id='word_1_571' title='bbox 2104 3593 2387 3649; x_wconf 87' lang='lat' dir='ltr'><strong><em>scabellum</em></strong></span> <span class='ocrx_word' id='word_1_572' title='bbox 2428 3594 2619 3666; x_wconf 86' lang='lat' dir='ltr'><strong><em>pedum</em></strong></span> <span class='ocrx_word' id='word_1_573' title='bbox 2645 3594 2781 3666; x_wconf 84' lang='lat' dir='ltr'><strong><em>ejus.</em></strong></span> <span class='ocrx_word' id='word_1_574' title='bbox 2828 3611 2848 3646; x_wconf 71' lang='grc' dir='ltr'><strong><em>ι</em></strong></span> <span class='ocrx_word' id='word_1_575' title='bbox 2873 3592 3091 3651; x_wconf 87' lang='lat' dir='ltr'><strong><em>Priores</em></strong></span> <span class='ocrx_word' id='word_1_576' title='bbox 3121 3593 3267 3649; x_wconf 91' lang='lat' dir='ltr'><strong><em>enim</em></strong></span> <span class='ocrx_word' id='word_1_577' title='bbox 3300 3589 3535 3649; x_wconf 84' lang='lat' dir='ltr'><strong><em>ostendit</em></strong></span> 
     </span>
    </p>
   </div>
   <div class='ocr_carea' id='block_1_44' title="bbox 224 3670 3535 3758">
    <p class='ocr_par' dir='ltr' id='par_1_44' title="bbox 224 3670 3535 3758">
     <span class='ocr_line' id='line_1_44' title="bbox 224 3670 3535 3758; baseline -0.004 -9"><span class='ocrx_word' id='word_1_578' title='bbox 224 3674 437 3749; x_wconf 66' lang='lat' dir='ltr'><strong><em>Plenus</em></strong></span> <span class='ocrx_word' id='word_1_579' title='bbox 479 3670 721 3729; x_wconf 70' lang='grc' dir='ltr'><strong><em>θιίδιθηε</em></strong></span> <span class='ocrx_word' id='word_1_580' title='bbox 758 3681 814 3729; x_wconf 67' lang='grc' dir='ltr'><strong><em>ει</em></strong></span> <span class='ocrx_word' id='word_1_581' title='bbox 839 3672 953 3731; x_wconf 66' lang='lat' dir='ltr'><strong><em>illic</em></strong></span> <span class='ocrx_word' id='word_1_582' title='bbox 980 3672 1191 3744; x_wconf 59' lang='lat' dir='ltr'><strong><em>Plenus:</em></strong></span> <span class='ocrx_word' id='word_1_583' title='bbox 1225 3689 1393 3729; x_wconf 70' lang='lat' dir='ltr'><strong><em>unum</em></strong></span> <span class='ocrx_word' id='word_1_584' title='bbox 1435 3690 1653 3746; x_wconf 72' lang='grc' dir='ltr'><strong><em>οοτΡυΒ·</em></strong></span> <span class='ocrx_word' id='word_1_585' title='bbox 1682 3673 1838 3730; x_wconf 59' lang='lat' dir='ltr'><strong><em>Sicut</em></strong></span> <span class='ocrx_word' id='word_1_586' title='bbox 1941 3685 2163 3743; x_wconf 83' lang='lat' dir='ltr'><strong><em>inutiles</em></strong></span> <span class='ocrx_word' id='word_1_587' title='bbox 2193 3700 2316 3742; x_wconf 84' lang='lat' dir='ltr'><strong><em>esse</em></strong></span> <span class='ocrx_word' id='word_1_588' title='bbox 2348 3685 2555 3743; x_wconf 80' lang='lat' dir='ltr'><strong><em>hostias</em></strong></span> <span class='ocrx_word' id='word_1_589' title='bbox 2582 3685 2653 3741; x_wconf 85' lang='lat' dir='ltr'><strong><em>ad</em></strong></span> <span class='ocrx_word' id='word_1_590' title='bbox 2685 3685 2952 3758; x_wconf 77' lang='lat' dir='ltr'><strong><em>integram</em></strong></span> <span class='ocrx_word' id='word_1_591' title='bbox 2978 3684 3408 3750; x_wconf 87' lang='lat' dir='ltr'><strong><em>mundationem,</em></strong></span> <span class='ocrx_word' id='word_1_592' title='bbox 3440 3680 3535 3737; x_wconf 87' lang='lat' dir='ltr'><strong><em>sed</em></strong></span> 
     </span>
    </p>
   </div>
   <div class='ocr_carea' id='block_1_45' title="bbox 228 3762 3537 3850">
    <p class='ocr_par' dir='ltr' id='par_1_45' title="bbox 228 3762 3537 3850">
     <span class='ocr_line' id='line_1_45' title="bbox 228 3762 3537 3850; baseline -0.003 -13"><span class='ocrx_word' id='word_1_593' title='bbox 228 3767 386 3827; x_wconf 63' lang='lat' dir='ltr'><strong><em>enim</em></strong></span> <span class='ocrx_word' id='word_1_594' title='bbox 408 3764 509 3838; x_wconf 80' lang='grc' dir='ltr'><strong>(ιιιί</strong></span> <span class='ocrx_word' id='word_1_595' title='bbox 529 3764 727 3837; x_wconf 68' lang='lat' dir='ltr'><strong><em>“hique</em></strong></span> <span class='ocrx_word' id='word_1_596' title='bbox 739 3762 898 3823; x_wconf 68' lang='grc' dir='ltr'><strong>οσθη</strong></span> <span class='ocrx_word' id='word_1_597' title='bbox 917 3762 1150 3839; x_wconf 60' lang='grc' dir='ltr'><strong><em>[οὑτω-ν</em></strong></span> <span class='ocrx_word' id='word_1_598' title='bbox 1164 3762 1432 3839; x_wconf 50' lang='lat' dir='ltr'><strong><em>merui]:</em></strong></span> <span class='ocrx_word' id='word_1_599' title='bbox 1450 3780 1616 3822; x_wconf 71' lang='lat' dir='ltr'><strong><em>unum</em></strong></span> <span class='ocrx_word' id='word_1_600' title='bbox 1640 3780 1837 3838; x_wconf 62' lang='lat' dir='ltr'><strong><em>corpus</em></strong></span> <span class='ocrx_word' id='word_1_601' title='bbox 1940 3778 2175 3837; x_wconf 68' lang='lat' dir='ltr'><strong><em>tormam</em></strong></span> <span class='ocrx_word' id='word_1_602' title='bbox 2201 3780 2376 3850; x_wconf 70' lang='lat' dir='ltr'><strong><em>magis</em></strong></span> <span class='ocrx_word' id='word_1_603' title='bbox 2396 3792 2493 3834; x_wconf 88' lang='lat' dir='ltr'><strong><em>eas</em></strong></span> <span class='ocrx_word' id='word_1_604' title='bbox 2516 3793 2661 3845; x_wconf 89' lang='lat' dir='ltr'><strong><em>esse,</em></strong></span> <span class='ocrx_word' id='word_1_605' title='bbox 2684 3786 2742 3833; x_wconf 88' lang='lat' dir='ltr'><strong><em>et</em></strong></span> <span class='ocrx_word' id='word_1_606' title='bbox 2765 3778 2937 3834; x_wconf 87' lang='lat' dir='ltr'><strong><em>multo</em></strong></span> <span class='ocrx_word' id='word_1_607' title='bbox 2960 3776 3143 3832; x_wconf 89' lang='lat' dir='ltr'><strong><em>minus</em></strong></span> <span class='ocrx_word' id='word_1_608' title='bbox 3168 3775 3409 3830; x_wconf 87' lang='lat' dir='ltr'><strong><em>habere:</em></strong></span> <span class='ocrx_word' id='word_1_609' title='bbox 3437 3772 3537 3829; x_wconf 85' lang='lat' dir='ltr'><strong><em>sed</em></strong></span> 
     </span>
    </p>
   </div>
   <div class='ocr_carea' id='block_1_46' title="bbox 225 3857 3533 3944">
    <p class='ocr_par' dir='ltr' id='par_1_46' title="bbox 225 3857 3533 3944">
     <span class='ocr_line' id='line_1_46' title="bbox 225 3857 3533 3944; baseline -0.003 -16"><span class='ocrx_word' id='word_1_610' title='bbox 225 3866 352 3924; x_wconf 61' lang='grc' dir='ltr'><strong><em>θείω</em></strong></span> <span class='ocrx_word' id='word_1_611' title='bbox 385 3864 447 3915; x_wconf 73' lang='grc' dir='ltr'><strong><em>ει</em></strong></span> <span class='ocrx_word' id='word_1_612' title='bbox 471 3872 583 3914; x_wconf 70' lang='lat' dir='ltr'><strong><em>non</em></strong></span> <span class='ocrx_word' id='word_1_613' title='bbox 615 3857 782 3915; x_wconf 64' lang='grc' dir='ltr'><strong><em>ωυιιθ</em></strong></span> <span class='ocrx_word' id='word_1_614' title='bbox 807 3873 1068 3930; x_wconf 62' lang='lat' dir='ltr'><strong><em>corpora;</em></strong></span> <span class='ocrx_word' id='word_1_615' title='bbox 1099 3859 1175 3914; x_wconf 68' lang='lat' dir='ltr'><strong><em>ila</em></strong></span> <span class='ocrx_word' id='word_1_616' title='bbox 1201 3859 1366 3915; x_wconf 68' lang='grc' dir='ltr'><strong><em>θιίθω</em></strong></span> <span class='ocrx_word' id='word_1_617' title='bbox 1393 3866 1449 3914; x_wconf 61' lang='lat' dir='ltr'><strong><em>ei</em></strong></span> <span class='ocrx_word' id='word_1_618' title='bbox 1474 3875 1642 3915; x_wconf 73' lang='lat' dir='ltr'><strong><em>unum</em></strong></span> <span class='ocrx_word' id='word_1_619' title='bbox 1667 3857 1836 3914; x_wconf 58' lang='lat' dir='ltr'><strong><em>8307i-</em></strong></span> <span class='ocrx_word' id='word_1_620' title='bbox 1943 3874 2074 3944; x_wconf 86' lang='lat' dir='ltr'><strong><em>quia</em></strong></span> <span class='ocrx_word' id='word_1_621' title='bbox 2115 3871 2438 3928; x_wconf 83' lang='lat' dir='ltr'><strong><em>occurrebat</em></strong></span> <span class='ocrx_word' id='word_1_622' title='bbox 2477 3869 2529 3925; x_wconf 91' lang='lat' dir='ltr'><strong><em>ei</em></strong></span> <span class='ocrx_word' id='word_1_623' title='bbox 2556 3868 2756 3936; x_wconf 87' lang='lat' dir='ltr'><strong><em>adhuc,</em></strong></span> <span class='ocrx_word' id='word_1_624' title='bbox 2801 3868 2858 3924; x_wconf 82' lang='lat' dir='ltr'><strong><em>id</em></strong></span> <span class='ocrx_word' id='word_1_625' title='bbox 2897 3875 3004 3933; x_wconf 75' lang='lat' dir='ltr'><strong><em>est,</em></strong></span> <span class='ocrx_word' id='word_1_626' title='bbox 3033 3865 3084 3921; x_wconf 89' lang='lat' dir='ltr'><strong><em>si</em></strong></span> <span class='ocrx_word' id='word_1_627' title='bbox 3119 3864 3311 3920; x_wconf 73' lang='lat' dir='ltr'><strong><em>form</em></strong></span> <span class='ocrx_word' id='word_1_628' title='bbox 3353 3872 3533 3932; x_wconf 87' lang='lat' dir='ltr'><strong><em>erant,</em></strong></span> 
     </span>
    </p>
   </div>
   <div class='ocr_carea' id='block_1_47' title="bbox 228 3949 3530 4036">
    <p class='ocr_par' dir='ltr' id='par_1_47' title="bbox 228 3949 3530 4036">
     <span class='ocr_line' id='line_1_47' title="bbox 228 3949 3530 4036; baseline -0 -27"><span class='ocrx_word' id='word_1_629' title='bbox 228 3949 456 4009; x_wconf 77' lang='lat' dir='ltr'><strong><em>ﬁcium.</em></strong></span> <span class='ocrx_word' id='word_1_630' title='bbox 496 3949 745 4005; x_wconf 80' lang='lat' dir='ltr'><strong><em>Pontifex</em></strong></span> <span class='ocrx_word' id='word_1_631' title='bbox 786 3959 965 4007; x_wconf 88' lang='lat' dir='ltr'><strong><em>autem</em></strong></span> <span class='ocrx_word' id='word_1_632' title='bbox 998 3958 1181 4007; x_wconf 86' lang='lat' dir='ltr'><strong><em>noster</em></strong></span> <span class='ocrx_word' id='word_1_633' title='bbox 1207 3951 1297 4007; x_wconf 86' lang='lat' dir='ltr'><strong><em>ille</em></strong></span> <span class='ocrx_word' id='word_1_634' title='bbox 1324 3958 1430 4016; x_wconf 84' lang='lat' dir='ltr'><strong><em>est,</em></strong></span> <span class='ocrx_word' id='word_1_635' title='bbox 1461 3951 1555 4021; x_wconf 89' lang='lat' dir='ltr'><strong><em>qui</em></strong></span> <span class='ocrx_word' id='word_1_636' title='bbox 1599 3951 1837 4007; x_wconf 87' lang='lat' dir='ltr'><strong><em>hostiam</em></strong></span> <span class='ocrx_word' id='word_1_637' title='bbox 1940 3962 2212 4036; x_wconf 68' lang='grc' dir='ltr'><strong><em>φσηιοάθ</em></strong></span> <span class='ocrx_word' id='word_1_638' title='bbox 2250 3960 2483 4017; x_wconf 59' lang='lat' dir='ltr'><strong><em>veritate</em></strong></span> <span class='ocrx_word' id='word_1_639' title='bbox 2508 3959 2762 4016; x_wconf 68' lang='lat' dir='ltr'><strong><em>veniente</em></strong></span> <span class='ocrx_word' id='word_1_640' title='bbox 2804 3972 2914 4014; x_wconf 82' lang='lat' dir='ltr'><strong><em>non</em></strong></span> <span class='ocrx_word' id='word_1_641' title='bbox 2951 3964 3325 4022; x_wconf 77' lang='lat' dir='ltr'><strong><em>cessaverunt,</em></strong></span> <span class='ocrx_word' id='word_1_642' title='bbox 3351 3969 3530 4025; x_wconf 84' lang='lat' dir='ltr'><strong><em>neque</em></strong></span> 
     </span>
    </p>
   </div>
   <div class='ocr_carea' id='block_1_48' title="bbox 224 4040 3530 4121">
    <p class='ocr_par' dir='ltr' id='par_1_48' title="bbox 224 4040 3530 4121">
     <span class='ocr_line' id='line_1_48' title="bbox 224 4040 3530 4121; baseline 0.002 -23"><span class='ocrx_word' id='word_1_643' title='bbox 224 4040 606 4117; x_wconf 83' lang='lat' dir='ltr'><strong><em>mundantem</em></strong></span> <span class='ocrx_word' id='word_1_644' title='bbox 642 4054 742 4096; x_wconf 81' lang='lat' dir='ltr'><strong><em>nos</em></strong></span> <span class='ocrx_word' id='word_1_645' title='bbox 786 4041 998 4098; x_wconf 81' lang='lat' dir='ltr'><strong><em>obtulit.</em></strong></span> <span class='ocrx_word' id='word_1_646' title='bbox 1035 4042 1215 4114; x_wconf 86' lang='lat' dir='ltr'><strong><em>Ipsam</em></strong></span> <span class='ocrx_word' id='word_1_647' title='bbox 1250 4040 1528 4098; x_wconf 71' lang='lat' dir='ltr'><strong><em>offerimus</em></strong></span> <span class='ocrx_word' id='word_1_648' title='bbox 1564 4049 1622 4098; x_wconf 91' lang='lat' dir='ltr'><strong><em>et</em></strong></span> <span class='ocrx_word' id='word_1_649' title='bbox 1667 4058 1833 4114; x_wconf 89' lang='lat' dir='ltr'><strong><em>nunc,</em></strong></span> <span class='ocrx_word' id='word_1_650' title='bbox 1938 4054 2343 4120; x_wconf 55' lang='lat' dir='ltr'><strong><em>discesserunt,</em></strong></span> <span class='ocrx_word' id='word_1_651' title='bbox 2387 4051 2486 4109; x_wconf 70' lang='lat' dir='ltr'><strong><em>sed</em></strong></span> <span class='ocrx_word' id='word_1_652' title='bbox 2528 4050 2707 4109; x_wconf 71' lang='lat' dir='ltr'><strong><em>adhuc</em></strong></span> <span class='ocrx_word' id='word_1_653' title='bbox 2741 4049 3116 4106; x_wconf 79' lang='lat' dir='ltr'><strong><em>celebrantur?</em></strong></span> <span class='ocrx_word' id='word_1_654' title='bbox 3159 4047 3355 4104; x_wconf 77' lang='lat' dir='ltr'><strong><em>Adhuc</em></strong></span> <span class='ocrx_word' id='word_1_655' title='bbox 3397 4062 3530 4121; x_wconf 74' lang='lat' dir='ltr'><strong><em>ergo</em></strong></span> 
     </span>
    </p>
   </div>
   <div class='ocr_carea' id='block_1_49' title="bbox 225 4127 3533 4220">
    <p class='ocr_par' dir='ltr' id='par_1_49' title="bbox 225 4127 3533 4220">
     <span class='ocr_line' id='line_1_49' title="bbox 225 4127 3533 4220; baseline 0.003 -32"><span class='ocrx_word' id='word_1_656' title='bbox 225 4146 361 4202; x_wconf 82' lang='lat' dir='ltr'><strong><em>quae</em></strong></span> <span class='ocrx_word' id='word_1_657' title='bbox 389 4127 569 4203; x_wconf 75' lang='lat'><strong><em>696</em></strong></span> <span class='ocrx_word' id='word_1_658' title='bbox 596 4138 724 4188; x_wconf 88' lang='lat' dir='ltr'><strong><em>tunc</em></strong></span> <span class='ocrx_word' id='word_1_659' title='bbox 760 4131 939 4189; x_wconf 86' lang='lat' dir='ltr'><strong><em>oblata</em></strong></span> <span class='ocrx_word' id='word_1_660' title='bbox 968 4132 1189 4206; x_wconf 87' lang='lat' dir='ltr'><strong><em>quidem</em></strong></span> <span class='ocrx_word' id='word_1_661' title='bbox 1214 4132 1460 4190; x_wconf 88' lang='lat' dir='ltr'><strong><em>consumi</em></strong></span> <span class='ocrx_word' id='word_1_662' title='bbox 1500 4148 1611 4189; x_wconf 85' lang='lat' dir='ltr'><strong><em>non</em></strong></span> <span class='ocrx_word' id='word_1_663' title='bbox 1632 4142 1831 4217; x_wconf 83' lang='lat' dir='ltr'><strong><em>potest.</em></strong></span> <span class='ocrx_word' id='word_1_664' title='bbox 1939 4143 2059 4220; x_wconf 73' lang='lat' dir='ltr'><strong><em>[de]</em></strong></span> <span class='ocrx_word' id='word_1_665' title='bbox 2101 4145 2190 4201; x_wconf 72' lang='lat' dir='ltr'><strong><em>his</em></strong></span> <span class='ocrx_word' id='word_1_666' title='bbox 2228 4144 2344 4216; x_wconf 62' lang='lat' dir='ltr'><strong><em>agit</em></strong></span> <span class='ocrx_word' id='word_1_667' title='bbox 2388 4141 2629 4216; x_wconf 55' lang='grc' dir='ltr'><strong><em>[σὰν-ψη</em></strong></span> <span class='ocrx_word' id='word_1_668' title='bbox 2654 4140 2771 4198; x_wconf 74' lang='lat' dir='ltr'><strong><em>Hoc</em></strong></span> <span class='ocrx_word' id='word_1_669' title='bbox 2803 4154 2934 4212; x_wconf 72' lang='lat' dir='ltr'><strong><em>ergo</em></strong></span> <span class='ocrx_word' id='word_1_670' title='bbox 2957 4140 3045 4197; x_wconf 89' lang='lat' dir='ltr'><strong><em>his</em></strong></span> <span class='ocrx_word' id='word_1_671' title='bbox 3080 4139 3212 4214; x_wconf 86' lang='lat' dir='ltr'><strong><em>ait],</em></strong></span> <span class='ocrx_word' id='word_1_672' title='bbox 3239 4139 3533 4198; x_wconf 86' lang='lat' dir='ltr'><strong><em>ostendens</em></strong></span> 
     </span>
    </p>
   </div>
   <div class='ocr_carea' id='block_1_50' title="bbox 224 4225 3533 4310">
    <p class='ocr_par' dir='ltr' id='par_1_50' title="bbox 224 4225 3533 4310">
     <span class='ocr_line' id='line_1_50' title="bbox 224 4225 3533 4310; baseline 0.001 -27"><span class='ocrx_word' id='word_1_673' title='bbox 224 4225 355 4283; x_wconf 83' lang='lat' dir='ltr'><strong><em>Hoc</em></strong></span> <span class='ocrx_word' id='word_1_674' title='bbox 406 4231 596 4281; x_wconf 87' lang='lat' dir='ltr'><strong><em>autem</em></strong></span> <span class='ocrx_word' id='word_1_675' title='bbox 622 4225 767 4298; x_wconf 85' lang='lat' dir='ltr'><strong><em>quod</em></strong></span> <span class='ocrx_word' id='word_1_676' title='bbox 812 4241 912 4285; x_wconf 87' lang='lat' dir='ltr'><strong><em>nos</em></strong></span> <span class='ocrx_word' id='word_1_677' title='bbox 948 4226 1201 4297; x_wconf 85' lang='lat' dir='ltr'><strong><em>facimus,</em></strong></span> <span class='ocrx_word' id='word_1_678' title='bbox 1228 4227 1285 4284; x_wconf 90' lang='lat' dir='ltr'><strong><em>in</em></strong></span> <span class='ocrx_word' id='word_1_679' title='bbox 1313 4229 1840 4288; x_wconf 83' lang='lat' dir='ltr'><strong><em>commemoratione</em></strong></span> <span class='ocrx_word' id='word_1_680' title='bbox 1942 4238 2074 4309; x_wconf 81' lang='lat' dir='ltr'><strong><em>quia</em></strong></span> <span class='ocrx_word' id='word_1_681' title='bbox 2105 4237 2220 4310; x_wconf 84' lang='lat' dir='ltr'><strong><em>jam</em></strong></span> <span class='ocrx_word' id='word_1_682' title='bbox 2246 4249 2357 4293; x_wconf 88' lang='lat' dir='ltr'><strong><em>non</em></strong></span> <span class='ocrx_word' id='word_1_683' title='bbox 2384 4234 2754 4300; x_wconf 83' lang='lat' dir='ltr'><strong><em>celebrantur,</em></strong></span> <span class='ocrx_word' id='word_1_684' title='bbox 2786 4246 2964 4303; x_wconf 84' lang='lat' dir='ltr'><strong><em>neque</em></strong></span> <span class='ocrx_word' id='word_1_685' title='bbox 3002 4231 3151 4287; x_wconf 82' lang='lat' dir='ltr'><strong><em>velut</em></strong></span> <span class='ocrx_word' id='word_1_686' title='bbox 3170 4229 3392 4301; x_wconf 68' lang='lat' dir='ltr'><strong><em>format;</em></strong></span> <span class='ocrx_word' id='word_1_687' title='bbox 3422 4245 3533 4287; x_wconf 89' lang='lat' dir='ltr'><strong><em>non</em></strong></span> 
     </span>
    </p>
   </div>
   <div class='ocr_carea' id='block_1_51' title="bbox 178 4317 3532 4398">
    <p class='ocr_par' dir='ltr' id='par_1_51' title="bbox 178 4317 3532 4398">
     <span class='ocr_line' id='line_1_51' title="bbox 178 4317 3532 4398; baseline 0.001 -21"><span class='ocrx_word' id='word_1_688' title='bbox 178 4328 189 4333; x_wconf 76' lang='lat'><strong>’</strong></span> <span class='ocrx_word' id='word_1_689' title='bbox 224 4319 295 4377; x_wconf 80' lang='lat' dir='ltr'><strong><em>ﬁt</em></strong></span> <span class='ocrx_word' id='word_1_690' title='bbox 322 4319 479 4393; x_wconf 77' lang='lat' dir='ltr'><strong><em>ejus,</em></strong></span> <span class='ocrx_word' id='word_1_691' title='bbox 503 4318 649 4390; x_wconf 85' lang='lat' dir='ltr'><strong><em>quod</em></strong></span> <span class='ocrx_word' id='word_1_692' title='bbox 674 4317 875 4377; x_wconf 88' lang='lat' dir='ltr'><strong><em>factum</em></strong></span> <span class='ocrx_word' id='word_1_693' title='bbox 902 4329 1009 4379; x_wconf 83' lang='lat' dir='ltr'><strong><em>est.</em></strong></span> <span class='ocrx_word' id='word_1_694' title='bbox 1031 4319 1149 4378; x_wconf 85' lang='lat' dir='ltr'><strong><em>Hoc</em></strong></span> <span class='ocrx_word' id='word_1_695' title='bbox 1173 4322 1318 4379; x_wconf 87' lang='lat' dir='ltr'><strong><em>enim</em></strong></span> <span class='ocrx_word' id='word_1_696' title='bbox 1343 4322 1524 4395; x_wconf 81' lang='lat' dir='ltr'><strong><em>facite,</em></strong></span> <span class='ocrx_word' id='word_1_697' title='bbox 1547 4322 1756 4394; x_wconf 88' lang='lat' dir='ltr'><strong><em>inquit,</em></strong></span> <span class='ocrx_word' id='word_1_698' title='bbox 1779 4325 1840 4382; x_wconf 79' lang='lat' dir='ltr'><strong><em>in</em></strong></span> <span class='ocrx_word' id='word_1_699' title='bbox 1941 4327 2091 4385; x_wconf 80' lang='lat' dir='ltr'><strong><em>enim</em></strong></span> <span class='ocrx_word' id='word_1_700' title='bbox 2115 4342 2212 4385; x_wconf 86' lang='lat' dir='ltr'><strong><em>eas</em></strong></span> <span class='ocrx_word' id='word_1_701' title='bbox 2234 4324 2594 4398; x_wconf 82' lang='lat' dir='ltr'><strong><em>aceeptabiles</em></strong></span> <span class='ocrx_word' id='word_1_702' title='bbox 2617 4324 2784 4381; x_wconf 80' lang='lat' dir='ltr'><strong><em>habet</em></strong></span> <span class='ocrx_word' id='word_1_703' title='bbox 2807 4323 2970 4380; x_wconf 86' lang='lat' dir='ltr'><strong><em>Deus.</em></strong></span> <span class='ocrx_word' id='word_1_704' title='bbox 2992 4340 3014 4380; x_wconf 70' lang='grc' dir='ltr'><strong><em>ι</em></strong></span> <span class='ocrx_word' id='word_1_705' title='bbox 3046 4321 3116 4379; x_wconf 76' lang='lat' dir='ltr'><strong><em>Et</em></strong></span> <span class='ocrx_word' id='word_1_706' title='bbox 3159 4323 3266 4380; x_wconf 87' lang='lat' dir='ltr'><strong><em>hoc</em></strong></span> <span class='ocrx_word' id='word_1_707' title='bbox 3306 4321 3409 4380; x_wconf 85' lang='lat' dir='ltr'><strong><em>soli</em></strong></span> <span class='ocrx_word' id='word_1_708' title='bbox 3433 4323 3532 4379; x_wconf 86' lang='lat' dir='ltr'><strong><em>ha-</em></strong></span> 
     </span>
    </p>
   </div>
   <div class='ocr_carea' id='block_1_52' title="bbox 220 4411 3529 4493">
    <p class='ocr_par' dir='ltr' id='par_1_52' title="bbox 220 4411 3529 4493">
     <span class='ocr_line' id='line_1_52' title="bbox 220 4411 3529 4493; baseline 0 -21"><span class='ocrx_word' id='word_1_709' title='bbox 220 4428 413 4473; x_wconf 82' lang='lat' dir='ltr'><strong><em>meam</em></strong></span> <span class='ocrx_word' id='word_1_710' title='bbox 442 4412 991 4468; x_wconf 77' lang='lat' dir='ltr'><strong><em>commemorationem</em></strong></span> <span class='ocrx_word' id='word_1_711' title='bbox 1033 4411 1186 4486; x_wconf 82' lang='lat' dir='ltr'><strong><em>(Luc.</em></strong></span> <span class='ocrx_word' id='word_1_712' title='bbox 1218 4412 1379 4487; x_wconf 79' lang='lat' dir='ltr'><strong><em>m1).</em></strong></span> <span class='ocrx_word' id='word_1_713' title='bbox 1403 4412 1523 4471; x_wconf 88' lang='lat' dir='ltr'><strong><em>Non</em></strong></span> <span class='ocrx_word' id='word_1_714' title='bbox 1560 4415 1708 4473; x_wconf 87' lang='lat' dir='ltr'><strong><em>aliud</em></strong></span> <span class='ocrx_word' id='word_1_715' title='bbox 1743 4431 1836 4474; x_wconf 85' lang='lat' dir='ltr'><strong><em>sa-</em></strong></span> <span class='ocrx_word' id='word_1_716' title='bbox 1943 4419 2099 4490; x_wconf 77' lang='lat' dir='ltr'><strong><em>bent,</em></strong></span> <span class='ocrx_word' id='word_1_717' title='bbox 2142 4420 2237 4493; x_wconf 78' lang='lat' dir='ltr'><strong><em>qui</em></strong></span> <span class='ocrx_word' id='word_1_718' title='bbox 2272 4434 2492 4493; x_wconf 81' lang='lat' dir='ltr'><strong><em>semper</em></strong></span> <span class='ocrx_word' id='word_1_719' title='bbox 2533 4418 2760 4493; x_wconf 85' lang='lat' dir='ltr'><strong><em>Spiritui</em></strong></span> <span class='ocrx_word' id='word_1_720' title='bbox 2787 4425 2980 4476; x_wconf 82' lang='lat' dir='ltr'><strong><em>sancto</em></strong></span> <span class='ocrx_word' id='word_1_721' title='bbox 3014 4418 3354 4475; x_wconf 84' lang='lat' dir='ltr'><strong><em>restiterunt.</em></strong></span> <span class='ocrx_word' id='word_1_722' title='bbox 3384 4414 3529 4485; x_wconf 87' lang='lat' dir='ltr'><strong><em>Qua-</em></strong></span> 
     </span>
    </p>
   </div>
   <div class='ocr_carea' id='block_1_53' title="bbox 222 4504 3529 4601">
    <p class='ocr_par' dir='ltr' id='par_1_53' title="bbox 222 4504 3529 4601">
     <span class='ocr_line' id='line_1_53' title="bbox 222 4504 3529 4601; baseline 0.001 -39"><span class='ocrx_word' id='word_1_723' title='bbox 222 4505 547 4570; x_wconf 83' lang='lat' dir='ltr'><strong><em>criﬁcium,</em></strong></span> <span class='ocrx_word' id='word_1_724' title='bbox 570 4504 720 4601; x_wconf 76' lang='lat' dir='ltr'><strong><em>sicut</em></strong></span> <span class='ocrx_word' id='word_1_725' title='bbox 743 4504 1017 4577; x_wconf 76' lang='lat' dir='ltr'><strong><em>pontifex;</em></strong></span> <span class='ocrx_word' id='word_1_726' title='bbox 1185 4508 1364 4579; x_wconf 79' lang='lat' dir='ltr'><strong><em>ipsum</em></strong></span> <span class='ocrx_word' id='word_1_727' title='bbox 1407 4525 1624 4581; x_wconf 87' lang='lat' dir='ltr'><strong><em>semper</em></strong></span> <span class='ocrx_word' id='word_1_728' title='bbox 1650 4510 1837 4570; x_wconf 80' lang='lat' dir='ltr'><strong><em>oil‘eri—</em></strong></span> <span class='ocrx_word' id='word_1_729' title='bbox 1863 4528 1923 4601; x_wconf 68' lang='grc' dir='ltr'><strong><em>ῃ</em></strong></span> <span class='ocrx_word' id='word_1_730' title='bbox 1943 4521 2171 4587; x_wconf 84' lang='lat' dir='ltr'><strong><em>propter</em></strong></span> <span class='ocrx_word' id='word_1_731' title='bbox 2192 4514 2511 4586; x_wconf 82' lang='lat' dir='ltr'><strong><em>prophetico</em></strong></span> <span class='ocrx_word' id='word_1_732' title='bbox 2541 4509 2853 4568; x_wconf 83' lang='lat' dir='ltr'><strong><em>testimonio</em></strong></span> <span class='ocrx_word' id='word_1_733' title='bbox 2877 4509 3156 4582; x_wconf 74' lang='lat' dir='ltr'><strong><em>redarguit</em></strong></span> <span class='ocrx_word' id='word_1_734' title='bbox 3180 4523 3275 4566; x_wconf 81' lang='lat' dir='ltr'><strong><em>eos</em></strong></span> <span class='ocrx_word' id='word_1_735' title='bbox 3303 4507 3529 4565; x_wconf 85' lang='lat' dir='ltr'><strong><em>dicens:</em></strong></span> 
     </span>
    </p>
   </div>
   <div class='ocr_carea' id='block_1_54' title="bbox 221 4597 3531 4679">
    <p class='ocr_par' dir='ltr' id='par_1_54' title="bbox 221 4597 3531 4679">
     <span class='ocr_line' id='line_1_54' title="bbox 221 4597 3531 4679; baseline -0.001 -18"><span class='ocrx_word' id='word_1_736' title='bbox 221 4616 359 4661; x_wconf 84' lang='lat' dir='ltr'><strong><em>mus</em></strong></span> <span class='ocrx_word' id='word_1_737' title='bbox 385 4618 401 4655; x_wconf 85' lang='lat'><strong>:</strong></span> <span class='ocrx_word' id='word_1_738' title='bbox 436 4597 616 4669; x_wconf 71' lang='lat' dir='ltr'><strong><em>magis</em></strong></span> <span class='ocrx_word' id='word_1_739' title='bbox 643 4606 828 4663; x_wconf 74' lang='lat' dir='ltr'><strong><em>autem</em></strong></span> <span class='ocrx_word' id='word_1_740' title='bbox 870 4600 1302 4661; x_wconf 78' lang='lat' dir='ltr'><strong><em>recordationem</em></strong></span> <span class='ocrx_word' id='word_1_741' title='bbox 1340 4603 1595 4679; x_wconf 77' lang='lat' dir='ltr'><strong><em>sacriﬁcii</em></strong></span> <span class='ocrx_word' id='word_1_742' title='bbox 1632 4620 1837 4678; x_wconf 75' lang='lat' dir='ltr'><strong><em>opera—</em></strong></span> <span class='ocrx_word' id='word_1_743' title='bbox 1864 4597 1869 4601; x_wconf 67' lang='grc'><em>’</em></span> <span class='ocrx_word' id='word_1_744' title='bbox 1943 4606 2392 4665; x_wconf 73' lang='lat' dir='ltr'><strong><em>Halscautomats</em></strong></span> <span class='ocrx_word' id='word_1_745' title='bbox 2411 4615 2462 4661; x_wconf 83' lang='lat' dir='ltr'><strong><em>et</em></strong></span> <span class='ocrx_word' id='word_1_746' title='bbox 2488 4620 2585 4677; x_wconf 80' lang='lat' dir='ltr'><strong><em>pro</em></strong></span> <span class='ocrx_word' id='word_1_747' title='bbox 2608 4608 2823 4677; x_wconf 79' lang='lat' dir='ltr'><strong><em>peccato</em></strong></span> <span class='ocrx_word' id='word_1_748' title='bbox 2848 4602 3082 4659; x_wconf 56' lang='lat' dir='ltr'><strong><em>noluisti;</em></strong></span> <span class='ocrx_word' id='word_1_749' title='bbox 3114 4620 3136 4655; x_wconf 77' lang='grc' dir='ltr'>ι</span> <span class='ocrx_word' id='word_1_750' title='bbox 3153 4602 3232 4659; x_wconf 85' lang='lat' dir='ltr'><strong><em>De</em></strong></span> <span class='ocrx_word' id='word_1_751' title='bbox 3254 4601 3403 4658; x_wconf 84' lang='lat' dir='ltr'><strong><em>nullo</em></strong></span> <span class='ocrx_word' id='word_1_752' title='bbox 3422 4601 3531 4658; x_wconf 88' lang='lat' dir='ltr'><strong><em>alio</em></strong></span> 
     </span>
    </p>
   </div>
   <div class='ocr_carea' id='block_1_55' title="bbox 220 4694 3529 4766">
    <p class='ocr_par' dir='ltr' id='par_1_55' title="bbox 220 4694 3529 4766">
     <span class='ocr_line' id='line_1_55' title="bbox 220 4694 3529 4766; baseline -0.001 -13"><span class='ocrx_word' id='word_1_753' title='bbox 220 4711 380 4753; x_wconf 85' lang='lat' dir='ltr'><strong><em>mur.</em></strong></span> <span class='ocrx_word' id='word_1_754' title='bbox 403 4712 428 4749; x_wconf 72' lang='grc' dir='ltr'><em>υ</em></span> <span class='ocrx_word' id='word_1_755' title='bbox 1662 4756 1665 4757; x_wconf 27' lang='grc' dir='ltr'><em>ν</em></span> <span class='ocrx_word' id='word_1_756' title='bbox 1942 4700 2052 4756; x_wconf 81' lang='lat' dir='ltr'><strong><em>nisi</em></strong></span> <span class='ocrx_word' id='word_1_757' title='bbox 2080 4700 2151 4756; x_wconf 82' lang='lat' dir='ltr'><strong><em>de</em></strong></span> <span class='ocrx_word' id='word_1_758' title='bbox 2182 4698 2400 4756; x_wconf 84' lang='lat' dir='ltr'><strong><em>Christo</em></strong></span> <span class='ocrx_word' id='word_1_759' title='bbox 2424 4698 2530 4753; x_wconf 88' lang='lat' dir='ltr'><strong><em>hoc</em></strong></span> <span class='ocrx_word' id='word_1_760' title='bbox 2555 4696 2774 4752; x_wconf 87' lang='lat' dir='ltr'><strong><em>dicitur.</em></strong></span> <span class='ocrx_word' id='word_1_761' title='bbox 2803 4696 2872 4750; x_wconf 86' lang='lat' dir='ltr'><strong><em>Et</em></strong></span> <span class='ocrx_word' id='word_1_762' title='bbox 2897 4694 3028 4766; x_wconf 81' lang='lat' dir='ltr'><strong><em>quid</em></strong></span> <span class='ocrx_word' id='word_1_763' title='bbox 3062 4694 3263 4751; x_wconf 84' lang='lat' dir='ltr'><strong><em>mirum</em></strong></span> <span class='ocrx_word' id='word_1_764' title='bbox 3290 4694 3339 4752; x_wconf 80' lang='lat' dir='ltr'><strong><em>si</em></strong></span> <span class='ocrx_word' id='word_1_765' title='bbox 3384 4708 3529 4751; x_wconf 90' lang='lat' dir='ltr'><strong><em>nunc</em></strong></span> 
     </span>
    </p>
   </div>
   <div class='ocr_carea' id='block_1_56' title="bbox 302 4772 3527 4860">
    <p class='ocr_par' dir='ltr' id='par_1_56' title="bbox 302 4772 3527 4860">
     <span class='ocr_line' id='line_1_56' title="bbox 302 4772 3527 4860; baseline -0.001 -15"><span class='ocrx_word' id='word_1_766' title='bbox 302 4787 491 4845; x_wconf 69' lang='lat' dir='ltr'><strong><em>Vens.</em></strong></span> <span class='ocrx_word' id='word_1_767' title='bbox 524 4781 642 4841; x_wconf 80' lang='lat'><strong><em>5-9.</em></strong></span> <span class='ocrx_word' id='word_1_768' title='bbox 678 4815 754 4829; x_wconf 91' lang='grc'><strong><em>--</em></strong></span> <span class='ocrx_word' id='word_1_769' title='bbox 776 4785 906 4846; x_wconf 81' lang='lat' dir='ltr'><strong><em>Ideo</em></strong></span> <span class='ocrx_word' id='word_1_770' title='bbox 945 4787 1242 4860; x_wconf 76' lang='lat' dir='ltr'><strong><em>ingrediens</em></strong></span> <span class='ocrx_word' id='word_1_771' title='bbox 1278 4788 1337 4844; x_wconf 77' lang='lat' dir='ltr'><strong><em>in</em></strong></span> <span class='ocrx_word' id='word_1_772' title='bbox 1364 4787 1620 4846; x_wconf 77' lang='lat' dir='ltr'><strong><em>mundum</em></strong></span> <span class='ocrx_word' id='word_1_773' title='bbox 1663 4789 1817 4846; x_wconf 78' lang='lat' dir='ltr'><strong><em>dicit</em></strong></span> <span class='ocrx_word' id='word_1_774' title='bbox 1941 4804 2056 4849; x_wconf 82' lang='lat' dir='ltr'><strong><em>non</em></strong></span> <span class='ocrx_word' id='word_1_775' title='bbox 2083 4797 2170 4846; x_wconf 85' lang='lat' dir='ltr'><strong><em>est</em></strong></span> <span class='ocrx_word' id='word_1_776' title='bbox 2186 4788 2439 4845; x_wconf 74' lang='lat' dir='ltr'><strong><em>voluntas</em></strong></span> <span class='ocrx_word' id='word_1_777' title='bbox 2469 4785 2569 4843; x_wconf 86' lang='lat' dir='ltr'><strong><em>Dei</em></strong></span> <span class='ocrx_word' id='word_1_778' title='bbox 2596 4787 2657 4843; x_wconf 85' lang='lat' dir='ltr'><strong><em>in</em></strong></span> <span class='ocrx_word' id='word_1_779' title='bbox 2679 4785 2939 4858; x_wconf 75' lang='lat' dir='ltr'><strong><em>sanguine</em></strong></span> <span class='ocrx_word' id='word_1_780' title='bbox 2960 4787 3238 4844; x_wconf 79' lang='lat' dir='ltr'><strong><em>hircorum</em></strong></span> <span class='ocrx_word' id='word_1_781' title='bbox 3264 4772 3527 4841; x_wconf 47' lang='lat' dir='ltr'><strong><em>et’tauro—</em></strong></span> 
     </span>
    </p>
   </div>
   <div class='ocr_carea' id='block_1_57' title="bbox 220 4873 3529 4955">
    <p class='ocr_par' dir='ltr' id='par_1_57' title="bbox 220 4873 3529 4955">
     <span class='ocr_line' id='line_1_57' title="bbox 220 4873 3529 4955; baseline -0.003 -18"><span class='ocrx_word' id='word_1_782' title='bbox 220 4878 501 4939; x_wconf 83' lang='lat' dir='ltr'><strong><em>Hostiam</em></strong></span> <span class='ocrx_word' id='word_1_783' title='bbox 524 4885 573 4931; x_wconf 86' lang='lat' dir='ltr'><strong><em>et</em></strong></span> <span class='ocrx_word' id='word_1_784' title='bbox 595 4876 911 4939; x_wconf 74' lang='lat' dir='ltr'><strong><em>oblationem</em></strong></span> <span class='ocrx_word' id='word_1_785' title='bbox 934 4879 1173 4948; x_wconf 76' lang='lat' dir='ltr'><strong><em>noluisti,</em></strong></span> <span class='ocrx_word' id='word_1_786' title='bbox 1213 4893 1400 4952; x_wconf 76' lang='lat' dir='ltr'><strong><em>corpus</em></strong></span> <span class='ocrx_word' id='word_1_787' title='bbox 1429 4888 1605 4938; x_wconf 76' lang='lat' dir='ltr'><strong><em>autem</em></strong></span> <span class='ocrx_word' id='word_1_788' title='bbox 1638 4892 1813 4955; x_wconf 88' lang='lat' dir='ltr'><strong><em>aptast</em></strong></span> <span class='ocrx_word' id='word_1_789' title='bbox 1941 4894 2091 4948; x_wconf 84' lang='lat' dir='ltr'><strong><em>rum,</em></strong></span> <span class='ocrx_word' id='word_1_790' title='bbox 2122 4879 2249 4937; x_wconf 89' lang='lat' dir='ltr'><strong><em>dum</em></strong></span> <span class='ocrx_word' id='word_1_791' title='bbox 2272 4893 2372 4949; x_wconf 87' lang='lat' dir='ltr'><strong><em>per</em></strong></span> <span class='ocrx_word' id='word_1_792' title='bbox 2392 4876 2710 4949; x_wconf 82' lang='lat' dir='ltr'><strong><em>prophetam</em></strong></span> <span class='ocrx_word' id='word_1_793' title='bbox 2736 4875 2934 4934; x_wconf 82' lang='lat' dir='ltr'><strong><em>Isaiam</em></strong></span> <span class='ocrx_word' id='word_1_794' title='bbox 2956 4875 3195 4934; x_wconf 77' lang='lat' dir='ltr'><strong><em>dicitur:</em></strong></span> <span class='ocrx_word' id='word_1_795' title='bbox 3223 4873 3354 4943; x_wconf 79' lang='lat' dir='ltr'><strong><em>Quis</em></strong></span> <span class='ocrx_word' id='word_1_796' title='bbox 3383 4890 3529 4947; x_wconf 68' lang='lat' dir='ltr'><strong><em>qure-</em></strong></span> 
     </span>
    </p>
   </div>
   <div class='ocr_carea' id='block_1_58' title="bbox 213 4965 3528 5046">
    <p class='ocr_par' dir='ltr' id='par_1_58' title="bbox 213 4965 3528 5046">
     <span class='ocr_line' id='line_1_58' title="bbox 213 4965 3528 5046; baseline -0.002 -14"><span class='ocrx_word' id='word_1_797' title='bbox 213 4974 399 5040; x_wconf 78' lang='lat' dir='ltr'><strong><em>mihi;</em></strong></span> <span class='ocrx_word' id='word_1_798' title='bbox 434 4967 868 5029; x_wconf 74' lang='lat' dir='ltr'><strong><em>leocautomata</em></strong></span> <span class='ocrx_word' id='word_1_799' title='bbox 888 4981 939 5028; x_wconf 81' lang='lat' dir='ltr'><strong><em>et</em></strong></span> <span class='ocrx_word' id='word_1_800' title='bbox 972 4990 1067 5043; x_wconf 79' lang='lat' dir='ltr'><strong><em>pro</em></strong></span> <span class='ocrx_word' id='word_1_801' title='bbox 1108 4981 1319 5044; x_wconf 83' lang='lat' dir='ltr'><strong><em>peccato</em></strong></span> <span class='ocrx_word' id='word_1_802' title='bbox 1358 4989 1466 5030; x_wconf 82' lang='lat' dir='ltr'><strong><em>non</em></strong></span> <span class='ocrx_word' id='word_1_803' title='bbox 1494 4974 1589 5031; x_wconf 78' lang='lat' dir='ltr'><strong><em>tibi</em></strong></span> <span class='ocrx_word' id='word_1_804' title='bbox 1623 4974 1819 5046; x_wconf 76' lang='lat' dir='ltr'><strong><em>placue-</em></strong></span> <span class='ocrx_word' id='word_1_805' title='bbox 1938 4974 2062 5031; x_wconf 76' lang='lat' dir='ltr'><strong><em>sisit</em></strong></span> <span class='ocrx_word' id='word_1_806' title='bbox 2084 4973 2197 5030; x_wconf 71' lang='lat' dir='ltr'><strong><em>hac</em></strong></span> <span class='ocrx_word' id='word_1_807' title='bbox 2225 4971 2294 5027; x_wconf 88' lang='lat' dir='ltr'><strong><em>de</em></strong></span> <span class='ocrx_word' id='word_1_808' title='bbox 2315 4969 2562 5026; x_wconf 76' lang='lat' dir='ltr'><strong><em>manibus</em></strong></span> <span class='ocrx_word' id='word_1_809' title='bbox 2596 4968 2780 5025; x_wconf 77' lang='lat' dir='ltr'><strong><em>uestris</em></strong></span> <span class='ocrx_word' id='word_1_810' title='bbox 2818 4966 3002 5044; x_wconf 70' lang='lat' dir='ltr'><strong><em>(Isaia:</em></strong></span> <span class='ocrx_word' id='word_1_811' title='bbox 3021 4982 3068 5037; x_wconf 86' lang='grc' dir='ltr'><strong><em>ι,</em></strong></span> <span class='ocrx_word' id='word_1_812' title='bbox 3094 4965 3221 5039; x_wconf 68' lang='lat'><strong><em>£2)?</em></strong></span> <span class='ocrx_word' id='word_1_813' title='bbox 3244 4966 3383 5021; x_wconf 88' lang='lat' dir='ltr'><strong><em>Dum</em></strong></span> <span class='ocrx_word' id='word_1_814' title='bbox 3409 4966 3528 5024; x_wconf 71' lang='lat' dir='ltr'><strong><em>haec</em></strong></span> 
     </span>
    </p>
   </div>
   <div class='ocr_carea' id='block_1_59' title="bbox 216 5054 3529 5139">
    <p class='ocr_par' dir='ltr' id='par_1_59' title="bbox 216 5054 3529 5139">
     <span class='ocr_line' id='line_1_59' title="bbox 216 5054 3529 5139; baseline -0.003 -16"><span class='ocrx_word' id='word_1_815' title='bbox 216 5075 378 5127; x_wconf 75' lang='lat' dir='ltr'><strong><em>runt.</em></strong></span> <span class='ocrx_word' id='word_1_816' title='bbox 429 5061 587 5118; x_wconf 80' lang='lat' dir='ltr'><strong><em>Tunc</em></strong></span> <span class='ocrx_word' id='word_1_817' title='bbox 625 5062 759 5130; x_wconf 68' lang='lat' dir='ltr'><strong><em>disi,</em></strong></span> <span class='ocrx_word' id='word_1_818' title='bbox 783 5080 899 5120; x_wconf 80' lang='lat' dir='ltr'><strong><em>ecce</em></strong></span> <span class='ocrx_word' id='word_1_819' title='bbox 932 5065 1110 5130; x_wconf 76' lang='lat' dir='ltr'><strong><em>senio;</em></strong></span> <span class='ocrx_word' id='word_1_820' title='bbox 1134 5065 1193 5120; x_wconf 80' lang='lat' dir='ltr'><strong><em>in</em></strong></span> <span class='ocrx_word' id='word_1_821' title='bbox 1217 5065 1385 5135; x_wconf 83' lang='lat' dir='ltr'><strong><em>capite</em></strong></span> <span class='ocrx_word' id='word_1_822' title='bbox 1422 5065 1545 5121; x_wconf 71' lang='lat' dir='ltr'><strong><em>libri</em></strong></span> <span class='ocrx_word' id='word_1_823' title='bbox 1582 5068 1823 5139; x_wconf 71' lang='lat' dir='ltr'><strong><em>scriptun</em></strong></span> <span class='ocrx_word' id='word_1_824' title='bbox 1940 5065 2188 5132; x_wconf 81' lang='lat' dir='ltr'><strong><em>noluisti,</em></strong></span> <span class='ocrx_word' id='word_1_825' title='bbox 2231 5071 2358 5118; x_wconf 76' lang='lat' dir='ltr'><strong><em>tunc</em></strong></span> <span class='ocrx_word' id='word_1_826' title='bbox 2400 5060 2518 5118; x_wconf 63' lang='lat' dir='ltr'><strong><em>disi</em></strong></span> <span class='ocrx_word' id='word_1_827' title='bbox 2549 5073 2572 5115; x_wconf 91' lang='lat'><strong><em>:</em></strong></span> <span class='ocrx_word' id='word_1_828' title='bbox 2603 5058 2742 5119; x_wconf 79' lang='lat' dir='ltr'><strong><em>Ecce</em></strong></span> <span class='ocrx_word' id='word_1_829' title='bbox 2771 5062 2957 5130; x_wconf 70' lang='lat' dir='ltr'><strong><em>uenio;</em></strong></span> <span class='ocrx_word' id='word_1_830' title='bbox 2998 5060 3058 5117; x_wconf 84' lang='lat' dir='ltr'><strong><em>in</em></strong></span> <span class='ocrx_word' id='word_1_831' title='bbox 3099 5070 3207 5129; x_wconf 79' lang='lat' dir='ltr'><strong><em>qua</em></strong></span> <span class='ocrx_word' id='word_1_832' title='bbox 3251 5054 3529 5114; x_wconf 76' lang='lat' dir='ltr'><strong><em>voluntate</em></strong></span> 
     </span>
    </p>
   </div>
   <div class='ocr_carea' id='block_1_60' title="bbox 213 5150 3523 5235">
    <p class='ocr_par' dir='ltr' id='par_1_60' title="bbox 213 5150 3523 5235">
     <span class='ocr_line' id='line_1_60' title="bbox 213 5150 3523 5235; baseline -0.003 -14"><span class='ocrx_word' id='word_1_833' title='bbox 213 5173 299 5221; x_wconf 78' lang='lat' dir='ltr'><strong><em>est</em></strong></span> <span class='ocrx_word' id='word_1_834' title='bbox 328 5163 404 5219; x_wconf 78' lang='lat' dir='ltr'><strong><em>de</em></strong></span> <span class='ocrx_word' id='word_1_835' title='bbox 434 5171 568 5214; x_wconf 83' lang='lat' dir='ltr'><strong><em>me:</em></strong></span> <span class='ocrx_word' id='word_1_836' title='bbox 592 5156 665 5235; x_wconf 83' lang='lat' dir='ltr'><strong><em>Ut</em></strong></span> <span class='ocrx_word' id='word_1_837' title='bbox 696 5160 923 5230; x_wconf 77' lang='lat' dir='ltr'><strong><em>facerem</em></strong></span> <span class='ocrx_word' id='word_1_838' title='bbox 954 5161 1275 5217; x_wconf 72' lang='lat' dir='ltr'><strong><em>voluntatem</em></strong></span> <span class='ocrx_word' id='word_1_839' title='bbox 1301 5170 1470 5229; x_wconf 82' lang='lat' dir='ltr'><strong><em>tuam,</em></strong></span> <span class='ocrx_word' id='word_1_840' title='bbox 1496 5161 1641 5217; x_wconf 77' lang='lat' dir='ltr'><strong><em>Deus</em></strong></span> <span class='ocrx_word' id='word_1_841' title='bbox 1662 5177 1812 5218; x_wconf 79' lang='lat' dir='ltr'><strong><em>meus</em></strong></span> <span class='ocrx_word' id='word_1_842' title='bbox 1938 5157 2077 5216; x_wconf 74' lang='lat' dir='ltr'><strong><em>Ialvi</em></strong></span> <span class='ocrx_word' id='word_1_843' title='bbox 2099 5156 2228 5214; x_wconf 69' lang='lat' dir='ltr'><strong><em>laeti</em></strong></span> <span class='ocrx_word' id='word_1_844' title='bbox 2252 5169 2459 5214; x_wconf 77' lang='lat' dir='ltr'><strong><em>sumus.</em></strong></span> <span class='ocrx_word' id='word_1_845' title='bbox 2481 5154 2762 5225; x_wconf 80' lang='lat' dir='ltr'><strong><em>Quomodo</em></strong></span> <span class='ocrx_word' id='word_1_846' title='bbox 2782 5155 2917 5235; x_wconf 76' lang='lat' dir='ltr'><strong><em>salvi</em></strong></span> <span class='ocrx_word' id='word_1_847' title='bbox 2942 5153 3073 5211; x_wconf 82' lang='lat' dir='ltr'><strong><em>facti</em></strong></span> <span class='ocrx_word' id='word_1_848' title='bbox 3092 5150 3316 5211; x_wconf 77' lang='lat' dir='ltr'><strong><em>sumus?</em></strong></span> <span class='ocrx_word' id='word_1_849' title='bbox 3335 5152 3394 5209; x_wconf 83' lang='lat' dir='ltr'><strong><em>id</em></strong></span> <span class='ocrx_word' id='word_1_850' title='bbox 3417 5160 3523 5223; x_wconf 80' lang='lat' dir='ltr'><strong><em>est,</em></strong></span> 
     </span>
    </p>
   </div>
   <div class='ocr_carea' id='block_1_61' title="bbox 213 5234 3525 5323">
    <p class='ocr_par' dir='ltr' id='par_1_61' title="bbox 213 5234 3525 5323">
     <span class='ocr_line' id='line_1_61' title="bbox 213 5234 3525 5323; baseline -0.004 -8"><span class='ocrx_word' id='word_1_851' title='bbox 213 5255 401 5315; x_wconf 73' lang='lat' dir='ltr'><strong><em>volui.</em></strong></span> <span class='ocrx_word' id='word_1_852' title='bbox 437 5234 705 5321; x_wconf 81' lang='lat' dir='ltr'><strong><em>Superius</em></strong></span> <span class='ocrx_word' id='word_1_853' title='bbox 747 5252 926 5309; x_wconf 82' lang='lat' dir='ltr'><strong><em>dicens</em></strong></span> <span class='ocrx_word' id='word_1_854' title='bbox 947 5267 969 5307; x_wconf 86' lang='lat'><strong><em>:</em></strong></span> <span class='ocrx_word' id='word_1_855' title='bbox 999 5252 1138 5320; x_wconf 79' lang='lat' dir='ltr'><strong><em>Quia</em></strong></span> <span class='ocrx_word' id='word_1_856' title='bbox 1176 5254 1352 5310; x_wconf 79' lang='lat' dir='ltr'><strong><em>hostia</em></strong></span> <span class='ocrx_word' id='word_1_857' title='bbox 1393 5261 1443 5308; x_wconf 87' lang='lat' dir='ltr'><strong><em>et</em></strong></span> <span class='ocrx_word' id='word_1_858' title='bbox 1468 5252 1755 5308; x_wconf 79' lang='lat' dir='ltr'><strong><em>oblationes</em></strong></span> <span class='ocrx_word' id='word_1_859' title='bbox 1782 5270 1815 5309; x_wconf 88' lang='lat' dir='ltr'><strong><em>e</em></strong></span> <span class='ocrx_word' id='word_1_860' title='bbox 1860 5293 1874 5305; x_wconf 79' lang='grc'><em>..</em></span> <span class='ocrx_word' id='word_1_861' title='bbox 1940 5262 2041 5323; x_wconf 67' lang='lat' dir='ltr'><strong><em>per</em></strong></span> <span class='ocrx_word' id='word_1_862' title='bbox 2057 5249 2372 5306; x_wconf 67' lang='lat' dir='ltr'><strong><em>oblationem</em></strong></span> <span class='ocrx_word' id='word_1_863' title='bbox 2399 5250 2632 5322; x_wconf 78' lang='lat' dir='ltr'><strong><em>corporis</em></strong></span> <span class='ocrx_word' id='word_1_864' title='bbox 2650 5247 2785 5306; x_wconf 76' lang='lat' dir='ltr'><strong><em>Iesu</em></strong></span> <span class='ocrx_word' id='word_1_865' title='bbox 2813 5234 2990 5305; x_wconf 74' lang='lat' dir='ltr'><strong><em>seritel.</em></strong></span> <span class='ocrx_word' id='word_1_866' title='bbox 3022 5244 3096 5303; x_wconf 87' lang='lat' dir='ltr'><strong><em>Et</em></strong></span> <span class='ocrx_word' id='word_1_867' title='bbox 3122 5244 3290 5303; x_wconf 78' lang='lat' dir='ltr'><strong><em>omnis</em></strong></span> <span class='ocrx_word' id='word_1_868' title='bbox 3316 5242 3525 5318; x_wconf 57' lang='lat' dir='ltr'><strong><em>quidem</em></strong></span> 
     </span>
    </p>
   </div>
   <div class='ocr_carea' id='block_1_62' title="bbox 213 5332 3525 5416">
    <p class='ocr_par' dir='ltr' id='par_1_62' title="bbox 213 5332 3525 5416">
     <span class='ocr_line' id='line_1_62' title="bbox 213 5332 3525 5416; baseline -0.004 -12"><span class='ocrx_word' id='word_1_869' title='bbox 213 5346 682 5405; x_wconf 70' lang='lat' dir='ltr'><strong><em>holocautamata</em></strong></span> <span class='ocrx_word' id='word_1_870' title='bbox 709 5359 805 5415; x_wconf 87' lang='lat' dir='ltr'><strong><em>pro</em></strong></span> <span class='ocrx_word' id='word_1_871' title='bbox 828 5352 1038 5416; x_wconf 83' lang='lat' dir='ltr'><strong><em>peccato</em></strong></span> <span class='ocrx_word' id='word_1_872' title='bbox 1062 5343 1307 5413; x_wconf 73' lang='lat' dir='ltr'><strong><em>noluisti,</em></strong></span> <span class='ocrx_word' id='word_1_873' title='bbox 1344 5359 1440 5401; x_wconf 78' lang='lat' dir='ltr'><strong><em>nee</em></strong></span> <span class='ocrx_word' id='word_1_874' title='bbox 1474 5344 1673 5415; x_wconf 74' lang='lat' dir='ltr'><strong><em>placita</em></strong></span> <span class='ocrx_word' id='word_1_875' title='bbox 1707 5356 1813 5400; x_wconf 78' lang='lat' dir='ltr'><strong><em>sun</em></strong></span> <span class='ocrx_word' id='word_1_876' title='bbox 1868 5332 1881 5413; x_wconf 68' lang='grc' dir='ltr'>ξ</span> <span class='ocrx_word' id='word_1_877' title='bbox 1939 5341 2187 5399; x_wconf 81' lang='lat' dir='ltr'><strong><em>sacerdos</em></strong></span> <span class='ocrx_word' id='word_1_878' title='bbox 2205 5350 2396 5415; x_wconf 72' lang='lat' dir='ltr'><strong><em>praesto</em></strong></span> <span class='ocrx_word' id='word_1_879' title='bbox 2416 5349 2492 5398; x_wconf 87' lang='lat' dir='ltr'><strong><em>est</em></strong></span> <span class='ocrx_word' id='word_1_880' title='bbox 2507 5340 2739 5415; x_wconf 76' lang='lat' dir='ltr'><strong><em>quotidie</em></strong></span> <span class='ocrx_word' id='word_1_881' title='bbox 2759 5340 3082 5395; x_wconf 75' lang='lat' dir='ltr'><strong><em>ministram.</em></strong></span> <span class='ocrx_word' id='word_1_882' title='bbox 3104 5335 3411 5394; x_wconf 78' lang='lat' dir='ltr'><strong><em>Ministrare</em></strong></span> <span class='ocrx_word' id='word_1_883' title='bbox 3429 5348 3525 5392; x_wconf 78' lang='lat' dir='ltr'><strong><em>au-</em></strong></span> 
     </span>
    </p>
   </div>
   <div class='ocr_carea' id='block_1_63' title="bbox 211 5423 3526 5508">
    <p class='ocr_par' dir='ltr' id='par_1_63' title="bbox 211 5423 3526 5508">
     <span class='ocr_line' id='line_1_63' title="bbox 211 5423 3526 5508; baseline -0.003 -13"><span class='ocrx_word' id='word_1_884' title='bbox 211 5438 321 5495; x_wconf 76' lang='lat' dir='ltr'><strong><em>tibi</em></strong></span> <span class='ocrx_word' id='word_1_885' title='bbox 344 5451 481 5508; x_wconf 63' lang='lat' dir='ltr'><strong><em>quin</em></strong></span> <span class='ocrx_word' id='word_1_886' title='bbox 513 5433 801 5490; x_wconf 78' lang='lat' dir='ltr'><strong><em>secundum</em></strong></span> <span class='ocrx_word' id='word_1_887' title='bbox 822 5433 985 5507; x_wconf 84' lang='lat' dir='ltr'><strong><em>legem</em></strong></span> <span class='ocrx_word' id='word_1_888' title='bbox 1005 5437 1320 5506; x_wconf 71' lang='lat' dir='ltr'><strong><em>offeruntur.</em></strong></span> <span class='ocrx_word' id='word_1_889' title='bbox 1347 5435 1493 5492; x_wconf 82' lang='lat' dir='ltr'><strong><em>Tune</em></strong></span> <span class='ocrx_word' id='word_1_890' title='bbox 1649 5448 1669 5488; x_wconf 90' lang='lat'><strong><em>:</em></strong></span> <span class='ocrx_word' id='word_1_891' title='bbox 1697 5434 1823 5493; x_wconf 76' lang='lat' dir='ltr'><strong><em>Ecu</em></strong></span> <span class='ocrx_word' id='word_1_892' title='bbox 1874 5430 1885 5468; x_wconf 65' lang='grc' dir='ltr'><strong><em>τ</em></strong></span> <span class='ocrx_word' id='word_1_893' title='bbox 1945 5441 2060 5494; x_wconf 87' lang='lat' dir='ltr'><strong><em>tem</em></strong></span> <span class='ocrx_word' id='word_1_894' title='bbox 2085 5433 2410 5490; x_wconf 87' lang='lat' dir='ltr'><strong><em>famulorum</em></strong></span> <span class='ocrx_word' id='word_1_895' title='bbox 2454 5441 2568 5500; x_wconf 86' lang='lat' dir='ltr'><strong><em>est;</em></strong></span> <span class='ocrx_word' id='word_1_896' title='bbox 2597 5431 2787 5489; x_wconf 85' lang='lat' dir='ltr'><strong><em>sedere</em></strong></span> <span class='ocrx_word' id='word_1_897' title='bbox 2812 5445 2944 5488; x_wconf 82' lang='lat' dir='ltr'><strong><em>vero</em></strong></span> <span class='ocrx_word' id='word_1_898' title='bbox 2975 5431 3352 5497; x_wconf 86' lang='lat' dir='ltr'><strong><em>dominorum;</em></strong></span> <span class='ocrx_word' id='word_1_899' title='bbox 3382 5426 3526 5484; x_wconf 80' lang='lat' dir='ltr'><strong><em>unde</em></strong></span> 
     </span>
    </p>
   </div>
   <div class='ocr_carea' id='block_1_64' title="bbox 211 5508 3524 5603">
    <p class='ocr_par' dir='ltr' id='par_1_64' title="bbox 211 5508 3524 5603">
     <span class='ocr_line' id='line_1_64' title="bbox 211 5508 3524 5603; baseline -0.004 -18"><span class='ocrx_word' id='word_1_900' title='bbox 211 5526 407 5592; x_wconf 77' lang='lat' dir='ltr'><strong><em>uenio,</em></strong></span> <span class='ocrx_word' id='word_1_901' title='bbox 430 5530 497 5577; x_wconf 83' lang='lat' dir='ltr'><strong><em>ut</em></strong></span> <span class='ocrx_word' id='word_1_902' title='bbox 528 5521 747 5592; x_wconf 84' lang='lat' dir='ltr'><strong><em>faciam,</em></strong></span> <span class='ocrx_word' id='word_1_903' title='bbox 771 5522 937 5592; x_wconf 74' lang='lat' dir='ltr'><strong><em>Deus,</em></strong></span> <span class='ocrx_word' id='word_1_904' title='bbox 962 5524 1278 5603; x_wconf 68' lang='lat' dir='ltr'><strong><em>voluntatem</em></strong></span> <span class='ocrx_word' id='word_1_905' title='bbox 1298 5535 1463 5581; x_wconf 83' lang='lat' dir='ltr'><strong><em>tuam.</em></strong></span> <span class='ocrx_word' id='word_1_906' title='bbox 1485 5524 1679 5582; x_wconf 72' lang='lat' dir='ltr'><strong><em>Ablata</em></strong></span> <span class='ocrx_word' id='word_1_907' title='bbox 1705 5530 1812 5582; x_wconf 81' lang='lat' dir='ltr'><strong><em>sun</em></strong></span> <span class='ocrx_word' id='word_1_908' title='bbox 1868 5508 1883 5553; x_wconf 73' lang='grc'><strong><em>⁸</em></strong></span> <span class='ocrx_word' id='word_1_909' title='bbox 1940 5535 2003 5585; x_wconf 79' lang='lat' dir='ltr'><strong><em>et</em></strong></span> <span class='ocrx_word' id='word_1_910' title='bbox 2034 5527 2167 5584; x_wconf 78' lang='lat' dir='ltr'><strong><em>dicit</em></strong></span> <span class='ocrx_word' id='word_1_911' title='bbox 2192 5545 2205 5580; x_wconf 88' lang='lat'><strong>:</strong></span> <span class='ocrx_word' id='word_1_912' title='bbox 2241 5525 2399 5583; x_wconf 83' lang='lat' dir='ltr'><strong><em>Sedet</em></strong></span> <span class='ocrx_word' id='word_1_913' title='bbox 2438 5525 2507 5580; x_wconf 82' lang='lat' dir='ltr'><strong><em>ad</em></strong></span> <span class='ocrx_word' id='word_1_914' title='bbox 2533 5524 2803 5579; x_wconf 64' lang='lat' dir='ltr'><strong><em>dexteram</em></strong></span> <span class='ocrx_word' id='word_1_915' title='bbox 2840 5522 2956 5578; x_wconf 78' lang='lat' dir='ltr'><strong><em>Dei.</em></strong></span> <span class='ocrx_word' id='word_1_916' title='bbox 2987 5521 3327 5593; x_wconf 79' lang='lat' dir='ltr'><strong><em>QuaprOpter</em></strong></span> <span class='ocrx_word' id='word_1_917' title='bbox 3363 5521 3524 5573; x_wconf 67' lang='lat' dir='ltr'><strong><em>unum</em></strong></span> 
     </span>
    </p>
   </div>
   <div class='ocr_carea' id='block_1_65' title="bbox 212 5615 3521 5692">
    <p class='ocr_par' dir='ltr' id='par_1_65' title="bbox 212 5615 3521 5692">
     <span class='ocr_line' id='line_1_65' title="bbox 212 5615 3521 5692; baseline -0.003 -15"><span class='ocrx_word' id='word_1_918' title='bbox 212 5620 391 5688; x_wconf 70' lang='lat' dir='ltr'><strong><em>signa</em></strong></span> <span class='ocrx_word' id='word_1_919' title='bbox 438 5615 852 5687; x_wconf 79' lang='lat' dir='ltr'><strong><em>promittentis,</em></strong></span> <span class='ocrx_word' id='word_1_920' title='bbox 882 5619 1009 5690; x_wconf 86' lang='lat' dir='ltr'><strong><em>quia</em></strong></span> <span class='ocrx_word' id='word_1_921' title='bbox 1050 5618 1291 5675; x_wconf 81' lang='lat' dir='ltr'><strong><em>exhibita</em></strong></span> <span class='ocrx_word' id='word_1_922' title='bbox 1332 5626 1418 5676; x_wconf 85' lang='lat' dir='ltr'><strong><em>est</em></strong></span> <span class='ocrx_word' id='word_1_923' title='bbox 1458 5619 1661 5675; x_wconf 77' lang='lat' dir='ltr'><strong><em>veritas</em></strong></span> <span class='ocrx_word' id='word_1_924' title='bbox 1705 5632 1807 5689; x_wconf 88' lang='lat' dir='ltr'><strong><em>pro</em></strong></span> <span class='ocrx_word' id='word_1_925' title='bbox 1943 5621 2169 5692; x_wconf 61' lang='lat' dir='ltr'><strong><em>virorem</em></strong></span> <span class='ocrx_word' id='word_1_926' title='bbox 2209 5620 2467 5684; x_wconf 78' lang='lat' dir='ltr'><strong><em>hostiam,</em></strong></span> <span class='ocrx_word' id='word_1_927' title='bbox 2498 5632 2617 5688; x_wconf 71' lang='lat' dir='ltr'><strong><em>quae</em></strong></span> <span class='ocrx_word' id='word_1_928' title='bbox 2652 5616 2860 5672; x_wconf 75' lang='lat' dir='ltr'><strong><em>salvare</em></strong></span> <span class='ocrx_word' id='word_1_929' title='bbox 2885 5623 3065 5686; x_wconf 83' lang='lat' dir='ltr'><strong><em>potest</em></strong></span> <span class='ocrx_word' id='word_1_930' title='bbox 3094 5616 3147 5670; x_wconf 89' lang='lat' dir='ltr'><strong><em>in</em></strong></span> <span class='ocrx_word' id='word_1_931' title='bbox 3179 5618 3521 5686; x_wconf 81' lang='lat' dir='ltr'><strong><em>perpetuum,</em></strong></span> 
     </span>
    </p>
   </div>
   <div class='ocr_carea' id='block_1_66' title="bbox 211 5701 3524 5781">
    <p class='ocr_par' dir='ltr' id='par_1_66' title="bbox 211 5701 3524 5781">
     <span class='ocr_line' id='line_1_66' title="bbox 211 5701 3524 5781; baseline -0.002 -19"><span class='ocrx_word' id='word_1_932' title='bbox 211 5709 428 5775; x_wconf 55' lang='lat' dir='ltr'><strong><em>nassa.</em></strong></span> <span class='ocrx_word' id='word_1_933' title='bbox 460 5704 595 5763; x_wconf 81' lang='lat' dir='ltr'><strong><em>Ideo</em></strong></span> <span class='ocrx_word' id='word_1_934' title='bbox 616 5709 725 5764; x_wconf 87' lang='lat' dir='ltr'><strong><em>ait:</em></strong></span> <span class='ocrx_word' id='word_1_935' title='bbox 759 5707 1198 5766; x_wconf 79' lang='lat' dir='ltr'><strong><em>Holocautcmata</em></strong></span> <span class='ocrx_word' id='word_1_936' title='bbox 1222 5716 1275 5765; x_wconf 80' lang='lat' dir='ltr'><strong><em>et</em></strong></span> <span class='ocrx_word' id='word_1_937' title='bbox 1301 5710 1563 5781; x_wconf 68' lang='lat' dir='ltr'><strong><em>sacriﬁcia</em></strong></span> <span class='ocrx_word' id='word_1_938' title='bbox 1593 5710 1836 5777; x_wconf 80' lang='lat' dir='ltr'><strong><em>noluisti,</em></strong></span> <span class='ocrx_word' id='word_1_939' title='bbox 1939 5712 2087 5769; x_wconf 82' lang='lat' dir='ltr'><strong><em>sedet</em></strong></span> <span class='ocrx_word' id='word_1_940' title='bbox 2116 5711 2184 5766; x_wconf 87' lang='lat' dir='ltr'><strong><em>ad</em></strong></span> <span class='ocrx_word' id='word_1_941' title='bbox 2212 5710 2479 5765; x_wconf 68' lang='lat' dir='ltr'><strong><em>dexteram</em></strong></span> <span class='ocrx_word' id='word_1_942' title='bbox 2521 5707 2723 5775; x_wconf 85' lang='lat' dir='ltr'><strong><em>Patris,</em></strong></span> <span class='ocrx_word' id='word_1_943' title='bbox 2766 5707 2830 5762; x_wconf 87' lang='lat' dir='ltr'><strong><em>de</em></strong></span> <span class='ocrx_word' id='word_1_944' title='bbox 2864 5716 3049 5764; x_wconf 65' lang='lat' dir='ltr'><strong><em>caetero</em></strong></span> <span class='ocrx_word' id='word_1_945' title='bbox 3076 5708 3400 5777; x_wconf 53' lang='lat' dir='ltr'><strong><em>suspectans,</em></strong></span> <span class='ocrx_word' id='word_1_946' title='bbox 3427 5701 3524 5757; x_wconf 76' lang='lat' dir='ltr'><strong><em>do-</em></strong></span> 
     </span>
    </p>
   </div>
   <div class='ocr_carea' id='block_1_67' title="bbox 210 5787 3520 5875">
    <p class='ocr_par' dir='ltr' id='par_1_67' title="bbox 210 5787 3520 5875">
     <span class='ocr_line' id='line_1_67' title="bbox 210 5787 3520 5875; baseline -0.001 -20"><span class='ocrx_word' id='word_1_947' title='bbox 210 5814 433 5874; x_wconf 67' lang='lat' dir='ltr'><strong><em>mus</em></strong></span> <span class='ocrx_word' id='word_1_948' title='bbox 455 5801 640 5855; x_wconf 64' lang='lat' dir='ltr'><strong><em>metu</em></strong></span> <span class='ocrx_word' id='word_1_949' title='bbox 658 5802 849 5873; x_wconf 73' lang='lat' dir='ltr'><strong><em>optasti</em></strong></span> <span class='ocrx_word' id='word_1_950' title='bbox 874 5801 1030 5873; x_wconf 70' lang='lat' dir='ltr'><strong><em>milii;</em></strong></span> <span class='ocrx_word' id='word_1_951' title='bbox 1053 5802 1160 5863; x_wconf 83' lang='lat' dir='ltr'><strong><em>hoc</em></strong></span> <span class='ocrx_word' id='word_1_952' title='bbox 1175 5806 1282 5875; x_wconf 76' lang='lat' dir='ltr'><strong><em>est,</em></strong></span> <span class='ocrx_word' id='word_1_953' title='bbox 1302 5810 1585 5875; x_wconf 73' lang='lat' dir='ltr'><strong><em>peccatum</em></strong></span> <span class='ocrx_word' id='word_1_954' title='bbox 1609 5804 1833 5861; x_wconf 77' lang='lat' dir='ltr'><strong><em>humani</em></strong></span> <span class='ocrx_word' id='word_1_955' title='bbox 1942 5816 2039 5860; x_wconf 80' lang='lat' dir='ltr'><strong><em>nec</em></strong></span> <span class='ocrx_word' id='word_1_956' title='bbox 2060 5809 2325 5874; x_wconf 83' lang='lat' dir='ltr'><strong><em>ponantur</em></strong></span> <span class='ocrx_word' id='word_1_957' title='bbox 2343 5797 2538 5853; x_wconf 75' lang='lat' dir='ltr'><strong><em>inimici</em></strong></span> <span class='ocrx_word' id='word_1_958' title='bbox 2557 5797 2670 5869; x_wconf 75' lang='lat' dir='ltr'><strong><em>ejus</em></strong></span> <span class='ocrx_word' id='word_1_959' title='bbox 2702 5795 2984 5855; x_wconf 62' lang='lat' dir='ltr'><strong><em>scutellum</em></strong></span> <span class='ocrx_word' id='word_1_960' title='bbox 3017 5792 3209 5870; x_wconf 79' lang='lat' dir='ltr'><strong><em>pedum</em></strong></span> <span class='ocrx_word' id='word_1_961' title='bbox 3249 5793 3384 5869; x_wconf 68' lang='lat' dir='ltr'><strong><em>ejus.</em></strong></span> <span class='ocrx_word' id='word_1_962' title='bbox 3415 5787 3520 5859; x_wconf 58' lang='grc' dir='ltr'><strong><em>αἱ</em></strong></span> 
     </span>
    </p>
   </div>
   <div class='ocr_carea' id='block_1_68' title="bbox 1880 5922 1905 5978">
    <p class='ocr_par' dir='ltr' id='par_1_68' title="bbox 1880 5922 1905 5978">
     <span class='ocr_line' id='line_1_68' title="bbox 1880 5922 1905 5978; baseline 0 0"><span class='ocrx_word' id='word_1_963' title='bbox 1880 5922 1905 5978; x_wconf 72' lang='grc' dir='ltr'><strong>ἑ</strong></span> 
     </span>
    </p>
   </div>
  </div>
