4088 6330
581 405 724 466 10⁵19

1427 403 1484 456 Β.
1526 402 1586 456 F.
1627 399 1852 457 ALBINI
1891 397 2021 457 SEU
2060 393 2334 456 ALCUINI
2371 394 2655 454 OPERUM
2687 393 2868 452 PARS
2904 395 2966 452 ll.

3697 400 3844 463 1080

577 531 704 582 sunt
733 519 936 577 inimici
961 517 1111 590 ejus?
1135 518 1302 575 Judaei
1332 520 1537 575 scilicet
1560 529 1614 576 et
1641 535 1828 576 omnes
1851 518 2144 582 inﬁdeles,»
2179 518 2231 579 Α
2257 515 2430 584 Quam
2473 515 2823 585 praeparavit,
2875 514 3081 584 inquit,
3116 522 3170 569 et
3204 528 3303 587 per
3344 532 3506 588 quam
3552 519 3670 591 ipse
3706 539 3847 594 per.

578 617 671 687 qui
703 616 758 670 in
788 615 875 670 die
896 614 1083 684 judicii
1108 614 1393 668 damnandi
1422 623 1548 668 sunt
1582 615 1649 668 ab
1675 629 1759 668 eo.
1799 631 1818 663 ι
1847 612 1916 666 Et
1949 612 2038 666 hic
2070 611 2154 664 ni-

578 708 854 763 mietatem
875 705 1127 775 potentia:
1148 705 1444 776 signiﬁcat;
1472 721 1575 760 non
1603 705 1758 769 dixit,
1782 702 2150 776 subjiciuntur;

579 800 672 854 sed
701 807 760 853 ut
784 807 1046 870 ponantur
1079 799 1176 850 sub
1205 798 1428 866 pedibus
1457 797 1589 866 ejus.
1620 798 1734 852 Non
1771 798 1931 868 igitur
1957 796 2154 852 efﬁcia-

578 903 700 942 mur
722 903 784 942 ex
832 901 1056 941 numero
1097 887 1455 942 inimicorum.
1487 888 1600 943 Non
1629 888 1769 943 enim
1793 888 1889 942 soli
1917 888 2151 953 inimici,

579 978 668 1048 qui
697 976 958 1040 inﬁdeles,
983 985 1136 1041 sunt;
1166 978 1258 1032 sed
1279 973 1440 1031 etiam
1468 979 1559 1047 qui
1583 979 1692 1032 vita
1716 979 1986 1032 immunda
2009 976 2153 1047 pleni

576 1077 718 1123 sunt.
755 1067 1042 1122 Prudentia
1073 1078 1246 1122 autem
1277 1071 1450 1122 carnis
1496 1070 1706 1123 inimica
1735 1079 1810 1123 est
1858 1069 1911 1122 in
1940 1068 2108 1122 Deum
2133 1081 2151 1119 :

575 1156 676 1228 legi
723 1157 859 1210 enim
909 1175 1011 1212 non
1058 1158 1367 1228 subjicitur,
1417 1177 1507 1214 nec
1556 1159 1692 1214 enim
1739 1169 1904 1230 potest
1956 1158 2149 1230 (Rom.

573 1265 668 1302 vm
693 1289 707 1313 ,
741 1248 816 1317 6).
979 1243 983 1246 ”

643 1340 807 1411 691
833 1341 992 1395 Vens.
1022 1341 1207 1397 H-l8.
1227 1374 1298 1384 —
1320 1342 1439 1397 Una
1466 1344 1603 1398 enim
1626 1343 1886 1398 oblatione
1914 1360 2156 1398 consum-

574 1430 732 1484 mavit
761 1431 814 1485 in
836 1432 1201 1501 sempiternum
1226 1435 1597 1504 sanctiﬁcatos.
1619 1435 1954 1490 Contestatur
1982 1445 2154 1489 autem

574 1520 722 1574 nobis
745 1529 793 1573 et
824 1519 1054 1591 Spiritus
1082 1532 1314 1577 sanctus.
1353 1524 1637 1596 Postquam
1671 1527 1808 1579 enim
1835 1525 1967 1578 dixit
1987 1538 2005 1575 :
2041 1523 2155 1576 Hoc

571 1622 648 1665 est
678 1622 852 1666 autem
897 1622 1292 1679 testamentum,
1332 1617 1473 1686 quod
1520 1617 1747 1670 testabor
1785 1615 1853 1669 ad
1882 1614 1999 1669 illos
2043 1624 2157 1684 post

572 1702 682 1756 dies
723 1704 862 1770 illos,
890 1707 1014 1761 dicit
1048 1707 1342 1761 Dominus:
1372 1706 1560 1760 Dando
1599 1707 1732 1776 leges
1763 1723 1903 1760 meas
1946 1706 2001 1760 in
2044 1723 2158 1760 cor-

571 1790 724 1848 dibus
751 1812 953 1860 eorum,
979 1807 1024 1850 et
1055 1797 1107 1850 in
1139 1796 1392 1849 mentibus
1420 1813 1599 1850 eorum
1629 1796 2007 1865 superscribam
2034 1812 2156 1859 eas;

573 1893 622 1937 et
647 1895 859 1954 peccata
885 1903 1063 1940 eorum
1087 1896 1134 1939 et
1163 1886 1489 1956 iniquitatem
1515 1903 1691 1939 eorum
1713 1886 1827 1954 jam
1857 1903 1957 1939 non
1989 1902 2155 1939 recor-
2190 1871 2234 1930 Β

575 1974 744 2027 dabor
766 1976 1010 2044 amplius.
1048 1975 1179 2030 Vera
1220 1976 1316 2046 [Ita
1347 1975 1500 2040 C0(l.;
1529 1976 1632 2046 leg.
1663 1996 1674 2029 :
1706 1975 1826 2048 Ubi]
1859 1987 2030 2029 autem
2062 1979 2156 2029 ho-

575 2082 691 2119 rum
745 2067 1006 2131 remissio,
1045 2067 1159 2136 jam
1215 2084 1317 2120 non
1361 2067 1553 2121 oblatio
1603 2085 1697 2138 pro
1749 2079 1977 2138 peccato.
2039 2067 2156 2123 Una

573 2157 769 2224 quippe
789 2157 986 2210 oblatio
1009 2157 1461 2226 corporisChristi
1489 2158 1754 2226 perfectos
1776 2158 1933 2214 faciet
1958 2160 2157 2214 sancti-

575 2246 781 2310 ﬁcatos,
805 2262 923 2316 qum
947 2248 1321 2302 remissionem
1347 2248 1610 2319 integram
1635 2249 1761 2305 facit
1785 2260 2152 2319 peccatorum.

575 2335 687 2391 Hoc
727 2345 903 2390 autem
941 2347 995 2391 et
1022 2352 1087 2392 ex
1122 2338 1429 2393 testimonio
1457 2341 1704 2407 probavit
1731 2342 2047 2410 prophetico
2076 2342 2156 2396 di-

574 2443 701 2483 cens
725 2443 738 2481 :
765 2427 1098 2481 Contestatur
1124 2438 1298 2482 autem
1329 2431 1474 2484 nobis
1503 2429 1732 2501 Spiritus
1757 2442 1969 2485 sanctus
1994 2445 2012 2482 :
2039 2429 2156 2485 Hoc

573 2534 646 2579 est
689 2534 863 2579 autem
894 2505 1291 2588 testamentum,
1335 2523 1475 2593 quod
1523 2523 1752 2576 testabor
1783 2523 1852 2575 ad
1882 2523 1998 2578 illos
2041 2533 2154 2593 post

574 2615 682 2669 dies
729 2614 870 2681 illos,
900 2615 1025 2668 dicit
1051 2613 1304 2668 Dominus
1327 2630 1345 2667 :
1371 2613 1560 2668 Dando
1609 2605 1742 2684 leges
1783 2631 1926 2668 meas
1953 2614 2007 2668 in
2039 2631 2157 2668 cor-

573 2705 724 2759 dibus
767 2721 966 2759 eorum.
1001 2705 1117 2759 Non
1150 2705 1244 2767 ita,
1277 2712 1336 2757 ut
1377 2704 1578 2774 scripta
1616 2703 1716 2758 fuit
1743 2704 1828 2759 lex
1872 2705 1926 2758 in
1959 2705 2156 2760 tabulis

573 2799 830 2869 lapideis;
865 2801 958 2856 sed
998 2801 1051 2854 in
1082 2800 1279 2856 tabulis
1320 2799 1499 2855 cordis
1528 2800 1834 2856 carnalibus
1874 2809 2156 2869 perpetua-

577 2891 698 2943 liter
724 2892 995 2946 scribebat
1024 2891 1189 2945 illam.
1220 2891 1349 2958 Qua:
1387 2900 1470 2946 est
1513 2891 1615 2946 ista
1663 2890 1768 2955 lex,
1800 2906 1918 2960 quae
1953 2891 2006 2944 in
2033 2907 2156 2946 cor-

573 2982 730 3037 dibus
758 2982 1090 3053 singulorum
1117 2983 1316 3052 scripta
1340 2985 1457 3038 est?
1487 2983 1685 3054 Utique
1707 2983 1976 3048 Charitas;
2009 2992 2067 3038 ut
2090 2999 2154 3038 ea

573 3088 692 3142 qum
737 3074 988 3129 nolumus
1013 3074 1168 3130 nobis
1194 3073 1329 3138 ﬁeri,
1363 3074 1519 3129 alteri
1566 3090 1674 3128 non
1703 3073 1992 3139 faciamus;
2040 3075 2155 3129 hmo

572 3174 654 3219 est
678 3181 797 3236 qua)
822 3167 1046 3238 cooperit
1095 3166 1480 3221 multitudinem
1507 3176 1838 3238 peccatorum
1868 3167 2073 3237 (Iacob.
2099 3183 2150 3232 v,

573 3255 663 3326 20)
690 3275 702 3310 :
728 3257 867 3311 sicut
890 3257 944 3310 in
971 3256 1259 3327 Evangelio
1286 3257 1484 3312 dicitur
1507 3274 1520 3310 :
1553 3255 1744 3311 Omnia
1771 3273 1889 3327 qua:
1915 3256 2067 3310 vultis
2096 3267 2154 3310 ut

575 3349 773 3419 faciant
812 3349 949 3404 vobis
979 3351 1234 3416 homines,
1275 3352 1386 3405 ha'c
1413 3350 1609 3406 eadem
1655 3363 1703 3406 et
1744 3370 1828 3407 vos
1859 3352 2014 3422 facite
2051 3352 2154 3407 illis

575 3441 791 3514 (Matth.
819 3458 928 3508 vn,
955 3441 1062 3512 μὶ).
1095 3444 1432 3514 Quapropter
1471 3461 1577 3500 non
1619 3452 1704 3499 est
1749 3461 1969 3500 necesse
2017 3461 2154 3516 quo-

573 3533 706 3588 tidie
743 3533 1023 3588 sacriﬁciis
1058 3535 1386 3604 quotidianis
1425 3548 1683 3604 purgare,
1716 3534 1855 3588 sicut
1902 3536 1956 3589 in
1985 3537 2155 3590 veteri

576 3626 712 3694 lege.

646 3716 807 3772 Vens.
837 3717 1383 3773 19-2l.—Ilabentes
1409 3716 1581 3786 itaque
1609 3717 1798 3786 fratres
1817 3716 2068 3784 fiduciam
2097 3719 2153 3772 in

573 3808 788 3862 introitu
815 3818 1113 3864 sanctorum
1140 3810 1194 3863 in
1218 3809 1470 3879 sanguine
1497 3807 1715 3872 Christi,
1747 3827 1904 3880 quam
1930 3811 2151 3865 initiavit

575 3900 718 3954 nobis
765 3901 897 3955 viam
939 3919 1123 3956 novam
1157 3913 1204 3954 et
1235 3903 1480 3956 viventem
1507 3919 1601 3973 per
1641 3904 1901 3972 velamen,
1943 3907 1998 3960 id
2042 3917 2150 3976 est,

573 4007 781 4045 carnem
820 4009 991 4055 suam,
1018 4002 1065 4045 et
1105 3991 1423 4045 sacerdotem
1461 4010 1706 4064 magnum
1744 4014 1902 4067 super
1937 3999 2150 4053 domum

574 4081 689 4137 Dei.
737 4084 837 4138 Hic
878 4085 1113 4139 ostendit
1140 4085 1450 4140 distantiam
1487 4087 1757 4157 pontiﬁcis
1807 4098 1863 4144 et
1901 4092 2151 4146 sacerdo-

573 4173 665 4238 tis,
690 4182 744 4230 et
774 4175 1091 4240 hostiarum,
1115 4183 1170 4230 et
1194 4177 1540 4241 tabernaculi,
1568 4185 1622 4233 et
1647 4182 1954 4236 testamenti
1983 4190 2037 4238 et
2067 4199 2151 4237 re-

571 4264 966 4332 promissionis,
989 4274 1044 4320 et
1081 4267 1303 4321 multam
1343 4267 1719 4337 differentiam,
1748 4271 1795 4325 si
1823 4273 2038 4340 quidem
2060 4274 2150 4330 illa

572 4353 789 4412 fuerunt
827 4360 1159 4428 temporalia,
1189 4361 1304 4414 haec
1342 4369 1522 4416 autem
1547 4370 1779 4430 azterna;
1813 4364 1902 4418 illa
1931 4367 2148 4435 quidem

571 4447 640 4500 ad
669 4448 858 4502 horam
886 4450 1147 4517 parentia,
1179 4450 1294 4503 hazc
1322 4450 1500 4518 itaque
1525 4455 1926 4519 permanentia;
1957 4454 2044 4508 illa
2068 4456 2150 4510 in-

571 4537 749 4602 ﬁrma,
796 4539 913 4592 haec
940 4538 1209 4607 perfecta;
1253 4539 1342 4592 illa
1380 4540 1584 4605 formae,
1627 4542 1742 4598 htec
1781 4545 2014 4611 veritas;
2047 4548 2149 4604 hoc

570 4636 748 4681 autem
800 4635 1188 4685 testamentum
1235 4646 1462 4697 novum,
1510 4631 1714 4688 habens
1769 4636 2141 4695 remissionem

571 4727 934 4788 peccatorum,
964 4720 1093 4775 illud
1129 4732 1306 4776 autem
1334 4723 1466 4778 nihil
1510 4723 1844 4793 hujusmodi;
1873 4728 2004 4784 illud
2047 4747 2142 4786 au-

569 4819 678 4865 tem
700 4826 858 4866 manu
881 4812 1102 4879 factum,
1120 4816 1222 4871 hoc
1236 4825 1414 4872 autem
1439 4833 1543 4873 non
1568 4835 1730 4875 manu
1751 4820 1984 4888 factum;
2010 4824 2141 4879 illud

566 4904 783 4974 quidem
834 4907 1149 4977 sanguinem
1198 4909 1504 4976 hircorum,
1550 4912 1654 4968 hoc
1687 4921 1889 4979 autem,
1929 4915 2138 4975 Domini

570 4993 802 5066 [Chrys.,
834 4998 937 5054 hoc
970 5008 1149 5054 autem
1199 5001 1438 5074 Deum]:
1475 5003 1599 5058 illud
1645 5006 1863 5074 quidem
1909 5014 2140 5061 stantem

565 5087 900 5142 sacerdotem
939 5089 1186 5156 habebat,
1214 5091 1316 5147 hoc
1344 5100 1526 5147 autem
1553 5093 1850 5147 sedentem.
1878 5091 2140 5159 Quoniam

565 5175 732 5246 igitur
758 5177 847 5233 illa
873 5179 1080 5234 minora
1116 5192 1258 5246 sunt,
1291 5182 1406 5236 haec
1436 5190 1612 5235 autem
1638 5180 1862 5250 majora,
1895 5182 2141 5240 habentes

562 5267 743 5337 igitur,
785 5269 984 5340 inquit,
1030 5272 1218 5340 fratres
1261 5271 1528 5338 ﬁduciam.
1575 5271 1760 5328 Unde?
1804 5271 1956 5329 Sicut
1997 5275 2142 5331 enim

565 5357 935 5417 confusionem
968 5362 1168 5417 faciunt
1209 5371 1450 5431 peccata,
1486 5363 1564 5417 sic
1600 5364 1849 5421 ﬁduciam
1894 5368 2142 5424 remissio

562 5460 940 5522 peccatorum;
966 5461 1022 5506 et
1046 5452 1189 5519 quod
1224 5453 1462 5507 hzeredes
1483 5453 1657 5508 eﬁ‘ecti
1691 5472 1896 5523 sumus,
1921 5467 1976 5512 et
1999 5460 2140 5528 quod

551 5530 717 5598 tanta
747 5539 1030 5598 dilectione
1060 5541 1306 5597 fruimur.
1340 5542 1406 5598 In
1442 5544 1677 5610 introitu,
1709 5547 1905 5616 inquit,
1934 5561 2141 5604 sancto-

564 5649 703 5687 rum.
750 5633 850 5688 Hic
899 5633 1092 5689 coelum
1142 5635 1279 5690 dixit
1325 5644 1379 5690 et
1427 5652 1702 5693 accessum
1738 5638 1804 5692 ad
1857 5641 2136 5708 Spirilalia.

566 5723 740 5788 Quam
779 5725 1052 5791 dedicavit,
1096 5729 1199 5783 hoc
1223 5738 1328 5792 est,
1359 5745 1518 5798 quam
1551 5732 1868 5794 construxit,
1900 5742 1954 5787 et
1978 5748 2141 5802 quam

563 5814 817 5884 initiavit.
867 5817 1139 5876 Dedicatio
1184 5820 1379 5891 quippe
1422 5822 1616 5883 dicitur
1663 5823 1874 5882 initium
1928 5826 2132 5884 utendi.

2253 607 2422 672 rexit,
2465 606 2599 659 viam
2649 623 2832 659 novam
2871 615 2920 659 et
2965 606 3149 661 vivam.
3192 607 3298 662 Per
3328 609 3583 677 velamen,
3627 613 3843 685 inquit,

2253 697 2424 750 carnis
2444 713 2571 750 suae.
2597 695 2720 750 Haec
2741 695 2938 766 quippe
2959 711 3086 751 caro
3115 698 3346 766 primum
3374 705 3679 772 penetravit
3701 709 3846 764 viam

2251 785 2420 851 illam,
2445 795 2499 840 et
2527 785 2793 840 dedicavit
2812 801 2930 840 eam
2960 789 3062 842 hac
3089 789 3314 851 ratione,
3343 792 3615 860 quomodo
3640 795 3843 868 [Idem

2253 875 2526 947 quoniam]
2560 878 2671 946 ipse
2700 876 2753 930 in
2783 892 2844 931 ea
2873 878 3130 945 perrexit.
3156 880 3411 935 Velamen
3433 893 3615 939 autem
3643 889 3847 944 merito

2253 984 2538 1034 vocamus;
2563 985 2684 1024 cum
2713 970 2856 1024 enim
2880 969 3116 1025 elevatus
3141 981 3226 1027 est
3253 973 3309 1028 in
3336 975 3556 1043 caelum,
3587 988 3721 1037 tunc
3756 999 3849 1054 ap-

2253 1066 2549 1128 paruerunt
2574 1058 2834 1114 coelestia.

2327 1194 2486 1250 Vens.
2512 1193 2601 1247 22.
2623 1225 2694 1233 —
2711 1195 3054 1261 Accedamus,
3081 1196 3277 1266 inquit,
3305 1215 3423 1252 cum
3452 1217 3574 1255 vero
3603 1203 3773 1257 corde
3799 1213 3847 1257 et

2253 1285 2309 1337 in
2335 1282 2653 1352 plenitudine
2679 1283 2826 1351 fidei,
2853 1287 3052 1356 aspersi
3081 1287 3241 1340 corda
3265 1305 3297 1340 a
3322 1291 3639 1344 conscientia
3678 1292 3846 1357 mala,

2255 1383 2303 1427 et
2329 1373 2496 1426 abluti
2520 1391 2706 1444 corpus
2753 1392 3007 1444 aquarum
3055 1377 3218 1430 unda.
3250 1378 3307 1431 ln
3341 1395 3447 1448 quo
3485 1383 3848 1436 accedamus?

2258 1467 2475 1522 Scilicet
2514 1466 2635 1533 ﬁde,
2667 1469 2894 1538 spiritali
2933 1469 3171 1536 cultura,
3201 1472 3254 1526 in
3291 1474 3470 1528 veraci
3509 1475 3699 1540 corde,
3731 1476 3846 1531 sine

2257 1558 2621 1624 simulatione,
2649 1559 2702 1613 in
2732 1559 3102 1616 satisfactione
3131 1560 3284 1628 ﬁdei;
3319 1565 3446 1633 quia
3484 1565 3624 1619 nihil
3652 1577 3736 1620 est
3772 1567 3848 1622 vi-

2256 1651 2414 1706 sibile
2457 1653 2669 1706 horum.
2710 1651 2894 1723 Neque
2928 1654 3235 1711 sacerdotes
3256 1654 3390 1723 jam,
3419 1672 3598 1728 neque
3639 1659 3847 1714 sacriﬁ-

2259 1742 2421 1805 cium,
2450 1757 2626 1812 neque
2663 1742 2851 1797 altare.
2884 1743 3176 1812 Propterea
3214 1745 3406 1815 inquit,
3435 1748 3488 1801 in
3520 1748 3844 1818 plenitudine

2259 1831 2400 1899 ﬁdei.
2435 1829 2526 1885 Sic
2559 1840 2773 1900 oportet
2801 1833 3043 1899 credere,
3072 1837 3339 1903 quomodo
3379 1838 3515 1890 certi
3561 1853 3752 1893 sumus
3781 1839 3846 1896 de

2259 1921 2476 1974 visibili.
2501 1921 2708 1975 Etenim
2730 1929 2783 1974 et
2803 1922 2979 1977 adhuc
3001 1925 3247 1992 amplius.
3265 1924 3362 1980 Hic
3382 1927 3525 1981 enim
3548 1928 3840 1998 aliquando

2257 2014 2436 2068 carnis
2460 2029 2648 2068 sensus
2667 2022 2851 2068 errant
2874 2016 2928 2069 in
2954 2016 3038 2070 his
3055 2033 3177 2086 quae
3210 2017 3476 2084 videntur,
3510 2020 3617 2074 illic
3637 2033 3833 2093 (autem

2258 2118 2599 2174 nequaquam
2641 2122 2653 2157 :
2687 2104 2814 2173 quia
2859 2105 3051 2174 spiritu
3100 2107 3366 2176 spiritalia
3409 2112 3747 2181 percipimus,
3779 2123 3839 2168 et

2257 2212 2364 2253 non
2410 2197 2534 2251 licet
2561 2198 2812 2252 haesitare
2841 2199 2906 2253 de
2946 2199 3042 2253 eis.
3071 2199 3196 2254 Ideo
3233 2202 3345 2255 ait:
3373 2203 3561 2273 Δερετεὶ
3588 2206 3754 2258 corda
3794 2223 3830 2260 a

2259 2292 2574 2346 conscientia
2606 2291 2768 2346 mala.
2814 2290 3061 2348 Ostendit
3104 2296 3229 2365 quia
3269 2313 3376 2352 non
3417 2297 3544 2353 ﬁdes
3576 2301 3716 2364 sola,
3743 2303 3845 2358 sed

2258 2385 2421 2438 etiam
2450 2385 2557 2439 vita
2586 2401 2708 2440 cum
2731 2386 2926 2440 virtute
2955 2386 3240 2456 quaeritur,
3268 2389 3390 2458 quia
3423 2389 3556 2447 ﬁdes
3577 2392 3695 2447 sine
3715 2409 3845 2464 ope-

2257 2477 2411 2532 ribus
2431 2477 2603 2532 otiosa
2633 2487 2752 2533 est:
2784 2479 2858 2532 illi
2889 2489 3068 2534 autem
3092 2496 3320 2552 corpora
3350 2485 3706 2550 mundabant,
3739 2501 3849 2542 non

2259 2567 2665 2622 conscientiam.
2695 2568 2761 2622 Et
2792 2569 2981 2636 abluti,
3019 2572 3227 2640 inquit,
3256 2591 3393 2644 aqua
3424 2577 3644 2630 munda.
3677 2577 3852 2632 Lava-

2258 2671 2410 2710 srum
2441 2658 2780 2726 baptismatis
2809 2660 2865 2714 in
2909 2661 3015 2716 hoc
3046 2661 3167 2718 loco
3197 2662 3348 2718 dicit.
3379 2663 3664 2734 Baptisms
3705 2667 3850 2723 enim

2259 2750 2502 2818 corporis
2537 2752 2813 2806 mundatio
2845 2768 2950 2808 non
2976 2762 3081 2819 est,
3103 2755 3198 2810 sed
3224 2756 3438 2819 animae,
3463 2775 3482 2808 ι
3517 2759 3564 2812 si
3589 2759 3725 2815 ﬁdes
3757 2760 3851 2816 ad-

2257 2850 2341 2896 est
2365 2842 2660 2910 baptizato,
2689 2843 2802 2898 sive
2831 2853 3138 2914 parentum,
3170 2846 3284 2901 sive
3314 2849 3395 2901 sui
3429 2849 3566 2917 ipsa,
3591 2849 3640 2903 si
3671 2850 3736 2904 ad
3764 2866 3850 2905 ra-

2259 2932 2570 2988 tionabilem
2597 2942 2812 2990 aetatem
2841 2938 3168 3007 pervenerit.
3198 2939 3382 3010 (Vens.
3408 2940 3526 3012 25.)
3561 2940 3850 2998 Tenemus

2257 3025 2365 3094 spei
2411 3036 2601 3081 nostra:
2647 3029 3020 3098 confessionem
3069 3030 3524 3097 indeclinabilem,
3556 3034 3731 3102 fidelis
3776 3044 3850 3090 est

2257 3116 2416 3180 enim,
2461 3118 2552 3188 qui
2577 3120 2886 3188 repromisit.
2923 3139 2941 3170 ι
2967 3119 3110 3175 Nihil
3147 3121 3291 3176 enim
3320 3124 3608 3188 scruteris,
3639 3126 3713 3179 nil
3762 3141 3847 3179 ra-

2261 3208 2421 3263 tionis
2442 3215 2738 3277 exspectes,
2767 3210 2871 3264 ﬁde
2895 3226 3030 3280 Opus
3061 3211 3260 3266 habent
3284 3213 3400 3267 haec
3430 3215 3644 3280 omnia,
3669 3235 3686 3268 ι
3721 3215 3847 3286 quia

2260 3305 2374 3359 sine
2415 3301 2518 3354 ﬁde
2545 3302 2872 3370 impossibile
2899 3304 3113 3373 placere
3139 3303 3269 3359 Deo.
3314 3305 3469 3360 Sicut
3498 3307 3648 3362 Deus
3675 3309 3847 3369 ﬁdelis

2258 3404 2342 3449 est
2367 3395 2421 3448 in
2445 3394 2724 3464 promissis
2753 3395 2882 3456 suis,
2911 3396 2984 3450 ita
3018 3395 3201 3451 ﬁdeles
3221 3396 3335 3450 vult
3363 3412 3462 3452 nos
3485 3413 3611 3454 esse
3637 3401 3696 3455 in
3722 3417 3849 3471 pro-

2259 3483 2441 3538 missis
2481 3485 2700 3550 nostris,
2743 3501 2862 3554 quae
2901 3486 3168 3542 vovimus.
3219 3487 3443 3544 Diabolo
3471 3492 3848 3548 contradicere

2257 3575 2536 3640 debemus,
2561 3583 2616 3631 et
2642 3575 2860 3632 Christo
2887 3578 3110 3633 servire.

2325 3731 2492 3800 698
2529 3730 2690 3785 Vens.
2723 3728 2820 3793 24,
2851 3729 2941 3783 25.
2967 3759 3038 3769 -
3073 3726 3473 3785 Consideremus
3518 3733 3737 3786 invicem
3786 3730 3846 3788 is

2253 3821 2616 3891 provocatione
2641 3820 2910 3876 eharitatis
2949 3830 2996 3874 et
3026 3821 3279 3876 bonorum
3317 3839 3552 3892 operum.
3603 3823 3729 3878 Non
3757 3823 3848 3880 de-

2253 3921 2476 3965 serentes
2521 3909 2871 3965 collectionem
2910 3919 3139 3965 nostram
3177 3913 3310 3966 sicut
3348 3922 3422 3966 est
3448 3915 3846 3969 consuetudinis

2253 4001 2584 4074 quibusdam.
2621 4001 2759 4068 Quid
2783 3989 2886 4067 est,
2915 4002 3273 4073 intelligamus
3321 4004 3594 4059 invicem?
3624 4006 3682 4059 Si
3733 4006 3843 4061 vir-

2254 4104 2366 4150 tute
2395 4095 2636 4150 creditur
2666 4096 2802 4168 [Id.,
2830 4098 2874 4153 si
2903 4099 3022 4168 quis
3064 4098 3228 4154 fuerit
3271 4101 3475 4155 virtute
3527 4100 3839 4173 praeditus],

2253 4187 2399 4242 hunc
2421 4189 2712 4255 imitemur,
2739 4197 2794 4244 et
2821 4190 2877 4244 in
2905 4205 3028 4244 eum
3061 4191 3421 4256 intendamus,
3452 4205 3515 4246 ut
3550 4194 3843 4265 diligamus

2252 4287 2307 4334 et
2331 4281 2645 4352 diligamur;
2674 4296 2741 4336 ex
2773 4281 3059 4338 dilectione
3090 4283 3286 4354 quippe
3312 4285 3452 4339 bona
3481 4299 3651 4353 opera
3682 4285 3836 4339 ﬁunt.

2255 4369 2500 4442 Magnum
2523 4362 2727 4441 quippe
2760 4360 2960 4428 bOnum
2991 4381 3074 4428 est
3099 4375 3482 4445 congregatio:
3528 4376 3648 4444 ipsa
3691 4390 3845 4430 nam-

2253 4478 2358 4533 que
2404 4465 2724 4520 charitatem
2765 4473 3022 4534 aperatur
3068 4453 3525 4535 frequentiorem,
3565 4476 3621 4519 et
3667 4481 3732 4520 ex
3779 4481 3843 4520 ea

2253 4565 2448 4611 cuncta
2507 4557 2645 4610 bona
2688 4572 2850 4627 opera
2907 4566 3250 4628 generantur.
3289 4557 3432 4612 Nihil
3492 4559 3695 4628 quippe
3743 4559 3846 4613 ho-

2250 4661 2379 4700 num
2410 4655 2512 4711 est,
2545 4649 2686 4716 quod
2730 4663 2836 4702 non
2863 4663 2960 4718 per
2989 4649 3312 4704 charitatem
3360 4649 3438 4702 ﬁt.
3469 4649 3638 4704 Istam
3677 4649 3846 4721 igitur

2251 4734 2633 4791 conﬁrmemus
2668 4737 2926 4802 invicem,
2968 4738 3092 4807 quia
3132 4737 3399 4807 plenitudo
3441 4738 3569 4810 legis
3604 4739 3845 4795 charitas

2249 4836 2324 4882 est
2369 4827 2545 4899 (Rom.
2572 4845 2689 4893 xm,
2717 4827 2827 4899 10).
2856 4828 2970 4883 Non
3011 4830 3156 4884 enim
3185 4829 3460 4884 laboribus
3487 4846 3629 4900 opus
3672 4831 3844 4886 habe-

2249 4934 2370 4973 mus
2416 4927 2509 4973 aut
2545 4920 2868 4976 sudoribus:
2901 4921 2946 4976 si
2975 4922 3322 4982 dilexerimus
3366 4924 3595 4979 invicem
3616 4967 3632 4989 ,
3675 4941 3844 4996 spon-

2249 5017 2407 5063 tanea
2449 5010 2606 5065 nobis
2634 5011 2722 5065 via
2750 5013 3008 5067 sternitur
3049 5013 3252 5070 ducens
3288 5015 3356 5069 ad
3383 5016 3644 5070 virtutem
3673 5026 3727 5072 et
3770 5019 3844 5073 ad

2246 5100 2537 5154 caelestia.»
2571 5101 2720 5156 Sicut
2746 5113 2820 5157 est
2850 5106 3240 5159 consuetudinis
3274 5107 3610 5176 quibusdam.
3643 5108 3704 5162 lu
3731 5110 3846 5163 hoc

2246 5191 2364 5245 loco
2388 5206 2497 5246 non
2520 5193 2692 5247 solum
2721 5194 3022 5260 admonuit,
3049 5197 3142 5252 sed
3174 5198 3339 5252 etiam
3369 5198 3607 5272 culpavit
3633 5210 3691 5254 et
3723 5209 3845 5254 ter-

2248 5283 2356 5336 ruit
2382 5284 2646 5338 unitatem
2671 5286 2954 5342 charitatis
2983 5289 3312 5346 scindentes.
3340 5291 3446 5345 Sed
3470 5292 3839 5357 consolantes,

2245 5380 2294 5424 et
2341 5382 2485 5427 tanto
2536 5377 2738 5446 magis,
2786 5388 2980 5448 quanto
3034 5380 3265 5436 videritis
3324 5386 3846 5455 appropinquantem

2245 5463 2401 5519 diem.
2434 5465 2606 5532 Quem
2632 5467 2776 5523 diem
2797 5469 3062 5539 designat,
3093 5473 3197 5528 nisi
3227 5473 3368 5528 diem
3391 5474 3604 5542 judicii,
3637 5475 3694 5528 in
3723 5488 3848 5544 quo

2242 5557 2576 5626 singulorum
2623 5562 2815 5615 merita
2861 5565 3274 5618 examinantur?
3319 5566 3414 5620 Vel
3445 5566 3608 5619 etiam
3644 5575 3845 5621 extre-

2242 5663 2390 5701 mum
2434 5648 2578 5703 diem
2607 5651 2732 5705 vitae
2772 5662 3002 5718 nostrze;
3029 5655 3162 5709 dicit
3203 5656 3347 5709 enim
3389 5656 3494 5710 alio
3527 5657 3688 5710 loco:
3720 5655 3846 5711 Do—

2242 5739 2412 5792 minus
2449 5757 2607 5810 prope
2630 5751 2726 5808 est,
2756 5743 2886 5796 nihil
2913 5744 3127 5799 solliciti
3153 5747 3266 5799 sitis
3307 5745 3529 5816 (Philip.
3563 5761 3642 5808 tv,
3664 5746 3718 5810 5,
3747 5743 3844 5816 6),

2244 5826 2298 5882 id
2321 5836 2425 5899 est,
2453 5829 2520 5887 de
2545 5833 2792 5896 terrenis.
2818 5834 2886 5891 Ει
2912 5835 3071 5898 item;
3105 5835 3157 5891 Ν
3162 5855 3262 5892 unc
3291 5837 3505 5910 propius
3534 5846 3609 5893 est
3641 5847 3844 5897 nostra
