4088 6330
236 390 358 452 1081

956 372 1475 451 exacuunt;—
1512 394 1757 454 exros.
1798 396 1865 453 IN
1906 394 2121 471 EPIST.
2171 394 2227 457 s.
2268 399 2473 458 PAULI
2509 399 2602 459 Αι)
2638 403 2843 462 unus.

3334 412 3478 479 ιοεα

233 506 388 572 salus,
411 518 568 575 quam
595 504 909 560 credidimus
931 504 1107 578 (Rom;
1125 524 1245 572 xm,
1267 507 1387 582 ll):
1416 517 1627 580 tempus
1644 510 1788 565 enim
1816 510 1864 572 Α
1892 524 2000 581 quo
2032 510 2321 569 mundatus
2346 524 2465 581 est,
2498 523 2552 571 et
2579 517 2646 572 ad
2670 518 2932 575 vomitum
2962 524 3255 581 revertitur
3283 531 3474 599 pristi-

231 595 590 654 abbreviatum
619 607 721 653 est.

295 688 450 743 Vens.
477 687 566 743 26.
598 719 669 729 —-
707 687 1006 745 Voluntarie
1055 694 1192 748 enim
1237 694 1570 764 peccantibus
1617 693 1786 760 nobis,

228 789 331 854 post
365 791 626 853 acceptam
655 784 896 838 notitiam
924 786 1175 851 veritatis,
1198 787 1317 856 jam
1345 803 1449 841 non
1478 786 1790 857 relinquitur

226 888 312 942 pro
338 872 559 941 peccatis
588 873 778 928 hostia.
812 874 1013 945 Sponte
1040 892 1272 948 namque
1300 878 1653 948 peccantibus
1692 892 1789 933 no-

223 961 321 1027 bis,
349 970 633 1035 postquam
661 967 965 1037 accepimus
990 966 1237 1026 veritatis
1262 971 1616 1041 agnitionem,
1646 970 1787 1024 ultra

223 1067 322 1109 non
362 1044 685 1127 relinquitur
715 1044 899 1114 hostia
920 1074 1020 1131 pro
1046 1062 1304 1131 peccatis,
1349 1062 1490 1117 sicut
1527 1062 1582 1121 in
1616 1063 1787 1118 veteri

219 1144 328 1216 lege
345 1140 603 1202 donatum
628 1149 730 1204 fuit
758 1151 961 1207 hostias
979 1150 1175 1208 offerre
1202 1152 1396 1223 saepius
1420 1168 1518 1222 pro
1541 1161 1783 1223 peccato.

215 1237 390 1309 Neque
434 1243 576 1297 enim
607 1242 853 1300 Christus
894 1231 1007 1316 ipse
1047 1246 1244 1302 iterum
1296 1247 1658 1304 immolandus
1703 1257 1787 1305 est

211 1349 305 1406 pro
330 1337 566 1406 peccatis
594 1341 823 1407 nostris;
870 1343 973 1398 hoc
999 1344 1142 1398 enim
1179 1344 1348 1400 semel
1391 1343 1566 1402 factus
1596 1356 1703 1413 est,
1732 1354 1788 1401 et

208 1426 443 1483 secundo
470 1443 577 1483 non
607 1439 691 1486 est
716 1447 881 1502 opus;
912 1434 1004 1489 sed
1049 1435 1221 1506 magis
1246 1450 1380 1506 opus
1422 1444 1505 1491 est
1541 1444 1663 1506 post
1689 1453 1783 1494 ac-

206 1527 412 1599 ceptam
445 1521 670 1591 gratiam
710 1538 1030 1592 permanere
1059 1525 1114 1580 in
1149 1524 1253 1581 ﬁde
1275 1534 1331 1581 et
1357 1526 1583 1582 veritate
1617 1528 1788 1584 bono-

202 1627 317 1665 rum
359 1628 609 1682 operum.
649 1632 668 1665 ι
696 1615 982 1673 Mundatus
1006 1633 1088 1684 es,
1130 1619 1269 1675 liber
1297 1635 1356 1675 es
1380 1636 1411 1674 a
1439 1622 1782 1690 criminibus,

200 1703 367 1761 factus
388 1720 456 1761 es
478 1705 647 1762 Filius
673 1709 788 1763 Dei.
816 1708 872 1764 Si
902 1712 967 1765 ad
990 1711 1224 1781 primum
1247 1715 1507 1767 vomitum
1535 1728 1785 1770 reversus

196 1792 373 1861 fueris,
424 1798 571 1853 aliud
604 1808 656 1854 te
685 1809 965 1875 exspectat
983 1802 1269 1871 judicium,
1294 1825 1311 1856 ι
1347 1804 1451 1859 nisi
1485 1822 1582 1876 per
1608 1806 1783 1877 poeni-

1889 617 2038 669 num,
2066 612 2123 659 et
2163 606 2400 676 seipsum
2424 622 2524 677 per
2576 611 2950 679 pmnitentiam
2988 613 3184 671 iterum
3211 622 3472 683 mundare

1889 698 2189 767 neglexerit
2230 699 2444 773 [Forte,
2482 704 2746 779 negligit].
2785 708 2952 779 699
2997 710 3068 765 Et
3103 714 3313 784 spiritui
3349 734 3474 788 gra-

1887 788 1976 843 tiae
2020 790 2304 861 injurians.
2348 812 2367 845 ι
2397 793 2501 862 Qui
2550 812 2678 852 vero
2721 799 3044 856 beneﬁcium
3093 803 3274 861 dantis
3319 816 3476 877 grata

1888 890 2068 939 mente
2111 901 2219 942 non
2261 889 2509 959 suscipit,
2538 888 2791 960 injuriam
2828 892 3031 951 faciens
3078 895 3287 970 [Forte,
3316 899 3470 975 facit]

1887 974 2264 1034 benefacienti.
2294 980 2387 1037 llle
2418 980 2549 1038 facit
2573 992 2625 1039 te
2652 984 2844 1052 ﬁlium,
2869 993 2923 1042 tu
2951 1004 3081 1045 vero
3105 990 3188 1047 vis
3215 990 3333 1048 ﬁeri
3359 974 3475 1050 ser?

1888 1081 1987 1121 vus
2010 1071 2235 1138 peccati.
2267 1072 2426 1128 Venit
2448 1074 2591 1153 enim
2619 1073 2686 1130 ad
2714 1076 3064 1134 habitandum
3091 1082 3231 1152 apud
3254 1090 3341 1151 te;
3368 1105 3388 1139 ι
3417 1092 3473 1141 ιιι

1888 1171 2018 1213 vero
2049 1172 2155 1214 non
2199 1176 2470 1231 prreparas
2505 1165 2555 1219 ei
2597 1165 2812 1220 domum
2855 1168 3075 1238 dignam
3123 1171 3472 1232 habitationis

1889 1262 2021 1315 suae,
2050 1248 2237 1319 alium,
2265 1253 2319 1308 id
2341 1262 2447 1321 est,
2476 1256 2748 1313 diabolum
2777 1259 2872 1315 tibi
2902 1260 3260 1319 habitatorem
3292 1264 3474 1323 Conci-
3569 1318 3574 1323 .

1888 1334 2045 1393 lians.

1958 1420 2121 1485 Vatis.
2142 1431 2232 1488 50.
2248 1432 2523 1491 —Scimus
2535 1437 2671 1492 enim
2691 1439 2779 1509 qui
2800 1439 2970 1494 dixit:
2996 1440 3129 1498 Mihi
3152 1444 3402 1513 vindicta,
3421 1455 3471 1503 et

1887 1534 1978 1592 ego
2006 1521 2240 1577 reddam.
2281 1523 2353 1578 Et
2380 1525 2607 1580 iterum:
2637 1527 2776 1594 Quia
2798 1529 3062 1599 judicabit
3088 1533 3342 1591 Dominus
3375 1554 3471 1607 po.

1886 1607 2067 1678 pulum
2091 1627 2265 1666 suum.
2314 1614 2390 1670 De
2418 1616 2654 1673 inimicis
2681 1619 2784 1674 hoc
2810 1619 2976 1688 dixit,
3013 1631 3067 1678 et
3094 1623 3159 1679 de
3190 1626 3469 1698 negligen-

1887 1698 2031 1755 tibus
2066 1716 2161 1770 per
2189 1702 2564 1772 pmniten’tiam
2600 1723 2658 1764 se
2692 1724 2957 1781 purgare;
3003 1713 3096 1768 sed
3126 1715 3302 1770 securi
3332 1715 3474 1774 male

1887 1788 2112 1846 faciunt.
2166 1793 2421 1852 Judicare
2465 1799 2609 1854 enim
2655 1801 2975 1873 intelligitur
3018 1805 3229 1874 plebem
3276 1824 3473 1877 suam,

195 1887 417 1943 tentiam
474 1873 765 1947 renovatus
814 1891 998 1949 fueris.
1050 1894 1172 1949 Ideo
1220 1873 1624 1965 subsequenter—
1661 1897 1778 1951 ait:
1814 1873 1859 1935 Β
1888 1887 2188 1952 separando
2230 1886 2329 1960 [Ῐηῖ
2370 1889 2524 1958 Plebe
2554 1907 2649 1946 sua
2684 1893 2855 1949 b01105
2891 1912 2922 1949 3
2958 1873 3143 1963 milis,
3187 1899 3375 1957 ﬁdeles
3403 1873 3471 1958 ali

193 1972 387 2045 (Vens.
432 1976 523 2047 27)
563 1979 830 2036 Terribilis
860 1989 1034 2035 autem
1077 1982 1317 2054 quwdam
1356 1987 1672 2054 exspectatio
1690 1985 1785 2054 ju-

189 2066 336 2133 dicii,
364 2078 412 2123 et
451 2070 585 2140 ignis
616 2071 906 2139 temulatio,
942 2090 1059 2145 qua:
1097 2085 1467 2147 consumptura
1495 2088 1568 2131 est
1598 2077 1783 2132 adver-

188 2159 380 2214 sarios.
415 2179 436 2211 α
455 2160 512 2215 In
534 2162 637 2218 hoc
650 2178 757 2218 non
774 2164 1149 2233 paenitentiam
1177 2167 1422 2233 exclusit,
1454 2184 1629 2238 neque
1655 2184 1783 2237 pro-

185 2249 553 2321 pitiationem,
579 2270 698 2322 qua:
724 2255 785 2308 ﬁt
807 2270 904 2325 per
930 2258 1340 2325 pmnitentiam;
1372 2275 1548 2328 neque
1573 2260 1782 2335 repellit

183 2348 241 2398 et
266 2342 457 2412 dejicit
475 2356 573 2411 per
594 2344 1024 2414 desperationem
1049 2346 1479 2417 delinquentem;
1504 2365 1611 2404 non
1636 2352 1780 2405 enim

183 2430 262 2485 ita
295 2440 385 2487 est
411 2424 663 2489 inimicus
686 2435 876 2490 salutis
903 2422 1121 2493 nostrae.
1149 2438 1255 2495 Sed
1286 2441 1448 2510 quid?
1476 2440 1779 2498 Secundum

180 2535 425 2591 namque
448 2523 679 2580 exclusit
698 2525 973 2583 lavacrum
1000 2529 1274 2600 baptismi.
1300 2530 1417 2586 Non
1442 2533 1589 2588 enim
1615 2534 1777 2589 dixit:

180 2611 302 2667 Non
327 2620 416 2668 est
442 2613 582 2669 ultra
606 2617 959 2686 pmnitentia;
986 2635 1161 2691 neque
1190 2621 1359 2676 dixit:
1390 2622 1541 2678 Ultra
1568 2640 1675 2679 non
1698 2621 1780 2681 est

178 2704 441 2760 remissio
466 2724 479 2759 :
508 2707 602 2761 sed
630 2708 831 2776 hostia,
862 2710 1057 2781 inquit,
1094 2713 1237 2768 ultra
1265 2728 1373 2769 non
1402 2724 1506 2781 est,
1544 2716 1644 2772 hoc
1671 2726 1776 2784 est,

179 2809 315 2848 crux
346 2797 584 2852 secunda
612 2798 750 2852 ultra
783 2816 889 2855 non
918 2815 1022 2857 est.
1053 2802 1173 2858 Una
1204 2819 1437 2874 namque
1467 2792 1695 2875 perfecit
1722 2808 1776 2862 in

175 2892 510 2956 perpetuum
531 2902 644 2953 eos,
659 2890 752 2958 qui
773 2890 1206 2959 sanctiﬁcantur,
1224 2909 1331 2948 non
1355 2895 1497 2949 sicut
1517 2894 1774 2955 Judaicm.

174 2973 385 3032 Cautos
421 2992 523 3033 nos
568 2979 757 3034 volens
808 2979 1022 3037 ellicere
1043 3023 1057 3048 ,
1108 2998 1177 3039 ne
1225 2984 1369 3039 ultra
1421 2985 1505 3041 vel
1557 3003 1775 3043 crucem

171 3067 408 3138 Christi,
436 3071 524 3126 vel
553 3072 758 3129 hostias
776 3075 1020 3145 judaicas
1047 3086 1420 3147 exspectemus
1450 3096 1548 3150 pro
1587 3098 1778 3152 pecca-

170 3163 261 3218 tis.
290 3183 310 3215 ι
346 3162 417 3217 Et
459 3162 769 3234 quicunque
806 3166 1138 3236 paenitentia
1182 3168 1635 3225 medicamentum
1677 3187 1775 3227 ne-

168 3253 442 3326 glexerit,
488 3253 628 3323 ignis
669 3256 943 3312 mmulatio
973 3258 1195 3313 devoret
1243 3274 1387 3314 eum.
1436 3259 1777 3332 Quapropter

166 3344 556 3414 unusquisque
579 3346 647 3400 ad
674 3347 1027 3415 paenitentiae,
1052 3350 1180 3403 dum
1207 3357 1420 3420 tempus
1446 3351 1629 3418 habet,
1662 3371 1776 3410 me-

165 3433 549 3489 dicamentum
602 3435 908 3504 confugiat,
959 3453 1027 3493 ne
1080 3439 1191 3510 igni
1252 3443 1496 3497 tradatur
1549 3452 1771 3502 aeterno.

160 3521 358 3597 (Vnus.
385 3524 509 3595 ‘28.)
531 3523 750 3580 Irritam
778 3529 893 3598 quis
923 3528 1124 3597 faciens
1147 3529 1310 3602 legem
1334 3533 1505 3605 Moysi
1532 3537 1644 3591 sine
1664 3537 1774 3593 ulla

159 3616 518 3673 miseratione
562 3617 765 3673 duobus
793 3618 872 3674 vel
902 3621 1069 3676 tribus
1113 3625 1330 3679 testibus
1360 3628 1601 3682 moritur.
1636 3629 1771 3685 Ter-

159 3725 350 3766 rorem
380 3710 539 3766 enim
566 3710 759 3783 incutit
783 3711 1109 3770 Christianis
1130 3717 1196 3771 de
1216 3718 1393 3787 pinnis
1423 3718 1657 3793 [eorum]
1680 3720 1773 3791 qui

156 3802 263 3857 sub
292 3801 421 3873 lege
461 3813 847 3872 peccaverunt.
887 3822 905 3855 ι
932 3804 1059 3861 Sine
1085 3807 1444 3875 miseratione,
1476 3811 1682 3881 inquit,
1712 3822 1773 3868 ut

153 3898 309 3953 nulla
365 3898 446 3953 sit
480 3898 671 3962 venia,
719 3899 865 3953 nulla
908 3900 979 3954 sit
1012 3901 1411 3965 misericordia,
1462 3919 1772 3973 quanquam

152 3988 334 4062 Moysi
365 3994 523 4043 esset
551 3987 637 4040 illa
664 3987 770 4043 lex.
820 3989 876 4042 Si
896 3990 1010 4044 “duo
1034 3991 1118 4044 vel
1145 3998 1274 4055 tres,
1304 3993 1445 4046 sicut
1473 3993 1562 4045 ille
1593 3994 1772 4063 dispo—

149 4085 297 4148 suit,
331 4078 711 4137 testiﬁcantur
739 4094 901 4149 super
925 4095 1049 4152 eum
1067 4121 1082 4148 ,
1112 4082 1396 4138 confestim
1419 4082 1632 4152 judices
1670 4098 1767 4153 po-

147 4175 267 4245 puli
295 4172 574 4244 iudicant.
590 4185 713 4224 eum
744 4169 813 4224 ad
842 4177 1094 4235 mortem,
1129 4172 1175 4226 si
1204 4171 1307 4242 legi
1338 4173 1640 4227 contrarius
1666 4171 1769 4226 fuit

145 4274 247 4321 aut
279 4261 642 4331 inobediens.
672 4261 738 4315 Et
763 4261 810 4316 si
851 4262 955 4316 hoc
986 4261 1061 4315 ita
1098 4268 1183 4317 est
1209 4260 1264 4314 in
1295 4261 1467 4316 veteri
1509 4261 1642 4332 lege,
1675 4262 1768 4316 ubi

145 4357 238 4412 lex
270 4355 463 4427 Moysi
493 4352 647 4406 irrita
673 4351 751 4407 ﬁt.
780 4352 965 4425 (Vsus.
992 4350 1108 4424 29.)
1139 4351 1349 4418 Quanto
1377 4352 1566 4422 magis,
1596 4350 1769 4421 inquit

140 4447 490 4520 Apostolus,
524 4445 722 4515 putatis
769 4444 1031 4497 deteriora
1092 4443 1279 4497 mereri
1339 4441 1623 4513 supplicia,
1676 4441 1768 4512 qui

1886 1974 2212 2032 inﬁdelibus.
2255 1977 2440 2048 (Vens.
2470 1980 2584 2053 51.)
2613 1980 2954 2037 Horrendum
2980 1993 3054 2039 est
3085 1988 3220 2041 enim
3246 1988 3476 2044 incidere

1883 2068 1937 2122 in
1968 2086 2155 2123 manus
2190 2070 2285 2124 Dei
2320 2073 2560 2127 viventis.
2598 2074 2788 2129 Incidit
2825 2076 2881 2130 in
2920 2092 3113 2140 manus
3152 2078 3246 2134 Dei
3287 2080 3343 2134 in
3380 2080 3470 2138 die

1876 2158 2086 2229 judicii,
2118 2161 2170 2215 id
2200 2171 2301 2226 est,
2338 2163 2391 2215 in
2420 2170 2745 2233 potestatem
2776 2164 2892 2233 ejus
2912 2165 3131 2235 judicis,
3162 2169 3251 2238 qui
3285 2170 3472 2226 reddet

1880 2252 2172 2321 unicuique
2199 2254 2497 2307 secundum
2528 2255 2721 2309 merita
2754 2271 2880 2322 sua,
2912 2259 3004 2327 qui
3034 2274 3141 2314 non
3170 2259 3283 2314 vult
3312 2262 3472 2317 modo

1880 2345 2183 2413 praevenire
2214 2344 2267 2398 in
2298 2343 2643 2401 confessione
2679 2355 2735 2402 et
2761 2348 3079 2417 paenitentia
3110 2349 3301 2405 faciem
3330 2350 3468 2421 ejus,

1881 2426 2008 2490 dum
2047 2443 2260 2506 tempus
2298 2437 2481 2491 habet.
2536 2435 2594 2492 Si
2633 2453 2737 2492 non
2775 2439 3091 2509 pmnituerit
3127 2440 3192 2494 de
3228 2441 3468 2509 peccatis

1881 2526 2011 2593 suis,
2035 2527 2222 2582 incidit
2243 2528 2294 2581 in
2318 2528 2647 2584 horrendum
2666 2527 2931 2604 judicium
2949 2531 3333 2602 omnipotentis
3349 2532 3466 2588 Dei.

1881 2620 2067 2693 (Vsus.
2096 2619 2210 2692 52.)
2254 2620 2690 2693 Rememoramini
2725 2633 2901 2678 autem
2936 2624 3185 2696 pristinos
3222 2626 3364 2693 dies,
3410 2627 3466 2683 in

1877 2711 2063 2782 quibus
2099 2711 2382 2765 illuminati
2422 2706 2666 2784 magnum
2694 2708 2952 2770 certamen
2992 2716 3316 2771 sustinuistis
3344 2734 3471 2788 pas-

1879 2804 2104 2859 sianum.
2158 2823 2177 2855 ι
2228 2804 2521 2875 Postquam
2560 2822 2691 2862 vero
2731 2807 2931 2863 Paulus
2974 2810 3214 2865 concutit
3255 2810 3469 2867 animos

1878 2911 2069 2953 eorum
2096 2898 2360 2953 dicendo:
2406 2897 2742 2954 Horrendum
2787 2908 2864 2954 est
2905 2900 3135 2956 incidere
3176 2901 3232 2956 in
3274 2915 3466 2958 manus

1877 2990 1977 3045 Dei
2004 2992 2238 3058 viventis,
2274 3011 2293 3044 ι
2326 2991 2487 3047 ﬁdem
2517 2992 2746 3059 faciens,
2775 2993 2918 3064 quod
2945 2994 3272 3051 omnimodis
3302 3010 3465 3066 opor-

1881 3090 1957 3137 tet
1976 3083 2157 3153 perire
2182 3082 2529 3152 injuriantem
2555 3085 2785 3154 gratiam
2805 3085 2926 3151 Dei,
2948 3093 3002 3141 et
3026 3084 3248 3155 Spiritui
3276 3094 3465 3142 sancto

1880 3170 2134 3240 injuriam
2181 3172 2469 3228 facientem
2495 3213 2510 3239 ,
2562 3181 2618 3229 et
2660 3175 2765 3229 hoc
2803 3190 2871 3229 ex
2912 3174 3030 3245 lege
3075 3174 3243 3247 Moysi
3285 3177 3461 3231 docet.

1885 3284 1905 3318 ι
1933 3266 2168 3323 Proinde
2210 3283 2278 3322 ne
2320 3268 2492 3323 multo
2534 3268 2730 3323 timore
2760 3268 3135 3337 desperantem
3173 3283 3203 3322 a
3237 3268 3461 3323 tristitia

1876 3366 1930 3414 et
1957 3359 2333 3428 desperatione
2360 3360 2637 3415 absorberi
2662 3358 2883 3425 faceret,
2907 3359 3222 3415 consolatur
3245 3374 3339 3415 eos
3362 3374 3463 3429 per

1874 3451 2062 3507 laudes
2095 3459 2151 3506 et
2178 3451 2544 3517 hortationes;
2586 3452 2641 3505 et
2676 3449 3075 3505 aemulationem
3103 3449 3455 3505 domesticam

1873 3542 1953 3597 eis
1982 3541 2282 3610 proferens.
2323 3539 2641 3606 Illuminati,
2672 3541 2727 3595 id
2753 3548 2857 3606 est,
2888 3539 3178 3597 confortati
3208 3555 3307 3610 per
3338 3557 3462 3613 gra-

1873 3631 2006 3684 tiam
2031 3630 2299 3696 divinam,
2338 3646 2586 3701 magnum
2615 3639 2877 3685 certamen
2905 3630 3228 3685 sustinuistis
3255 3630 3460 3702 passio-

1873 3737 2016 3775 num.
2070 3720 2189 3776 Non
2225 3721 2356 3776 dicit
2394 3722 2711 3792 simpliciter
2739 3729 3013 3778 certamen
3036 3764 3051 3789 ,
3096 3724 3193 3778 sed
3220 3722 3459 3789 addidit,

1872 3828 2141 3881 magnum.
2188 3811 2299 3866 Nec
2325 3812 2482 3876 dixit,
2517 3812 2866 3876 tentationes,
2903 3813 2998 3866 sed
3024 3826 3282 3881 pugnam,
3315 3811 3461 3881 quod

1870 3903 2087 3969 quidem
2128 3901 2431 3956 estmnltaa
2460 3901 2663 3966 laudis,
2711 3909 2768 3955 et
2805 3911 3115 3956 nostrarum
3143 3901 3459 3971 praedicatio

1870 3989 2086 4043 laudum
2110 4010 2127 4041 ι
2157 4005 2256 4059 pro
2278 3988 2478 4045 Christi
2508 3991 2727 4047 nomine
2752 3991 2885 4060 pati.
2918 3990 3103 4062 (Vsus.
3129 3991 3219 4055 55,
3241 3990 3355 4063 54.)
3386 3990 3457 4045 Et

1869 4079 1923 4132 in
1962 4078 2128 4133 altero
2157 4080 2367 4150 quidem
2402 4081 2695 4152 opprobriis,
2723 4090 2773 4135 et
2809 4080 3231 4135 tribulationibus
3258 4091 3460 4152 specta-

1869 4169 2045 4224 culum
2074 4171 2243 4241 facti:
2275 4172 2330 4226 in
2356 4171 2522 4226 altero
2548 4183 2735 4239 autem
2771 4173 2902 4227 socii
2939 4172 3115 4227 taliter
3144 4158 3456 4227 conversan-

1869 4263 2000 4316 tium
2043 4265 2230 4333 e/fecti.
2293 4265 2436 4319 Nam
2482 4274 2531 4319 et
2578 4266 2762 4320 vinctis
2803 4265 3058 4336 compassi
3102 4264 3245 4319 estis.
3299 4263 3456 4320 Modo

1868 4357 2177 4425 minutatim
2224 4374 2323 4427 per
2365 4365 2546 4427 partes
2594 4358 2939 4428 prosequitur
2984 4357 3172 4412 laudes
3218 4371 3407 4413 eorum
3432 4395 3449 4423 ,

1869 4451 2071 4515 dicens,
2114 4465 2208 4506 eos
2248 4466 2356 4506 non
2396 4451 2567 4506 solum
2606 4450 2839 4505 viriliter
2867 4449 3136 4505 sustinere
3170 4448 3454 4520 passiones

143 4538 367 4597 Filium
394 4536 503 4592 Dei
524 4534 985 4600 conculcaverit,et
1007 4535 1312 4604 sanguinem
1334 4535 1628 4588 testamenti
1652 4533 1765 4604 pol—
1797 4601 1839 4612 -
1868 4556 1968 4612 pro
1997 4541 2216 4598 Christo
2244 4556 2433 4597 verum
2474 4542 2639 4596 etiam
2678 4550 2734 4596 ει
2771 4540 2969 4596 vinctis
3008 4554 3320 4609 compassos
3356 4552 3454 4595 eos

141 4630 327 4686 lutum
379 4625 631 4690 duxerit,
678 4626 735 4679 in
769 4640 870 4695 quo
908 4601 1264 4692 sanctiﬁcatus
1320 4632 1420 4688 est,
1472 4633 1520 4678 et
1559 4601 1767 4694 spiritui

1875 4601 1987 4685 esse
2013 4632 2316 4687 annuntiat.
2358 4632 2427 4685 Et
2460 4630 2881 4685 tribulationibus
2920 4601 3307 4701 opprobriisque
3338 4645 3454 4699 spe-

139 4722 346 4792 gratia:
375 4714 766 4772 contumeliam
793 4714 1008 4783 fecerit?

215 4813 460 4880 Quanto
517 4807 689 4877 major
715 4815 801 4861 est
826 4805 1074 4861 Christus
1117 4821 1281 4876 quam
1327 4804 1557 4876 Moyses,
1592 4806 1767 4875 gratia

105 4915 319 4976 'quam
372 4901 467 4957 lex
495 4938 513 4963 ,
577 4907 727 4954 tanto
770 4900 973 4970 majora
1029 4898 1326 4953 merebitur
1378 4896 1657 4966 supplicia.
1700 4897 1779 4971 Et

135 4993 442 5068 quomodo
505 4990 790 5044 conculcat
838 4991 1065 5060 quisque
1114 4989 1309 5044 Filium
1356 4989 1487 5043 Dei?
1541 4987 1765 5056 Quando

134 5091 293 5145 enim
347 5103 426 5143 ex
476 5098 551 5137 eo
589 5082 807 5153 indigne
832 5083 1218 5153 participamur
1258 5097 1354 5151 per
1398 5090 1761 5148 sacramenta,

131 5201 334 5243 nonne
345 5177 577 5254 grande
602 5182 882 5245 peccatum
907 5174 1229 5229 committit?
1248 5173 1438 5229 Nonne
1458 5174 1607 5228 illum
1632 5189 1761 5230 con-

130 5277 373 5336 culcat?
410 5270 618 5327 Nonne
646 5268 830 5336 ipsum.
848 5265 1176 5322 contemnit?
1200 5264 1354 5320 Sicut
1381 5265 1524 5321 enim
1548 5280 1613 5320 ea
1640 5281 1760 5335 quae

128 5371 585 5430 conculcamus,
617 5359 814 5416 nullius
843 5359 1099 5415 momenti
1140 5359 1443 5427 pendimus,
1470 5358 1550 5413 sic
1575 5365 1629 5412 et
1668 5359 1760 5427 qui

127 5432 327 5520 libet-ev
349 5464 628 5531 peccant,
654 5452 856 5521 absque
878 5451 1091 5515 timore,
1116 5457 1170 5505 et
1193 5450 1395 5519 absque
1423 5447 1759 5519 ptenitentia,

124 5556 443 5612 Christum
484 5545 693 5613 nullius
718 5544 974 5599 momenti
1003 5542 1334 5606 existimant,
1355 5561 1373 5592 ι
1403 5555 1501 5595 nec
1527 5552 1650 5593 eum
1674 5537 1762 5607 ju-

126 5649 326 5703 dicem
381 5642 648 5696 futurum
689 5634 998 5690 formidant.
1048 5633 1246 5688 Factus
1276 5640 1360 5688 est
1399 5646 1494 5702 per
1533 5631 1758 5701 gratiam

124 5752 353 5809 corpus
394 5728 643 5793 Christi,
674 5735 729 5781 et
772 5728 1006 5798 seipsum
1052 5724 1182 5779 facit
1220 5739 1416 5793 corpus
1445 5721 1675 5788 diaboli;
1706 5728 1761 5777 et

126 5830 494 5888 sanguinem
543 5820 740 5877 Christi
784 5821 1120 5886 impollutum
1166 5815 1472 5892 {pollutum}
1508 5815 1670 5882 facit,
1706 5815 1757 5869 in

1867 4721 2129 4776 ctaculum
2161 4722 2309 4791 facti.
2344 4745 2361 4773 ι
2397 4720 2592 4777 Gravis
2616 4721 2814 4790 quippe
2842 4735 2932 4774 res
2958 4726 3043 4774 est
3064 4719 3447 4790 opprobrium;

1866 4821 1923 4867 et
1954 4813 2145 4868 idonea
2175 4813 2243 4867 ad
2272 4811 2645 4866 fortitudinem
2680 4811 2876 4865 animae
2902 4811 3315 4866 subvertendam
3337 4849 3352 4874 ,
3394 4812 3456 4866 et

1867 4905 1934 4957 ad
1964 4903 2342 4959 exczecandam
2372 4909 2606 4956 mentem
2635 4908 2848 4970 potens,
2887 4901 3142 4969 quoniam
3165 4898 3319 4954 valde
3347 4911 3457 4973 ap-q

1867 5004 2057 5065 petens
2084 5004 2167 5052 est
2197 4994 2382 5063 gloriae
2406 5007 2576 5064 genus
2601 4992 2932 5057 humanum;
2972 5000 3259 5062 propterea
3285 4990 3448 5045 etiam

1867 5095 1923 5142 et
1963 5085 2270 5156 opprobriis
2317 5081 2477 5137 facile
2523 5089 2772 5151 captatur
2817 5078 3051 5152 [Chrys.,
3098 5077 3445 5151 captivatur].

1866 5177 1934 5231 Et
1958 5192 2070 5231 non
2102 5175 2416 5244 simpliciter
2444 5173 2581 5227 dixit
2612 5171 2950 5243 opprobriis,
2993 5169 3089 5225 sed
3121 5168 3284 5223 etiam
3317 5183 3447 5240 aug-

1864 5275 2104 5323 mentum
2159 5264 2325 5332 fecit,
2375 5265 2594 5327 dicens,
2646 5259 2997 5333 spectaculum
3026 5256 3179 5329 [Cod.
3209 5273 3444 5327 semper,

1863 5356 2276 5431 expectaculum]
2323 5356 2472 5427 facti.
2526 5353 2660 5409 Cum
2692 5353 2834 5408 enim
2862 5351 2985 5419 quis
3015 5358 3225 5405 secrete
3253 5364 3446 5419 expro-

1863 5449 2073 5514 bratur,
2093 5448 2444 5503 contristatur
2464 5444 2679 5515 quidem
2701 5458 2716 5506 ',
2747 5440 2841 5495 sed
2867 5438 3037 5493 multo
3066 5438 3296 5506 amplius
3319 5452 3445 5492 cum

1862 5555 2043 5595 coram
2085 5539 2350 5593 omnibus.
2384 5557 2402 5588 ι
2457 5535 2525 5589 Et
2569 5533 2805 5603 rapinam
2853 5530 3105 5584 bonorum
3154 5537 3447 5582 vestrorum

1861 5644 1977 5681 cum
2004 5628 2195 5697 gaudio
2219 5625 2532 5697 suscepistis.
2573 5618 3094 5676 Mirabililerlaudat
3112 5632 3205 5672 eos
3229 5616 3283 5670 in
3306 5614 3444 5684 ﬁde;

1861 5722 1987 5791 quia
2019 5721 2063 5775 si
2094 5720 2254 5774 ﬁdem
2298 5735 2404 5773 non
2451 5716 2733 5779 haberent,
2782 5711 3005 5768 meliora
3032 5709 3299 5779 recepisse
3340 5719 3443 5778 pro

1862 5812 1965 5869 hac
1993 5812 2292 5868 substantia
2332 5811 2587 5880 abrepta,
2631 5821 2737 5865 non
2775 5820 2899 5862 cum
2938 5802 3135 5877 gaudio
3172 5799 3441 5873 suscepis-
