4088 6330
623 377 761 442 1085

1487 369 1549 430 Β.
1581 366 1644 426 F.
1683 365 1907 424 ALBINI
1947 364 2078 424 SEU
2116 363 2394 424 ALCUINI
2427 362 2718 421 OPERUM
2751 361 2931 420 PARS
2967 362 3031 420 Π.

3749 363 3895 424 1081

626 497 744 547 sent
771 487 1016 558 rapinam
1041 483 1175 557 ejus.
1210 480 1440 539 Proinde
1465 479 1739 552 subjungit
1765 479 2014 536 ﬁduciam
2043 479 2189 543 ﬁdei.
2220 483 2270 544 Δ
2295 496 2454 555 gnam
2483 479 2656 535 labori
2682 485 2886 534 vestro.
2933 476 3071 544 Quia
3098 491 3207 532 non
3233 475 3328 548 qui
3353 477 3582 548 ceperit
3598 517 3615 545 ,
3655 492 3896 536 corona-

625 580 1019 652 Cognoscentes,
1036 575 1224 645 inquit,
1242 590 1327 628 vos
1347 572 1532 635 habere
1551 570 1814 626 meliorem
1835 580 1884 625 et
1907 579 2197 625 manentem

627 672 992 729 substantiam.
1024 667 1187 735 Quasi
1215 666 1452 722 diceret:
1478 663 1698 720 Vestras
1725 663 1933 719 futuras
1959 663 2199 718 videntes

631 763 845 819 divitias
871 757 1197 816 sustinuistis
1225 771 1347 812 cum
1376 755 1589 825 gaudio.
1641 751 1794 820 Quod
1835 753 2061 808 necdum
2101 768 2198 821 ap-

628 861 821 928 paret,
862 850 1016 922 quasi
1050 865 1289 920 praesens
1319 855 1633 921 appareret,
1676 848 1998 903 cernebatis.
2035 865 2054 899 ‹
2087 845 2201 902 lloc

631 946 773 1002 enim
807 951 979 1001 totum
1009 941 1358 1016 apostolicum
1405 947 1489 994 est
1533 954 1696 1009 opus,
1745 945 1801 994 et
1845 937 2063 1008 dignum
2098 935 2202 990 illis

633 1037 860 1093 fortibus
888 1022 1195 1102 animabus,
1240 1043 1301 1090 ut
1339 1032 1562 1105 flagellis
1589 1031 1915 1104 gauderent,
1963 1030 2102 1084 sicut
2146 1028 2202 1086 in

632 1129 858 1184 Actibus
885 1127 1246 1198 apostolorum
1285 1124 1520 1196 legitur:
1562 1121 1761 1180 Euntes
1798 1132 1974 1175 autem
2009 1138 2042 1175 a
2077 1136 2203 1175 con—

632 1218 787 1285 cilio,
834 1217 1115 1290 gaudentes
1162 1215 1285 1289 quia
1331 1215 1475 1286 digni
1518 1214 1843 1268 habebantur
1869 1229 1962 1282 pro
2000 1212 2205 1266 nomine

630 1307 757 1364 Iesu
784 1307 1148 1363 contumeliam
1174 1306 1283 1378 pati
1306 1305 1447 1378 (Act.
1468 1321 1523 1370 v,
1543 1305 1655 1375 41).
1689 1303 2111 1373 Cognosccutcs,
2132 1303 2208 1358 in.

631 1403 770 1474 quit,
785 1417 880 1457 vos
899 1400 1175 1455 meliorem
1196 1399 1396 1454 habere
1416 1406 1469 1451 ct
1489 1404 1794 1454 manentem
1817 1395 2204 1459 substantiam;

631 1508 794 1576 prout
817 1499 1048 1566 diceret,
1089 1498 1332 1561 firmam,
1372 1505 1426 1552 et
1462 1495 1820 1552 substantiam
1850 1491 2087 1566 (Cinga,
2118 1491 2210 1547 ﬁr-

633 1605 778 1646 mam
803 1596 856 1644 et
880 1587 1177 1659 stabilem],
1203 1602 1322 1662 qua:
1346 1585 1525 1658 perire
1554 1599 1662 1640 non
1686 1583 1893 1654 possit,
1934 1582 2073 1638 sicut
2108 1582 2211 1637 ista

633 1692 848 1739 terrena
872 1682 1032 1753 perit.
1054 1701 1074 1736 ι
1111 1681 1314 1738 Deinde
1337 1679 1559 1736 laudans
1583 1693 1677 1734 eos
1696 1677 1859 1733 dicit:
1886 1675 2072 1749 (Vens.
2119 1673 2210 1748 '55)

2300 577 2460 639 bitur,
2508 573 2601 628 sed
2637 572 2725 643 qui
2762 569 3158 643 perseveraverit
3199 571 3257 624 in
3295 571 3592 626 certamine
3630 588 3806 642 usque
3841 575 3895 630 iu

2299 667 2479 737 ﬁnem,
2506 665 2590 720 hic
2612 663 2788 718 salvus
2816 664 2912 717 erit
2938 661 3155 733 (Matth.
3184 679 3239 730 x,
3271 662 3384 735 22).
3432 663 3503 719 In
3529 664 3797 735 patientia
3826 667 3896 720 si-

2300 759 2517 830 quidem
2545 755 2891 828 possidebitis,
2931 755 3062 811 dicit
3098 755 3381 824 Dominus,
3417 757 3628 811 animas
3669 767 3890 813 vestras.

2300 849 2610 921 Reportetis,
2639 849 2794 914 dixit,
2823 848 2876 904 id
2897 857 3000 914 est,
3038 847 3318 919 accipiatis
3351 850 3754 920 promissiones
3779 850 3891 906 Dei.

2303 939 2489 1012 (Vsus.
2520 937 2634 1011 57.)
2678 938 2864 993 Adhuc
2890 939 3026 996 enim
3053 939 3314 994 modicum
3344 939 3771 1013 aliquantulum,
3810 943 3895 1014 qui

2302 1039 2550 1088 venturus
2571 1039 2669 1096 est,
2692 1030 2855 1084 veniet
2884 1038 2933 1086 et
2958 1048 3062 1086 non
3083 1031 3334 1087 tardabit.
3367 1032 3484 1089 Non
3506 1034 3744 1089 minima
3769 1049 3894 1090 con-

2304 1122 2496 1179 solatio
2525 1131 2610 1178 est
2642 1122 2861 1189 laboris,
2900 1125 3008 1180 cito
3036 1141 3256 1197 sperare
3287 1135 3578 1184 venturum
3614 1129 3891 1200 iudicem,

2305 1224 2360 1272 et
2386 1225 2866 1284 remuneratorem,
2890 1227 2945 1274 ct
2971 1219 3390 1288 consolatorem,
3417 1234 3890 1282 remuneraturum

2306 1308 2617 1366 certaminis
2637 1311 3012 1365 constantiam.
3045 1311 3228 1383 (Vsus.
3252 1313 3344 1378 58,
3363 1313 3478 1384 59.)
3503 1313 3702 1369 Justus
3723 1327 3892 1370 autem

2308 1416 2452 1453 meus
2489 1416 2553 1454 ea:
2588 1400 2692 1470 ﬁde
2724 1401 2877 1456 vivit:
2920 1401 3072 1467 Quod
3106 1402 3152 1458 si
3185 1403 3502 1460 subtraxerit
3530 1423 3609 1471 se,
3653 1424 3761 1461 non
3787 1407 3893 1477 pia-

2309 1489 2437 1544 cebit
2472 1490 2662 1544 anima:
2697 1507 2844 1545 meaz.
2896 1490 3010 1546 Nos
3037 1501 3211 1547 autent
3245 1510 3351 1548 non
3375 1494 3538 1566 700
3567 1513 3757 1549 sumus
3784 1497 3891 1549 sub-

2311 1580 2581 1635 tractionis
2601 1578 2697 1650 ﬁlii
2716 1580 2769 1634 in
2789 1579 3148 1652 perditionem,
3171 1583 3261 1637 sed
3280 1584 3405 1654 ﬁdei
3422 1584 3478 1638 in
3496 1584 3888 1656 acquisitionem

2312 1673 2522 1727 animat.
2568 1672 2678 1728 lloc
2713 1672 3087 1743 propheticum
3126 1673 3306 1730 intulit
3329 1674 3623 1746 Apostolus
3656 1677 3889 1732 testimo-

635 1774 813 1830 Nolite
858 1776 1030 1850 itaque
1075 1773 1311 1830 amittere
1359 1771 1728 1842 conﬁdentiam
1774 1779 2001 1825 vestram
2029 1809 2044 1836 ,
2096 1784 2213 1840 quat
2239 1845 2279 1850 _
2313 1764 2555 1821 monium
2581 1765 2647 1819 ad
2668 1764 3098 1821 exhortationem
3123 1765 3268 1822 ﬁdei.
3296 1765 3452 1823 Sicut
3472 1768 3784 1839 displicebit
3804 1768 3888 1838 qui

632 1864 885 1934 grandem
910 1845 1061 1918 habet
1085 1863 1550 1919 remunerationem
1593 1862 1735 1932 apud
1755 1862 1946 1916 Deum.
1977 1860 2213 1931 Apparet
2238 1845 2288 1910 Β
2313 1856 2554 1926 dubitat,
2592 1857 2668 1913 ita
2705 1857 2798 1926 qui
2835 1857 3160 1924 crediderit,
3197 1859 3343 1914 vivet
3375 1859 3433 1914 in
3462 1859 3569 1916 ﬁde
3596 1876 3695 1915 sua
3727 1868 3883 1916 recta.

636 1963 820 2012 autem
861 1956 988 2024 quia
1027 1955 1085 2012 in
1126 1970 1320 2027 magna
1365 1953 1691 2010 conﬁdentia
1723 1960 1881 2007 erant
1914 1951 1984 2005 ad
2009 1950 2212 2020 Deum,

635 2061 799 2117 quam
826 2062 894 2103 ne
919 2048 1250 2115 amitterent,
1279 2047 1669 2103 instantissime
1698 2062 1792 2103 eos
1818 2046 2102 2113 hortatur;
2139 2044 2218 2099 fa-

635 2141 790 2198 cilius
817 2142 962 2198 enim
993 2143 1202 2214 integra
1230 2149 1627 2202 conservantur
1649 2154 1813 2210 quam
1837 2139 2035 2194 amissa
2063 2152 2218 2194 recu-

633 2242 913 2304 perentur.
945 2233 1088 2290 Nihil
1117 2235 1261 2290 enim
1288 2234 1440 2290 vobis
1465 2232 1833 2290 necessarium
1862 2239 1974 2297 est,
2015 2231 2120 2286 nisi
2157 2237 2218 2284 ut

634 2325 789 2380 stetis
816 2324 1066 2392 ﬁrmiter,
1101 2333 1155 2380 et
1188 2324 1549 2396 permaneatis
1577 2324 1631 2378 in
1659 2322 1980 2378 fortitudine
2009 2328 2214 2388 vestra,

634 2431 750 2488 qua:
779 2431 1023 2485 magnam
1050 2414 1201 2470 habet
1235 2414 1700 2470 remunerationem
1726 2412 1868 2485 apud
1894 2411 2084 2466 Deum.

708 2504 870 2561 Vsus.
900 2504 988 2561 56.
1012 2534 1084 2544 —
1116 2503 1382 2560 Patientia
1411 2505 1548 2560 enim
1586 2503 1727 2560 vobis
1768 2503 2062 2558 necessaria
2105 2510 2214 2570 est,

637 2605 692 2650 ut
728 2595 1043 2654 voluntatem
1077 2596 1175 2656 Dei
1209 2597 1457 2668 facientes
1497 2596 1764 2668 reponetis
1797 2594 2214 2668 promissionem.

635 2687 680 2744 Ο
709 2697 908 2760 quanta
939 2689 1252 2762 magnitudo
1281 2688 1671 2746 exhortationis
1699 2687 1856 2742 istius
1891 2694 1945 2741 et
1968 2685 2217 2741 consola-

637 2780 800 2836 tionis
825 2783 837 2835 ξ
887 2780 1064 2838 Unum
1091 2782 1288 2855 quippe
1315 2797 1450 2854 opus
1478 2780 1743 2847 habeatis,
1775 2780 1829 2834 id
1855 2788 1971 2844 est,
2005 2786 2066 2834 ut
2090 2792 2215 2848 per-

2316 1947 2654 2020 Quaproptcr
2679 1949 2965 2006 credamus
2991 1949 3249 2007 velociter
3274 1951 3490 2007 venisse
3528 1950 3738 2024 [Forte,
3765 1969 3890 2008 ven-

2315 2045 2517 2118 turum]
2535 2044 2772 2117 judicem
2791 2045 3089 2115 Christum,
3106 2054 3161 2101 et
3180 2061 3541 2118 prmparcmus
3558 2063 3657 2103 nos
3676 2049 3892 2104 obviam

2315 2139 2371 2194 in
2401 2139 2558 2194 bonis
2591 2139 2833 2207 actibus,
2873 2155 2941 2198 ne
2977 2141 3147 2198 simus
3180 2141 3543 2198 abstractioais
3569 2141 3667 2196 ﬁlii
3695 2157 3728 2196 a
3757 2142 3890 2196 luce

2316 2232 2675 2301 sempiterna;
2702 2231 2798 2287 sed
2816 2231 3185 2302 acquisitionis
3208 2231 3266 2287 in
3286 2231 3518 2302 gloriam,
3531 2246 3651 2286 cum
3670 2233 3880 2286 sanctis

2316 2323 2371 2382 in
2397 2325 2481 2380 die
2497 2339 2689 2394 magno
2714 2323 2993 2380 audientes
3012 2339 3198 2382 vocem
3219 2324 3624 2380 desiderabilem
3640 2342 3656 2380 :
3675 2322 3858 2378 Venite
3872 2368 3886 2389 ,

2316 2415 2568 2474 benedicti
2595 2413 2771 2471 Patris
2798 2417 2916 2482 mei,
2943 2416 3187 2487 percipite
3216 2431 3454 2486 regnum,
3473 2413 3611 2486 quod
3636 2413 3777 2469 vobis
3801 2430 3889 2483 pa-

2314 2514 2491 2564 ratum
2516 2514 2591 2560 est
2619 2503 2683 2557 ab
2713 2505 2911 2575 origine
2936 2503 3116 2560 mundi
3145 2502 3361 2576 (Matth.
3386 2519 3514 2570 xxv,
3540 2502 3656 2574 54).

2387 2597 2693 2670 (Hucusque
2713 2597 2895 2654 codex.
2918 2596 3135 2671 Reliqua
3154 2597 3259 2652 tria
3277 2598 3451 2668 capita
3470 2597 3631 2667 hujus
3648 2595 3890 2666 Epistula

2317 2689 2387 2745 ad
2409 2687 2658 2744 IIebrwos
2683 2691 3032 2763 praetermissa
3055 2697 3196 2757 sunt,
3220 2687 3296 2746 vel
3315 2689 3381 2746 ab
3407 2689 3526 2761 ipso
3549 2688 3796 2755 Alcuino,
3820 2688 3889 2744 vel

2320 2801 2355 2842 α
2377 2783 2638 2858 librario.)

637 2875 898 2934 severetis
931 2876 987 2932 in
1017 2891 1212 2949 agone,
1239 2877 1411 2935 donec
1437 2875 1710 2947 recipiatis
1743 2888 2000 2930 coronam
2027 2871 2217 2930 condi-
2243 2903 2294 2969 ο

634 3007 3882 3045 WWW

1804 3117 2397 3192 COMMENTATIO
2445 3119 2728 3186 BREVIS

1416 3274 1481 3321 IN
1530 3270 1827 3328 QUMDAM
1870 3267 2092 3314 SANCTI
2132 3264 2317 3309 PAULI
2361 3263 2656 3312 APOSTOLI
2696 3264 3098 3311 εκητειεωι.

710 3457 935 3514 Albinus
951 3452 1018 3511 de
1037 3452 1304 3524 hocquod
1323 3450 1454 3507 dicit
1473 3446 1761 3521 Apostolus
1781 3445 1850 3502 ad
1871 3443 2212 3502 Corinthios:
2322 3441 2465 3512 quod
2507 3438 2741 3511 Spiritus
2780 3438 2836 3494 in
2875 3451 2944 3496 eo
2983 3436 3323 3508 loquebatur,
3364 3433 3550 3490 subito
3576 3429 3799 3505 protulit
3841 3428 3893 3484 in

640 3554 807 3610 Omne
831 3556 1097 3622 peccatum
1117 3546 1458 3619 quodcunque
1481 3543 1658 3613 fecerit
1681 3542 1835 3595 homo
1860 3549 2008 3594 extra
2029 3553 2219 3608 corpus
2322 3536 2558 3593 medium
2586 3577 2600 3601 ,
2646 3544 2706 3592 ut
2747 3533 3019 3604 loquentis
3060 3533 3115 3589 in
3159 3547 3219 3590 se
3256 3529 3584 3622 auctoritate
3615 3526 3890 3622 ﬁrmaret,

636 3654 745 3708 est;
779 3617 867 3714 qui
901 3651 1074 3695 autem
1100 3617 1414 3709 fornicatur,
1460 3635 1515 3690 in
1560 3649 1747 3704 corpus
1773 3648 1926 3688 suum
1955 3639 2132 3702 peccat
2161 3627 2215 3701 (ι
2321 3647 2483 3704 quam
2523 3630 2635 3686 suis
2670 3630 3005 3685 auditoribus
3031 3626 3358 3698 persuadere
3383 3621 3578 3679 voluit.
3626 3617 3892 3714 Suntuqui

637 3737 763 3792 Cor.
791 3708 868 3800 vt,
900 3732 1009 3805 18).
1058 3708 1212 3798 Quod
1256 3730 1329 3784 ita
1375 3726 1510 3784 solvi
1548 3733 1745 3798 potest.
1796 3723 1956 3779 Aliud
2000 3730 2084 3778 est
2120 3735 2221 3791 per
2322 3724 2596 3780 mstimant
2629 3736 2751 3776 eum
2788 3721 2894 3776 hoc
2930 3719 2997 3774 de
3029 3715 3321 3774 reconditis
3358 3714 3710 3805 antiquorum

635 3841 835 3896 corpus
864 3800 1090 3895 peccare
1107 3863 1121 3889 ,
1163 3820 1307 3875 aliud
1344 3818 1399 3874 in
1441 3831 1687 3888 corpore.
1726 3814 1832 3870 Per
1857 3828 2052 3883 corpus
2080 3810 2222 3866 ﬁunt
2320 3813 2611 3885 protulisse
2639 3810 3026 3876 testimonium,
3055 3809 3198 3864 sicut
3219 3809 3274 3862 in
3299 3806 3420 3861 aliis
3446 3819 3574 3861 eum
3603 3802 3740 3858 locis
3764 3800 3894 3896 legit

635 3893 802 3985 furta,
833 3893 1056 3989 rapinas,
1085 3913 1396 3978 homicidia,
1441 3919 1498 3965 et
1525 3911 1612 3966 his
1642 3907 1873 3965 similia:
1906 3907 1962 3963 in
1989 3918 2220 3976 corpore
2322 3922 2444 3964 nus
2464 3904 2673 3962 fecisse.
2706 3904 2812 3960 Sed
2839 3905 2944 3960 hoc
2967 3900 3318 3972 quaerendum
3342 3906 3427 3955 est
3449 3913 3550 3954 cur
3567 3896 3726 3968 prius

635 4024 766 4065 vero
794 3986 932 4064 ﬁunt
956 4007 1373 4072 fornicationes,
1413 4011 1468 4058 et
1504 4001 1786 4057 libidinum
1825 3996 2214 4061 immunditiaz;
2320 3999 2521 4055 viventi
2552 3998 2783 4064 diceret,
2831 4010 3070 4066 exsurge,
3116 3993 3207 4066 qui
3252 3992 3483 4055 dormis;
3531 3998 3592 4046 et
3629 3986 3896 4060 posterius

635 4101 725 4158 illa
753 4102 864 4172 agit
891 4114 1109 4172 corpus,
1136 4100 1251 4154 haec
1279 4097 1502 4169 patitur.
1540 4095 1713 4149 Aliter
1740 4109 1753 4147 :
1783 4093 1842 4147 ln
1872 4105 2068 4160 corpus
2091 4105 2218 4160 peo-
2321 4093 2478 4164 quasi
2513 4099 2730 4147 mortuo
2755 4108 2768 4144 :
2807 4099 2857 4145 et
2890 4102 3108 4158 exsurge
3145 4103 3178 4140 ι
3214 4085 3436 4141 mortuis
3457 4084 3483 4137 1
3516 4081 3732 4136 Anima
3756 4092 3896 4172 mtu-

637 4201 746 4258 cat,
777 4169 868 4262 qui
898 4169 1035 4248 tollit
1063 4191 1306 4246 membra
1331 4186 1557 4252 Christi,
1585 4193 1641 4239 et
1668 4183 1802 4239 facit
1828 4183 2072 4237 membra
2103 4194 2214 4235 me-
2319 4192 2431 4240 tem
2459 4185 2707 4255 legimus,
2736 4188 2832 4237 ut:
2869 4180 3061 4236 Anima
3086 4193 3205 4250 qua
3229 4174 3541 4248 peccauerit,
3570 4173 3687 4244 ipsa
3714 4169 3896 4223 morie-

635 4283 872 4348 retricis,
899 4291 956 4338 et
995 4280 1253 4350 templum
1298 4278 1390 4333 Dei
1438 4276 1570 4331 facit
1614 4274 1895 4330 delubrum
1929 4270 2127 4327 diaboli
2158 4268 2213 4340 (I
2318 4291 2406 4336 ταν
2433 4279 2648 4350 (Each,
2669 4292 2827 4343 χνιιι,
2851 4275 2972 4347 eo);
3003 4273 3225 4344 spiritus
3248 4283 3378 4325 vero
3402 4283 3512 4323 non
3536 4265 3793 4335 legimus.
3822 4262 3896 4314 Ac

637 4373 759 4430 Cor.
790 4389 867 4438 vr,
895 4372 1006 4443 lli).
1058 4371 1228 4426 Aliter
1253 4389 1266 4424 :
1307 4370 1367 4426 In
1396 4382 1592 4437 corpus
1619 4374 1832 4436 peccat,
1861 4364 1953 4433 qui
1981 4362 2217 4417 fornica-

2318 4371 2438 4428 ideo
2459 4370 2602 4441 quod
2627 4368 2786 4422 dicit:
2812 4365 3071 4435 Exsurge,
3093 4362 3186 4434 qui
3208 4359 3427 4425 dormis,
3449 4356 3516 4413 ad
3541 4354 3797 4425 spiritum
3817 4366 3899 4443 ref

638 4465 798 4520 tionis
826 4442 989 4519 causa
1015 4462 1379 4531 virginitatem
1424 4459 1634 4530 perdit,
1683 4472 1847 4526 quam
1895 4469 2216 4526 recuperare
2247 4500 2297 4562 υ
2319 4461 2481 4528 ferri;
2515 4459 2659 4531 quod
2686 4457 2847 4514 dicit:
2877 4469 3096 4526 exsurge
3119 4470 3152 4508 a
3173 4451 3414 4515 mortuis,
3436 4448 3635 4503 animm
3657 4442 3898 4514 coaptati

637 4569 912 4624 nunquam
945 4560 1152 4622 potest,
1196 4551 1466 4622 Propheta
1493 4557 1818 4604 attestante:
1858 4547 2013 4618 Virgo
2046 4548 2214 4602 Israel
2248 4547 2293 4562 ⁵’
2318 4561 2495 4625 potest
2517 4565 2566 4607 ι,

639 4647 846 4713 cecidit,
875 4646 966 4701 sed
993 4662 1094 4701 non
1122 4645 1354 4717 adjiciet,
1382 4653 1439 4698 ut
1466 4653 1699 4714 resurgat
1730 4642 1931 4714 (Amos.
1961 4657 2016 4708 v,
2049 4643 2102 4708 1,
2133 4641 2210 4714 2).
2388 4648 2467 4703 De
2504 4643 2744 4718 Epistula
2785 4643 2854 4697 ad
2896 4640 3088 4698 Titum.
3143 4638 3253 4695 Cur
3286 4633 3578 4708 Apostolus
3615 4628 3898 4700 cujusdam

639 4739 825 4795 Potest
844 4753 941 4810 per
958 4740 1328 4810 pmnitentiam
1352 4737 1721 4794 fornicationis
1743 4752 1904 4792 causa
1926 4737 2086 4802 dilui;
2120 4738 2214 4793 sed
2316 4738 2530 4811 gentilis
2565 4744 2735 4807 poetae
2772 4735 3146 4804 comprobaret
3183 4729 3587 4785 testimonium:
3627 4723 3896 4779 Cretenses

637 4833 847 4903 perdita
867 4833 1188 4904 virginitatis
1207 4848 1403 4888 corona
1427 4833 1626 4888 resumi
1646 4831 1849 4902 nequit.
1869 4830 2020 4912 Sunt
2044 4840 2098 4888 et
2119 4831 2212 4903 qui
2314 4846 2514 4900 semper
2542 4828 2835 4894 mendaces,
2874 4825 3028 4881 mala:
3064 4824 3240 4879 bestia:
3275 4830 3323 4876 et
3358 4820 3554 4875 ventris
3587 4817 3730 4889 pigri
3766 4814 3892 4888 (Tit.

638 4924 706 4981 de
730 4939 900 4981 uxore
925 4925 1030 4980 hoc
1051 4924 1238 4980 volunt
1261 4925 1508 4997 intelligi.
1871 4908 1877 4912 ⁷
2315 4941 2358 4990 ι,
2387 4922 2518 4994 12)?
2549 4920 2768 4976 Scilicet
2794 4921 2987 4990 probat
3010 4917 3140 4990 quia
3169 4930 3357 4972 verum
3384 4911 3734 4970 intellexerat
3762 4908 3898 4963 ωδ

712 5018 809 5074 Est
834 5026 888 5074 ct
915 5017 1017 5073 alia
1047 5017 1292 5088 quaestio,
1322 5017 1414 5071 ubi
1443 5018 1510 5072 ad
1535 5015 1797 5088 Ephesios
1819 5013 2107 5087 Apostolus
2135 5012 2214 5069 lo-
2313 5029 2456 5080 esse,
2479 5014 2666 5084 quales
2685 5012 2898 5069 illorum
2919 5011 3159 5083 proprius
3178 5007 3425 5080 propheta
3444 5005 3720 5078 praedixit,
3737 5015 3896 5073 quem

639 5109 859 5182 quitur:
893 5108 1153 5181 Exsurge,
1179 5109 1270 5181 qui
1297 5107 1517 5176 dormis,
1561 5119 1609 5164 et
1651 5125 1868 5180 exsurge
1902 5126 1934 5162 a
1968 5109 2212 5176 mortuis,
2314 5105 2556 5163 alludens
2598 5108 2917 5178 prophetam
2957 5103 3282 5169 nominavit;
3329 5101 3476 5174 quod
3509 5099 3726 5156 scilicet
3762 5097 3896 5153 tales

639 5214 689 5260 et
729 5203 1042 5259 illuminabit
1086 5211 1136 5258 te
1171 5201 1408 5258 Christus
1437 5201 1648 5274 (Ephes.
1675 5221 1730 5270 v,
1763 5203 1872 5274 14).
1925 5201 2020 5258 His
2049 5203 2212 5257 etiam
2313 5198 2606 5257 Christiani
2634 5199 2768 5256 tales
2796 5207 3106 5255 mereantur
3133 5198 3335 5253 habere
3360 5195 3675 5268 prophetas.
3733 5190 3893 5247 Sul-

640 5293 838 5352 dicitur
871 5295 964 5366 qui
1002 5295 1059 5350 in
1092 5295 1328 5350 tenebris
1369 5295 1712 5364 peccatorum
1752 5295 1970 5364 jacent,
2012 5295 2122 5350 imo
2160 5301 2209 5349 et
2312 5295 2421 5366 psit
2465 5303 2647 5350 autem
2691 5293 2854 5349 istum
2893 5291 3221 5349 versiculum
3265 5289 3332 5346 de
3376 5289 3514 5344 libro
3557 5284 3894 5357 Epimenib

639 5389 970 5455 moriuntur;
1019 5388 1110 5458 qui
1156 5388 1200 5443 si
1245 5402 1340 5458 per
1369 5385 1734 5457 paenitentiam
1779 5394 2036 5458 surgunt,
2085 5402 2207 5441 mox
2312 5388 2586 5444 Cretensis
2636 5393 2840 5460 poetae,
2892 5386 3042 5456 cujus
3094 5383 3280 5439 titulus
3329 5389 3458 5438 est:
3509 5380 3593 5434 De
3638 5378 3890 5435 oraculis.

639 5480 742 5536 sibi
779 5478 973 5535 divinae
1003 5480 1186 5551 gratiae
1220 5479 1400 5534 lumen
1431 5478 1617 5532 adesse
1649 5477 1906 5532 sentiunt.
1957 5476 2062 5532 Sed
2092 5478 2212 5547 quis
2313 5480 2482 5548 Quem
2517 5479 2762 5534 eumdem
2801 5476 3178 5534 :estimaverlm
3217 5473 3415 5545 legisse
3447 5469 3795 5544 Apostolum,
3835 5471 3896 5523 lt

640 5571 744 5628 hoc
787 5573 1017 5641 dixerit,
1065 5572 1304 5644 qumris?
1355 5569 1550 5642 Utique
1585 5569 1818 5642 Spiritus
1858 5579 2074 5626 sanctus
2113 5586 2214 5640 per
2311 5579 2473 5634 sciret
2493 5577 2619 5647 quid
2637 5574 2913 5648 gentilium
2933 5573 3307 5644 promitterent
3325 5566 3575 5633 oracula;
3608 5580 3724 5626 non
3752 5557 3896 5636 quod

639 5660 1052 5738 Apostolum,ut
1073 5680 1173 5720 nos
1193 5663 1503 5721 exhortaret
1522 5665 1588 5720 ad
1608 5662 1998 5733 paenitentiam.
2026 5663 2212 5734 itaque
2259 5739 2263 5744 ι
2313 5679 2486 5729 totum
2526 5667 2903 5740 comprobaret
2943 5664 3174 5732 librum,
3218 5662 3315 5723 sed
3343 5674 3536 5720 aurum
3565 5659 3627 5720 in
3649 5665 3896 5718 stem

713 5826 744 5865 α
761 5817 897 5879 Vide
919 5819 979 5879 S.
1004 5817 1155 5878 Hier.
1179 5818 1238 5878 in
1261 5818 1405 5878 hunc
1427 5818 1629 5879 locum.
