4090 6474
695 404 834 464 £087

1564 409 1622 464 Β.
1667 408 1730 464 F.
1767 406 1989 464 ALBINI
2025 406 2158 465 SEU
2190 406 2465 465 ALCUINI
2497 405 2780 464 OPERUM
2818 400 2998 463 PARS
3033 406 3095 463 ll.

3816 409 3957 467 1088

689 518 973 594 Adelmum
999 530 1054 576 et
1075 521 1271 594 Bedam
1299 522 1664 591 doctissimus,
1690 523 2013 579 Parisiensis
2059 521 2348 594 academiaz
2375 520 2653 594 fundator,
2695 520 2879 594 Magni
2920 520 3152 594 denique
3177 517 3358 594 Caroli
3401 521 3690 594 magister,
3718 533 3789 579 ut
3835 541 3958 583 eu-

689 585 902 665 !eleres
931 593 1220 665 appellant,
1244 593 1560 650 deliciosus:
1582 602 1637 649 et
1650 585 1815 665 quem
1833 594 1975 649 Deus
2003 594 2059 648 in
2079 590 2369 649 Occidente
2383 591 2617 665 pugilem
2643 585 2914 648 haereticis
2931 585 3251 662 Adoptianis
3269 585 3542 664 opposuit,
3558 604 3619 651 ut
3646 585 3709 651 in
3726 594 3958 655 Oriate

690 660 951 734 Cyrillum
963 660 1333 721 ’Nestorianis.

1640 797 3924 829 Μ

1923 906 2223 986 LIBER
2279 906 2532 985 PBIM
2545 906 2693 986 US.

935 1142 1225 1201 INCIPIT
1262 1141 1665 1200 PR/EFATIO
1703 1140 2017 1199 ALCUINI

1039 1274 1094 1314 IN
1128 1273 1515 1315 EXPOSI‘I‘IONEI
1548 1272 1913 1316 APOCALYPSIS.

749 1373 945 1429 Beatus
970 1371 1118 1445 Beda
1170 1374 1225 1429 in
1262 1382 1464 1444 septem
1493 1373 1763 1449 periochis
1804 1373 1935 1429 dicit
1961 1370 2258 1443 Apocalyp-

679 1464 762 1520 sin
803 1466 1120 1521 consistere.
1150 1465 1208 1520 In
1260 1467 1434 1537 prima
1460 1473 1581 1534 post
1623 1464 1998 1520 salutationem
2020 1476 2259 1519 comme—

681 1566 856 1611 morat
898 1556 1108 1612 Domini
1134 1556 1414 1627 passiones
1437 1564 1492 1611 et
1520 1555 1719 1626 glorias
1752 1556 1817 1610 ad
1861 1553 2258 1609 conﬁrmandos

679 1645 961 1703 inﬁrmos:
994 1648 1186 1703 deinde
1221 1646 1656 1702 commemoratis
1681 1661 1799 1716 qua:
1838 1645 1892 1700 in
1926 1652 2129 1715 septem
2155 1644 2258 1700 Ec-

675 1737 853 1793 clesiis
881 1747 1031 1810 gesta
1084 1748 1139 1794 et
1190 1738 1421 1810 gerenda
1469 1745 1617 1801 sunt,
1661 1735 1918 1791 describit
1963 1750 2173 1807 pugnas
2200 1741 2258 1789 et

673 1830 930 1886 victorias
951 1830 1271 1886 universalis
1298 1828 1572 1885 Ecclesim.
1608 1827 1664 1882 ln
1695 1826 1927 1882 secunda
1950 1826 2097 1881 videt
2123 1840 2256 1895 qua—

674 1926 797 1976 tuor
824 1923 1100 1989 animalia,
1126 1932 1181 1978 et
1205 1922 1395 1993 viginti
1416 1929 1647 1991 quatuor
1669 1918 1929 1984 seniores,
1966 1927 2021 1973 et
2042 1918 2252 1989 Agnum

672 2018 925 2075 stantem,
950 2019 1005 2064 et
1031 2011 1224 2065 librum
1268 2021 1472 2080 septem
1508 2008 1697 2080 sigillis
1722 2009 1990 2079 signatum
2021 2026 2034 2062 :
2064 2018 2253 2063 narrat

670 2103 833 2158 etiam
862 2119 1071 2173 pugnas
1110 2111 1165 2158 et
1207 2104 1505 2173 triumphos
1545 2099 1815 2156 Ecclesiae.
1846 2100 1905 2154 In
1950 2102 2107 2154 tertia
2152 2102 2251 2156 sub

668 2192 847 2263 specie
900 2201 1104 2263 septem
1174 2193 1484 2264 angelorum
1538 2193 1664 2248 tuba
1714 2190 2023 2246 canentium
2070 2191 2251 2246 varios

666 2292 891 2338 eventus
912 2283 1166 2338 Ecclesiae
1193 2284 1465 2339 describit.
1493 2283 1550 2337 ln
1578 2290 1791 2354 quarta,
1814 2283 1914 2337 sub
1936 2281 2107 2352 ﬁgura
2131 2297 2251 2337 mu-

664 2369 813 2427 lieris
833 2380 888 2427 et
913 2373 1187 2438 draconis,
1210 2389 1415 2444 pugnas
1452 2382 1508 2429 et
1553 2374 1809 2429 victorias
1837 2371 2092 2428 Ecclesiae
2122 2390 2249 2429 nar-

665 2469 768 2527 rat,
798 2463 888 2517 ubi
940 2478 1038 2533 per
1066 2472 1268 2534 septem
1296 2464 1514 2535 angelos
1561 2463 1703 2518 dicta
1732 2470 1786 2518 et
1821 2460 1964 2517 facta
2010 2478 2245 2518 comme-

662 2560 856 2617 morat,
881 2554 985 2609 etsi
1011 2570 1117 2609 non
1153 2562 1211 2608 ut
1230 2555 1398 2624 prius.
1421 2553 1477 2609 ln
1504 2555 1693 2623 quinta
1724 2569 1823 2624 per
1850 2562 2055 2625 septem
2081 2570 2244 2626 ange-

662 2642 744 2698 los
773 2653 978 2715 septem
1003 2646 1177 2717 plagis
1220 2654 1419 2701 terram
1449 2646 1700 2716 perculit.
1732 2646 1790 2700 In
1834 2654 1988 2702 sexta
2024 2646 2244 2702 damna-

660 2735 863 2791 tionem
902 2738 1206 2794 meretricis
1247 2746 1450 2792 uarrat.
1480 2738 1537 2792 ln
1566 2737 1795 2807 septima
1840 2752 2068 2794 uxorem
2104 2737 2243 2810 Agni

661 2826 792 2881 dicit
825 2834 1073 2881 ornatam
1108 2828 1172 2882 de
1198 2828 1335 2883 c0310
1361 2828 1705 2884 descendere.
1733 2827 1808 2883 De
1846 2836 2052 2898 septem
2085 2843 2243 2900 regu-

660 2917 726 2975 lis
755 2918 1035 2987 Ticbonii;
1085 2935 1312 2990 quarum
1342 2921 1515 2992 prima
1549 2929 1631 2976 est
1658 2922 1723 2976 de
1762 2920 1991 2977 Domino
2018 2921 2241 2993 ejusque

659 3024 910 3079 corpore,
942 3012 1174 3066 secunda
1220 3012 1284 3066 de
1314 3012 1523 3067 Domini
1573 3028 1800 3083 corpore
1826 3027 1958 3070 vero
1994 3021 2051 3068 et
2073 3014 2238 3069 simu-

659 3103 792 3170 lato,
820 3107 980 3160 tertia
1010 3106 1076 3161 de
1103 3105 1384 3175 promissis
1409 3115 1463 3160 et
1491 3107 1629 3178 lege,
1654 3115 1845 3177 quarta
1884 3109 1951 3165 de
1977 3109 2156 3181 specie
2182 3117 2239 3165 et

657 3208 875 3265 genere,
906 3196 1092 3265 quinta
1146 3196 1212 3251 de
1260 3197 1612 3268 temporibus,
1662 3206 1815 3254 sexta
1840 3199 2235 3270 recapitulatio,

660 3287 888 3356 septima
917 3288 983 3342 de
1004 3286 1219 3343 diabolo
1238 3289 1460 3358 ejusque
1484 3305 1730 3361 corpore.
1774 3291 1867 3346 Hae
1892 3300 2098 3363 septem
2144 3308 2235 3350 re-

659 3382 814 3453 gulae,
846 3398 952 3438 non
981 3385 1153 3439 solum
1174 3386 1228 3439 in
1254 3384 1595 3458 Apocalypsi,
1623 3388 1718 3443 sed
1755 3388 1808 3442 in
1834 3388 1955 3444 aliis
1976 3389 2129 3446 libris
2152 3391 2235 3445 in-

656 3473 970 3539 veniuntur,
998 3476 1233 3531 maxime
1262 3487 1441 3533 autem
1471 3478 1526 3532 in
1551 3480 1897 3549 propheticis.

728 3565 783 3619 In
813 3566 1169 3638 Apocalypsin
1193 3570 1400 3639 primus
1445 3580 1837 3626 commentatus
1878 3581 2087 3645 martyr
2110 3573 2233 3630 Vic-

657 3657 896 3723 torinus;
928 3673 1088 3729 quem
1117 3675 1349 3728 sequens
1368 3652 1559 3717 beatus
1599 3661 1961 3732 Hieronymus
1985 3664 2232 3733 quaedam

656 3763 776 3819 qua:
803 3748 891 3804 ille
934 3748 1090 3819 juxta
1132 3751 1365 3805 litteram
1410 3750 1749 3807 intellexerat
1787 3750 2056 3833 auferens,
2087 3768 2232 3823 qua:-

2274 1142 2328 1204 Α
2352 1156 2544 1213 pauca,
2571 1140 2996 1201 luculentissime
3044 1150 3226 1201 tamen
3263 1158 3293 1200 a
3321 1151 3511 1201 sancto
3546 1140 3827 1215 Gregorio
3852 1158 3946 1201 ex-

2355 1234 2530 1304 posita
2559 1240 2684 1289 sunt
2707 1234 2940 1305 capitula
2971 1249 3068 1305 per
3118 1234 3236 1306 ejus
3278 1235 3493 1291 diversa
3523 1234 3818 1306 apuscula.
3843 1235 3942 1292 Po-

2356 1332 2561 1379 stremo
2587 1324 2780 1381 beatus
2821 1324 3140 1383 Ambrosius
3160 1326 3455 1397 Autpertus
3481 1327 3784 1398 presbyter
3805 1343 3942 1398 qua-

2356 1414 2479 1470 dam
2498 1431 2566 1470 ex
2592 1415 2699 1482 his,
2731 1416 2895 1472 multa
2922 1432 3052 1474 vero
3073 1431 3137 1472 ex
3178 1433 3275 1473 suo
3299 1434 3531 1489 ponens,
3579 1418 3937 1489 pulcherrime

2354 1508 2725 1576 pertractavit.
2755 1507 2985 1579 Explicit
3008 1509 3270 1581 praefatio.

2388 1667 2749 1726 EXPOSITIO
2786 1669 3196 1728 PROPHETUE
3236 1671 3399 1728 NOV!
3436 1670 3903 1728 TESTAIIENTI.

2353 1817 2379 1846 ι
2403 1804 2569 1861 Exsul
2599 1805 2668 1861 ab
2691 1806 2926 1863 humano
2952 1805 3078 1862 dum
3100 1806 3320 1877 pellitur
3341 1808 3477 1863 orbe
3500 1805 3754 1864 Joannes

2420 1896 2488 1951 Et
2514 1898 2713 1953 vetitus
2734 1897 2882 1955 Coici
2908 1907 2992 1954 est
3017 1913 3240 1955 cernere
3262 1913 3429 1969 regna
3460 1899 3585 1957 soli.

2353 1988 2527 2045 Intret
2549 2006 2717 2047 ovans
2743 1992 2866 2048 coeli
2890 1991 3119 2048 Domino
3147 1992 3375 2049 dilectus
3397 1992 3451 2050 in
3479 1996 3661 2051 aulam

2418 2081 2583 2153 Regis
2603 2091 2658 2138 et
2676 2082 2956 2139 altithroni
2986 2084 3184 2155 gaudet
3204 2087 3396 2143 adesse
3416 2088 3564 2143 toris.

2348 2172 2485 2228 Hinc
2504 2174 2596 2228 ubi
2616 2172 2913 2243 subjectum
2944 2191 3095 2231 sacra
3119 2175 3323 2232 lumina
3342 2179 3489 2232 vertit
3514 2178 3567 2231 in
3592 2177 3787 2232 Orbem

2417 2264 2651 2321 Currere
2675 2266 2987 2338 ﬁuctivagas
3018 2270 3195 2325 cernit
3220 2272 3418 2340 ubique
3437 2280 3598 2326 rotas.

2346 2356 2413 2413 Et
2433 2357 2597 2414 Babel
2624 2366 2679 2414 et
2704 2358 2978 2432 Solymam
3007 2362 3193 2417 mixtis
3223 2364 3509 2435 confligere
3533 2364 3761 2427 castrisr

2417 2448 2662 2520 Hincque
2680 2459 2842 2522 atque
2862 2452 2989 2508 hinc
3008 2454 3217 2513 vicibus
3243 2456 3348 2511 tela
3371 2454 3665 2527 fugamque
3689 2456 3831 2526 capi.

2348 2537 2452 2594 Sed
2481 2540 2668 2595 mitem
2697 2543 2941 2611 sequitur
2966 2544 3121 2601 miles
3150 2547 3241 2617 qui
3272 2547 3536 2605 candidus
3563 2563 3789 2619 agnum,

2411 2628 2546 2685 Cum
2569 2630 2705 2687 duce
2729 2635 2990 2704 percipiet
3012 2652 3176 2708 regna
3203 2638 3361 2694 beata
3389 2638 3540 2709 polo.

2345 2718 2704 2791 Squammeus
2724 2733 2809 2780 est
2826 2727 3016 2797 anguis
3038 2744 3136 2799 per
3157 2737 3359 2785 tartara
3378 2746 3526 2786 caeca
3547 2731 3820 2802 maniplos

2414 2811 2734 2885 Submerget
2760 2814 3011 2883 flammis,
3045 2829 3217 2888 peste,
3249 2821 3501 2893 fameque
3527 2838 3682 2880 suos.

2342 2901 2512 2973 Hujus
2542 2920 2663 2976 qua:
2686 2905 2876 2973 facies,
2899 2909 3220 2977 stadiumve,
3250 2913 3456 2969 ordove
3480 2913 3677 2980 duelli,

2408 2993 2514 3051 Ars
2533 3012 2670 3069 quae,
2703 3013 2824 3069 quae
2850 2999 3108 3069 phalanx,
3131 3002 3310 3071 palma
3331 3012 3395 3059 et
3411 3019 3569 3059 arma
3590 3004 3795 3071 forent,

2337 3083 2582 3143 Pandere
2606 3089 2734 3144 dum
2761 3105 3029 3161 cuperem,
3061 3101 3304 3150 veterum
3333 3103 3452 3151 sata
3479 3096 3588 3153 lata
3629 3109 3921 3169 peragi-au

2408 3177 2667 3249 Excerpsi
2691 3183 2897 3252 campis
2916 3185 3159 3255 germina
3184 3201 3357 3258 pauca
3377 3191 3576 3255 sacris,

2336 3270 2502 3345 Copia
2530 3290 2597 3331 ne
2617 3276 2795 3347 potior
2818 3288 3041 3350 generet
3067 3279 3282 3337 fastidia
3305 3284 3537 3350 mensis,
3603 3307 3616 3319 -

2405 3360 2700 3421 Convivam
2727 3375 2822 3422 aut
2850 3375 3067 3424 tenuem
3094 3378 3244 3426 tanta
3266 3388 3462 3442 parare
3486 3381 3657 3428 vetet.

2336 3451 2529 3509 Nostra
2559 3455 2668 3513 tuis
2687 3473 2817 3530 ergo
2842 3460 3053 3531 sapiant
3075 3461 3119 3516 si
3152 3460 3355 3518 fercula
3382 3462 3551 3519 labris

2405 3544 2636 3603 Donanti
2663 3547 2850 3605 laudes
2870 3552 2937 3607 da
2962 3566 3127 3623 super
3144 3562 3289 3608 astra
3319 3553 3450 3610 Deo.

2337 3637 2432 3695 Sin
2461 3640 2613 3707 alias,
2640 3643 2848 3700 animos
2868 3653 3047 3701 tamen
3073 3645 3405 3717 amplexator
3426 3631 3633 3704 amicos

2405 3727 2534 3796 Quae
2556 3745 2713 3798 cano,
2742 3734 3042 3805 corripiens
3059 3737 3273 3807 pumice
3296 3736 3483 3806 frange
3505 3736 3645 3793 fero.

655 3842 778 3897 dam
800 3859 867 3898 ex
894 3845 1111 3914 proprio
1149 3843 1430 3915 adjiciens,
1456 3861 1623 3900 unum
1652 3846 1707 3900 in
1747 3861 1868 3902 eam
1907 3848 2144 3904 condidit
2168 3848 2233 3903 li-
2258 3863 2304 3925 ε
2406 3854 2550 3910 Inter
2568 3856 2803 3928 reliquos
2831 3858 2964 3913 Novi
2987 3841 3320 3917 Testamenti
3344 3862 3536 3929 libros,
3560 3863 3678 3919 sola
3708 3867 3917 3936 Apoca-

653 3935 831 4001 brum,
860 3937 1205 4005 promittens,
1231 3951 1290 3991 se
1326 3937 1381 3992 in
1421 3951 1487 3992 ea
1509 3937 1787 4009 potissime
1837 3938 2230 4006 laboraturum,

655 4028 699 4082 si
738 4029 862 4083 vitae
889 4029 1119 4098 spatium
1146 4029 1398 4084 adesset:
1426 4031 1519 4085 sed
1567 4046 1702 4101 opus
1749 4030 1877 4086 illud
1906 4040 2088 4087 utrum
2137 4032 2233 4086 iiu-

652 4119 850 4190 pletum
873 4119 1059 4187 fuerit,
1087 4120 1353 4175 incertum
1394 4130 1497 4176 est.
1542 4121 1819 4177 Donatista
1847 4122 2009 4177 etiam
2038 4123 2232 4179 Ticho-

651 4210 773 4265 nius
798 4209 1149 4280 multiplicem
1168 4210 1221 4264 in
1243 4224 1362 4265 eam
1383 4211 1551 4265 edidit
1567 4211 1982 4281 expositionem,
2002 4213 2095 4267 sed
2107 4227 2232 4282 per-

651 4301 792 4359 fidiae
822 4316 1024 4359 veneno
1048 4304 1408 4360 commiscuit.
1431 4304 1560 4360 Post
1581 4319 1742 4375 quem
1766 4304 2060 4362 Primasius
2088 4305 2231 4361 Afri-

651 4409 800 4452 canae
828 4395 1083 4452 Ecclesiae
1109 4396 1355 4462 antistes,
1384 4396 1468 4450 vir
1508 4410 1607 4466 per
1634 4397 1816 4452 omnia
1852 4398 2151 4453 catholicus
2175 4390 2245 4452 et

653 4489 708 4543 in
737 4489 934 4543 divinis
984 4487 1281 4556 Scripturis
1327 4486 1594 4552 eruditus,
1637 4488 1875 4558 quinque
1917 4503 2036 4543 eam
2078 4488 2256 4544 libris'

651 4578 923 4641 enodavit,
951 4576 1007 4629 in
1030 4577 1245 4645 quibus,
1268 4584 1329 4631 ut
1352 4577 1465 4647 ipse
1494 4577 1713 4643 asserit,
1748 4592 1856 4632 non
1879 4587 1991 4632 tam
2011 4580 2228 4648 propria

652 4683 815 4739 quam
859 4667 1033 4723 aliena
1089 4668 1398 4735 contexuit,
1445 4665 1685 4737 ejusdem
1733 4667 1939 4725 scilicet
1983 4669 2229 4726 Tichonii

649 4762 788 4816 bene
834 4758 1104 4813 intellecta
1148 4756 1444 4825 deﬁorans;
1476 4757 1826 4815 nihilominus
1852 4765 1907 4812 et
1941 4759 2087 4814 beati
2113 4760 2221 4816 Au-

648 4847 845 4919 gustini
895 4848 1141 4918 quaedam
1194 4849 1438 4919 exposita
1488 4848 1721 4919 capitula
1781 4847 2090 4905 adnectens.
2160 4849 2229 4905 Et

558 4994 563 5000 .
648 4942 895 5012 quamvis
917 4955 1038 4995 eam
1060 4941 1268 5019 plenius
1287 4958 1448 5011 quam
1483 4942 1574 4998 alii
1600 4943 1929 5013 exposuerit,
1966 4943 2226 5000 altissimo

648 5045 832 5092 tamen
882 5051 1130 5092 sermone
1183 5037 1504 5106 composuit.
1559 5036 1801 5106 Denique
1849 5036 1953 5091 etsi
2002 5052 2226 5094 numero

716 5162 743 5191 ι
775 5150 885 5206 Hos
927 5165 1115 5205 versus
1140 5150 1386 5219 sequenti
1419 5149 1833 5221 Commentario
1868 5149 2053 5221 (quod,
2100 5150 2227 5207 licet

645 5222 791 5305 haud
812 5219 1500 5307 incompertumureperire
1522 5236 1626 5274 non
1651 5220 1847 5346 potui?
1870 5218 2221 5291 praeﬁgeudos
2246 5218 2298 5279 D
2325 5224 2458 5272 nant

645 5292 845 5346 Iudicat
894 5292 1191 5346 Frobemus
1236 5296 1376 5344 inter
1417 5288 1671 5344 Addenda
1702 5299 1756 5345 et
1844 5290 2120 5346 unulenda.
2147 5292 2216 5346 ad
2448 5343 2458 5346 _

644 5292 845 5347 indicat
882 5288 1191 5362 AFrobenius
1236 5288 1376 5362 inter
1412 5288 1671 5362 Addenda
1702 5299 1756 5345 et
1801 5288 2120 5362 Supplenda,
2147 5292 2216 5347 ad

643 5363 846 5417 calcem
868 5359 1101 5430 Operum
1143 5360 1287 5417 beati
1309 5359 1540 5425 Alcuini,
1568 5374 1633 5430 ex
1655 5362 1840 5416 codice
1879 5359 2211 5430 pervetusto,

645 5433 711 5488 de
739 5447 845 5502 quo
887 5429 964 5487 sic
1006 5431 1091 5485 vir
1122 5431 1464 5487 doctissimus
1491 5447 1503 5482 :
1534 5448 1553 5480 ί
1590 5429 1754 5502 Paulo
1780 5429 2081 5502 antequam
2112 5435 2215 5489 hoc

592 5530 599 5543 ν
642 5499 778 5573 opus
805 5502 1172 5574 integreitypis
1192 5503 1579 5574 absolveretur,
1611 5499 1749 5555 forte
1771 5499 1991 5556 fortuito
2017 5502 2082 5556 ad
2102 5518 2216 5557 ma-

643 5589 746 5628 nus
774 5573 1159 5628 meas’delatus
1180 5581 1264 5628 est
1302 5573 1469 5628 codex
1499 5587 1598 5626 ms.
1629 5580 1988 5641 pervetustus,
2014 5573 2214 5628 nemini

643 5644 819 5699 adhuc
876 5652 1223 5708 memoratus,
1266 5651 1616 5699 conservatus
1640 5657 1769 5698 vero
1800 5642 1851 5695 in
1882 5643 2041 5712 hujus
2065 5644 2213 5700 urbis

642 5722 840 5768 nostrae
867 5714 1273 5784 Ratisponensis
1314 5714 1512 5768 celebri
1550 5712 1771 5784 collegio
1808 5727 1901 5766 seu
1927 5715 2211 5784 episcopali

645 5786 922 5851 gymnasio
944 5784 1001 5838 S.
1028 5783 1201 5839 Pauli.
1231 5783 1475 5852 Scriptus
1505 5785 1550 5838 is
1582 5783 1877 5854 es_t,prou_t
1892 5797 2083 5854 versus
2103 5783 2213 5854 pri-

648 5867 749 5911 ma:
772 5855 976 5924 paginae
1023 5855 1267 5926 inscripti
1311 5863 1598 5922 testantur,
1636 5851 1792 5926 jussu
1846 5851 2212 5927 Liuphrammi

2333 3946 2500 4018 lypsis
2522 3950 2804 4018 prophetia
2829 3959 3075 4017 vocatur,
3119 3952 3273 4023 juxta
3303 3954 3433 4010 illud
3461 3973 3473 4009 :
3496 3955 3704 4012 Beatus
3728 3959 3825 4029 qui
3850 3958 3920 4013 Ie.

2331 4038 2408 4109 git
2430 4047 2485 4095 et
2506 4040 2596 4110 qui
2619 4041 2844 4096 audiunt
2865 4043 3029 4098 verba
3054 4045 3350 4113 prophetiae
3374 4044 3496 4100 libri
3530 4046 3726 4115 hujus,
3749 4056 3809 4103 et
3824 4063 3919 4105 ω-

2331 4136 2468 4183 tera.
2507 4128 2641 4196 Quia
2661 4146 2790 4201 ergo
2816 4147 2954 4187 nova
2977 4134 3260 4204 prophetia
3284 4143 3383 4199 est,
3414 4136 3494 4191 sic
3520 4138 3753 4193 excellit
3777 4148 3917 4195 vete-

2330 4234 2446 4274 rem
2478 4223 2835 4290 prophetiam,
2860 4222 3000 4278 sicut
3040 4224 3383 4294 Evangelium
3409 4224 3830 4284 observantiam
3847 4230 3916 4284 le-

2328 4311 2432 4382 gis,
2464 4311 2590 4381 quia
2619 4327 2738 4382 quae
2762 4314 2829 4369 de
2854 4313 3071 4371 Christo
3092 4322 3148 4370 et
3173 4316 3241 4370 de
3262 4315 3500 4372 Ecclesia
3538 4318 3782 4389 antiqua
3802 4334 3921 4390 pro-

2328 4400 2509 4469 phetia
2533 4402 2817 4458 revelanda
2845 4403 3115 4474 praedixit,
3145 4404 3261 4459 haec
3279 4404 3390 4474 jam
3417 4406 3662 4462 revelata
3713 4408 3921 4464 danun-

2328 4491 2449 4546 tiat.
2491 4492 2645 4549 Unde
2681 4502 2735 4548 et
2763 4494 3134 4566 Apocalypsis,
3162 4496 3217 4553 id
3247 4505 3330 4553 est
3357 4498 3640 4565 revelatio,
3667 4501 3925 4558 inscribi-

2328 4588 2435 4636 tur.
2467 4580 2638 4651 Hujus
2666 4592 2845 4640 autem
2867 4585 2991 4641 libri
3022 4602 3217 4659 magna
3237 4590 3531 4645 auctoritas
3559 4599 3671 4656 est,
3727 4594 3856 4664 quia
3893 4605 3924 4647 a

2328 4672 2594 4729 Trinitate
2618 4690 2715 4746 per
2729 4676 2977 4747 angelum
2997 4677 3064 4733 ad
3083 4675 3343 4733 Joannem
3372 4679 3632 4735 mittitur.
3655 4681 3705 4736 A
3739 4681 3922 4749 Patre,

2326 4772 2386 4818 ut
2411 4764 2542 4819 illud
2566 4783 2580 4819 :
2606 4764 2778 4831 Quam
2806 4765 2949 4820 dedit
2982 4765 3058 4821 illi
3084 4765 3222 4821 Deus
3245 4767 3422 4838 palam
3443 4769 3645 4837 facere.
3674 4772 3731 4826 Α
3759 4771 3918 4834 Filio.

2325 4862 2386 4910 ut
2410 4855 2540 4910 illud
2569 4875 2581 4911 :
2616 4856 2727 4927 Ego
2771 4854 2929 4912 Iesus
2956 4856 3079 4912 misi
3120 4858 3371 4928 angelum
3410 4874 3596 4914 meum
3630 4862 3924 4920 testiﬁcari

2324 4946 2497 5001 vobis.
2523 4945 2571 4998 A
2616 4943 2824 5015 Spiritu
2851 4960 3065 5016 quoque
3090 4954 3298 5014 sancto,
3342 4956 3404 5002 ut
3438 4948 3576 5005 illud
3608 4969 3623 5005 :
3649 4951 3926 5011 Domitius

2324 5034 2467 5089 Deus
2494 5033 2834 5103 omnipotens
2881 5033 3114 5104 Spiritus
3140 5036 3526 5107 prophetarum
3567 5040 3733 5098 misit
3754 5058 3920 5115 ange-

2324 5143 2714 5216 archiepiscopi
2765 5144 3226 5218 Salisburgensis;
3279 5148 3374 5219 qui
3424 5164 3624 5207 versus
3690 5153 3776 5209 ita
3837 5169 3923 5210 so-

2440 5343 2671 5410 Serib_e_re
2692 5345 2823 5410 hunc
2845 5343 3025 5397 librum
3049 5345 3165 5397 fecit
3178 5348 3275 5410 jam
3297 5347 3675 5402 archisacerdos

2567 5406 2938 5469 Liuphrammus
2958 5417 3143 5472 rector,
3169 5406 3235 5461 iit
3257 5411 3334 5460 cui
3364 5413 3457 5462 vita
3479 5411 3635 5462 salus.

2318 5504 2514 5577 Tenuit
2539 5503 2952 5577 Liuphrammus
2972 5505 3116 5560 illam
3147 5507 3329 5562 sedem
3351 5508 3824 5577 metropoliticam
3848 5508 3922 5568 ab

2317 5590 2459 5629 anno
2480 5574 2787 5649 856dusque
2830 5578 2899 5649 ad
2939 5591 3137 5631 annum
3167 5576 3303 5649 859;
3352 5578 3439 5633 cui
3487 5574 3731 5649 tempori
3776 5580 3922 5636 scti-

2314 5654 2473 5716 ptura
2503 5645 2704 5716 codicis
2724 5646 2963 5715 apprime
2983 5646 3250 5703 convenit.
3281 5648 3447 5703 Porro
3488 5648 3543 5703 in
3582 5645 3691 5705 hoc
3719 5652 3921 5708 codice

2318 5714 2547 5798 plurima
2574 5714 2982 5798 Aleu‘ini'nostri
3000 5788 3013 5798 _
3036 5717 3277 5772 carmina
3317 5718 3922 5798 deprehendi,_p.artim

2314 5787 2423 5864 jam
2443 5787 2586 5840 inter
2612 5787 2755 5864 edita
2781 5788 3187 5864 comprehensa,
3212 5788 3406 5858 partim
3436 5789 3513 5844 ibi
3540 5787 3761 5860 mutila,
3786 5804 3897 5864 par

2318 5858 2415 5914 tim
2438 5873 2566 5914 vero
2591 5858 2809 5913 omnino
2830 5855 3056 5927 inedita;
3093 5878 3112 5912 ι
3138 5855 3244 5916 etc.
