4090 6492
155 445 268 502 1089

865 426 1274 488 EXEGETICA.
1315 455 1384 468 —
1419 419 1771 482 COMMENT.
1813 420 1881 477 IN
1916 419 2204 477 APOCAL.
2243 450 2316 462 —
2349 419 2476 475 LIB.
2516 419 2556 475 l.

3207 425 3384 484 I090'

153 566 244 620 lum
268 571 422 619 suum,
455 558 509 609 et
534 560 750 610 caetera.
793 549 962 621 Igitur
1010 547 1134 619 quia
1181 544 1314 601 nihil
1360 540 1675 598 historicum
1703 540 1755 600 Α
1779 537 1996 593 tandum
2027 539 2150 607 quia
2196 536 2404 606 plenior
2439 551 2630 592 sensus
2675 536 3007 602 redderetur,
3039 537 3084 593 si
3132 540 3245 595 haec
3267 550 3351 597 est

150 659 300 717 sonet,
325 650 481 719 ipsius
528 647 690 701 verba
723 645 915 699 docere
941 641 1256 712 probantur.
1303 634 1486 704 Neque
1535 631 1680 686 enim
1778 633 2126 705 Apocalypsis
2167 634 2398 698 diceret;
2429 633 2522 687 sed
2549 630 2953 701 Scripturarum
2983 647 3098 687 mos
3118 639 3202 686 est
3224 634 3348 688 bre-

151 744 197 800 in
220 739 342 798 coelo
359 743 477 793 sunt
498 734 636 789 fabri
665 732 757 803 qui
805 730 1001 786 loricas
1034 727 1314 791 fabricent,
1360 738 1457 778 nec
1492 720 1684 776 mulier

149 833 197 892 in
219 828 343 888 co‘Jo
367 841 550 897 parere
574 823 768 894 potuit.
802 821 956 876 Nunc
1000 824 1245 888 superest
1273 822 1332 869 ut
1369 812 1682 884 qualitatem

149 919 344 980 visionis
360 917 469 988 ejus
490 913 860 970 discutiamus.
891 909 1023 964 Tres
1044 908 1224 978 itaque
1267 903 1535 958 visionum
1569 913 1684 953 mo-

147 1015 414 1082 dospatres
433 1005 606 1061 nostri
644 1002 1016 1072 intelligendos
1053 999 1352 1054 docuerunt
1388 1012 1400 1047 :
1432 1005 1685 1082 corpora-

146 1080 256 1168 lem,
277 1107 333 1155 ut
375 1097 616 1151 videmus
658 1110 756 1165 per
801 1091 983 1147 oculos
1009 1089 1197 1154 solem,
1225 1085 1424 1147 lunam,
1455 1092 1509 1139 et
1554 1080 1684 1137 reli-

143 1210 256 1267 qua;
289 1188 597 1262 spiritalem,
630 1201 751 1258 quae
793 1185 854 1240 fit
881 1198 978 1254 per
1012 1180 1210 1237 mentis
1253 1191 1534 1233 excessum
1573 1173 1687 1229 sive

143 1281 458 1357 vigilantibus
508 1279 620 1335 sive
670 1274 1058 1334 dormientibus
1105 1271 1258 1364 viris,
1289 1284 1411 1324 cum
1432 1281 1556 1364 ,ςιοη
1598 1280 1686 1320 res

141 1355 433 1445 corporales,
468 1369 563 1424 sed
582 1367 958 1422 similitudines
981 1355 1161 1418 rerum
1205 1355 1564 1428 corporalium
1590 1367 1689 1424 per

139 1464 360 1536 spiritum
379 1461 678 1521 intuentur,
705 1453 1156 1527 quemadmodum
1176 1449 1383 1504 Pharao
1403 1445 1536 1500 vidit
1563 1457 1686 1536 sep—

139 1534 232 1612 tem
257 1555 428 1616 boves,
463 1558 517 1605 et
538 1547 1029 1604 Nabuchodonosor
1057 1541 1286 1613 lapidem
1313 1537 1598 1608 princisum
1623 1534 1688 1590 de

135 1652 296 1704 monte
334 1642 450 1698 sine
481 1639 750 1704 manibus,
774 1645 828 1692 et
859 1636 1052 1691 Petrus
1074 1633 1316 1687 linteum.
1358 1627 1572 1682 Tertius
1607 1633 1691 1679 est

137 1738 214 1809 qui
247 1731 618 1790 intellectualis
657 1729 976 1800 appellatur,
1001 1739 1098 1795 per
1125 1737 1285 1792 quem
1305 1734 1407 1774 nec
1437 1731 1689 1809 corpora-

1778 722 1962 777 vitatis
2005 737 2166 776 causa
2195 720 2608 792 praenominatas
2632 719 2925 789 particulas
2960 720 3058 774 sub
3081 720 3353 776 auditione

1782 813 2102 884 relinquere.
2150 813 2287 868 Hinc
2331 820 2415 868 est
2466 812 2604 882 quod
2633 810 2882 867 Salomon
2926 828 3034 867 non
3081 812 3156 866 ait
3197 830 3208 865 :
3261 813 3354 867 Hie

1783 913 1902 960 sunt
1929 903 2200 974 parabolae
2221 903 2544 969 Salomonis,
2562 903 2663 965 vel,
2691 901 2817 958 Haec
2843 910 2969 957 sunt
2987 903 3150 957 verba
3171 903 3355 960 Eccle-

1782 997 1981 1053 siastae.
2006 997 2373 1068 Apocalypsis,
2404 1005 2464 1050 ut
2495 995 2695 1050 dictum
2727 1003 2831 1059 est,
2870 1011 2935 1049 ex
2963 994 3151 1049 Grieco
3171 995 3224 1048 in
3255 995 3359 1049 La-

1782 1087 1956 1142 tinum
1974 1087 2228 1141 revelatio
2258 1087 2660 1155 interpretatur.
2685 1083 2841 1139 Jesus
2865 1084 3145 1149 Hebraice,
3173 1083 3357 1140 Graece

1784 1178 1939 1244 sotir,
1963 1177 2152 1233 Latine
2175 1187 2356 1232 autem
2382 1177 2577 1232 dicitur
2594 1177 2866 1232 salutaris.
2887 1177 3133 1231 Christus
3151 1175 3356 1239 Graece,

1782 1269 1972 1326 Latine
1992 1277 2208 1324 unctus.
2233 1268 2366 1322 Nam
2390 1268 2622 1323 chrisma
2658 1268 2840 1322 unctio
2862 1267 3076 1322 dicitur.
3112 1266 3359 1321 Chrisma

1756 1356 1912 1416 'vero
1941 1359 2148 1430 primus
2166 1358 2387 1428 jubente
2415 1357 2643 1412 Domino
2673 1356 2880 1426 Moyses
2922 1356 2976 1410 in
3014 1355 3152 1410 libro
3176 1355 3361 1409 Exodo

1786 1451 2151 1520 composuisse
2172 1458 2446 1513 narratur,
2469 1463 2576 1517 quo
2599 1462 2752 1516 reges
2791 1455 2845 1500 et
2872 1447 3178 1501 sacerdotes
3199 1458 3364 1514 unge-

1785 1543 1998 1603 bantur,
2024 1540 2430 1610 praeﬁgurantes
2464 1537 2734 1592 Christum
2763 1553 2793 1590 a
2820 1537 2978 1590 Patre
3025 1535 3364 1591 invisibiliter

1786 1639 2027 1686 unctum.
2057 1629 2229 1696 Quam
2254 1629 2394 1682 dedit
2440 1627 2545 1682 illis
2575 1627 2715 1682 Deus
2761 1627 2937 1698 palam
2988 1627 3158 1697 facere
3205 1626 3363 1680 servis

1787 1723 1919 1788 suis,
1947 1739 2065 1793 qua:
2114 1731 2312 1793 oportet
2357 1721 2474 1787 ﬁeri
2518 1721 2638 1774 cito.
2687 1721 2784 1776 llic
2813 1736 3026 1790 quoque
3071 1721 3364 1774 notandum

135 1807 203 1886 les
224 1839 441 1893 res,nec
465 1821 653 1879 earum
674 1817 1070 1880 similitudines,
1089 1815 1181 1868 sed
1201 1813 1315 1881 ipsa
1344 1823 1523 1864 rerum
1551 1807 1692 1862 veri-

1799 1814 1915 1884 quia
1948 1813 2199 1868 usitatius
2228 1814 2528 1878 diceretur,
2569 1810 2683 1877 Qua
2728 1813 2876 1866 dedit
2923 1810 2999 1866 illi
3044 1811 3188 1866 Deus
3219 1830 3232 1864 :
3271 1811 3364 1866 sed

136 1929 207 1976 tas
237 1890 565 1974 intuentibus
585 1911 977 1974 manifestatur,
1003 1907 1147 1977 quod
1170 1905 1296 1960 huic
1323 1901 1690 1956 tantummodo
1719 1890 1763 1948 Β
1792 1920 1962 1960 sacrae
1992 1904 2284 1973 Scripturze
2309 1903 2639 1957 consuetudo
2661 1910 2743 1956 est
2771 1901 3080 1972 frequenter
3099 1918 3199 1972 pro
3219 1902 3368 1957 abla-

130 2008 466 2082 Apocalypsis
516 2006 706 2060 beatus
763 2001 1120 2070 Hieronymus
1165 1993 1404 2080 ascribit;
1459 1991 1690 2082 Sanctus

132 2078 245 2155 vero
264 2078 594 2170 Augustinus
619 2091 918 2164 spiritalem
943 2087 999 2142 in
1026 2087 1129 2141 hac
1152 2078 1591 2153 intelligi’debere
1612 2078 1691 2131 vi-

128 2193 320 2248 sionem
344 2231 360 2257 ,
405 2204 471 2244 ac
519 2203 616 2258 per
667 2181 1044 2240 similitudines
1093 2193 1276 2234 rerum
1332 2173 1691 2244 corporalium

128 2290 408 2346 ostensam,
455 2275 778 2333 omnimodis
804 2274 977 2329 docet.
1020 2269 1128 2324 Sed
1174 2267 1276 2337 ipsi
1302 2265 1534 2319 viderint
1572 2262 1693 2331 quis

124 2387 302 2428 eorum
336 2369 517 2425 verius
543 2365 758 2422 dixerit.
783 2363 928 2418 Ordo
951 2374 1080 2414 vero
1108 2356 1437 2413 narrationis
1464 2357 1553 2410 hic
1588 2360 1691 2406 est.

122 2459 418 2531 Aliquando
462 2456 529 2510 ab
563 2455 795 2509 adventu
836 2449 1046 2504 Domini
1091 2447 1326 2512 inchoat,
1354 2453 1409 2500 et
1449 2443 1697 2514 perducit

123 2567 288 2621 usque
336 2550 403 2604 ad
430 2547 590 2602 finem
638 2543 840 2600 seaculi.
892 2541 1191 2611 Aliquando
1234 2539 1302 2593 ab
1332 2538 1564 2592 adventu
1593 2536 1699 2589 Do-

120 2638 252 2695 mini
286 2637 530 2700 inchoat,
557 2642 612 2688 et
654 2642 945 2701 antequam
984 2630 1154 2694 ﬁniat,
1203 2628 1270 2682 ad
1295 2627 1506 2682 initium
1535 2626 1694 2690 redit,

121 2737 172 2787 et
189 2743 254 2786 ea
282 2741 405 2798 qua:
429 2725 726 2788 dimiserat,
757 2723 870 2777 sive
895 2736 1014 2792 quae
1043 2720 1272 2784 dixerat,
1310 2718 1536 2774 diversis
1564 2718 1698 2789 ligu-

119 2822 192 2877 ris
213 2827 486 2890 repetens,
513 2817 580 2871 ad
609 2814 905 2871 secundum
931 2811 1143 2867 Domini
1165 2811 1451 2865 adventum
1478 2824 1698 2878 percur-

121 2915 209 2971 rit.
239 2911 553 2982 Aliquando
585 2908 772 2978 incipit
794 2923 824 2961 a
850 2906 1140 2962 novissima
1166 2902 1570 2974 persecutione;
1604 2900 1698 2954 sed

119 3015 410 3076 antequam
458 3003 526 3057 ad
579 3001 740 3055 finem
760 2999 939 3054 veniat
961 3037 976 3064 ,
1028 2982 1428 3065 reCapitulando
1473 3002 1699 3062 utraque

119 3097 416 3169 conjungit.
441 3095 744 3166 Aliquando
779 3093 846 3148 ad
872 3091 1231 3148 enarrandum
1261 3087 1533 3158 pr0posita
1563 3101 1695 3156 pau-

117 3191 279 3246 lulum
321 3187 656 3252 intermittit,
684 3193 736 3240 et
777 3185 920 3240 aliud
949 3197 1054 3237 non
1077 3181 1142 3235 ad
1172 3181 1274 3235 hoc
1299 3178 1576 3248 pertinens
1617 3175 1699 3229 in-

1791 1996 1902 2052 tivo
1926 1995 2042 2050 sine
2061 1993 2435 2064 praepositione
2461 1993 2824 2048 accusativum
2849 2007 3071 2061 ponere.
3107 1993 3259 2048 Unde
3286 2002 3370 2049 est

1789 2084 1918 2139 illud
1938 2083 2129 2154 psalmi
2157 2101 2168 2135 :
2194 2081 2428 2146 Exaudi,
2458 2081 2702 2147 Domine,
2720 2099 2892 2135 vocem
2915 2098 3106 2148 meam,
3131 2099 3237 2154 qua
3262 2082 3373 2136 cla-

1791 2173 1930 2227 mavi
1974 2173 2042 2226 ad
2092 2182 2158 2225 te.
2204 2171 2271 2225 Et
2319 2171 2517 2225 Paulus
2552 2189 2564 2225 :
2594 2171 2802 2225 Bonum
2848 2181 3106 2226 certamen
3157 2175 3369 2228 certavi.

1791 2261 2105 2318 Ostenditur
2129 2263 2274 2317 enim
2302 2262 2388 2315 bis
2427 2262 2606 2316 verbis
2634 2263 2748 2316 huic
2796 2262 3053 2316 revelatio
3097 2277 3218 2318 esse
3242 2263 3371 2319 Jesu

1792 2353 2017 2418 Christi,
2050 2361 2104 2408 et
2129 2354 2233 2407 hoc
2253 2368 2283 2406 a
2311 2352 2422 2408 Deo
2449 2353 2596 2407 illum
2623 2355 2918 2423 accepisse,
2950 2364 3012 2410 ut
3046 2371 3141 2410 sua
3171 2356 3374 2412 revela-

1794 2446 1940 2502 tione
1963 2445 2141 2514 palam
2162 2443 2367 2500 faceret
2399 2443 2568 2499 servis
2590 2443 2702 2498 suis
2723 2460 2841 2514 quae
2861 2453 3074 2516 oportet
3093 2445 3210 2501 fieri
3242 2447 3370 2501 cito.

1795 2537 1965 2604 Quam
1986 2537 2055 2592 ob
2082 2551 2194 2590 rem
2218 2536 2292 2590 ita
2316 2535 2747 2607 distinguendum
2769 2545 2870 2603 est,
2894 2536 3232 2608 Apocalypsis
3243 2536 3373 2592 Iesu

1797 2629 2023 2695 Christi;
2053 2638 2107 2684 et
2131 2629 2323 2684 deinde
2372 2629 2731 2697 inferendum,
2758 2648 2917 2702 quam
2949 2631 3090 2686 dedit
3128 2631 3207 2685 illi
3229 2631 3374 2688 Deus

1795 2723 1972 2794 palam
1997 2723 2168 2792 facere
2211 2724 2370 2778 servis
2403 2722 2533 2789 suis,
2570 2731 2625 2778 et
2654 2723 2906 2793 reliqua:
2939 2740 3168 2795 quorum
3207 2740 3374 2779 unum

1799 2814 1865 2869 ad
1891 2813 2226 2868 divinitatem
2271 2814 2554 2884 redigitur,
2585 2815 2877 2870 secundum
2906 2831 3068 2886 quam
3094 2817 3208 2886 ipse
3253 2831 3375 2871 cum

1799 2905 1958 2958 Patre
1984 2914 2177 2960 cuncta
2202 2905 2404 2960 revelat
2431 2907 2720 2977 mysteria;
2760 2907 2988 2961 alterum
3036 2907 3104 2962 ad
3131 2909 3378 2962 humani-

1799 3006 1986 3065 tatem,
2019 2999 2312 3053 secundum
2337 3013 2496 3068 quam
2526 3014 2632 3054 non
2657 2999 2830 3053 solum
2858 3015 2886 3052 a
2906 2999 3068 3054 Patre
3090 3007 3143 3054 et
3169 2998 3374 3068 Spiritu

1799 3095 2008 3153 sancto,
2038 3088 2132 3144 sed
2157 3097 2212 3143 et
2240 3103 2270 3142 a
2291 3089 2582 3159 semetipso
2611 3091 2838 3160 accepit,
2868 3099 2928 3144 ut
2965 3091 3078 3161 ipse
3103 3107 3200 3147 sua
3227 3105 3377 3145 reve-

1799 3182 1997 3237 latione
2016 3196 2079 3236 ea
2101 3197 2220 3252 qua:
2241 3181 2350 3237 cito
2367 3190 2580 3252 oportet
2616 3182 2754 3248 ﬁeri,
2780 3183 2952 3238 servis
2977 3184 3090 3238 suis
3119 3183 3375 3239 declaret.

117 3237 927 3351 ἱὲὧῐηί-ξῖοζί
948 3271 1164 3328 εοηθίεο
1192 3237 1318 3341 (111³ζ
1331 3276 1566 3338 (mperat
1583 3282 1701 3338 Ρεΐ·
1724 3237 1772 3302 c
1805 3273 1956 3330 Unde
1981 3288 2087 3328 non
2103 3237 2324 3351 dicitur,
2349 3237 2512 3343 quiam
2537 3237 2682 3327 dedit
2703 3237 2776 3327 illi
2792 3237 2942 3328 Deus
2967 3237 3149 3340 Pater,
3168 3237 3272 3330 sed
3295 3237 3376 3328 in-

114 3371 289 3427 docet.
312 3367 628 3440 Aliquando
652 3367 706 3421 in
741 3366 857 3437 ipso
874 3377 1069 3436 genere
1093 3359 1376 3416 locutionis
1398 3359 1476 3414 sic
1495 3365 1700 3412 mutata

116 3461 286 3533 figura
312 3459 475 3532 quasi
507 3457 611 3512 alia
636 3456 942 3528 permiscet,
958 3462 1020 3507 ut
1039 3467 1147 3506 non
1171 3450 1243 3504 nil
1265 3449 1407 3503 aliud
1436 3447 1702 3519 significet

112 3567 272 3623 quam
288 3550 440 3624 quod
454 3562 678 3602 narrare
697 3555 953 3615 coeperat.
968 3544 1034 3598 Et
1050 3550 1178 3598 nota
1198 3541 1322 3610 quia
1348 3539 1620 3594 rariSsime
1647 3539 1700 3592 in

113 3645 212 3701 bac
240 3641 584 3700 revelatione
615 3637 700 3692 vel
721 3636 957 3708 angelus,
991 3634 1076 3690 vel
1103 3633 1336 3689 Joannes
1357 3633 1603 3704 proprias
1625 3639 1702 3686 te-

111 3746 240 3792 nent
268 3747 564 3808 personas.
592 3730 842 3786 Recurrit
868 3738 1047 3782 autem
1073 3740 1252 3782 sermo
1274 3741 1304 3780 a
1326 3725 1505 3796 specie
1525 3724 1590 3778 ad
1613 3739 1702 3793 ge-

111 3845 235 3894 nus,
263 3821 728 3899 quemadmodum
763 3836 885 3877 cum
918 3818 1135 3875 Jezabel
1177 3818 1482 3888 specialiter
1522 3817 1700 3870 incre-

107 3927 316 3992 passet,
348 3914 636 3988 subiunxit
663 3932 677 3968 :
708 3913 778 3967 Et
815 3912 950 3966 dabo
971 3911 1248 3982 unicuique
1274 3920 1494 3965 vestrum
1522 3925 1705 3962 secun-

107 4013 235 4066 dum
256 4026 429 4083 opera
458 4023 578 4061 sua.
600 4005 752 4071 Quod
779 4003 1108 4074 generaliter
1131 4003 1245 4056 sive
1274 4001 1428 4054 bonis
1452 3999 1566 4052 sive
1591 4012 1705 4050 ma-

107 4104 175 4160 lis
187 4113 508 4172 congruere
525 4099 756 4152 videtur.
769 4096 902 4150 Item
920 4110 951 4148 a
971 4108 1170 4162 genere
1191 4093 1260 4146 ad
1277 4092 1510 4161 speciem
1532 4099 1705 4144 trans-

51 4179 54 4183 .
107 4195 149 4248 it
195 4191 433 4266 quando
474 4202 597 4242 cum
634 4185 907 4249 Ecclesiae,
952 4200 1071 4253 quae
1098 4183 1306 4237 habitat
1335 4182 1475 4235 inter
1512 4179 1704 4244 malos,

108 4287 208 4342 sub
236 4285 434 4357 specie
457 4280 690 4353 pastoris
727 4278 1178 4348 Pergamenorum
1207 4276 1406 4331 diceret
1432 4293 1444 4328 :
1469 4274 1592 4330 Scio
1620 4275 1708 4328 ubi

104 4381 344 4445 habitas,
379 4375 476 4430 ubi
503 4374 646 4429 sedes
687 4381 763 4428 est
811 4370 1048 4437 Satanw,
1097 4379 1152 4426 et
1186 4370 1412 4440 reliqua.
1440 4369 1708 4426 Continuo

105 4469 417 4543 negligenti
442 4466 647 4539 pastori
691 4464 910 4519 intulit:
945 4463 1126 4517 Habeo
1151 4463 1394 4517 adversus
1443 4473 1491 4516 te
1514 4479 1705 4532 pauca,

1801 3363 2039 3430 definite,
2061 3342 2216 3434 quam
2241 3342 2380 3418 dedit
2402 3362 2480 3417 illi
2503 3362 2667 3428 Deus,
2689 3364 2740 3417 id
2761 3371 2845 3420 cst
2867 3364 3122 3418 Trinitas.
3153 3365 3220 3418 Et
3245 3373 3374 3419 nota

1800 3459 1927 3529 quia
1971 3459 2198 3514 dicendo
2235 3459 2396 3512 servis
2430 3458 2560 3523 suis,
2588 3458 2822 3513 ostendit
2873 3457 3069 3513 Filium
3109 3457 3273 3512 etiam
3320 3457 3374 3512 in

1801 3550 1972 3606 forma
1998 3552 2161 3616 servi,
2191 3567 2295 3606 non
2331 3567 2571 3616 servum,
2618 3552 2744 3606 dum
2789 3549 2905 3620 ejus
2947 3551 3253 3606 humanitas
3281 3551 3378 3605 do-

1801 3645 1944 3701 mina
1967 3645 2292 3715 praedicatur
2319 3659 2616 3699 servorum.
2678 3642 2798 3698 Suis
2827 3653 3004 3699 autem
3033 3644 3184 3709 dicit,
3213 3644 3264 3700 id
3292 3650 3378 3699 est

1802 3738 1994 3792 divinze
2019 3737 2205 3808 gratia:
2231 3735 2520 3806 subjectis;
2551 3734 2708 3804 juxta
2745 3735 2872 3791 illud
2912 3735 3217 3805 :Conﬁteor
3266 3735 3382 3800 tibi,

1803 3827 2042 3893 Domine,
2068 3827 2230 3882 Pater
2268 3827 2380 3882 caeli
2407 3837 2456 3881 et
2485 3836 2660 3891 terrm,
2689 3827 2812 3896 quia
2850 3827 3166 3880 abscondisti
3211 3827 3322 3879 ha'c
3349 3843 3381 3878 a

1802 3920 2116 3990 sapientibus
2166 3929 2215 3972 et
2249 3918 2611 3988 prudentibus,
2659 3926 2706 3969 et
2755 3917 2992 3970 revelasti
3046 3935 3108 3970 ea
3152 3916 3385 3987 parvulis

1806 4009 2020 4078 (Matth.
2045 4025 2121 4072 xi,
2144 4007 2255 4078 25).
2289 4008 2346 4061 In
2370 3992 2434 4062 ὦ
2455 4022 2586 4061 vero
2617 4008 2758 4075 quod
2789 4008 3052 4072 subditur,
3084 4024 3201 4077 qua:
3227 4023 3383 4077 opor-

1806 4104 1875 4149 tet
1904 4097 2021 4164 ﬁeri
2046 4097 2168 4161 cito,
2196 4111 2499 4166 quanquam
2552 4096 2835 4151 innumera
2888 4097 3095 4166 possint
3138 4097 3384 4168 intelligi,

1807 4188 2065 4257 singulari
2096 4196 2274 4242 tamen
2303 4188 2600 4242 intentione
2620 4189 2686 4242 de
2724 4189 3110 4258 temporalibus
3137 4187 3390 4244 Ecclesia

1806 4277 2073 4347 pressuris
2093 4277 2407 4348 gaudiisque
2440 4276 2766 4346 perennibus
2791 4278 3057 4342 venturis,
3084 4294 3147 4333 ac
3170 4279 3235 4334 de
3273 4294 3390 4332 ma-

1807 4366 1981 4422 lorum
2021 4368 2274 4436 praesenti
2303 4367 2575 4431 felicitate,
2602 4368 2926 4437 internisque
2964 4367 3158 4423 futuris
3182 4369 3391 4424 crucia-

1809 4459 1952 4514 tibus
1976 4474 2277 4514 sermonem
2303 4458 2557 4513 contexit.
2583 4457 2711 4524 Quze
2736 4459 2915 4513 omnia
2942 4459 3052 4513 cito
3080 4458 3231 4524 liunt,
3257 4457 3382 4529 quia

103 4575 158 4620 et
185 4574 428 4622 caetera.
463 4561 545 4615 Ab
571 4561 675 4616 hac
704 4559 880 4630 Specie
907 4559 1099 4613 transit
1125 4558 1192 4612 ad
1219 4557 1400 4624 aliam,
1435 4573 1556 4613 cum
1587 4572 1710 4627 pro-
1740 4550 1914 4649 D'hoc
1938 4564 2174 4619 praesens
2204 4557 2413 4619 tempus
2439 4549 2554 4649 sine
2597 4548 2774 4619 aliqua
2802 4549 3057 4603 momenti
3104 4547 3392 4626 interposi—

103 4657 256 4712 tinus
287 4653 489 4712 subdit
515 4669 528 4705 :
559 4651 649 4704 Ita
675 4651 832 4704 habes
861 4659 910 4704 et
935 4658 992 4703 tu
1031 4658 1258 4704 tenentes
1292 4649 1584 4702 doctrinam
1607 4648 1709 4702 Ni-

99 4749 468 4803 colaitarum.
501 4742 604 4809 Qui
624 4743 767 4798 enim
799 4757 906 4796 non
929 4743 1003 4796 ait
1028 4760 1040 4795 :
1072 4740 1248 4796 Habes
1275 4741 1440 4796 etiam
1466 4739 1590 4804 illic,
1619 4741 1714 4795 sed

99 4840 266 4895 habes
298 4849 354 4894 et
385 4847 475 4901 tu,
497 4842 748 4906 patenter
793 4835 970 4890 innuit
1010 4834 1136 4904 quia
1172 4835 1240 4889 ab
1279 4849 1386 4888 una
1433 4833 1611 4903 specie
1645 4832 1713 4887 ad

95 4936 269 4992 aliam
313 4947 635 4990 sermonem
661 4930 944 4986 convertit.
977 4927 1253 4983 Invenitur
1279 4927 1442 4982 etiam
1464 4942 1630 4997 genus
1656 4925 1712 4980 in

95 5027 314 5099 specie.
354 5023 502 5078 Nam
528 5020 754 5075 dicendo
799 5019 913 5089 Ego
933 5018 1166 5072 Joannes
1191 5017 1377 5088 frater,
1404 5024 1457 5070 et
1483 5016 1712 5084 reliqua,

93 5118 152 5176 in
208 5134 322 5176 sua
359 5129 602 5188 persona
652 5112 813 5167 totius
839 5111 1092 5167 Ecclesia:
1140 5111 1542 5180 persecutiones
1585 5109 1715 5164 insi-

93 5220 258 5276 nuat,
286 5222 446 5280 quas
472 5203 708 5273 quotidie
732 5210 952 5271 propter
976 5202 1201 5255 verbum
1219 5199 1314 5253 Dei
1335 5200 1559 5268 patitur.
1584 5197 1717 5252 Jun—

91 5303 251 5375 gitur
281 5300 470 5357 etiam
493 5310 662 5364 genus
681 5293 880 5364 generi,
914 5307 1035 5348 cum
1058 5291 1213 5346 sedes
1242 5290 1438 5344 dicitur
1465 5290 1636 5359 posita
1659 5288 1714 5341 in

90 5399 265 5456 celo.
291 5396 622 5462 Utrumque
645 5391 788 5446 enim
822 5406 920 5460 per
965 5404 1023 5444 se
1048 5388 1305 5459 positum,
1330 5386 1384 5442 id
1422 5394 1504 5442 est
1529 5395 1585 5440 et
1607 5399 1717 5440 coe-

88 5488 210 5544 lum
237 5496 304 5544 et
347 5485 542 5549 sedes,
565 5483 620 5536 in
671 5483 772 5538 hac
797 5481 1122 5537 revelatione
1174 5479 1484 5549 frequenter
1525 5477 1714 5533 Eccle-

87 5581 242 5636 siam
273 5576 591 5646 designat:
622 5590 742 5630 cum
778 5581 957 5629 autem
1004 5571 1164 5628 simul
1188 5569 1510 5643 junguntur,
1553 5584 1715 5624 unam

87 5669 494 5736 eamdemque
518 5663 815 5720 Ecclesiam
849 5663 1104 5735 ﬁgurant.

654 5761 879 5816 CAPUT
917 5757 1206 5815 PRIMUM.

165 5860 364 5923 erns.
396 5853 458 5909 I.
486 5880 559 5894 —-
586 5852 921 5925 Apocalypsis
970 5849 1100 5908 Iesu
1130 5848 1343 5906 Christi.
1392 5848 1576 5908 Primo
1620 5864 1715 5906 no-

1815 4642 1960 4696 tione
1988 4641 2053 4695 ad
2078 4640 2238 4695 ﬁnem
2285 4639 2617 4695 transvolare
2662 4639 3018 4710 compellitur.
3067 4639 3221 4695 Unde
3252 4638 3395 4694 idem

1813 4731 2046 4787 Joannes
2074 4732 2200 4786 alibi
2253 4732 2383 4787 dicit
2414 4751 2425 4785 :
2457 4729 2659 4798 Filioli,
2711 4732 2987 4786 novissima
3032 4733 3163 4786 hora
3193 4741 3269 4786 est
3309 4731 3394 4804 (II

1812 4822 1973 4877 Joan.
2005 4839 2067 4887 ii,
2097 4822 2204 4892 I8).

1842 4914 1951 4988 "Et
1981 4934 2292 5005 signiﬁcavit
2316 4935 2522 4988 mittens
2551 4948 2644 5002 per
2667 4933 2908 5002 angelum
2937 4950 3092 4988 suum
3119 4949 3266 4988 servo
3295 4949 3393 4988 suo

1814 5027 2027 5081 Joanni.
2081 5024 2425 5095 Signiﬁcavit,
2473 5022 2526 5077 id
2559 5031 2660 5088 est,
2702 5023 2972 5094 sigillavit.
3017 5024 3151 5079 Nam
3180 5025 3392 5094 signum

1815 5119 2048 5189 sigillum
2073 5118 2271 5172 dicitur
2295 5133 2310 5181 ;
2338 5115 2479 5170 unde
2499 5124 2552 5171 et
2576 5116 2782 5172 Danieli
2805 5118 3002 5171 dicitur
3025 5134 3037 5170 :
3072 5115 3252 5170 Clausi
3272 5125 3393 5171 sunt

1814 5211 2102 5281 signatique
2123 5224 2381 5262 sermones
2426 5207 2586 5276 (Dan.
2614 5223 2715 5272 xn,
2744 5207 2820 5279 9).
2860 5208 2924 5261 Et
2953 5207 3102 5262 Isaia:
3131 5224 3142 5259 :
3175 5205 3394 5277 Signavi

1813 5300 2076 5356 visionem
2114 5299 2168 5353 in
2195 5298 2474 5368 discipulis
2499 5299 2634 5354 meis
2655 5298 2790 5370 (Isa.
2821 5315 2942 5360 vni,
2969 5297 3078 5366 16).
3113 5295 3218 5354 Sed
3261 5299 3393 5370 quid

1815 5394 1915 5450 sibi
1944 5393 2059 5447 vult
2101 5391 2243 5462 quod
2271 5391 2479 5462 signata
2508 5394 2624 5449 hiec
2649 5393 2786 5448 visio
2821 5391 3038 5456 dicitur,
3067 5407 3190 5449 cum
3221 5392 3276 5446 in
3303 5406 3393 5447 se-

1815 5484 2101 5553 quentibus
2138 5483 2370 5548 dicatur,
2425 5483 2502 5538 Ne
2548 5482 2844 5555 signaveris
2887 5485 3051 5538 verba
3095 5483 3396 5554 prophetia:

1815 5576 1938 5632 libri
1965 5575 2167 5646 hujus?
2212 5576 2315 5632 nisi
2354 5577 2478 5647 quia
2512 5579 2615 5648 piis
2653 5584 2984 5643 reserantur,
3029 5576 3212 5649 impiis
3241 5577 3396 5649 signo

1815 5667 2156 5732 clauduntur,
2203 5682 2376 5738 neque
2420 5669 2560 5722 enim
2588 5675 2806 5738 propter
2837 5667 3018 5722 lideles
3065 5683 3270 5734 servos,
3301 5669 3396 5724 sed

1813 5768 2032 5832 propter
2071 5759 2218 5816 fures
2243 5760 2443 5815 divitia:
2465 5759 2785 5829 sigillantur.
2836 5758 2988 5814 Unde
3015 5759 3082 5814 ad
3121 5759 3396 5814 Danielem

1814 5851 2051 5912 dicitur:
2099 5848 2264 5934 Impie
2310 5859 2460 5932 agent
2504 5849 2696 5920 impii;
2741 5849 3066 5924 porrodocti
3111 5849 3394 5922 intelligent
