4088 6330
650 791 903 846 intentos.
935 783 1063 840 Eme
1100 782 1265 854 igitur
1304 780 1441 836 visio
1480 794 1579 849 per
1603 773 1866 844 angelum
1892 770 2061 824 missa
2100 770 2222 828 est;

650 880 749 936 sed
770 874 1265 945 incircumscriptus
1308 871 1550 942 spiritus,
1597 865 1689 937 qui
1725 865 1866 919 hanc
1889 858 2060 922 misit,
2090 862 2144 910 et
2168 854 2225 908 in

649 986 717 1028 eo
745 971 845 1025 fuit
863 982 963 1040 per
982 982 1143 1039 quem
1179 966 1349 1031 misit,
1377 971 1430 1019 et
1457 964 1510 1018 in
1541 977 1606 1017 eo
1631 959 1717 1015 cui
1746 956 1913 1013 misit.
1949 953 2095 1008 idem
2114 962 2225 1040 au-

647 1069 758 1116 tem
784 1039 1007 1130 angelus
1031 1058 1121 1126 qui
1144 1055 1387 1128 apparuit
1422 1054 1587 1109 solius
1618 1047 1880 1106 incamati
1905 1042 2067 1101 Verbi
2094 1039 2230 1111 ﬁgu-

651 1164 769 1205 ram
793 1149 979 1220 gessit,
1009 1146 1231 1217 ejusque
1252 1144 1517 1215 corporis,
1544 1142 1689 1213 quod
1710 1146 1795 1195 est
1818 1135 2079 1193 Ecclesia.
2112 1132 2230 1202 ipse

650 1241 817 1296 etiam
856 1239 1109 1305 Joannes,
1146 1239 1231 1295 cui
1278 1239 1545 1309 apparuit,
1588 1233 1842 1289 Ecclesia:
1880 1238 2066 1301 typum
2094 1236 2231 1298 prac-

652 1332 839 1387 tendit.
869 1330 986 1386 Non
1016 1340 1196 1386 autem
1224 1330 1356 1384 duas
1395 1327 1663 1383 Ecclesias
1700 1323 1947 1395 angelum
1976 1326 2029 1376 et
2071 1314 2232 1374 Joan-

654 1437 779 1480 nem
806 1424 1182 1495 prmﬁgtn'asse
1220 1419 1545 1477 credendum
1572 1427 1655 1474 est
1679 1434 1693 1483 ;
1743 1415 1839 1470 sed
1864 1426 1987 1469 cum
2012 1410 2230 1480 angelus

654 1523 841 1586 typum
882 1521 1027 1570 tenet
1062 1513 1275 1583 capitis,
1326 1509 1559 1566 Joannes
1601 1504 2015 1579 praedicatorum
2047 1520 2061 1568 ;
2110 1515 2233 1555 cum

654 1608 876 1681 angelus
903 1607 1336 1679 prmdicatorum,
1371 1602 1603 1659 Joannes
1646 1600 1990 1666 auditorum;
2033 1602 2235 1651 etcum

653 1714 753 1771 per
776 1698 1023 1770 angelum
1049 1693 1407 1767 pratcedentia
1438 1693 1704 1755 membra,
1728 1704 1825 1759 per
1852 1684 2118 1743 Joannem
2150 1698 2234 1739 se-

655 1790 875 1862 quentia
900 1788 1285 1856 designantur;
1320 1785 1433 1839 sive
1471 1784 1524 1836 in
1555 1780 1745 1851 angelo
1773 1777 2015 1834 Ecclesia
2044 1773 2238 1830 intelli-

1461 380 1523 435 B.
1560 380 1625 437 Ρ.
1664 370 1892 434 ΑιΒιΝι
1928 369 2061 429 SEU
2100 354 2378 424 ALGUIM
2411 352 2697 420 OPERUM
2729 352 2907 413 PARS
2941 350 3005 411 ΙΙ.

2326 848 2466 922 apud
2490 850 2680 914 Deam,
2838 843 3070 899 factores
3092 840 3229 912 legis
3263 837 3739 910 justiﬁcabuntnr.
3771 830 3923 887 ad

2328 944 2395 999 ad
2439 943 2556 999 htec
2600 934 2934 997 observanda
2982 945 3337 1004 utrorumque
3384 930 3591 986 animos
3640 929 3921 991 incitaret,

2328 1034 2592 1103 subjecit:
2646 1040 2845 1103 tempus
2892 1029 3029 1085 eum
3070 1038 3231 1100 prope
3276 1033 3394 1091 est;
3444 1022 3656 1078 scilicet
3707 1027 3925 1090 quove!

2325 1127 2459 1199 justi
2482 1132 2605 1197 post
2626 1120 3026 1179 observantiam
3071 1118 3449 1175 mandatorum
3476 1121 3919 1177 muneratur,

2331 1219 2414 1275 vel
2454 1218 2635 1287 iniusti
2669 1225 2792 1288 post
2830 1210 3211 1287 negligentiam
3241 1210 3555 1282 puniantur.

2403 1308 2565 1367 Vsus.
2590 1308 2642 1364 ι.
2663 1341 2733 1349 -
2759 1307 2991 1363 Joannes
3036 1312 3227 1377 septem
3257 1302 3501 1359 Ecclmir's
3531 1318 3659 1373 qua
3705 1304 3835 1357 sunt
3870 1301 3925 1355 in

2334 1403 2480 1458 Asia.
2503 1403 2609 1457 Per
2630 1399 2992 1472 Septenarium
3021 1408 3306 1452 numerum
3330 1393 3663 1450 unitersalis
3682 1392 3923 1448 Ecclesia

2334 1495 2674 1567 exprimitur,
2708 1498 2947 1564 propter
2973 1498 3178 1560 septem
3212 1488 3351 1543 dona
3388 1485 3533 1540 illius
3559 1485 3656 1555 qui
3702 1482 3921 1556 replevit

2334 1589 2523 1644 orbem
2546 1594 2832 1641 terrarum.
2877 1582 3015 1638 Hinc
3056 1581 3264 1637 Eﬁseus
3298 1579 3494 1651 septies
3517 1592 3758 1650 puerum
3784 1576 3918 1633 osci-

2338 1691 2454 1738 tare
2502 1680 2627 1735 fecit
2676 1690 2837 1749 super
2882 1690 3043 1747 quem
3084 1673 3347 1737 incubuit,
3391 1671 3651 1741 quoniam
3702 1668 3919 1740 populus

2338 1776 2653 1833 inﬁdelitate
2680 1780 2946 1837 mortuus,
2976 1784 3072 1839 per
3098 1779 3303 1838 septem
3326 1766 3466 1821 dona
3486 1761 3667 1819 sancd
3693 1758 3917 1832 Spiritus

657 1850 802 1951 gitur
819 1885 939 1948 post
957 1850 1407 1933 resurrectionem
1434 1850 1732 1941 gloriﬁcata
1756 1887 1771 1935 ;
1801 1869 1857 1923 in
1886 1864 2090 1923 Joanne
2109 1879 2241 1920 vero
2269 1868 2317 1930 Β
2342 1867 2667 1923 viviﬁcatur.
2719 1860 3066 1934 Septenarius
3119 1859 3297 1927 itaque
3340 1868 3603 1910 numerus
3653 1850 3919 1923 perfectus

655 1983 895 2039 praesens
941 1965 1233 2023 erudienda
1277 1979 1308 2018 a
1357 1962 1591 2019 Christo.
1648 1960 1913 2016 Praeterea
1965 1957 2241 2013 sciendum

660 2058 787 2129 quia
812 2058 891 2113 sic
912 2057 1169 2113 Dominus
1188 2061 1311 2125 post
1340 2052 1711 2109 ascensionem
1739 2056 1962 2119 apparet
1987 2045 2244 2119 quemad-

660 2148 879 2204 modum
912 2153 1036 2201 ante
1061 2146 1484 2200 incarnationem
1506 2142 1753 2212 patribus
1778 2138 2049 2209 apparuit,
2078 2137 2131 2191 id
2160 2142 2245 2191 cst

658 2253 758 2312 per
804 2237 1102 2309 angelicam
1152 2243 1477 2290 creaturam.
1532 2232 1592 2287 In
1638 2246 1745 2302 quo
1795 2230 1940 2285 facto
1992 2235 2244 2299 patenter

659 2329 916 2393 ostendit,
945 2341 1055 2383 non
1083 2341 1143 2381 se
1170 2322 1523 2395 corporaliter
1544 2334 1690 2377 nunc
1714 2321 1783 2376 ad
1828 2319 2130 2375 docendum
2160 2332 2246 2372 re-

661 2420 805 2493 quiri
834 2419 1052 2483 debere,
1080 2416 1175 2486 qui
1199 2416 1402 2485 ubique
1428 2426 1671 2486 praesens
1696 2418 1780 2468 est
1801 2410 2079 2480 maiestate
2104 2427 2117 2463 :
2146 2422 2246 2463 nec

660 2512 807 2568 enim
853 2505 1273 2565 existimandum
1316 2512 1419 2571 est,
1469 2502 1861 2559 humanitatem
1908 2515 1977 2557 ex
2027 2496 2249 2570 Virgine

662 2609 933 2675 stupeam
965 2600 1133 2658 fuisse
1155 2600 1215 2654 in
1250 2597 1481 2669 angelo;
1529 2595 1631 2652 sed
1651 2594 1797 2650 illius
1824 2591 2051 2664 ﬁguram
2081 2605 2245 2661 ange-

662 2693 777 2750 lum
802 2692 1157 2764 expressisse.
1182 2686 1329 2744 Nihil
1350 2688 1514 2742 etiam
1535 2685 1737 2740 mirum
1761 2684 1903 2755 quod
1924 2680 2115 2737 similis
2137 2679 2248 2735 tilio

664 2784 903 2842 hominis
926 2790 1176 2845 vocatur,-
1205 2786 1335 2836 Μ
1354 2777 1545 2832 Daniel
1578 2774 1840 2847 propheta
1864 2771 2114 2844 angelum
2143 2769 2247 2824 Ga-

666 2875 807 2932 briel
852 2874 1033 2928 virum
1077 2871 1387 2928 nominasse
1419 2867 1750 2939 perhibetur.
1801 2863 1892 2919 Sic
1934 2866 2113 2917 autem
2152 2873 2250 2930 per

666 2966 813 3022 hunc
831 2965 1076 3035 angelum
1097 2963 1293 3018 dicina
1315 2975 1331 3015 :
1356 2960 1472 3031 Ego
1491 2974 1609 3015 sum
1630 2958 1829 3029 prima
1847 2963 1900 3011 et
1918 2955 2246 3017 manus,

668 3070 729 3116 et
752 3060 977 3129 reliqua.
1019 3054 1479 3125 Quemadmodum
1507 3060 1635 3107 ante
1659 3046 2259 3106 multationem-Deus

2342 1966 2444 2024 est,
2472 1956 2562 2027 qui
2590 1972 2620 2011 a
2653 1953 2890 2010 ternario
2919 1958 2974 2007 et
3016 1946 3360 2022 quaternario
3401 1936 3715 2010 formatur;
3741 1951 3921 1998 terna-

2343 2052 2457 2107 rius
2481 2063 2712 2118 namque
2737 2047 2794 2102 in
2820 2044 3017 2102 divinis
3064 2040 3361 2112 Seripturis
3400 2036 3669 2110 perfectus
3694 2037 3924 2092 habetur

2341 2150 2562 2215 pr0pter
2586 2137 2902 2211 mysterium
2930 2133 3210 2189 Trinitatis
3236 2149 3251 2197 ;
3282 2131 3393 2185 sive
3422 2139 3633 2201 propter
3658 2136 3776 2183 tres
3807 2125 3925 2180 vir-

2343 2244 2509 2299 tutes,
2542 2230 2725 2297 ﬁdem,
2753 2244 2904 2300 spem
2932 2232 2986 2282 et
3013 2226 3332 2282 charitatem
3356 2241 3372 2290 ;
3410 2222 3512 2276 sive
3545 2227 3775 2291 propter
3795 2226 3921 2274 tres

2342 2325 2560 2383 ordines
2611 2321 2872 2386 ﬁdelium,
2924 2318 3361 2391 praedicatorum,
3411 2310 3819 2375 abstinentiam,
3868 2315 3928 2364 et

2345 2420 2773 2491 coniugatorum.
2811 2410 3195 2480 Quaternarius
3234 2423 3363 2464 vero
3398 2404 3670 2477 perfectus
3695 2411 3778 2459 est
3803 2416 3927 2474 pro-

2343 2518 2465 2582 pter
2500 2506 2685 2563 mundi
2709 2511 2910 2577 partes,
2940 2502 3053 2558 sive
3094 2504 3315 2572 propter
3341 2504 3573 2568 quatuor
3602 2492 3925 2566 principales

2345 2604 2594 2669 virtutes,
2624 2600 2680 2656 id
2722 2606 2804 2655 est
2828 2595 3190 2671 prudentiam,
3236 2591 3676 2662 temperantiam,
3719 2582 3925 2642 fortitu—

2347 2697 2526 2753 dinem
2553 2702 2712 2765 atque
2748 2691 3052 2761 justitiam;
3094 2702 3188 2743 seu
3229 2692 3453 2757 propter
3482 2692 3723 2754 quatuor
3762 2675 3927 2735 Eran-

2348 2788 2607 2864 geliorum
2636 2785 2821 2843 libros.
2866 2783 3002 2851 Quia
3031 2781 3192 2853 igitur
3219 2776 3501 2833 Trinitatis
3528 2773 3772 2847 cognitio
3798 2786 3929 2843 qm-

2348 2892 2472 2941 tuor
2505 2878 2627 2938 caali
2673 2877 2923 2935 cardines
2966 2871 3407 2944 comprehcndit;
3458 2867 3577 2923 sive
3625 2865 3755 2937 quia
3789 2868 3928 2936 5pm,

2349 2976 2482 3032 ﬁdes
2513 2982 2567 3030 et
2590 2972 2829 3029 Charitas
2853 2975 3083 3040 quatuor
3104 2960 3482 3036 principalium
3507 2958 3775 3013 virtutum
3795 2969 3932 3012 sum-

2350 3082 2494 3122 mam
2532 3063 2851 3139 perﬁciunt;
2900 3073 2993 3116 seu
3038 3056 3163 3128 quia
3194 3061 3305 3109 tres
3331 3051 3554 3108 ordines
3583 3047 3931 3111 credatium.

669 3152 725 3207 in
771 3158 1043 3219 assumpta
1087 3148 1263 3219 “895
1297 3161 1529 3217 Ρθνθοιιθ
1572 3145 1705 3200 Μ
1738 3162 1753 3197 τ
1795 3142 1909 3213 Εεο
1954 3156 2073 3198 “1m
2108 3140 2253 3196 mus
2278 3217 2319 3229 _
2350 3166 2580 3229 quatuor
2606 3152 3016 3223 Evangeliorum
3059 3144 3345 3219 prmceptis
3387 3160 3449 3200 se
3482 3143 3751 3207 subdunt,
3796 3148 3934 3197 recte

670 3217 969 3306 Abraham,
1000 3246 1056 3296 et
1087 3217 1301 3295 uetera.
1351 3236 1501 3293 Sicut
1540 3236 1685 3292 enim
1730 3234 1944 3307 Moyses
1969 3249 2111 3304 ,eum
2152 3231 2245 3303 qui

2352 3268 2446 3325 per
2476 3252 2620 3306 hunc
2642 3243 3005 3318 septenarium
3030 3255 3314 3297 numerum
3340 3234 3681 3293 universalis
3700 3231 3931 3290 Ecclesia

670 3333 774 3389 sibi
800 3333 857 3387 in
898 3332 1035 3387 rubo
1056 3329 1324 3401 apparuit,
1354 3330 1513 3385 modo
1558 3326 1831 3399 angelum,
1862 3326 2022 3382 modo
2059 3324 2248 3380 Domi-

672 3436 802 3479 num
826 3430 987 3478 vocat
1011 3439 1025 3487 ;
1052 3422 1132 3477 sic
1163 3418 1399 3478 Joannes
1438 3421 1581 3476 hanc
1616 3419 2001 3475 reuelationem
2024 3418 2125 3473 sibi
2154 3432 2254 3487 per

672 3512 922 3582 angelum
948 3511 1169 3566 missam
1211 3509 1479 3581 perhibet,
1523 3515 1579 3565 et
1616 3510 1790 3579 ipsum
1821 3509 1877 3563 iu
1917 3508 2172 3580 mysterio
2196 3515 2255 3562 et

673 3606 847 3675 ﬁgura
884 3602 1170 3659 Domhum
1203 3600 1389 3657 Iesum
1427 3600 1704 3657 Christum
1744 3600 1912 3654 fuisse
1947 3599 2247 3654 conﬁrmat.

672 3695 859 3767 Itaque
884 3702 941 3750 et
978 3691 1147 3753 Paulo
1188 3692 1445 3748 Dominus
1471 3693 1529 3746 in
1563 3692 1653 3747 via
1689 3706 1785 3762 per
1814 3691 2064 3762 angelum
2091 3705 2253 3761 appa-

674 3789 819 3853 ruit;
867 3786 998 3858 quia
1016 3785 1071 3841 si
1106 3785 1162 3840 in
1186 3785 1418 3856 propriae
1442 3784 1622 3840 carnis
1652 3783 1956 3839 substantia
1992 3796 2252 3853 apparere

676 3880 971 3945 debuisset,
1015 3876 1228 3945 10am,
1268 3890 1429 3948 quem
1478 3876 1785 3948 specialiter
1838 3875 2046 3941 dilexit,
2092 3889 2254 3945 appa-

679 3980 843 4029 reret.
874 3940 1265 4027 Et
1284 3940 1431 4039 quia
1459 3940 1614 4024 more
1653 3940 1883 4022 abortum
1918 3940 2257 4022 Ioannes-de

679 4080 738 4123 se
760 4064 917 4135 quasi
945 4064 1010 4119 de
1036 4061 1143 4117 alio
1182 4061 1440 4132 loquitur.
1487 4060 1698 4131 Moyses
1742 4061 1937 4131 quippe
1979 4060 2092 4115 ait:
2125 4059 2259 4115 Erat

681 4157 891 4229 Moyses
913 4156 991 4211 vir
1013 4155 1321 4210 mitissimus
1343 4153 1530 4225 (Nam.
1556 4168 1658 4220 ιιι,
1676 4152 1753 4224 5).
1780 4152 1849 4207 Ει
1874 4150 2005 4208 Job:
2030 4151 2123 4206 Vir
2146 4160 2265 4205 erat

680 4248 899 4303 interra
920 4245 1039 4302 Rus
1067 4245 1275 4301 nomine
1310 4244 1413 4299 Job
1450 4242 1594 4315 (Job.
1626 4258 1668 4310 ι,
1695 4244 1772 4315 l),
1804 4250 1860 4299 et
1897 4252 2111 4299 caetera.
2142 4242 2259 4299 Non

681 4344 827 4400 enim
851 4343 953 4413 ipsi
980 4358 1013 4398 a
1044 4354 1125 4408 se,
1156 4340 1253 4397 sed
1294 4337 1525 4409 Spiritus
1568 4343 1787 4392 sanctus
1823 4351 1922 4408 per
1949 4353 2046 4394 eos
2075 4336 2262 4407 loque-

682 4437 863 4493 batur.

755 4537 919 4591 Vns.
949 4535 1004 4589 2.
1036 4563 1108 4575 --
1133 4531 1238 4599 Qui
1274 4532 1621 4586 testimonium
1649 4531 1905 4601 perhibuit
1940 4531 2107 4587 Verbo
2142 4533 2265 4601 Dei,

2351 3324 2633 3417 ﬁguratur.
2660 3339 2914 3395 Attamen
2939 3334 3215 3391 sciendum
3245 3330 3371 3402 quia
3395 3324 3713 3402 specialiter
3734 3326 3800 3381 ad
3820 3338 3935 3395 sep-

2351 3415 2462 3493 tem
2484 3433 2839 3506 Ephesiorum
2861 3427 3132 3484 Ecclesias
3151 3422 3268 3482 haec
3295 3429 3637 3479 sacramenta
3667 3418 3736 3475 de
3754 3415 3935 3473 exsilio

2353 3532 2553 3601 scripta
2582 3524 2875 3585 mandavit.
2922 3522 3041 3578 Non
3085 3535 3215 3592 ergo
3252 3517 3461 3589 species
3490 3510 3821 3577 excluditur,
3849 3507 3945 3566 sed

2354 3623 2409 3678 in
2446 3620 2627 3691 specie
2669 3632 2861 3689 genus,
2892 3614 2947 3669 id
2982 3621 3065 3669 est
3110 3609 3431 3667 universalis
3475 3606 3722 3664 Ecclesia
3767 3611 3941 3660 osten-

2352 3690 2520 3780 ditur,
2547 3725 2667 3782 quae
2689 3710 2827 3766 bene
2848 3708 2904 3762 in
2935 3705 3062 3761 Asia
3085 3719 3205 3761 esse
3225 3703 3441 3760 dicitur.
3460 3690 3591 3756 Asia
3612 3700 3764 3755 enim
3780 3696 3937 3754 elatio

2352 3810 2759 3876 interpretatur.
2787 3798 2963 3854 Elatio
2975 3806 3151 3852 autem
3172 3811 3279 3851 non
3292 3809 3506 3863 semper
3524 3808 3625 3865 pro
3641 3792 3779 3847 vitio
3798 3788 3944 3862 poni-

2354 3905 2461 3963 tur,
2477 3895 2572 3952 sed
2586 3889 2873 3965 aliquando
2881 3904 2979 3962 pro
2991 3888 3223 3945 culmine
3235 3885 3545 3950 virtutis,ut
3561 3881 3697 3938 illud
3713 3904 3728 3938 :
3746 3881 3945 3937 Pam

2356 3997 2403 4043 te
2415 3989 2469 4043 in
2483 3986 2777 4058 superbiam
2796 3981 3108 4038 swculorum
3139 3974 3518 4056 (Ιεαμωῐηὶό).
3542 3977 3603 4034 1d
3626 3986 3733 4044 est,
3755 3977 3943 4033 faciam

2356 4092 2418 4137 ut
2440 4081 2739 4150 voluptates
2760 4091 2947 4133 omnes
2968 4083 3023 4131 et
3051 4073 3265 4130 inﬁmos
3289 4073 3521 4127 honores
3546 4071 3839 4140 despicias.
3879 4068 3950 4124 Et

2358 4176 2486 4231 alibi
2511 4189 2527 4229 :
2556 4171 2777 4229 Sustulit
2803 4180 2850 4226 te
2874 4186 3028 4242 super
3055 4166 3385 4223 altitudinem
3406 4173 3584 4219 terrae.
3634 4163 3701 4218 In
3728 4164 3833 4218 hac
3854 4160 3950 4233 igi-

2360 4274 2452 4321 tur
2492 4264 2739 4321 elationis
2780 4260 3095 4318 celsitudine
3140 4256 3389 4314 consistit
3434 4250 3706 4310 Ecclesia.
3760 4251 3949 4316 Aliter,

2362 4361 2409 4416 si
2435 4359 2594 4414 elatio
2618 4373 2718 4429 pro
2745 4356 2876 4410 vitio
2902 4352 3142 4425 ponitur,
3170 4364 3280 4405 non
3305 4345 3685 4418 accipiendum
3704 4350 3791 4400 est
3812 4340 3953 4414 quod

2365 4459 2552 4509 sancta
2580 4447 2820 4505 Ecclesia
2850 4444 2989 4501 elata
3011 4448 3348 4515 permaneat,
3378 4438 3473 4494 sed
3501 4437 3633 4508 quia
3664 4434 3871 4490 dudum
3897 4433 3956 4489 in

2365 4543 2613 4601 elationis
2633 4540 2772 4595 fastu
2796 4544 2999 4602 erecta,
3024 4533 3242 4591 humilis
3267 4532 3447 4587 futura
3469 4543 3711 4599 superno
3735 4538 3961 4583 munere

686 4634 735 4682 et
756 4625 1103 4681 testiinonium
1123 4621 1251 4678 Iesu
1275 4612 1466 4677 Chriin
1486 4592 1801 4693 qua’cuuque
1820 4623 1964 4678 vidit.
1985 4592 2267 4681 Perhibuit
2289 4592 2343 4654 θ
2906 4592 3065 4682 luitur
3108 4620 3237 4683 illud
3260 4641 3273 4676 :
3310 4592 3565 4692 Nunquid
3599 4619 3874 4689 ingressu
3903 4632 3959 4672 α

690 4728 818 4775 tunc
850 4718 1101 4784 Ioannes,
1130 4717 1375 4789 perhibet
1412 4730 1554 4770 nunc
1600 4715 1862 4784 Ecclesia,
1910 4719 2062 4791 cujus
2086 4718 2175 4775 ille
2204 4719 2266 4774 ﬁ-

690 4828 879 4885 guram
901 4815 1139 4885 gerebat,
1158 4830 1280 4869 cum
1305 4814 1444 4869 hanc
1465 4812 2105 4887 Apocalypsin'cerneret.
2124 4816 2262 4872 Ver-

689 4907 821 4962 bum
858 4910 1039 4960 autum
1085 4912 1143 4960 et
1175 4905 1357 4961 Jesum
1405 4905 1683 4964 Christum
1723 4908 2002 4978 distinguit
2045 4916 2265 4979 propter

691 4998 826 5053 duas
866 4996 1069 5053 Christi
1115 4997 1465 5063 substantias,
1515 5000 1607 5069 qui
1657 5000 1724 5054 de
1759 5007 1987 5070 utroque
2021 4999 2264 5055 testimo-

692 5088 845 5144 nium
866 5088 1138 5159 perhibuit
1177 5086 1403 5143 dicens:
1450 5088 1517 5143 In
1552 5090 1806 5162 principio
1852 5098 1964 5144 erat
2018 5087 2256 5145 Verbum.
2301 5074 2304 5077 ’

692 5180 767 5236 Ειι
794 5180 961 5235 item:
1018 5176 1237 5232 Verbum
1277 5194 1399 5232 caro
1429 5179 1624 5248 factum
1664 5190 1757 5237 est.
1806 5178 1943 5235 Vidit
1987 5190 2166 5238 autem
2196 5183 2263 5239 ad

694 5270 983 5341 utrumque
1029 5270 1279 5327 relbrtur.
1332 5270 1477 5327 Vidit
1524 5274 1666 5327 enim
1718 5274 2050 5342 spiritalibus
2100 5274 2266 5330 oculis

696 5363 953 5431 Verbum,
997 5364 1367 5435 corporalibus
1393 5379 1521 5419 vero
1560 5366 1738 5420 omnia
1765 5381 1883 5435 quae
1920 5366 1987 5420 de
2024 5366 2269 5421 humani-

698 5455 1005 5525 tateipsius
1029 5464 1334 5511 narrantur.
1369 5454 1553 5527 (Vens.
1577 5453 1656 5526 '5.)
1702 5455 1898 5510 Beatus
1936 5458 2033 5529 qui
2070 5457 2191 5529 legit
2218 5465 2268 5511 et

697 5548 799 5619 quis
818 5546 1040 5602 tremunt
1064 5546 1213 5601 verba
1237 5547 1518 5618 prophetia:
1539 5544 1664 5600 libri
1684 5546 1859 5616 hujus,
1886 5556 1934 5602 et
1963 5557 2182 5604 servant
2206 5565 2268 5604 ea

2369 4727 2639 4781 thesauros
2690 4721 2842 4786 nivis,
2895 4728 2985 4773 aut
3036 4715 3306 4771 thesauros
3354 4709 3627 4783 grandinis
3687 4707 3962 4780 asperi-sli,

2366 4834 2483 4889 qua:
2523 4812 2811 4887 prwparavi
2839 4811 2897 4865 in
2937 4818 3136 4880 tempus
3173 4804 3355 4872 hostis,
3393 4803 3450 4858 in
3493 4802 3635 4857 diem
3684 4818 3876 4875 pugnat
3914 4808 3966 4856 et

2370 4908 2490 4964 belli
2519 4904 2661 4978 (Job.
2693 4917 2920 4968 xxxvm,
2948 4901 3040 4967 2‘2,
3066 4896 3205 4970 25)?

2438 4999 2598 5055 Vsus.
2628 4996 2681 5051 5.
2703 5026 2774 5036 —
2802 4991 2987 5048 Gratia
3034 4991 3173 5047 vobis
3204 4998 3254 5046 et
3299 5006 3406 5061 pan:
3450 4988 3515 5044 ab
3538 5005 3604 5043 eo
3649 4990 3751 5061 qui
3794 4996 3891 5053 est,
3916 4990 3971 5041 et

2368 5090 2457 5164 qui
2485 5096 2619 5154 erat,
2655 5093 2704 5141 et
2740 5086 2829 5157 qui
2874 5093 3118 5139 uenturus
3160 5087 3336 5149 est,et
3370 5098 3404 5134 a
3439 5087 3636 5151 septem
3668 5072 3967 5148 spiritibus,

2370 5183 2531 5257 quiin
2569 5186 2844 5252 conspectu
2883 5177 3053 5231 throni
3083 5176 3197 5247 ejus
3239 5182 3383 5241 sunt,
3427 5181 3475 5227 et
3503 5190 3537 5226 α
3562 5169 3703 5227 Iesu
3738 5170 3967 5228 Christo.

2372 5274 2558 5330 Gratia
2585 5271 2783 5327 dicitur
2810 5268 2966 5323 venia
2992 5267 3160 5338 gratis
3185 5264 3402 5329 collata,
3437 5278 3544 5333 qua
3574 5261 3883 5336 infulgente
3902 5278 3968 5318 ex

2375 5364 2544 5420 servis
2569 5361 2776 5435 peccati
2806 5361 2862 5415 in
2887 5358 3023 5414 ﬁlios
3054 5356 3278 5427 justitim
3302 5355 3540 5425 adoptati
3573 5370 3797 5411 sumus.
3825 5342 3969 5409 Hanc

2374 5456 2585 5516 Petrus.
2613 5456 2755 5511 hanc
2796 5453 2996 5510 Paulus
3039 5451 3292 5522 scripturi
3336 5448 3609 5516 ﬁdelibus,
3640 5447 3812 5504 titulo
3834 5445 3975 5502 salu-

2366 5546 2587 5603 tationis
2626 5547 3022 5619 prmmiserunt,
3047 5550 3107 5599 ut
3130 5541 3352 5614 populos
3378 5538 3563 5612 gratim
3604 5536 3976 5603 exhortatm'i,

699 5656 827 5711 qum
854 5640 908 5694 in
947 5656 1009 5695 ea
1035 5640 1231 5709 scripta
1263 5647 1400 5694 sunt.
1438 5637 1679 5715 Tempus
1700 5639 1840 5715 enim
1864 5656 2033 5719 prope
2051 5649 2143 5719 est.
2171 5640 2271 5697 llic
2316 5632 2337 5657 ⁷
2371 5654 2585 5695 omnem
2630 5638 2968 5694 salutationis
3000 5650 3264 5692 summam
3296 5633 3352 5688 in
3396 5632 3499 5686 hac
3526 5644 3655 5685 esse
3698 5639 3979 5685 monstra-

702 5730 871 5786 claret
912 5738 1112 5802 quanta
1160 5730 1232 5785 sit
1264 5729 1421 5799 hujus
1465 5730 1590 5785 libri
1636 5718 1950 5796 auctoritas,
1998 5718 2091 5800 qui
2124 5718 2274 5787 inter
2372 5741 2529 5790 rent:
2575 5744 2629 5787 et
2658 5739 2779 5804 apte
2805 5731 2977 5804 gratia
3017 5731 3139 5799 paci
3174 5726 3480 5799 praefertur,
3524 5725 3655 5794 quia
3693 5725 3881 5782 nullus
3907 5720 3977 5778 ad

705 5830 893 5878 omnes
915 5821 1222 5894 prophetias
1252 5821 1471 5892 speciali
1517 5823 1750 5893 quodam
1789 5821 1949 5878 modo
1994 5822 2275 5892 sponsione
2376 5838 2561 5893 pacem
2611 5824 2705 5879 Dei
2734 5822 3112 5879 reconciliatus
3154 5819 3339 5877 venire
3378 5823 3622 5889 poterat,
3667 5817 3785 5875 nisi
3832 5818 3979 5873 hunc
