4088 6330
167 417 306 480 1095

931 413 1340 474 EXEGETICA.
1373 445 1447 458 -—
1483 413 1834 472 COMMENT.
1877 413 1944 470 1N
1981 413 2272 472 APOCAL.
2313 446 2383 457 —
2419 415 2546 472 LIB.
2587 415 2628 471 Ι.

3279 416 3420 476 1094

159 536 332 614 gratia
356 533 740 594 misericordiae
780 535 1161 608 praecessisset.
1210 531 1362 600 Quod
1391 539 1572 590 autem
1606 533 1734 589 dicit
1763 537 1814 596 Α
1839 547 1994 604 reges
2031 543 2157 588 sunt
2194 545 2250 590 et
2295 535 2638 602 sacerdotes;
2687 541 2754 592 ut
2791 533 2928 592 illud
2967 533 3114 592 Petri
3144 534 3416 608 apostoli:

161 631 226 688 ab
252 647 311 686 eo
338 631 542 704 quiest,
567 638 616 688 et
654 629 742 701 qui
775 637 912 694 erat,
933 639 981 684 et
1021 628 1109 700 qui
1137 635 1382 684 venturus
1404 635 1506 694 est,
1532 627 1740 700 specia-

159 725 283 784 liter
309 724 586 796 unigenito
631 722 728 780 Dei
759 721 896 778 Filio
940 721 1322 791 assignandum
1368 729 1467 778 est.
1513 720 1634 796 ipse
1653 734 1742 776 es-

160 815 462 874 seutialiter
483 821 566 870 est
593 828 712 868 cum
735 811 894 868 Patre
922 821 976 868 et
1006 809 1208 882 Spiritu
1251 819 1456 876 sancto,
1490 811 1578 866 cui
1615 826 1736 866 mu-

163 911 401 970 tabilitas
440 891 716 982 nunquam
748 909 964 974 accidit,
1007 906 1164 978 juxta
1193 907 1324 966 illud
1368 908 1560 964 Pauli:
1615 907 1740 962 Non

160 1003 262 1074 fuit
293 1002 348 1060 in
376 998 468 1058 illo
487 1008 563 1056 est
588 1009 636 1054 et
661 1017 802 1066 non;
832 1002 921 1056 sed
944 1007 1016 1056 est
1039 1001 1094 1056 in
1117 999 1208 1054 illo
1231 999 1332 1070 [uit
1359 1007 1476 1056 erat
1505 997 1590 1074 (ΙΙ
1614 997 1736 1052 Cor.

159 1109 198 1160 ι,
230 1091 339 1164 l8),
367 1091 494 1164 quia
518 1097 642 1148 ante
673 1105 835 1160 quam
859 1089 926 1146 de
955 1089 1160 1162 virgine
1182 1097 1496 1148 nasceretur
1524 1089 1578 1144 in
1607 1095 1740 1144 tem-

158 1200 312 1258 pore,
337 1192 528 1242 cuncta
571 1199 694 1240 cum
733 1183 896 1238 Patre
939 1189 1182 1254 tempora
1221 1181 1366 1238 fecit.
1413 1181 1566 1238 Unde
1598 1179 1742 1236 idem

155 1273 436 1332 Joannes:
486 1273 556 1330 In
605 1273 861 1346 principio
915 1282 1028 1328 erat
1086 1271 1330 1328 Verbum.
1381 1271 1529 1328 Idem
1577 1271 1742 1326 etiam

155 1377 422 1426 venturus
444 1375 527 1424 est
554 1366 610 1424 in
639 1373 914 1438 assumpta
943 1364 1280 1420 humanitate
1301 1364 1370 1418 ad
1391 1361 1742 1434 iudicandum

155 1459 308 1516 vivos
355 1467 409 1516 et
452 1465 734 1524 mortuos;
782 1459 921 1514 sicut
965 1456 1222 1530 scriptum
1268 1465 1388 1514 est:
1443 1455 1533 1512 Sic
1579 1455 1742 1510 veniet

155 1547 590 1624 quemadmodum
634 1548 830 1604 vidistis
872 1564 989 1602 eum
1026 1557 1232 1604 euntem
1275 1548 1331 1602 in
1372 1547 1554 1604 mlum
1603 1546 1738 1620 (Act.

156 1661 195 1708 ι,
227 1641 336 1714 Η).
385 1641 520 1696 Cum
547 1655 675 1714 ergo
713 1649 920 1696 certum
949 1641 1020 1696 sit
1043 1641 1168 1712 quia
1210 1641 1349 1696 hanc
1393 1641 1620 1714 gratiam
1647 1641 1746 1696 Ec-

157 1735 322 1790 clesia
351 1734 487 1790 sieut
514 1748 544 1786 a
573 1733 708 1788 Filio
737 1741 792 1788 et
817 1731 1022 1802 Spiritu
1049 1741 1258 1800 sancto,
1297 1733 1372 1788 ita
1396 1748 1428 1786 a
1451 1732 1614 1786 Patre
1637 1747 1743 1804 per

157 1823 352 1882 Filium
387 1831 442 1880 et
483 1823 740 1894 Spiritum
769 1832 1016 1880 sanctum
1057 1824 1346 1894 acceperit,
1377 1839 1474 1880 cur
1496 1824 1600 1878 hoc
1627 1823 1746 1877 loco

1849 621 1950 678 Vos
1971 641 2132 696 genus
2154 623 2369 680 electum
2399 625 2568 698 regale
2605 626 2958 682 sacerdotium
2984 626 3035 700 (1
3059 623 3208 684 Patr.
3249 643 3318 696 tt.
3341 627 3422 700 9).

1842 717 2018 788 Reges
2041 725 2222 774 autem
2245 725 2390 785 sunt,
2413 719 2622 792 seipsos
2639 718 2912 790 regendo;
2943 719 3252 776 sacerdotes
3269 735 3426 789 vero,
3469 785 3482 796 _

1837 809 1950 872 Deo
1971 801 2249 866 olfércndo
2273 827 2288 876 ;
2313 811 2470 881 juxta
2508 809 2676 866 illud:
2729 809 2956 866 Obsecro
2984 827 3071 866 uos
3109 827 3202 884 per
3227 809 3425 866 miseri-

1838 902 2074 958 cordiam
2099 903 2219 970 Dei,
2248 912 2305 958 ut
2344 903 2630 960 exbibeatis
2662 919 2886 977 corpora
2907 914 3074 960 uestra
3099 904 3326 960 hostium
3352 905 3426 958 ui-

1838 1003 2054 1050 ventem.
2101 995 2340 1050 Dicendo
2365 996 2550 1068 itaque
2587 994 2698 1050 Deo
2743 1004 2794 1052 et
2843 993 3020 1062 Patri,
3047 1009 3212 1052 unam
3239 1009 3424 1066 perso-

1838 1099 1964 1140 nam
2009 1086 2284 1152 ostendit;
2332 1102 2638 1158 quanquam
2687 1085 2924 1158 Spiritus
2969 1095 3190 1144 sanctus
3237 1103 3430 1146 secun-

1844 1175 1974 1236 dum
2017 1177 2334 1248 praedictam
2378 1178 2620 1248 regulam
2667 1178 2742 1234 ibi
2791 1179 3146 1250 intelligatur,
3189 1180 3332 1238 sicut
3373 1187 3432 1236 et

1840 1266 2112 1338 apostolus
2140 1267 2272 1324 dicit
2297 1285 2310 1322 :
2341 1268 2651 1324 Benedictus
2673 1269 2818 1326 Deus
2841 1279 2890 1326 et
2913 1269 3078 1328 Pater
3098 1271 3316 1328 Domini
3335 1289 3432 1328 uo-

1839 1359 1935 1412 stn’
1959 1357 2090 1414 Jesu
2111 1356 2306 1416 Christi
2329 1358 2380 1432 (Ι
2409 1359 2534 1415 Cor.
2555 1378 2598 1428 ι,
2619 1361 2680 1434 5)
2703 1378 2722 1427 ;
2743 1362 2913 1420 Deum
2937 1373 2993 1418 et
3016 1362 3232 1420 Patrem
3261 1379 3429 1422 unum

1839 1465 2126 1521 personam
2169 1453 2356 1511 volens
2399 1456 2662 1528 intelligi;
2709 1458 2933 1528 proinde
2981 1459 3266 1516 dicendum
3305 1467 3428 1518 est:

1842 1541 1956 1613 Ipsi
1978 1544 2146 1614 gloria
2171 1546 2224 1600 in
2247 1547 2442 1602 roscida
2465 1548 2796 1604 swculcrum.
2842 1549 2974 1620 Ipsi,-
2999 1551 3054 1606 id
3079 1559 3162 1608 est
3181 1551 3276 1622 qui
3303 1550 3434 1610 fecit

1843 1649 1944 1690 nos
1979 1651 2132 1705 reges
2165 1646 2224 1692 et
2261 1639 2594 1705 sacerdotes,
2621 1639 2776 1696 Patri
2817 1641 3026 1698 scilicet
3049 1649 3108 1698 et
3147 1643 3304 1708 Filio,
3335 1643 3430 1700 ubi

1835 1726 2190 1800 intelligimus
2217 1731 2504 1788 amborum
2533 1731 2880 1796 charitatem,
2931 1747 3058 1803 qua
3083 1741 3168 1790 est
3198 1732 3431 1804 Spir-itus

1846 1826 2098 1874 sanctus:
2141 1819 2380 1876 charitas
2423 1821 2568 1876 enim
2613 1823 2710 1878 Dei
2753 1821 2946 1878 dili'usa
2973 1832 3056 1880 est
3097 1825 3156 1880 in
3181 1825 3434 1882 cordus

155 1931 388 1988 persona
435 1913 612 1970 Patris
661 1915 964 1972 reticetur?
1018 1913 1237 1970 Scilicet
1286 1914 1414 1986 quia
1465 1929 1742 1970 sacrarum
1777 1901 1824 1962 Β
1847 1911 2046 1966 nostris
2073 1927 2171 1984 per
2197 1911 2458 1981 Spiritum
2486 1924 2752 1970 sanctum.
2795 1915 2940 1972 Bene
2968 1926 3150 1976 autem
3175 1929 3284 1972 non
3308 1918 3436 1984 sibi,

161 2008 560 2080 Seripturarum
592 2021 709 2062 mos
735 2013 838 2072 est,
869 2015 932 2060 ut
957 2005 1046 2060 ubi
1087 2021 1192 2062 una
1221 2006 1304 2060 vel
1333 2007 1450 2062 dum
1476 2005 1542 2062 de
1573 2005 1750 2060 Trini—

161 2109 270 2156 tate
315 2113 558 2172 personte
597 2107 888 2176 ponuntur,
930 2106 1040 2154 tota
1090 2098 1248 2156 simul
1279 2099 1514 2154 Trinitas
1552 2097 1750 2154 intelli-

158 2198 336 2262 gatur.
385 2190 430 2244 Α
475 2199 664 2262 septem
703 2205 833 2248 vero
875 2189 1144 2260 spiritibus
1171 2189 1302 2244 dicit
1329 2197 1552 2260 propter
1588 2187 1752 2244 unius

159 2283 380 2358 spiritus
398 2283 755 2354 septenariam
773 2283 1171 2352 operationem:
1198 2281 1286 2352 qui
1311 2280 1428 2336 ideo
1449 2279 1503 2334 in
1530 2295 1744 2348 conspe-

157 2383 248 2430 ctu
273 2375 464 2437 throni,
499 2373 550 2428 id
573 2381 656 2429 est
697 2372 974 2438 Ecclesiae,
1003 2372 1108 2430 hoc
1132 2379 1215 2428 est
1245 2372 1298 2426 in
1325 2370 1586 2426 memoria
1627 2385 1750 2424 san-

156 2475 376 2524 ctorum
430 2463 576 2520 solus
625 2477 746 2518 esse
787 2462 1004 2524 dicitur.
1055 2461 1178 2536 quia
1224 2459 1398 2516 cidem
1444 2459 1752 2530 specialiter

155 2557 412 2618 remissio
457 2563 804 2626 peccatorum
843 2553 1184 2628 assignatur;
1228 2552 1384 2622 juxta
1429 2549 1600 2606 illud:
1650 2549 1750 2604 Ac-

157 2651 313 2723 cipite
346 2649 602 2720 Spiritum
632 2655 903 2712 sanctum;
934 2662 1156 2719 quorum
1183 2643 1484 2698 remiseritis
1512 2651 1748 2714 peccata,

157 2743 496 2798 remittuntur
538 2741 610 2794 eis
643 2737 823 2812 (Joan.
851 2755 944 2804 xx,
968 2737 1054 2800 Ἠ,
1087 2737 1200 2807 25).
1235 2735 1330 2791 Vel
1367 2741 1514 2790 certe
1545 2735 1600 2790 in
1631 2733 1749 2808 Spi-

157 2834 268 2890 ritu
295 2840 406 2888 tota
433 2831 672 2888 Trinitas
699 2829 1032 2904 intelligitur.
1074 2828 1310 2884 Dicendo
1334 2835 1515 2882 autem
1543 2843 1574 2880 a
1620 2823 1748 2882 Jesu

159 2923 392 2991 Christo,
447 2925 564 2979 ideo
608 2923 728 2980 Filii
775 2937 1060 2994 personam
1099 2921 1315 2990 repetit,
1360 2919 1614 2990 quoniam
1658 2918 1750 2990 qui

157 3015 358 3076 dicitur
381 3023 499 3070 erat
525 3021 648 3068 ante
680 3013 897 3080 saecula,
940 3012 1108 3070 homo
1130 3011 1307 3066 factus
1331 3017 1415 3066 est
1444 3009 1498 3064 in
1523 3009 1628 3066 line
1652 3023 1751 3064 sae-

155 3107 428 3166 culorum.
1535 3133 1564 3166 ,

234 3195 336 3264 Qui
377 3203 452 3252 est
500 3197 642 3252 testis
689 3195 858 3266 ﬁdelis
903 3196 1276 3268 primogenitus
1320 3205 1668 3263 mortuorum,
1700 3203 1750 3252 et

1851 2001 1946 2072 sed
1984 2002 2054 2067 ei,
2085 2018 2115 2058 a
2161 2019 2268 2074 quo
2294 2005 2524 2076 accepit,
2555 2020 2652 2076 pro
2687 2005 2778 2062 his
2814 2005 3058 2062 Ecclesia
3093 2007 3284 2064 tribuit
3323 2007 3438 2078 glo-

1849 2093 2028 2160 riam;
2070 2093 2226 2162 juxta
2263 2096 2434 2152 illud:
2470 2097 2596 2152 Non
2638 2098 2810 2165 nobis,
2835 2099 3084 2166 Domine.
3114 2117 3218 2156 non
3266 2101 3440 2167 nobis,

1849 2184 2162 2246 sed,nomini
2183 2194 2274 2240 tuo
2297 2186 2370 2240 da
2394 2186 2616 2255 gloriam
2651 2186 2822 2258 (Paul.
2859 2205 3008 2254 exin,
3037 2189 3114 2260 1).

1921 2274 2084 2328 Vsus.
2111 2273 2162 2328 7.
2183 2303 2254 2314 —-
2277 2274 2412 2330 Ecce
2442 2277 2576 2332 venit
2613 2293 2732 2332 cum
2773 2277 3016 2334 nubibus.
3065 2277 3124 2344 Si
3153 2277 3312 2350 juxta
3349 2278 3440 2336 lito

1851 2375 2024 2422 teram
2054 2365 2436 2438 intelligamus,
2481 2368 2734 2425 veniente
2781 2365 3012 2426 Domino
3055 2371 3124 2426 ad
3149 2369 3440 2440 judicium.

1850 2459 1954 2514 erit
1982 2459 2154 2514 nubes
2192 2457 2440 2524 candida,
2473 2475 2592 2530 quae
2630 2468 2854 2518 sanctos
2867 2460 3194 2520 obumbrans
3218 2463 3288 2522 ab
3311 2462 3442 2536 igne

1851 2548 2106 2606 sacculum
2159 2559 2434 2608 cremante
2475 2551 2744 2610 defendat.
2791 2552 2912 2612 Erit
2955 2553 3234 2622 terribilis,
3286 2543 3444 2628 cuius

1851 2636 2154 2710 fragoribus
2199 2641 2412 2710 reprobi
2451 2649 2786 2708 terreantur;
2825 2651 3068 2704 attamen
3089 2645 3146 2702 in
3170 2646 3276 2704 hac
3295 2647 3442 2720 Apo-

1850 2731 2050 2804 calypsi
2079 2747 2188 2788 non
2215 2732 2370 2788 facile
2409 2732 2567 2804 juxta
2611 2733 2848 2792 litteram
2890 2738 3170 2810 quippiam
3197 2740 3438 2800 sentien-

1853 2827 1980 2884 dum
2015 2833 2115 2882 est.
2163 2826 2352 2898 Itaque
2391 2827 2448 2882 in
2485 2843 2640 2886 sacro
2683 2829 2918 2900 eloquio,
2966 2846 3092 2888 eum.
3123 2831 3322 2904 plurali
3343 2850 3444 2890 uu-

1853 2935 2005 2976 mero
2051 2919 2222 2976 nubes
2269 2927 2566 2992 ponuntur,
2608 2924 2992 2994 praedicatores
3041 2935 3258 2985 sanctos
3301 2927 3444 2988 desi—

1851 3017 2039 3079 gnant,
2073 3011 2242 3082 quiet
2275 3012 2540 3070 munditia
2579 3013 2775 3072 mentis
2805 3014 2956 3074 leves
2979 3026 3134 3084 sunt,
3173 3025 3230 3074 et
3255 3018 3446 3088 praedi-

1854 3103 2128 3169 cationum
2163 3104 2334 3174 guttis
2373 3105 2536 3162 corda
2567 3104 2904 3166 audientium
2947 3107 3128 3178 rigare
3167 3109 3446 3168 estdesit-

1854 3201 2024 3250 stunt.
2070 3193 2206 3250 Cum
2230 3194 2315 3250 his
2356 3195 2519 3266 igitur
2548 3196 2786 3254 nubibus
2809 3197 3159 3258 Dominust
3181 3198 3454 3269 imbrium

153 3261 394 3358 princeps
441 3302 617 3358 regum
663 3261 836 3341 terrm.
895 3261 1175 3340 Manifesta
1223 3300 1420 3356 genere
1465 3261 2070 3350 locutioniscveniet;
2111 3285 2266 3356 juxta
2295 3261 2436 3342 illud.
2469 3289 2783 3360 propheta:
2830 3289 2970 3348 Ecce
3003 3289 3156 3348 venit
3181 3261 3444 3352 ἧιῐαίηυε

153 3376 434 3432 Christum
464 3377 612 3444 dicit,
645 3377 952 3447 specialiter
994 3385 1188 3432 testem
1219 3376 1451 3442 ﬁdelem,
1489 3392 1610 3432 cum
1643 3385 1752 3434 tres
1856 3380 1923 3436 ad
1943 3379 2208 3450 judicium
2231 3397 2356 3440 cum
2379 3383 2684 3440 senioribus
2709 3384 2898 3456 pupilli
2919 3383 3056 3456 (lea.
3085 3402 3174 3450 ut,
3201 3385 3310 3457 lii).
3361 3385 3440 3444 Et

153 3469 272 3526 sint
299 3469 390 3542 qui
425 3469 788 3524 testimonium
817 3469 962 3534 dant,
1017 3467 1197 3534 Pater,
1234 3476 1290 3524 et
1325 3467 1514 3534 Filius,
1547 3479 1602 3524 et
1631 3467 1752 3542 Spi—
1855 3471 2042 3528 videbit
2085 3489 2202 3528 eum
2240 3475 2406 3530 omnis
2450 3475 2658 3542 oculis,
2699 3485 2752 3532 et
2798 3478 2886 3549 qui
2931 3493 3048 3534 cum
3093 3488 3444 3550 pepigerunt.

153 3562 299 3616 ritus
327 3571 564 3628 sanctus,
598 3569 652 3616 et
677 3570 786 3616 tres
817 3576 956 3616 unus
1000 3560 1141 3616 Deus
1166 3569 1312 3616 sunt.
1340 3559 1526 3616 Potest
1554 3569 1606 3615 et
1635 3577 1754 3631 spe-
1855 3559 2041 3618 Omnis
2069 3563 2258 3622 oculus
2283 3564 2524 3632 videbit;
2575 3566 2638 3624 id
2663 3575 2746 3626 est
2783 3569 2960 3632 0min
2989 3569 3172 3634 homo,
3220 3585 3252 3624 α
3292 3577 3450 3640 parte

153 3653 374 3708 cialiter
397 3653 565 3708 Filius
592 3654 646 3707 in
685 3659 962 3724 assumpto
991 3651 1208 3708 homine
1236 3651 1340 3706 dici
1365 3652 1520 3708 testis
1558 3651 1750 3718 fidelis,
1854 3659 2052 3718 totum,
2085 3654 2178 3722 qui
2203 3662 2332 3710 tunc
2362 3657 2754 3724 resurrexerit,
2787 3657 2908 3714 sive
2929 3659 2998 3714 ad
3022 3659 3214 3724 vitam,
3237 3658 3354 3714 sive
3380 3659 3452 3720 ad

153 3759 230 3802 eo
261 3743 402 3815 quod
441 3759 539 3814 pro
571 3743 878 3798 testimonio
925 3743 1170 3798 veritatis
1199 3758 1371 3812 usque
1418 3743 1484 3798 ad
1523 3751 1752 3798 mortem
1854 3753 2126 3802 mortem:
2165 3763 2274 3804 non
2299 3757 2482 3806 autem
2523 3750 2858 3818 animalium,
2896 3753 3096 3822 quibus
3118 3767 3226 3810 non
3251 3759 3336 3808 est
3359 3752 3452 3810 da—

150 3835 468 3908 pervenerit
496 3834 696 3891 carnis.
744 3833 880 3888 Nam
919 3851 1036 3888 cum
1067 3833 1241 3888 omnis
1267 3832 1510 3890 Ecclesia
1549 3835 1603 3888 in
1632 3850 1755 3889 san-
1854 3843 1968 3892 tum
1994 3847 2118 3906 post
2145 3847 2376 3894 mortem
2406 3853 2718 3909 resurgere.
2762 3839 2976 3896 Videbit
3001 3855 3130 3896 vero
3153 3841 3334 3896 omnis
3356 3841 3464 3898 hor

153 3927 269 3984 ctis
311 3927 752 3997 praedicatoribus
801 3926 1170 3982 testimonium
1217 3925 1284 3980 de
1328 3923 1546 3980 Christo
1572 3925 1753 3998 perhi—

151 4023 310 4086 beat,
343 4019 418 4072 illi
445 4017 814 4088 principaliter
843 4025 1132 4086 martyres,
1177 4015 1229 4069 id
1258 4023 1342 4070 est
1362 4023 1549 4080 testes,
1572 4015 1756 4072 dicun-

155 4121 258 4167 tur
287 4110 380 4184 qui
425 4125 523 4182 pro
570 4108 786 4164 Christo
832 4115 1060 4162 mortem
1102 4106 1442 4178 pertulerunt
1488 4107 1751 4176 corporis.

150 4203 562 4276 Primogenitus
590 4209 774 4256 autem
819 4199 938 4254 ideo
967 4197 1184 4264 dicitur,
1233 4197 1361 4268 quia
1405 4197 1586 4254 nullus
1629 4208 1754 4254 ante

151 4277 342 4370 ipsum
369 4311 478 4350 non
505 4293 800 4354 moriturus
849 4291 1104 4347 surrexit.
1155 4291 1328 4346 Aliter
1355 4306 1544 4346 omnes
1581 4291 1756 4348 sancti

149 4389 362 4446 mortui
395 4398 520 4444 sunt
539 4387 759 4454 mundo,
789 4395 848 4441 ut
869 4383 1034 4440 illud:
1071 4383 1266 4440 Mortui
1293 4385 1436 4440 enim
1465 4385 1596 4440 estis
1621 4401 1635 4452 ;
1663 4385 1756 4440 sed

151 4485 268 4544 iste
289 4483 664 4554 singulariter,
683 4483 738 4536 in
769 4497 875 4552 quo
923 4479 1138 4538 nullum
1169 4477 1271 4535 fuit
1309 4488 1609 4552 peccatum.
1643 4479 1753 4534 Re-

153 4589 263 4648 ges
287 4589 437 4640 vero,
466 4581 559 4627 aut
589 4588 776 4626 omnes
823 4579 1039 4628 sanctos
1084 4569 1233 4636 dicit,
1265 4570 1358 4640 qui
1403 4585 1460 4626 se
1505 4569 1643 4626 bene
1671 4585 1756 4625 re-

153 4680 294 4740 gere
321 4671 586 4720 noverunt
611 4681 625 4730 ;
673 4671 766 4717 aut
791 4669 939 4718 certe
965 4663 1372 4732 przcdicatores,
1399 4661 1490 4730 qui
1513 4660 1672 4716 bonis
1693 4676 1752 4717 se

153 4761 376 4818 sociant
402 4776 418 4826 ;
448 4760 541 4816 sed
564 4773 725 4830 super
753 4757 924 4814 malos
944 4757 1180 4830 erigunt,
1213 4755 1352 4812 sicut
1376 4753 1567 4810 Petrus
1591 4770 1754 4826 super

149 4851 448 4916 Ananiam,
479 4859 534 4905 et
569 4847 768 4908 Paulus
795 4856 1068 4920 sceptrum
1095 4848 1273 4904 vibrat
1305 4847 1529 4904 dicendo
1555 4865 1568 4900 :
1615 4845 1754 4914 Quid

148 4943 362 5002 vultis?
397 4942 466 4997 In
493 4941 632 5013 virga
673 4943 875 4998 veniam
916 4943 986 4996 ad
1033 4959 1118 4996 vos
1145 4939 1199 5014 (Ι
1225 4941 1348 4997 Cor.
1369 4957 1443 5008 ιγ,
1475 4939 1587 5014 21).
1617 4939 1754 5010 Quia

148 5037 350 5096 dilexit
373 5052 486 5090 nos.
531 5033 808 5100 Quomodo
843 5049 944 5088 nos
977 5033 1247 5101 dilexerit,
1298 5034 1441 5089 mala
1485 5049 1606 5104 qum
1634 5048 1756 5104 per-

151 5129 290 5190 tulit
318 5125 686 5184 manifestant.
717 5123 836 5180 Non
861 5133 1043 5180 autem
1089 5143 1189 5181 nos
1218 5127 1406 5197 quales
1433 5142 1650 5182 eramus
1676 5125 1758 5182 di-

148 5221 318 5290 lexit,
350 5222 402 5278 id
429 5229 512 5278 est
539 5223 768 5296 impios;
800 5225 894 5282 sed
919 5225 1104 5298 quales
1131 5225 1248 5296 ipso
1269 5239 1456 5280 amore
1477 5241 1576 5280 nos
1605 5224 1751 5280 fecit.

152 5313 321 5374 Unde
344 5315 598 5372 continuo
622 5317 906 5374 subditur:
957 5325 1006 5371 et
1045 5315 1168 5372 lauit
1209 5334 1300 5372 nos
1328 5333 1362 5371 ιι
1405 5316 1628 5387 peccatis
1665 5333 1774 5383 no—_

151 5407 290 5464 stris
321 5408 377 5462 in
418 5409 673 5480 sanguine
699 5425 815 5464 suo.
871 5408 980 5466 Sed
1019 5425 1128 5480 quo
1173 5410 1362 5466 ordine
1402 5409 1460 5464 in
1497 5409 1758 5480 sanguine

155 5515 267 5559 suo
295 5515 394 5556 nos
421 5501 630 5568 laverit,
662 5501 952 5574 Apostolus
981 5501 1240 5558 indicavit
1263 5501 1448 5557 dicens
1472 5519 1484 5555 :
1523 5499 1756 5565 Quicun-

156 5610 269 5669 que
305 5593 555 5664 baptizati
590 5613 770 5652 sumus
808 5597 864 5652 in
893 5593 1100 5652 Christo
1127 5594 1280 5662 Iesu,
1319 5597 1375 5650 in
1403 5604 1568 5650 morte
1595 5594 1758 5664 ipsius

161 5685 418 5756 baptizati
465 5705 640 5744 sumus
690 5689 868 5760 (Rom.
898 5705 974 5754 γι,
1003 5688 1080 5760 5).
1112 5689 1295 5760 (Vsus.
1321 5687 1398 5758 6.)
1428 5687 1497 5741 Et
1527 5687 1648 5756 fecit
1674 5704 1758 5740 re-

161 5794 328 5850 gnum
355 5785 600 5835 nostrum
628 5781 920 5840 sacerdotes
945 5781 1056 5836 Deo
1097 5789 1146 5836 et
1187 5780 1341 5836 Patri
1364 5797 1480 5834 suo.
1515 5778 1650 5846 Quia
1674 5794 1760 5834 ca-

159 5877 268 5944 put
288 5878 532 5928 nostrum
561 5886 659 5928 rex
678 5880 764 5930 est
785 5881 842 5931 et
858 5873 1134 5940 sacerdos,
1163 5873 1286 5931 ideo
1305 5873 1485 5930 omnia
1513 5869 1756 5928 membra

1854 3943 1944 3990 mo
1970 3927 2026 3980 in
2049 3927 2228 3982 forma
2269 3926 2438 3991 servi,
2481 3927 2536 3982 in
2569 3943 2676 3998 qua
2721 3928 2788 3984 ab
2831 3928 3020 4000 impiis
3042 3929 3316 3999 judicatus
3341 3939 3464 3998 esu.

1855 4033 1966 4074 non
2005 4017 2062 4074 in
2093 4016 2268 4074 forma
2298 4018 2622 4084 divinitatis,
2665 4033 2786 4090 quae
2813 4020 2884 4076 ab
2915 4019 3098 4090 impiis
3133 4021 3308 4080 videri
3338 4037 3460 4084 non-

1854 4119 2054 4192 potest.
2089 4110 2159 4166 Et
2201 4120 2332 4170 nota
2374 4110 2518 4184 quod
2564 4110 2704 4172 alter
2749 4112 3020 4182 interpres
3069 4114 3188 4172 ait:
3234 4115 3464 4176 Videbit-

1853 4218 1979 4260 eum
2007 4204 2186 4260 omnis
2227 4211 2392 4270 terra,
2439 4205 2604 4262 talem
2647 4221 2710 4268 ac
2751 4206 2798 4262 si
2845 4205 3074 4274 diceret,
3111 4205 3326 4278 qualem
3359 4207 3464 4268 hie:

1855 4299 2090 4386 positum
2117 4299 2272 4372 impii
2311 4298 2558 4362 futurum
2593 4316 2702 4356 non
2742 4300 3053 4362 credebant.
3103 4299 3177 4356 Et
3203 4300 3460 4374 plangant!

1854 4409 1909 4446 se
1933 4407 2088 4461 super
2111 4408 2230 4446 eum
2257 4408 2434 4448 omnes
2463 4391 2626 4448 tribus
2658 4401 2832 4448 term.
2869 4390 2984 4448 Hoc
3006 4390 3130 4448 loco
3151 4393 3462 4452 notandum.

1857 4483 1980 4554 quia
2007 4497 2130 4538 cum
2171 4483 2476 4554 adjectione
2513 4484 2594 4540 ait
2619 4483 2788 4540 tribus
2823 4491 3017 4540 terrm:
3063 4498 3130 4540 ae
3153 4483 3200 4540 si
3241 4483 3458 4542 diceres

1857 4582 2078 4632 terrena
2106 4575 2496 4641 desiderantes,
2529 4583 2584 4630 et
2625 4574 2868 4634 avaritia:
2911 4573 3214 4640 studentes,
3255 4575 3462 4644 quibus

1861 4667 2094 4723 dicitur:
2137 4667 2228 4722 Va:
2267 4668 2403 4724 vobis
2447 4667 2690 4722 divitibus
2720 4664 2874 4738 (Luc.
2901 4681 2980 4734 vr,
3021 4665 3150 4737 94);
3199 4675 3256 4726 et
3296 4667 3466 4736 item...

1871 4757 1961 4814 Var
1988 4759 2128 4816 vobis
2175 4760 2262 4830 qui
2293 4759 2470 4814 ridetis
2509 4756 2698 4830 (Ibid.,
2720 4774 2850 4830 vers.
2880 4756 2994 4830 25).
3051 4757 3184 4826 Quae
3221 4776 3356 4816 vero
3384 4760 3467 4825 sit

1861 4866 2022 4907 causa
2053 4849 2272 4916 doloris,
2301 4849 2542 4920 aperitur
2565 4864 2686 4904 cum
2714 4849 2934 4914 dicitur,
2957 4865 3114 4920 super
3139 4867 3278 4906 om.
3317 4851 3462 4910 Name

1860 4944 1962 4998 etsi
1989 4941 2278 4998 multarum
2303 4941 2648 4998 miseriarum
2676 4941 2750 4998 ibi
2771 4939 2950 4998 luctus
2977 4942 3104 5008 erit,
3134 4943 3202 4998 ad
3240 4957 3454 5013 compa-

1863 5037 2130 5092 rationem
2179 5043 2356 5090 tamen
2394 5032 2551 5090 ﬂetus
2592 5048 2658 5090 ex
2688 5034 2898 5092 visione
2937 5033 3202 5090 claritatis
3249 5031 3462 5090 Christi.

1861 5128 2042 5184 nullus
2067 5128 2208 5194 erit;
2241 5125 2415 5197 magis
2452 5126 2596 5182 enim
2631 5134 2764 5196 tunc
2790 5125 3044 5184 dolebant
3083 5122 3328 5182 infelices
3355 5140 3454 5195 pro

1863 5207 1927 5278 eo
1955 5221 2095 5292 quod
2128 5219 2288 5276 talem
2313 5218 2664 5292 perdiderunt
2690 5219 3002 5286 Dominum,
3029 5232 3192 5288 quam
3221 5219 3366 5288 quod
3397 5219 3464 5274 in

1861 5313 2260 5370 atrocissimum
2295 5309 2602 5368 inciderunt
2634 5317 3000 5376 tormentum;
3031 5309 3128 5370 sed
3166 5324 3294 5366 ecce
3330 5325 3454 5366 cum
3537 5317 3540 5320 '

1861 5404 2272 5474 interpositione
2291 5402 2588 5473 juramenti
2611 5419 2732 5476 quae
2752 5401 2896 5460 dicta
2923 5409 3050 5460 sunt
3075 5400 3306 5458 aliirmat
3330 5418 3464 5458 cum

1863 5495 2080 5552 subdit:
2111 5495 2304 5552 etiam:
2344 5513 2516 5552 amen.
2551 5493 2704 5562 Quod
2729 5495 2874 5568 apud
2909 5493 3132 5550 Latinos
3169 5493 3447 5560 astutiam,

1861 5589 1968 5644 hoc
2003 5589 2145 5660 apud
2172 5587 2427 5646 llebrmos
2461 5604 2634 5644 amen.
2686 5585 2990 5658 Utrumque
3035 5595 3220 5644 autem
3261 5585 3460 5644 advelat

1861 5682 2008 5738 bium
2039 5689 2120 5736 est
2147 5681 2448 5737 afﬁrmandi
2476 5701 2488 5734 :
2531 5679 2607 5734 ait
2637 5695 2768 5750 ergo
2791 5681 2947 5734 etiam
2993 5696 3166 5746 amen,
3194 5695 3256 5734 ac
3281 5679 3327 5734 si
3373 5678 3452 5734 in-

1859 5775 2180 5848 seminando
2204 5776 2427 5840 diceret,
2449 5788 2640 5830 verum
2664 5781 2768 5840 est,
2783 5787 2968 5830 verum
2991 5779 3092 5828 est.

1883 5857 1888 5862 ’
1931 5867 2093 5925 Vsus.
2119 5867 2172 5922 8.
2196 5867 2404 5937 -——Ego
2442 5882 2560 5921 sum
2601 5888 2635 5923 α
2675 5872 2723 5921 et
2761 5889 2822 5932 ω,
2863 5864 3176 5934 principium
3216 5871 3266 5919 et
3303 5861 3450 5934 ﬁnis,
